4156 6340
695 364 808 432 181

1925 349 2310 417 ΞῩΜΕΟΝῊΞ
2340 349 2488 413 JUN
2503 350 2715 412 lORlS

3832 340 3946 405 488

697 463 1089 544 vis‘horni‘netn
1120 469 1231 539 non
1275 480 1493 546 habeat,
1527 490 1703 549 aquo
1744 476 1812 531 ad
1855 473 2086 533 Salutem
2137 488 2260 543 per-
2288 473 2336 532 Α
2365 471 2521 526 tatis.
2595 468 3100 542 Deindebouorum
3136 482 3166 520 ι
3198 464 3324 534 Deo
3360 464 3536 537 ipsum
3587 463 3944 534 diligentibus

695 563 932 638 tinentia
966 578 1231 634 doceatur
1266 591 1282 632 :
1315 572 1578 645 paulatim
1611 570 1941 626 exscindens
1970 567 2041 634 ab
2081 565 2270 622 anima

701 689 824 739 sua,
851 687 974 741 qua:
999 671 1048 725 ei
1082 683 1148 725 es
1187 668 1293 724 hoc
1326 666 1533 719 mundo
1562 663 1880 734 pravitates,
1917 667 1973 716 et
2001 656 2266 728 nequitias

701 750 1110 828 adherescunt',
1146 760 1470 825 illammque
1493 757 1615 810 loco
1634 754 1866 810 virtutes
1887 751 2264 807 introducens.

697 854 804 922 Qui
831 840 960 909 vero
987 850 1332 908 imtuunditia
1360 848 1554 917 plenus
1589 854 1678 901 est
1705 882 1724 910 ,
1777 855 1827 901 et
1870 858 1932 900 se
1979 840 2267 911 magnifice

698 941 1097 1011 circumspicit,
1133 953 1197 994 ac
1225 940 1328 994 sub
1365 937 1572 1007 potenti
1605 951 1771 991 manu
1805 935 1897 990 Dei
1924 931 2216 987 humiliari
2246 968 2264 995 ,

698 1032 957 1104 Patrique
996 1031 1269 1102 spirituali
1306 1030 1494 1085 'cordis
1533 1029 1617 1084 sui
1651 1028 1929 1099 nequitias
1981 1024 2265 1087 revelare,

699 1129 832 1182 etei
863 1127 1162 1188 adhazrere.
1199 1123 1492 1192 facereque
1522 1131 1579 1176 et
1627 1121 1741 1191 pati
1791 1119 1974 1174 omnia
2029 1130 2151 1186 quae
2199 1113 2267 1168 ad

697 1219 956 1274 virtutem
983 1227 1037 1273 et
1064 1217 1234 1271 Deum
1267 1231 1393 1271 cum
1435 1214 1767 1269 discretione
1796 1211 2122 1282 perducunt,
2165 1206 2268 1261 bo"-

699 1312 1013 1377 niinemque
1043 1307 1344 1364 secundum
1376 1306 1556 1376 ipsum
1603 1303 1894 1376 perficiunt
1921 1341 1938 1365 ,
1969 1316 2079 1354 non
2112 1299 2226 1352 vult
2250 1337 2266 1362 ,

660 1420 663 1423 ·
697 1400 856 1469 pejor
883 1400 942 1454 fit
973 1397 1218 1469 quamin
1273 1399 1476 1452 mundo
1526 1406 1646 1452 erat
1674 1435 1691 1462 ,
1741 1394 1938 1462 spiritu
1992 1393 2270 1447 mundano

698 1509 943 1554 reverso,
977 1503 1031 1547 et
1066 1493 1118 1544 in
1150 1506 1215 1544 eo
1244 1489 1548 1552 habitante,
1582 1502 1708 1541 eum
1739 1487 1865 1541 aliis
1899 1495 2110 1554 septem
2173 1499 2269 1538 ne-

699 1601 861 1655 quam
890 1583 1198 1654 spiritibus.
1233 1581 1297 1634 Et
1331 1582 1405 1633 ita
1433 1578 1525 1632 ille
1564 1578 1704 1632 alius
1739 1577 1964 1630 fratrem
2023 1587 2130 1628 una
2180 1587 2269 1628 se-

699 1688 824 1731 cum
875 1677 1111 1729 stadium
1139 1673 1445 1742 ingressum
1490 1680 1700 1724 tantum
1733 1665 2138 1737 antegreditur,
2172 1673 2270 1719 aut

699 1768 1193 1836 vineitrquantum
1223 1767 1315 1832 qui
1350 1765 1506 1826 liber,
1549 1777 1612 1815 ac
1643 1760 1855 1814 solutus
1883 1758 2059 1812 currit
2092 1797 2106 1820 ,
2147 1746 2269 1810 vin-

700 1861 844 1915 culis
882 1868 937 1914 et
989 1856 1350 1926 compedibus
1385 1853 1580 1909 ferreis
1634 1849 1958 1920 impeditum
2000 1854 2222 1915 supcrat
2253 1863 2270 1898 :

701 1963 755 2007 at
791 1952 892 2006 iste
923 1952 1124 2013 victus,
1156 1950 1209 2002 in
1240 1948 1398 2002 malis
1431 1945 1729 2018 prioribus,
1763 1951 1859 1996 aut
1904 1940 2271 1996 deterioribus

699 2045 861 2099 etiam
897 2050 1200 2112 permanet,
1233 2025 1424 2095 ueiens
1457 2039 1510 2092 in
1543 2035 1905 2110 deposcendis
1947 2033 2052 2088 sibi
2080 2042 2274 2102 sponte

684 2129 923 2191 .virtutis
953 2134 1372 2196 certaminibus,
1407 2130 1657 2185 facinora
1679 2130 1821 2183 bona
1855 2129 2059 2181 facere.

726 2281 728 2291 ,
774 2228 1004 2287 Idcirco.
1039 2237 1099 2280 ut
1145 2240 1310 2294 supra
1341 2223 1542 2284 docui,
1587 2229 1640 2276 et
1675 2219 1957 2288 Scriptura
2009 2217 2273 2273 divinitus

702 2320 964 2389 inspirata
1003 2317 1204 2387 passim
1234 2323 1492 2378 testatur,
1528 2313 1738 2367 fructus
1768 2311 2001 2366 actionis
2029 2349 2044 2376 ,
2075 2318 2129 2366 et
2159 2309 2274 2371 fru-

702 2423 888 2468 ctuum
923 2410 1293 2470 conciliatrix,
1330 2409 1439 2462 imo
1464 2422 1593 2462 vero
1623 2403 1869 2460 eﬂ'ectrix
1911 2418 1975 2456 ac
2033 2417 2230 2472 parens
2255 2441 2270 2466 ,

702 2513 756 2557 et
786 2503 1105 2558 fabricatrix
1134 2503 1398 2555 virtutum
1463 2499 1708 2553 omnium
1758 2496 2112 2565 compunctio
2161 2505 2293 2565 est,

703 2593 939 2647 Proinde
988 2592 1081 2662 qui
1142 2589 1468 2644 affectiones
1514 2586 1764 2642 turbidas
1805 2593 2128 2654 amputare,
2183 2595 2275 2636 aut

701 2687 933 2740 virtutes
963 2686 1244 2755 possidere
1271 2684 1446 2752 cupit,
1478 2682 1620 2736 hanc
1649 2694 1758 2749 pra:
1802 2677 1964 2733 bonis
1991 2678 2271 2742 omnibus,

701 2787 902 2834 etcum
935 2779 1228 2832 virtutibus
1260 2777 1517 2830 clunibus
1564 2775 1854 2846 diligenter
1923 2781 2277 2826 consectetur

703 2885 927 2925 necesse
951 2878 1053 2934 est,
1084 2869 1204 2923 sine
1241 2884 1346 2940 qua
1387 2869 1624 2920 animam
1655 2881 1808 2919 suam
1850 2863 1993 2918 haud
2031 2879 2274 2934 unquam

695 2977 898 3031 puram
932 2956 1255 3023 intuebitur,
1293 2968 1456 3028 atque
1489 2958 1563 3012 ita
1598 2958 1762 3012 etiam
1815 2958 2067 3026 corporis
2123 2957 2277 3026 puri-

708 3064 869 3106 tatem
904 3053 1220 3119 neutiquam
1257 3053 1526 3118 nequiret.
1551 3048 1679 3102 Sine
1719 3062 1859 3118 aqua
1885 3048 2157 3117 siquidem
2183 3063 2278 3103 ve-

706 3141 1025 3194 stimentum
1065 3148 1490 3208 conspurcatnm
1525 3139 1749 3193 abluere
1797 3153 1904 3191 non
1960 3140 2171 3193 datur:
2224 3148 2276 3192 et

706 3235 827 3286 sine
858 3232 1115 3304 lacrymis
1157 3233 1340 3286 anima
1369 3232 1538 3293 ablui,
1585 3242 1746 3301 atque
1779 3247 1806 3284 a
1841 3232 2068 3286 maculis
2098 3232 2274 3300 inqui-

705 3325 1091 3392 namentisque
1125 3325 1340 3393 purgari
1377 3325 1550 3377 multo
1585 3325 1765 3376 minus
1817 3332 2018 3391 potest.
2046 3322 2122 3377 Ne
2153 3324 2275 3376 ina-

706 3431 827 3478 nes,
861 3417 1163 3484 animmque
1196 3415 1407 3478 noxias,
1449 3415 1587 3477 sive,
1622 3422 1680 3468 ut
1706 3415 1888 3468 verius
1935 3414 2112 3469 dicam
2137 3451 2152 3476 ,
2187 3430 2278 3482 pe—

706 3509 857 3561 nitus
895 3507 1084 3569 falsas,
1116 3519 1170 3560 et
1197 3507 1458 3561 exitiosus
1490 3509 1874 3561 excusationes
1906 3522 2230 3562 excusemus
2260 3525 2274 3560 :

706 3600 801 3654 sed
831 3601 969 3654 hanc
996 3601 1258 3654 virtutum
1298 3599 1543 3667 reginam
1575 3606 1690 3651 toto
1741 3607 1962 3668 pectore
2021 3601 2279 3666 exquira-

708 3708 850 3746 nus.
884 3693 985 3756 Qui
1009 3693 1150 3746 enim
1179 3692 1231 3745 id
1270 3701 1383 3744 toto
1423 3692 1608 3744 animo
1643 3691 1794 3753 facit,
1831 3693 1977 3744 illam
2027 3692 2274 3746 invenit:

708 3784 792 3836 vel
826 3784 1004 3851 petius
1034 3784 1150 3852 ipsa
1181 3781 1470 3846 accedens,
1500 3797 1559 3834 se
1591 3796 1716 3834 cum
1759 3782 1944 3835 labore
1990 3781 2278 3850 requiren-

707 3883 815 3928 tem
839 3875 1043 3927 invenit
1070 3891 1090 3928 :
1112 3885 1164 3928 et
1188 3889 1282 3928 seu
1311 3889 1416 3926 rere
1441 3912 1454 3934 ,
1480 3888 1576 3927 seu
1615 3872 1761 3924 ferro
1788 3912 1803 3932 ,
1856 3888 1950 3925 seu
1987 3871 2278 3924 adamante

707 3980 803 4017 cor
831 3964 1022 4017 dttrius
1057 3964 1330 4025 habuerit,
1359 3963 1520 4016 simul
1551 3973 1711 4030 atque
1755 3961 2056 4024 advenerit,
2083 3961 2278 4030 quavis

706 4073 831 4109 rera
870 4057 1001 4111 illud
1037 4056 1256 4111 mollius
1287 4056 1486 4110 reddit.
1515 4055 1608 4109 Est
1636 4055 1778 4107 enim
1813 4052 2030 4107 divinus
2056 4053 2275 4121 quidam

709 4150 870 4218 ignis,
914 4158 1122 4202 montes
1153 4158 1206 4202 et
1236 4158 1418 4217 petras
1448 4148 1727 4202 resolvens
1750 4185 1764 4206 ,
1816 4154 1871 4200 et
1924 4146 2278 4215 complanans

709 4241 913 4304 untnia,
953 4250 1006 4292 et
1038 4240 1089 4294 in
1126 4242 1316 4294 hortos
1347 4249 1708 4302 comnzutans,
1747 4238 2065 4309 animasque
2097 4241 2275 4305 ipsum

709 4331 1068 4400 suscipientes
1117 4332 1253 4384 alias
1307 4345 1470 4398 quam
1525 4337 1683 4382 erant
1725 4327 1996 4382 efficiens.
2045 4325 2179 4379 Nam
2225 4328 2278 4381 in

709 4421 885 4489 medio
921 4437 1108 4474 earum
1145 4421 1205 4473 fit
1236 4421 1380 4484 fons,
1412 4421 1559 4474 unde
1592 4435 1733 4488 aqua
1785 4418 1909 4472 vita:
1942 4433 2158 4486 semper
2188 4433 2276 4473 sa-

2310 1828 2350 1881 Β
2379 1843 2642 1900 dantibus

2375 570 2832 634 pra-paraturum,
2867 576 2931 614 ac
2978 560 3344 628 repositorum
3390 556 3724 612 desiderium
3788 558 3960 630 inge-'

2373 661 2555 707 nerat.
2586 650 2712 707 Haec
2741 651 3000 706 universa
3035 665 3158 705 cum
3189 649 3471 719 lacrymis,
3501 647 3582 702 vel
3621 647 3805 717 potius
3848 661 3948 715 per

2374 731 2649 814 laerymas
2717 743 2935 799 divinus
2981 741 3426 811 compunctionis
3470 741 3611 812 ignis
3662 749 3947 812 operatur.

2372 835 2597 906 Absque
2637 835 2893 907 lacryntis
2925 843 3130 900 autem,
3161 843 3222 887 ut
3250 833 3494 888 diximus
3521 831 3660 903 (l6),
3689 832 3824 885 nihil
3848 831 3923 884 bo

2375 941 2498 982 rum
2527 935 2623 981 aut
2670 927 2721 980 in
2762 927 2919 982 nobis
2949 926 3106 995 ipsis,
3136 934 3230 979 aut
3252 925 3306 979 in
3324 925 3457 978 aliis
3472 939 3710 994 unquam
3739 922 3950 977 factum

2373 1029 2481 1082 est,
2521 1033 2701 1088 neque
2755 1017 2870 1073 fiet.
2913 1017 3024 1072 Nec
3063 1017 3222 1073 enim
3287 1033 3354 1072 ex
3393 1016 3603 1072 divinis
3637 1016 3952 1088 Scripturis

2374 1110 2669 1178 quiaquam
2717 1111 2990 1179 probabit,
3025 1109 3163 1164 citra
3202 1110 3501 1188 lacrymas,
3564 1110 3955 1180 compunctio-

2376 1213 2614 1267 nemque
2647 1209 2963 1269 perpetuam
2999 1200 3297 1269 aliquando
3322 1201 3632 1269 quempiam
3659 1211 3953 1271 purgatum

2376 1290 2575 1355 fuisse,
2626 1299 2721 1345 aut
2771 1291 3118 1367 sanctitatem
3171 1291 3465 1356 invenisse,
3536 1298 3628 1345 aut
3685 1289 3952 1359 Spiritum

2376 1392 2631 1437 sanctum
2668 1383 2975 1453 accepisse,
3009 1391 3104 1435 aut
3144 1379 3316 1435 Deum
3345 1381 3570 1444 vidisse,
3611 1392 3705 1436 aut
3761 1385 3817 1436 in
3892 1398 3957 1438 se

2378 1474 2718 1530 habitantem
2777 1475 3045 1539 sensisse,
3092 1483 3187 1528 aut
3219 1475 3443 1528 omnino
3477 1475 3774 1544 aliquando
3805 1477 3956 1530 hunc

2378 1567 2564 1622 cordis
2613 1567 2850 1622 incolam
2912 1567 3206 1632 habuisse,
3273 1569 3624 1637 pmnitentia,
3688 1569 3954 1640 inquam,

2377 1660 2910 1731 compunctionequc
3008 1678 3117 1716 non
3159 1665 3547 1733 praecedente,
3589 1671 3643 1718 et
3695 1661 3853 1732 quasi
3922 1678 3958 1716 ι

2379 1749 2529 1806 fonte
2571 1767 2788 1822 semper
2811 1757 3152 1810 scatentibus
3183 1758 3409 1811 assiduo
3440 1757 3736 1827 laerymis;
3787 1757 3958 1810 inun-

2746 1848 3027 1910 nimirnm,
3107 1847 3529 1916 eluentibusque
3611 1847 3955 1901 domicilium

2381 1931 2596 2003 animae,
2619 1952 2848 2006 eamque
2876 1939 2943 1992 ab
2974 1939 3098 2009 igne
3159 1941 3444 1995 inaccesso
3491 1951 3836 2009 occupatam,
3901 1947 3960 1994 et

2380 2027 2666 2082 ardentem
2697 2029 3070 2086 irrorantibus
3105 2047 3170 2086 ac
3199 2032 3670 2102 refrigerantibus.

2459 2119 2562 2184 Qui
2620 2122 2789 2190 igitur
2843 2132 3134 2177 autumant
3188 2123 3306 2178 dies
3344 2141 3407 2177 ac
3455 2135 3640 2180 noctes
3675 2124 3807 2178 flere
3847 2139 3958 2177 non

2380 2228 2503 2268 esse
2544 2214 2835 2283 possibile,
2869 2215 3082 2280 seip'sos
3126 2217 3276 2269 omni
3306 2217 3507 2270 virtute
3536 2216 3772 2271 nudatos
3820 2233 3960 2287 pro-

2380 2305 2538 2362 dunt.
2567 2306 2626 2359 Si
2655 2307 2800 2360 enim
2841 2309 3019 2361 sancti
3050 2306 3238 2362 Patres
3262 2311 3438 2363 nostri
3470 2309 3544 2362 ita
3570 2322 3958 2376 asserucrunt,

2382 2398 2776 2467 dixeruntque,
2835 2400 2932 2466 qui
2990 2402 3100 2450 vult
3141 2400 3590 2467 perturbationes
3645 2410 3959 2470 amputare,

2380 2488 2509 2545 ﬂetu
2542 2505 2637 2545 eas
2669 2499 2940 2558 amputat,
2980 2499 3036 2544 et
3064 2491 3158 2559 qui
3194 2491 3308 2544 vult
3341 2507 3667 2562 comparare
3696 2494 3957 2557 virtutes,

2382 2585 2514 2638 tietu
2543 2599 2636 2637 eas
2671 2590 2987 2653 comparat,
3023 2583 3381 2638 manifestum
3413 2594 3518 2648 est,
3554 2585 3645 2654 qui
3681 2599 3790 2637 non
3819 2601 3968 2654 quo—

2383 2677 2518 2732 tidie
2548 2676 2731 2730 fundit
2779 2678 3055 2746 lacrymas
3094 2692 3220 2731 eum
3277 2692 3457 2746 neque
3509 2679 3961 2747 perturbationes

2384 2777 2686 2838 amputare,
2719 2784 2896 2838 neque
2922 2771 3153 2824 virtutes
3180 2770 3351 2838 probe
3396 2771 3707 2838 acquirere,
3739 2749 3964 2826 etiamsi

2383 2859 2452 2914 ad
2487 2873 2710 2928 operam
2749 2875 2809 2914 se
2842 2860 2972 2913 dare
3003 2860 3325 2914 arbitretur.
3369 2858 3511 2925 Quid
3544 2876 3805 2929 namque,
3857 2877 3963 2915 oro

2383 2961 2457 3017 te,
2485 2953 2859 3007 instrumenta
2907 2953 3044 3005 artis
3105 2954 3452 3017 conducunt,
3501 2954 3548 3006 si
3599 2953 3796 3007 artifex
3851 2969 3963 3009 non

2386 3044 2550 3108 adsit,
2585 3046 2678 3114 qui
2722 3045 3013 3099 materiam
3065 3052 3327 3109 tractare,
3389 3055 3442 3098 et
3475 3061 3537 3098 ex
3573 3061 3636 3099 ca
3686 3061 3783 3100 vas
3833 3046 3964 3100 ido-

2304 3177 2345 3232 ο
2386 3154 2548 3193 neum
2584 3139 2856 3194 conficere
2891 3138 3092 3192 novit?
3133 3136 3197 3190 Et
3227 3137 3356 3206 quid
3391 3138 3573 3191 olitori
3620 3137 3868 3218 prodest,
3907 3140 3960 3193 si

2382 3228 2602 3281 hortum
2638 3235 2813 3287 totum
2852 3227 3153 3296 subegerit,
3212 3227 3530 3295 olerumque
3581 3243 3742 3288 omne
3778 3245 3956 3299 genus

2380 3321 2434 3376 in
2475 3335 2542 3375 eo
2573 3321 2950 3382 seminaverit,
3003 3330 3168 3389 atque
3201 3319 3554 3389 plantaverit,
3613 3323 3658 3375 si
3693 3337 3858 3390 super
3888 3338 3959 3377 ea

2379 3413 2521 3467 cosio
2556 3413 2728 3466 imber
2758 3428 2865 3465 non
2898 3395 3264 3474 descenderit,
3299 3424 3394 3466 aut
3441 3414 3484 3467 si
3540 3429 3677 3483 aqua
3726 3415 3959 3485 irrigata

2389 3523 2497 3561 non
2541 3505 2779 3561 fuerint?
2809 3503 2951 3559 Nihil
3004 3518 3246 3572 prorsus.
3289 3498 3381 3556 Sic
3411 3517 3588 3570 neque
3618 3504 3710 3570 qui
3739 3501 3790 3554 in
3825 3502 3944 3553 aliis

2389 3597 2687 3650 virtutibus
2715 3595 2979 3651 elaborat.
3005 3606 3204 3659 easque
3235 3591 3606 3659 persequitur,
3638 3591 3753 3644 sine
3786 3591 3948 3645 beata

2381 3687 2494 3748 illa,
2527 3695 2581 3739 et
2615 3695 2805 3738 sancta
2841 3683 3086 3749 domina,
3138 3685 3516 3751 virtutumque
3562 3687 3803 3737 omnium
3867 3699 3963 3738 ar-

2381 3778 2617 3831 chitecta
2657 3775 2826 3829 ullum
2855 3757 3036 3841 opera:
3072 3774 3307 3841 pretium
3342 3772 3529 3828 faciet.
3573 3773 3636 3827 Ut
3668 3775 3812 3827 enim
3841 3774 3953 3826 im-

2381 3878 2602 3938 perator
2638 3868 2758 3922 sine
2793 3866 3039 3920 exercitu
3094 3881 3196 3918 suo
3229 3865 3481 3918 infirmus
3520 3877 3625 3929 est,
3665 3878 3718 3920 et
3752 3869 3803 3919 in
3857 3884 3967 3921 cu-

2376 3962 2559 4031 jusvis
2586 3970 2914 4030 potestatem
2967 3959 3152 4012 venire
3211 3968 3414 4028 potest,
3493 3974 3590 4012 nec
3654 3961 3961 4027 imperator

2381 4062 2629 4122 apparet,
2685 4035 2777 4106 sed
2838 4060 3168 4104 cazterorum
3236 4051 3518 4102 hominum
3587 4050 3781 4104 similis
3810 4062 3899 4105 est
3938 4071 3956 4106 :

2381 4149 2460 4201 sic
2496 4146 2736 4199 vicissim
2772 4143 3032 4212 frequens
3082 4142 3377 4206 exerritus,
3409 4152 3459 4194 et
3510 4152 3687 4196 castra
3721 4144 3961 4210 impera-

2383 4247 2520 4300 tore,
2555 4245 2648 4289 aut
2682 4250 2900 4290 summo
2935 4235 3072 4287 duce
3107 4249 3206 4287 suo
3258 4235 3541 4294 destituta,
3578 4233 3678 4284 levi
3733 4236 3958 4301 negotio

2381 4333 2744 4398 dissipantur,
2801 4328 3164 4395 deienturque
3220 4327 3288 4379 ab
3327 4327 3683 4379 adversariis.
3743 4326 3953 4381 Eodem

2382 4422 2548 4476 modo
2595 4421 2801 4473 luctum
2852 4420 2916 4470 ad
2952 4419 3194 4486 reliquas
3220 4420 3452 4471 virtutes
3490 4419 3688 4471 habere
3727 4433 3784 4473 se
3833 4421 3961 4473 exi-

709 4516 871 4577 tiens,
900 4524 953 4568 et
985 4513 1231 4567 emicans
1261 4503 1356 4566 cas
1386 4513 1534 4580 large
1572 4511 1780 4578 irriget,
1830 4516 1883 4562 et
1929 4519 2188 4575 tauquam
2244 4523 2274 4561 a
2305 4505 2347 4562 C
2383 4514 2567 4568 stima.
2611 4511 2923 4564 Exercitum
2955 4513 3098 4563 enim
3138 4511 3190 4562 in
3222 4525 3388 4561 unum
3416 4510 3725 4572 collectum,
3757 4527 3954 4568 omnes

709 4624 835 4660 vase
865 4607 916 4659 in
953 4621 1045 4661 eos
1078 4607 1166 4674 qui
1221 4616 1411 4676 prope,
1447 4612 1500 4658 et
1539 4618 1636 4658 eos
1683 4601 1775 4672 qui
1828 4601 1986 4670 longe
2036 4600 2272 4664 defluat,

709 4689 1029 4768 abundeque
1059 4698 1277 4766 impleat
1305 4697 1538 4758 animas,
1572 4710 1693 4764 qute
1726 4708 1880 4748 sacra
1933 4693 2096 4746 verba
2147 4708 2270 4746 cum

709 4793 813 4847 ﬁde
846 4790 1176 4859 suscipiunt.
1212 4789 1356 4843 Eluit
1406 4789 1554 4843 enim
1607 4787 1785 4856 primo
1845 4786 1994 4840 labes
2045 4801 2272 4849 eorum,

709 4884 801 4953 qui
832 4899 888 4938 se
921 4882 1342 4949 iuquinaverunt
1372 4896 1386 4932 :
1413 4888 1602 4948 postea
1637 4879 1769 4934 vitio
1811 4877 2107 4947 implicitas
2139 4876 2272 4930 alie-

713 4975 913 5029 rtioncs
941 4990 1041 5025 una
1083 4973 1215 5026 eluit
1245 5012 1259 5035 ,
1293 4986 1358 5024 ac
1398 4970 1646 5040 prolligat
1677 5008 1692 5034 ,
1725 4983 1818 5023 eas
1850 4966 1950 5023 cett
1982 4968 2269 5021 vulnerum

707 5075 923 5120 crustas
956 5063 1306 5126 ahstrahens,
1337 5071 1463 5131 puta
1495 5062 1815 5131 nequitiam,
1851 5058 2108 5113 invidiam
2135 5098 2150 5124 ,
2182 5073 2272 5111 va-

711 5173 834 5211 nam
866 5158 1115 5224 gloriam,
1151 5165 1202 5211 ct
1261 5164 1455 5210 caetera
1510 5155 1692 5208 omnia
1739 5169 1858 5223 quae
1911 5153 2033 5207 illas
2083 5166 2276 5206 conse-

707 5260 972 5314 quuntur.
1003 5244 1112 5299 Nec
1145 5247 1194 5298 id
1225 5246 1425 5310 solum,
1458 5245 1555 5300 sed
1585 5245 1750 5298 etiam
1789 5253 1846 5297 ut
1875 5243 2095 5296 liatnma
2124 5256 2275 5312 qua:-

707 5339 831 5389 dam
861 5335 1129 5397 ambiens,
1163 5337 1365 5390 sensim
1402 5351 1496 5389 eas
1528 5334 1731 5399 abolet,
1762 5342 1816 5388 et
1848 5335 1901 5386 in
1965 5335 2127 5387 horas
2157 5333 2273 5385 vel-

711 5428 788 5482 uti
840 5428 1027 5494 spinas
1071 5427 1255 5480 exurit
1285 5465 1300 5488 ,
1361 5437 1526 5496 atque
1565 5425 1839 5480 consumit
1881 5442 1894 5478 :
1949 5439 2068 5494 qua:
2107 5424 2272 5478 etiam

711 5522 945 5589 primum
973 5519 1193 5589 quidem
1225 5518 1479 5575 Dct'fectu:
1513 5518 1675 5589 hujus
1703 5515 1969 5572 libertatis
2039 5523 2090 5569 et
2122 5516 2272 5586 puri-

2385 4603 2713 4672 isagogicas,
2759 4616 2821 4653 ac
2853 4601 3019 4654 veluti
3077 4601 3472 4669 prmcnrsorias
3534 4602 3765 4656 virtutes
3825 4618 3960 4659 esse

2384 4695 2564 4763 cogita
2600 4711 2614 4747 :
2649 4693 3064 4759 imperatorem,
3117 4700 3172 4742 et
3233 4689 3425 4742 ducem
3485 4691 3678 4743 harum
3731 4694 3952 4747 beatum

2391 4786 2546 4839 illum
2602 4783 2834 4842 luctum,
2875 4790 2928 4834 et
2962 4781 3256 4848 ploratum,
3289 4797 3383 4848 per
3421 4797 3583 4849 quem
3617 4792 3742 4835 tota:
3776 4786 3955 4852 capio:

2383 4878 2439 4931 in
2495 4876 2666 4929 aciem
2721 4873 3071 4942 digeruntur,
3119 4882 3173 4925 et
3226 4872 3574 4936 ordinantur,
3630 4874 3951 4936 incitantur.

2383 4968 2838 5027 corroborantur,
2875 4971 2928 5018 et
2973 4979 3126 5016 arma
3165 4977 3359 5030 capere
3396 4964 3509 5028 ubi,
3561 4968 3860 5033 quomodo,
3895 4979 3955 5024 et

2387 5059 2632 5129 quando,
2686 5067 2739 5111 et
2801 5072 2940 5125 quae.
3008 5055 3139 5107 etin
3173 5069 3356 5123 quem,
3409 5063 3460 5108 et
3490 5051 3795 5123 cujusmodi
3847 5060 3953 5112 ad-

2381 5152 2707 5210 versarium,
2740 5158 2793 5202 et
2827 5164 2932 5216 qua
2973 5146 3268 5200 occasione
3315 5155 3585 5214 oporteat,
3629 5159 3779 5200 certa
3829 5149 3955 5218 lege

2383 5243 2673 5296 docentur.
2748 5238 2851 5305 Qui
2925 5247 3186 5305 praeterea
3247 5237 3493 5292 mittendi
3547 5240 3949 5308 speculatores,

2382 5335 2572 5404 quales
2618 5329 3018 5386 constituendae.
3066 5330 3333 5393 excubize,
3406 5330 3558 5398 quid,
3618 5340 3673 5385 et
3726 5334 3950 5399 quando

2385 5423 2823 5492 respondendum
2865 5421 3107 5473 hostium
3154 5419 3368 5488 legatis.
3425 5419 3575 5474 Licet
3628 5420 3769 5473 enim
3826 5421 3950 5474 solo

2383 5516 2544 5569 aliato
2571 5529 2761 5568 omnes
2799 5527 2893 5567 eos
2927 5512 2980 5566 in
3016 5513 3195 5582 fugam
3236 5519 3462 5566 vertere.
3489 5509 3766 5565 interdum
3792 5525 3859 5564 ne
3889 5512 3946 5567 in

783 5711 894 5774 (th)
929 5711 1059 5766 \‘l-le
1123 5712 1322 5771 Adnot.
1385 5714 1437 5767 in
1493 5721 1637 5768 orat.
1667 5712 1749 5766 '50.
1817 5709 1963 5764 lianc
2018 5709 2294 5764 SiiiiCCillS
2335 5712 2788 5781 disputationem,
2823 5717 2916 5762 aut
2996 5714 3154 5762 caute
3201 5706 3336 5777 lege,
3404 5715 3497 5760 aut
3550 5706 3798 5776 benigne
3849 5705 3941 5760 in-

711 5791 842 5848 leu'pt
857 5792 956 5836 clm
971 5799 1018 5834 c.
