4156 6340
174 366 277 427 υτ)

1500 366 1782 426 ORATIO
1823 364 2066 426 XXX”.

3300 374 3406 436 £90

174 492 537 547 congressum
584 476 801 547 quidem
829 492 923 531 eos
969 476 1277 531 admittere.
1316 477 1432 542 Qua
1476 477 1603 530 item
1656 492 1745 529 ra—
1779 480 1820 534 Α
1851 494 2048 548 presso
2108 486 2272 539 corde
2328 486 2621 552 prosiliunt
2675 485 2943 555 lacrymie
3001 488 3131 554 Quae
3184 490 3410 556 insuper

176 570 350 627 tione.
394 579 453 621 ct
491 569 715 637 quando
748 570 801 623 in
838 568 1056 623 insidiis
1088 578 1278 623 contra
1318 584 1413 623 eos
1449 570 1746 633 latendum,

175 669 229 711 et
258 659 545 728 quibusin
585 660 741 724 locis,
766 669 821 714 et
848 668 1053 727 quanta
1082 674 1277 714 manus
1328 659 1396 713 ad
1452 662 1552 713 hoc
1587 659 1749 714 emit-

178 748 366 807 tenda,
414 745 536 813 ipse
562 748 742 803 luctus
771 762 880 801 non
916 748 1079 803 dubie
1108 749 1399 804 consrituit
1486 750 1615 804 Sine
1664 750 1749 804 his

176 838 413 905 papulas
446 838 707 894 virtutum
734 838 1020 895 universus
1040 840 1203 896 facile
1232 844 1466 911 capitur.

253 928 437 998 Atque
487 930 697 984 idcirco
729 945 849 983 cum
883 933 1163 996 omnibus,
1227 941 1280 987 et
1335 950 1446 1002 pra:
1494 936 1750 990 clunibus

180 1020 285 1075 huc
319 1033 566 1077 vestrum
605 1038 741 1091 opus
774 1028 865 1089 sit,
923 1024 1145 1086 fratres,
1211 1014 1558 1093 paenitentia,
1602 1036 1657 1081 et
1702 1029 1751 1083 ei

179 1114 486 1179 conjuncta
540 1115 877 1177 lamentatio,
947 1116 1467 1185 lamentationisque
1523 1119 1753 1173 comites

179 1205 457 1275 lacrymae.
494 1203 604 1260 Nec
636 1209 781 1260 enim
810 1207 925 1260 sine
958 1208 1621 1275 poenitentiaIumentum,
1655 1224 1753 1263 nec

182 1297 305 1350 sine
344 1298 589 1351 lamento
617 1302 913 1369 lacrynne:
950 1300 1043 1354 sed
1084 1300 1197 1354 haec
1239 1311 1343 1352 tria
1374 1301 1609 1354 invicem
1647 1301 1752 1355 sibi

179 1399 435 1439 connexa
473 1393 624 1451 sunt,
679 1398 732 1441 et
787 1388 936 1441 aliud
1004 1388 1123 1442 sine
1183 1390 1290 1441 alio
1328 1404 1592 1458 apparere
1646 1405 1754 1444 non

180 1483 390 1543 potest.
431 1474 510 1530 Ne
529 1478 655 1545 quis
684 1493 812 1545 ergo
838 1478 1006 1538 dicat.
1052 1479 1301 1547 quotidie
1331 1478 1462 1534 ilere
1496 1495 1618 1536 esse
1652 1481 1755 1533 im-

179 1563 487 1629 possibile;
539 1581 662 1619 nam
709 1568 801 1635 qui
851 1568 922 1620 ita
982 1568 1247 1636 loquitur,
1306 1570 1471 1623 etiam
1512 1570 1758 1639 quotidie

179 1655 458 1721 paenitere
489 1656 623 1711 dicit
657 1673 784 1711 esse
817 1659 1181 1727 impossibile,
1214 1669 1269 1713 et
1306 1668 1473 1713 totam
1504 1660 1755 1730 Scriptu-

178 1748 299 1794 ram
362 1758 580 1796 sacram
645 1746 862 1811 evertit,
916 1762 984 1801 ne
1033 1748 1236 1811 dicam,
1294 1749 1471 1817 ipsum
1539 1766 1756 1819 quoque

181 1834 511 1888 mandatum
564 1834 683 1900 Dei,
724 1852 835 1905 quo
890 1838 1139 1891 dicitur:
1177 1838 1547 1892 Paenitentiam
1594 1841 1753 1911 agite,

179 1926 621 1995 appropinquavit
648 1929 785 1980 enim
820 1945 1032 1997 regnum
1054 1929 1304 1982 caelorum
1326 1930 1393 1985 ⁵⁸.
1430 1931 1493 1984 Et
1515 1932 1705 1986 iterum
1740 1951 1752 1986 :

179 2015 362 2069 Petite
390 2026 439 2069 et
471 2019 761 2083 accipietis,
793 2023 1010 2088 quwrite
1060 2030 1110 2074 et
1144 2023 1435 2087 invenietis,
1475 2025 1681 2092 pulsate
1709 2034 1757 2076 et

178 2109 456 2173 aperietur
484 2110 625 2163 vobis
651 2113 715 2163 ".
754 2110 810 2163 Si
836 2112 984 2165 enim
1013 2113 1300 2181 paenitere,
1350 2123 1403 2167 et
1437 2115 1751 2178 lamentari,

179 2214 228 2251 ετ
270 2199 402 2253 ﬂere
439 2201 691 2269 quotidie
718 2202 801 2255 ais
845 2202 1208 2271 impossibile,
1244 2205 1539 2260 humiliare
1589 2222 1667 2269 se,
1702 2218 1759 2261 et

182 2305 405 2359 semper
435 2294 693 2359 gaudere,
740 2301 796 2346 et
835 2295 953 2346 sine
1008 2296 1425 2351 intermissione
1487 2313 1649 2352 orare
1685 2301 1753 2361 ⁸ο,

180 2385 316 2448 ηιιὶιι
348 2385 507 2437 etiam
533 2386 711 2453 ipsum
745 2399 842 2440 cor
873 2398 940 2439 an
965 2388 1223 2441 omnibus
1250 2390 1756 2457 perturbationibus

183 2482 246 2547 et,
275 2475 706 2542 cogitationibus
766 2477 830 2530 ad
898 2475 1066 2531 Deum
1123 2480 1487 2548 spectandum
1558 2482 1759 2537 habere

185 2565 451 2627 liberant,
481 2575 537 2619 tu
566 2581 633 2620 ne
668 2582 907 2635 unquam
936 2567 1090 2623 dices
1128 2567 1337 2622 homini
1385 2570 1603 2624 mortali
1638 2586 1758 2625 esse

184 2657 470 2725 possibile,
502 2667 555 2712 et
585 2658 656 2712 ab
686 2673 751 2712 eo
784 2660 885 2712 ista
922 2670 1067 2715 recte
1098 2661 1343 2729 prtestari
1377 2662 1582 2731 posse?
1612 2663 1756 2717 haud

186 2748 365 2800 uires.
400 2747 463 2800 Et
497 2748 569 2802 ita
605 2750 656 2802 in
697 2766 928 2805 numero
990 2751 1315 2817 infidelium,
1365 2768 1472 2807 non
1520 2754 1756 2808 ﬁdelium

187 2853 483 2907 reponere.
539 2839 670 2893 Nam
711 2842 755 2895 si
791 2839 933 2897 Deus
972 2842 1084 2896 huic
1128 2859 1158 2897 a
1206 2845 1366 2899 nobis
1415 2844 1555 2900 eﬂici
1597 2860 1759 2915 posse

187 2930 355 2993 dixit,
393 2939 446 2983 et
481 2932 760 3000 praecepit,
816 2939 869 2987 et
916 2934 1139 2988 assiduo
1197 2936 1417 3002 clamat,
1471 2948 1526 2991 tu
1576 2946 1756 2993 autem

184 3024 527 3077 contrarium
586 3023 847 3090 aﬂirmas,
907 3040 1124 3096 nempe,
1186 3029 1541 3097 impossibilia
1600 3030 1756 3086 nobis

1856 571 1929 625 de
1965 574 2047 628 his
2075 574 2318 631 disserit.
2350 577 2490 630 lecto
2523 578 2639 646 ejus
2673 578 2832 643 libro,
2873 582 2995 649 quis
3033 582 3286 647 voluerit,
3319 597 3410 635 co-

1852 672 2094 730 gnoscct.

1922 752 2040 806 1am
2084 756 2129 809 si
2178 766 2231 809 et
2263 768 2341 821 tu,
2378 771 2500 825 quae
2530 756 2585 810 in
2620 755 2737 811 dies
2788 757 2921 827 legis
2968 769 3021 813 ct
3067 758 3279 829 psallis,
3316 770 3410 813 aut

1856 843 1977 900 aliis
2008 848 2310 917 legentibus
2338 848 2517 916 audis,
2543 850 2677 904 nihil
2713 853 3040 915 omittendo,
3078 862 3191 907 toto
3220 855 3413 916 corde.

1856 953 1979 991 cum
2012 939 2327 995 humilitate
2374 953 2427 995 et
2479 942 2580 997 (ide
2614 944 2670 997 in
2719 944 2865 997 omni
2910 946 3016 998 vita
3066 946 3408 1013 prmstiteris.

1856 1040 2011 1079 amen
2042 1027 2336 1097 evangelise
2370 1030 2459 1082 tibi
2486 1031 2737 1099 gaudium
2790 1048 3035 1100 magnum
3071 1033 3136 1086 “.
3177 1032 3311 1087 Nam
3365 1037 3411 1089 sl

1857 1118 1911 1170 in
1980 1117 2063 1172 his
2126 1118 2391 1176 faciendis
2437 1124 2761 1192 perstiterit,
2815 1124 3074 1188 sitiendo,
3119 1125 3412 1195 vigilando,

1856 1219 2032 1274 usque
2084 1208 2152 1260 ad
2206 1217 2439 1262 mortem
2496 1221 2547 1264 te
2582 1212 2948 1279 subjiciendo,
3010 1224 3064 1265 ct
3112 1213 3414 1271 obediendo

1856 1301 2149 1366 prazposito
2178 1308 2271 1355 tuo
2307 1302 2805 1369 indiscrimtnalim,
2839 1322 3057 1361 omnem
3099 1308 3415 1364 tribulatio-

1858 1403 2005 1452 nem,
2043 1388 2323 1457 injuriam,
2346 1392 2659 1455 maledicta,
2694 1394 3049 1461 calumniam,
3088 1413 3186 1453 nec
3214 1398 3405 1454 istbaac

1861 1488 2091 1541 tantum,
2130 1482 2223 1534 sed
2266 1481 2429 1534 etiam
2463 1480 2677 1552 ﬂagella
2733 1491 2788 1539 et
2831 1489 3053 1541 verbera
3092 1504 3121 1542 a
3153 1490 3417 1547 fratribus

1859 1570 1972 1623 tuis
2004 1570 2402 1640 abjectioribus
2452 1589 2577 1627 cum
2628 1577 2779 1630 omni
2847 1582 3143 1646 gratiarum
3203 1584 3417 1638 actione

1859 1659 2206 1723 sustinendo,
2238 1658 2309 1712 ita
2346 1674 2472 1731 erga
2507 1676 2603 1716 eos
2631 1660 2877 1728 affectus,
2924 1666 3157 1720 ut.mala
3208 1666 3277 1721 ab
3308 1667 3417 1721 illis

1861 1748 1958 1805 tibi
2016 1751 2163 1805 illata
2217 1766 2323 1805 non
2367 1754 2713 1815 memineris.
2769 1763 2823 1808 et
2870 1771 2968 1825 pro
3029 1758 3110 1813 eis
3149 1758 3417 1819 oraveris.

1858 1843 2032 1911 gaude
2061 1851 2114 1896 et
2142 1842 2355 1897 essulta
2389 1844 2588 1914 gaudio
2628 1844 2906 1911 incil‘abili,
2941 1848 3070 1918 quia
3108 1864 3214 1902 non
3241 1849 3416 1902 solum

1857 1932 2093 2000 vesperi,
2131 1944 2288 1984 mane
2327 1938 2380 1982 et.
2420 1931 2666 1994 meridie,
2693 1932 2789 1986 sed
2822 1935 2981 1986 etiam
3010 1933 3192 1988 edenti
3226 1941 3280 1987 et
3331 1932 3419 1986 bi-

1862 2020 2016 2074 benti
2056 2022 2175 2085 tibi,
2225 2027 2278 2075 et
2319 2022 2521 2089 saepius
2573 2038 2696 2075 cum
2724 2022 2849 2079 aliis
2902 2024 3225 2094 alloqueuti,
3269 2024 3418 2093 psal-

1862 2111 2018 2175 lenti,
2053 2121 2107 2165 et
2151 2112 2374 2181 legenti,
2412 2121 2466 2166 et
2493 2114 2761 2179 precanti,
2798 2121 2853 2167 et
2882 2130 3049 2185 super
3099 2114 3299 2169 lectulo
3328 2130 3418 2169 re.

1859 2204 2080 2257 cubanti
2118 2202 2294 2273 ipsum
2326 2204 2417 2259 Dei
2442 2205 2826 2274 inexplicabile
2853 2205 3057 2260 donum
3088 2206 3331 2269 veniens,
3357 2221 3419 2261 se

1859 2292 2175 2361 dignabitur
2219 2302 2270 2353 te
2308 2294 2564 2349 omnibus
2599 2294 2796 2351 diebus
2844 2296 2963 2351 vita“:
3003 2307 3127 2359 tum.
3160 2304 3213 2350 et
3242 2297 3417 2351 comi-

1860 2385 2067 2438 tabitur
2105 2394 2155 2438 te
2195 2385 2250 2438 in
2287 2388 2392 2449 via,
2420 2396 2473 2440 et
2512 2402 2636 2440 cum
2674 2387 2987 2451 diverteris,
3020 2396 3197 2441 tecum
3238 2388 3417 2443 diver-

1863 2481 1961 2538 tet,
2023 2481 2081 2527 et
2147 2489 2268 2529 cum
2334 2476 2681 2531 ministrante
2739 2476 3106 2542 ministrabit,
3167 2478 3415 2533 laborum

1865 2573 2078 2617 tuorum
2110 2566 2386 2619 molestias
2412 2580 2475 2619 ac
2505 2566 2722 2620 dolores
2742 2567 3031 2622 consolans
3062 2578 3114 2623 et
3138 2583 3413 2627 recreans.

1864 2652 1938 2707 Ac
1984 2662 2122 2717 tum,
2150 2670 2314 2723 quam
2349 2656 2482 2710 bene
2518 2657 3007 2726 convenienterque
3037 2667 3260 2714 sanctus
3327 2659 3415 2712 δίο

1861 2760 1989 2799 mon
2022 2745 2241 2810 dixerit,
2295 2748 2498 2801 nemini
2534 2748 3052 2803 communicandum
3097 2748 3301 2819 absque
3340 2750 3417 2805 la-

1862 2836 2082 2904 crymis,
2124 2847 2177 2890 et
2213 2840 2312 2891 hoc
2340 2838 2451 2891 ﬁeri
2481 2852 2663 2907 posse.
2691 2846 2747 2892 et
2784 2853 2972 2893 revera
3001 2853 3190 2895 omnes
3223 2840 3415 2896 decere

1862 2927 2157 2997 intelliges.
2216 2928 2330 2982 Non
2373 2928 2517 2983 enim
2572 2929 2682 2993 ille,
2731 2929 2826 2984 sed
2860 2945 2954 2999 pet-
2988 2930 3137 2985 illum
3178 2932 3416 3003 Spiritus

1864 3027 2087 3093 sanctus
2113 3020 2331 3074 locutus
2360 3029 2465 3083 est,
2516 3028 2569 3074 et
2601 3021 2846 3089 scripsit.
2904 3022 2961 3076 Si
3008 3038 3244 3094 namque
3297 3027 3416 3080 sine

181 3130 334 3181 esse,
398 3116 561 3186 p'ane
630 3116 771 3170 nihil
814 3118 883 3171 ab
948 3118 1154 3172 inlideli
1212 3120 1423 3175 differs.
1468 3122 1557 3176 Vis
1595 3123 1755 3193 igitur

1864 3120 2089 3181 peccato
2131 3112 2316 3166 nullus
2364 3122 2469 3176 est,
2522 3126 2622 3167 nec
2664 3114 2870 3177 infans,
2920 3113 3077 3181 cujus
3116 3122 3200 3172 est
3252 3119 3419 3174 unius-

185 3220 471 3272 nunquam
506 3205 911 3261 Eucharistiam
952 3209 1232 3277 percipere
1286 3211 1405 3265 sine
1458 3212 1760 3283 lacrymis?

184 3297 276 3351 fac
308 3313 428 3365 qua
458 3298 557 3353 abs
583 3307 637 3352 te
665 3307 965 3352 cantantur
1000 3300 1187 3353 simul.
1231 3311 1283 3354 et
1314 3302 1592 3370 leguntur.
1629 3312 1760 3356 tunc

192 3391 365 3442 etiam
425 3391 569 3444 istud
624 3400 884 3459 praestare
930 3394 1161 3461 poteris.
1196 3393 1331 3447 Audi
1384 3395 1756 3462 Apostolum:

187 3478 315 3533 Non
344 3490 481 3536 enim
512 3482 781 3535 auditores
811 3481 935 3547 leqis
960 3483 1101 3549 justi
1130 3491 1253 3534 sunt
1284 3484 1427 3549 apud
1455 3484 1642 3545 Deum,
1670 3488 1759 3537 sed

186 3573 421 3641 factores
479 3572 605 3639 legis
652 3570 1094 3639 justiﬁcabuntur
1127 3573 1194 3625 ⁶¹.
1253 3572 1385 3637 Quae
1444 3588 1611 3643 porro
1668 3575 1758 3627 illa

184 3662 361 3716 sunt?
393 3660 473 3715 Tu
522 3676 588 3719 ne
622 3661 872 3717 funditus
906 3663 1171 3733 ignoras?
1225 3664 1315 3716 sed
1374 3681 1441 3718 ne
1510 3665 1759 3720 oratione

185 3753 411 3821 laugius
464 3754 854 3822 procedamus,
896 3753 1011 3822 ipsa
1037 3754 1134 3807 tibi
1170 3752 1391 3807 Davidis
1422 3756 1588 3808 verba
1629 3771 1759 3823 sug-

184 3846 439 3914 gerimus
471 3862 485 3898 :
526 3844 591 3900 Si
611 3846 916 3908 ascendere,
960 3844 1161 3914 inquit,
1194 3860 1348 3912 super
1379 3845 1566 3898 lectum
1599 3849 1759 3900 strati

183 3938 291 3989 nisi
346 3950 363 3987 :
414 3938 461 3988 si
509 3934 701 3989 dedero
759 3952 998 3990 somnum
1035 3938 1201 3988 oculis
1232 3937 1377 4000 meis,
1408 3945 1457 3990 et
1497 3937 1759 4007 palpebris

182 4028 320 4080 meis
369 4029 794 4082 dormitationem
829 4038 927 4082 :ct
957 4030 1181 4097 requiem
1232 4029 1551 4095 temporibus
1606 4034 1756 4095 meis,

183 4117 359 4169 donec
405 4116 667 4169 inveniam
697 4115 873 4170 locum
909 4116 1159 4183 Domino,
1218 4118 1618 4170 tabernaculum
1653 4117 1758 4170 Deo

180 4206 360 4261 Jacob
384 4209 448 4262 “.
477 4204 541 4262 Et
585 4224 807 4264 rursum
839 4224 854 4263 :
889 4206 1013 4262 Non
1045 4218 1122 4263 est
1166 4223 1273 4276 pas:
1302 4211 1506 4263 ossibus
1550 4212 1697 4275 meis,
1727 4226 1759 4260 a

185 4300 332 4367 {acie
359 4314 691 4368 peccatorum
722 4317 978 4365 meorum,
1010 4303 1261 4370 quoniam
1304 4302 1610 4371 iniquitates
1633 4318 1761 4355 mea:

184 4408 547 4467 supergressa:
576 4403 696 4447 sunt
730 4404 886 4462 caput
921 4411 1119 4458 meum,
1161 4405 1210 4447 et
1250 4395 1387 4447 velut
1435 4410 1564 4447 onus
1605 4412 1760 4464 grave

182 4495 430 4553 gravata:
459 4494 581 4539 sunt
616 4503 774 4554 super
808 4502 909 4539 me.
962 4486 1290 4539 Putruerunt
1316 4528 1328 4551 ,
1391 4494 1439 4539 et
1494 4496 1759 4554 corrupta:

185 4585 314 4629 sunt
340 4575 609 4630 cicatrices
646 4593 794 4640 mea,
824 4594 855 4630 α
884 4577 1020 4645 facie
1050 4576 1365 4641 insipientia:
1393 4591 1541 4629 mete.
1585 4573 1755 4627 Labo-

184 4666 333 4729 ravi,
379 4675 427 4718 et
470 4667 776 4720 incurvatus
830 4683 946 4720 sum
980 4684 1144 4736 usque
1190 4670 1243 4719 in
1278 4668 1435 4735 ﬁnem
1465 4683 1484 4720 :
1510 4675 1622 4719 tota
1673 4664 1757 4717 die

182 4758 536 4813 contristatus
564 4759 920 4829 ingrediebar.
970 4760 1202 4829 Aﬁlictus
1226 4768 1274 4812 et
1300 4759 1611 4811 humiliatus
1638 4772 1755 4810 sum

181 4849 351 4901 κὶυιὶε
377 4865 393 4900 .·
420 4850 686 4919 rugiebam
725 4869 757 4905 α
798 4853 993 4920 gemitu
1032 4851 1208 4904 cordis
1244 4850 1344 4903 mei
1377 4850 1441 4903 ⁸³.
1474 4848 1539 4901 Et
1582 4848 1755 4916 factus

170 4954 308 4992 ,s-um
338 4940 469 4991 sicut
496 4956 681 5007 passer
730 4942 1008 4999 solitarius
1037 4944 1091 4995 in
1144 4950 1277 4994 tecto
1308 4956 1326 4993 :
1356 4940 1546 4993 similis
1578 4940 1755 5007 factus

181 5045 307 5083 sum
357 5030 594 5099 pelicano
622 5034 679 5085 in
718 5032 1024 5087 solitudine.
1087 5030 1190 5097 Qui
1232 5034 1453 5085 cinerem
1505 5042 1757 5099 tanquam

181 5136 381 5192 partem
439 5123 851 5185 manducabam,
892 5134 942 5175 et
998 5134 1181 5190 potum
1239 5138 1411 5176 meum
1468 5138 1585 5174 cum
1627 5124 1755 5191 ﬂetu

180 5212 476 5266 miscebant
506 5213 574 5267 “.
610 5212 879 5269 Laboravi
922 5215 975 5267 in
1004 5216 1201 5284 gemitu
1231 5229 1363 5267 meo.
1412 5211 1620 5266 Lavabo
1664 5228 1757 5281 per

180 5303 427 5380 singulas
458 5315 633 5360 noctes
667 5306 858 5359 lectum
900 5320 1069 5358 meum
1102 5320 1121 5358 :
1153 5305 1405 5374 lacrymt's
1452 5305 1578 5357 meis
1611 5314 1755 5357 stra-

182 5406 298 5449 tum
352 5413 520 5451 meum
554 5398 737 5468 rigabo
762 5400 828 5452 “.
858 5397 1049 5456 Porro.
1088 5402 1253 5450 etlam
1315 5405 1510 5450 auctor
1555 5394 1753 5459 Scalas,

180 5500 415 5548 sanctus
450 5492 691 5550 Joannes
719 5496 798 5549 ait
835 5513 848 5550 :
878 5494 1010 5551 Sitis
1045 5502 1095 5547 et
1128 5493 1309 5563 vigilia
1344 5500 1600 5562 premunt
1632 5507 1749 5556 cor,

857 5697 900 5728 ”
930 5694 1092 5747 Matth
1189 5733 1203 5755 ,
1236 5694 1289 5743 7.

262 5703 307 5733 ⁸⁸
337 5701 524 5755 Matth.
567 5714 638 5760 tv,
696 5698 781 5750 l7.
857 5698 900 5728 ”
930 5698 1092 5747 Matth
1189 5733 1203 5755 ,
1236 5698 1289 5743 7.
1353 5698 1395 5720 "
1432 5698 1447 5743 ι
1483 5698 1645 5740 Thess

266 5789 395 5821 xv".
431 5771 547 5821 L9.
625 5769 671 5801 “
706 5766 851 5820 Psal.
909 5781 980 5821 Ct.
1020 5765 1162 5816 7-10.
1242 5764 1285 5793 ⁶¹¹
1320 5760 1463 5813 l‘sal.
1495 5774 1567 5821 Vt,
1595 5757 1645 5810 7.

186 5789 395 5834 xxxv",
431 5771 547 5824 4-9.
625 5769 671 5801 “
706 5766 851 5820 Psal.
909 5781 980 5825 cr,
1020 5765 1162 5816 7-10.

472 5871 737 5930 Parant.
770 5863 883 5923 GR.
919 5859 1101 5921 CXX.

1353 5690 1395 5720 θ’
1428 5689 1447 5743 Ι
1483 5687 1678 5741 Thess.
1717 5701 1765 5739 ν.
1803 5685 1886 5737 l7.
1968 5685 2006 5713 “
2051 5685 2157 5733 Rau

1353 5760 1463 5810 'sal.
1495 5774 1567 5810 vi.
1595 5757 1645 5810 'l.
1738 5755 1781 5785 "
1807 5754 1941 5810 Luc.
1976 5768 2037 5810 ιι,
2092 5750 2157 5803 1νο

1929 5794 1941 5810 ο
1979 5789 2037 5817 ΙΙ,
2097 5789 2176 5803 ινα

1864 3203 1972 3257 diei
2021 3203 2131 3256 vita
2168 3204 2233 3265 ⁸⁷.
2271 3213 2323 3257 et
2375 3219 2535 3259 nemo
2579 3213 2757 3274 potest
2801 3216 3013 3260 castum
3061 3206 3262 3266 habere
3300 3226 3414 3277 cor,

1864 3295 2073 3347 clarum
2106 3301 2208 3356 est,
2235 3310 2337 3349 nec
2366 3295 2484 3349 sine
2508 3297 2829 3363 paenitentia
2859 3304 2911 3350 et
2935 3296 3190 3369 lacrymis
3219 3299 3419 3356 debere

1863 3384 2160 3446 hominem,
2189 3393 2450 3453 quantum
2487 3387 2541 3440 in
2576 3402 2633 3441 se
2667 3395 2767 3453 est,
2808 3386 2889 3440 vel
2930 3404 3121 3453 unum.
3148 3396 3202 3446 et
3232 3392 3410 3446 solum

1861 3477 2003 3531 diem
2042 3476 2092 3529 in
2124 3477 2272 3530 omni
2318 3476 2424 3529 vita
2476 3492 2572 3529 sua
2621 3477 2928 3533 traducere.
2976 3478 3231 3543 Quamvis
3269 3482 3414 3536 enim

1863 3569 2120 3639 lacrymis
2154 3581 2364 3633 careat,
2412 3568 2774 3623 nihilominus
2814 3585 2875 3623 ex
2932 3578 3042 3623 tota
3091 3573 3309 3637 virtute,
3362 3586 3419 3629 ct

1861 3661 2041 3714 anima
2069 3675 2162 3715 eas
2193 3660 2502 3716 desiderare
2538 3660 2697 3714 debet
2726 3677 2739 3712 :
2774 3660 3044 3729 siquidem
3095 3664 3255 3718 aliter
3285 3682 3417 3735 pec-

1862 3753 1965 3805 cati
2008 3768 2199 3820 purus,
2231 3763 2285 3806 et
2322 3750 2489 3805 corde
2516 3760 2700 3805 castus
2733 3766 2855 3805 esse
2886 3752 3097 3821 nequit.

1934 3844 2087 3909 Quod
2118 3845 2162 3897 si
2200 3844 2324 3913 quis
2357 3842 2791 3907 multitudinem,
2825 3845 3259 3920 gravitatemque
3286 3863 3418 3902 suo-

1867 3952 1985 3989 rum
2014 3935 2334 3988 delictorum
2370 3949 2556 3987 secum
2582 3934 2895 4001 expendens
2926 3934 3075 3989 humi
3104 3937 3325 3994 cubare.
3357 3950 3415 3993 et

1863 4024 2182 4094 pervigilare
2227 4023 2486 4087 noluerit,
2522 4037 2621 4077 nec
2658 4037 2766 4091 prae
2815 4023 3160 4094 negligentia,
3197 4036 3249 4081 et
3287 4042 3416 4083 con-

1861 4125 2062 4183 temptu
2089 4123 2337 4184 putentes
2366 4129 2429 4167 ac
2460 4113 2708 4182 putridas
2739 4114 2967 4180 vibices,
2996 4116 3279 4172 affectibus
3303 4135 3416 4172 mu-

1862 4210 1927 4263 lis
1969 4207 2501 4275 obnoxiiappctitus.
2539 4216 2591 4259 et
2620 4206 3037 4275 anticipatarum
3075 4207 3412 4277 opinionum.

1862 4316 2126 4370 quaecum
2153 4298 2222 4351 ad
2262 4308 2542 4366 stuporem
2584 4298 2749 4351 istum
2796 4298 3186 4365 perduxerunt,
3242 4305 3416 4355 corri-

1867 4408 1993 4463 gere
2034 4390 2382 4454 sustinuerit,
2445 4404 2564 4458 qua:
2623 4403 2748 4443 vera
2796 4389 3108 4457 insipientia
3161 4399 3264 4457 est,
3307 4407 3416 4460 qun

1868 4490 2025 4553 pacto
2054 4488 2303 4550 paratum
2337 4478 2723 4547 peccatoribus
2749 4478 3046 4547 judicium,
3096 4489 3151 4532 et
3189 4480 3417 4535 damna-

1865 4575 2065 4628 tionem
2094 4569 2487 4646 apprehendet,
2520 4577 2573 4620 et
2605 4568 2661 4620 in
2689 4567 2876 4621 dolore
2906 4567 3088 4622 cordis
3121 4569 3201 4622 sui
3231 4570 3415 4639 plora-

1864 4663 1982 4720 bit?
2017 4663 2108 4718 Sic
2136 4668 2357 4714 recusat
2408 4656 2660 4711 tribulari
2715 4656 2997 4712 laboribus
3060 4666 3113 4713 et
3154 4663 3415 4715 azrumnis

1863 4752 2224 4825 perferendis,
2273 4749 2406 4805 dum
2456 4749 2777 4804 incurvatur
2810 4763 2983 4818 usque
3030 4749 3086 4803 in
3138 4750 3320 4817 tidem,
3364 4766 3417 4807 et

1864 4852 1976 4897 tota
2017 4842 2104 4896 die
2139 4839 2524 4893 constristatus
2547 4837 2871 4906 ingreditur,
2908 4837 3034 4891 dum
3066 4837 3338 4909 anligitur,
3362 4854 3416 4894 et

1860 4934 2185 4991 bumiliatur
2209 4930 2395 4992 nimis,
2432 4929 2579 4996 rugit
2610 4942 2638 4979 a
2670 4927 2883 4995 gemitu
2918 4929 3103 4985 cordis
3134 4932 3242 4992 sui,
3269 4942 3323 4985 et
3356 4938 3412 4985 tu

1860 5038 2118 5096 tanquam
2154 5006 2342 5092 passer
2383 5019 2661 5074 solitarius
2703 5018 2755 5072 in
2792 5027 2958 5081 tecto,
2994 5028 3050 5074 et
3075 5020 3411 5076 assimilatur

1858 5121 2107 5189 pelicano
2137 5116 2191 5170 in
2234 5110 2530 5168 solitudine
2557 5150 2572 5175 ,
2613 5110 2742 5164 dum
2772 5108 3059 5166 aﬂ‘ectione
3108 5113 3272 5165 animi
3316 5113 3407 5167 ho-

1858 5225 1983 5283 spes
2009 5219 2063 5264 et
2084 5202 2402 5278 peregrinas
2423 5203 2483 5257 lit
2511 5202 2948 5271 ad'omnia,qua:
2978 5201 3029 5255 in
3057 5204 3409 5262 monasterio.

1856 5311 1911 5356 et
1939 5302 1994 5355 in
2031 5296 2233 5352 mundo
2272 5303 2424 5357 sunt,
2451 5301 2504 5348 et
2542 5293 2593 5345 in
2626 5292 2809 5361 parvis
2840 5306 2992 5360 teque
3022 5300 3081 5345 ut
3111 5292 3166 5346 in
3200 5296 3410 5362 magnis

1859 5392 1997 5448 nihil
2038 5390 2084 5447 ei
2129 5387 2276 5451 licet,
2318 5386 2445 5440 dum
2489 5384 2701 5437 laborat
2733 5383 2784 5437 in
2814 5382 3044 5452 gemitu,
3082 5390 3137 5436 et
3168 5383 3405 5437 cinerem

1860 5494 2121 5553 tanquam
2149 5487 2343 5549 panem
2376 5476 2694 5538 manducat,
2735 5480 2791 5527 et
2841 5482 3026 5543 potum
3078 5486 3243 5527 suum
3281 5486 3406 5529 cum

1968 5684 2006 5713 "
2051 5682 2206 5743 Rom.
2250 5692 2309 5737 tt.
2355 5677 2441 5729 l3.
2519 5672 2732 5743 "Psal.
2770 5686 2963 5743 CX_X_X_I_._
2994 5669 3108 5723 3-3.
3188 5669 3231 5702 ”
3262 5668 3406 5723 Psal.

2255 5749 2296 5779 "
2337 5747 2577 5808 Jobstv,
2618 5742 2649 5795 4
2686 5756 2795 5795 sec.
2831 5737 2992 5791 LXX.

3036 5832 3103 5894 16
