4128 6338
688 380 787 448 491

1908 381 2284 443 SYMEONIS
2324 377 2689 441 JUN'IORiS

3812 374 3920 436 432

685 503 808 555 {Ictu
849 502 1079 562 miscet;
1147 496 1422 565 quomodo
1463 497 1512 552 is
1550 511 1816 566 unquam,
1874 497 2070 553 fratres
2117 499 2243 563 mei,
2275 502 2317 557 Α
2347 495 2732 550 contribulatus
2765 509 2783 550 .'
2812 509 2901 546 car
2954 493 3238 546 contritum
3273 502 3321 546 et
3363 492 3720 556 humiliatum,
3752 492 3917 559 Deus,

686 601 782 646 aut
817 591 998 646 lavare
1048 587 1282 662 singulis
1325 589 1587 644 noctibus
1652 589 1851 644 lectum
1911 607 2093 654 stium,
2153 597 2248 643 aut

690 684 948 756 lacrymis
978 684 1159 754 rigare
1189 691 1421 737 stratmn
1452 698 1610 736 suum
1643 682 1893 752 poterit?
1931 682 2074 735 Sane
2103 697 2248 733 nun-

689 792 852 846 quam
884 777 1105 847 poterit.
1136 775 1250 829 Non
1279 776 1456 829 solum
1487 775 1604 829 inec
1651 775 1705 829 in
1755 790 1814 830 se
1837 774 1981 829 facta
2010 790 2117 828 non
2163 773 2246 828 vi-

691 869 863 932 debit,
899 867 990 922 sed
1023 880 1122 920 nec
1153 866 1206 920 in
1242 866 1500 937 precibus
1527 867 1644 922 suis
1676 882 1738 922 ea
1774 868 2036 931 inveniet,
2071 882 2248 937 neque

691 959 874 1012 locum
924 956 1174 1022 Domino,
1216 972 1392 1026 neque
1429 957 1845 1013 tabernaculum
1879 959 2104 1028 dignum
2140 961 2247 1014 [leo

687 1046 880 1114 Jacob,
914 1048 1006 1118 qui
1040 1056 1125 1103 est
1154 1047 1405 1102 Christus
1432 1045 1714 1110 Dominus,
1747 1048 1996 1102 Salvator
2025 1058 2076 1101 et
2107 1048 2250 1103 Dens

690 1148 904 1205 noster,
955 1141 1365 1210 praeparaverit.
1408 1140 1561 1205 Quod
1611 1141 1716 1194 nisi
1755 1143 1866 1195 haec
1918 1143 2070 1209 prius
2111 1132 2251 1195 bene

691 1232 1044 1302 praparabit,
1097 1246 1273 1301 neque
1321 1247 1444 1286 cum
1489 1232 1745 1304 lacrymis
1790 1231 2020 1296 scilicet,
2073 1246 2249 1300 neque

691 1320 873 1390 digne,
905 1329 962 1373 ut
984 1331 1081 1387 par
1116 1329 1220 1384 est,
1274 1328 1587 1373 consortem
1617 1334 1682 1372 ac
1731 1319 1943 1372 socium
1992 1318 2158 1373 Deum
2188 1334 2251 1374 ac

695 1425 873 1481 regem
908 1409 964 1463 in
993 1409 1235 1478 seipsutn
1271 1411 1557 1480 suscipiet,
1592 1412 1803 1465 etiamsi
1840 1412 2008 1466 semel
2042 1421 2249 1467 tantum

694 1503 748 1554 in
777 1514 920 1554 anno
948 1500 1052 1554 hoc
1081 1498 1263 1554 faciat.
1300 1499 1498 1554 Sancta
1541 1502 1742 1555 sanctis
1770 1503 2017 1571 quotidie
2049 1503 2101 1556 bi
2131 1504 2253 1572 qui-

693 1594 813 1647 dem
843 1593 1053 1657 dicunt,
1084 1599 1137 1646 et
1175 1592 1266 1646 alii
1297 1594 1404 1646 alta
1439 1607 1569 1646 voce
1603 1593 1882 1656 occinunt,
1918 1596 2124 1648 utinam
2158 1610 2254 1649 au-

694 1694 798 1738 tem
835 1693 887 1737 et
920 1683 1139 1738 sibimet
1166 1685 1500 1738 occinerent.
1543 1683 1648 1736 Alii
1684 1699 1813 1738 vero
1863 1687 2104 1742 dicentes
2132 1686 2255 1742 illos

693 1775 920 1831 auditis.
976 1775 1116 1841 Quid
1180 1774 1356 1845 ergo?
1403 1775 1495 1844 qui
1527 1790 1753 1831 sanetus
1806 1793 1912 1830 non
1954 1787 2058 1842 est,
2090 1779 2251 1832 etiam

694 1866 949 1934 indignus
1003 1867 1133 1921 est?
1174 1867 1400 1920 minime
1436 1884 1450 1921 :
1488 1866 1580 1922 sed
1617 1869 1708 1936 qui
1742 1883 1848 1922 non
1905 1872 1957 1923 in
2011 1870 2254 1938 singulos
2286 1850 2328 1904 Β

693 1958 813 2011 dies
843 1956 1061 2011 occulta
1109 1957 1289 2013 cordis
1319 1958 1404 2012 sui
1436 1959 1682 2013 enuntiat
1713 1977 1727 2014 :
1768 1961 1858 2030 qui
1886 1977 1991 2015 non
2033 1963 2252 2032 dignam

695 2062 792 2118 pro
821 2048 930 2108 bis.
955 2056 1010 2102 et
1057 2063 1177 2120 qua:
1214 2049 1520 2118 ignorantia
1559 2053 1821 2120 peccavit.
1877 2053 2251 2121 paenitentiam

694 2139 826 2208 agit,
855 2141 947 2209 qui
981 2155 1088 2194 non
1125 2137 1349 2211 sempef
1369 2141 1538 2211 luget,
1574 2152 1627 2196 ct
1660 2145 2022 2200 eontristatus
2071 2145 2257 2216 ingre-

695 2234 862 2295 ditur,
894 2243 946 2286 et
977 2249 1097 2303 qua:
1125 2249 1289 2302 supra
1325 2237 1774 2297 memoravimus,
1817 2252 1940 2291 cum
1973 2239 2253 2309 diligentia

698 2340 805 2378 non
837 2335 1207 2390 consectatur,
1249 2325 1337 2381 hic
1375 2328 1631 2398 indignus
1663 2340 1769 2383 est.
1802 2329 1907 2396 Qui
1935 2339 2115 2395 autem
2142 2331 2255 2386 base

699 2424 916 2486 praestat
943 2417 1221 2484 universa,
1266 2428 1319 2472 et
1361 2419 1414 2472 in
1457 2421 1754 2491 gemitibus
1799 2430 1964 2495 atque
1996 2424 2256 2494 laerymis

697 2509 870 2577 spatia
904 2508 1024 2563 vita:
1058 2525 1172 2564 stite
1200 2502 1462 2575 decurrit,
1490 2513 1578 2566 hic
1612 2528 1719 2566 non
1751 2513 1801 2566 in
1834 2515 1922 2568 die
1955 2513 2091 2568 festo
2118 2517 2258 2568 duu-

702 2607 871 2663 taxat,
927 2599 1020 2655 scd
1063 2601 1227 2653 etiam
1270 2599 1536 2669 quotidie,
1591 2601 1659 2656 ab
1706 2603 1848 2670 ipso,
1911 2603 1959 2656 si
2001 2585 2113 2657 dici
2155 2603 2256 2667 fas,

697 2690 854 2743 initio
895 2690 1228 2759 poenitentiae
1259 2705 1370 2744 suae
1411 2693 1896 2761 eouversionisque
1947 2692 2256 2748 divinorum

697 2781 928 2834 istorum
971 2780 1236 2847 particeps
1266 2780 1378 2834 lieri
1416 2795 1679 2850 perquam
1716 2783 1914 2847 dignus
1945 2789 2049 2837 est.
2096 2782 2258 2837 Pater

701 2871 922 2941 quippe,
953 2870 1099 2924 hunc
1128 2870 1182 2923 in
1211 2871 1316 2935 his,
1357 2882 1411 2924 et
1446 2872 1721 2926 similibus
1767 2874 2032 2942 operibus
2061 2874 2128 2927 ad
2163 2890 2258 2928 ex-

699 2976 928 3015 tremum
951 2976 1121 3030 usque
1148 2971 1636 3029 perseveraturum,
1662 2966 1713 3018 in
1740 2964 2042 3020 humilitate
2064 2976 2115 3022 et
2134 2984 2263 3022 con-

700 3053 925 3106 tritione
957 3053 1146 3108 cordis
1182 3053 1545 3109 incedentem.
1577 3054 1712 3109 Nam
1746 3057 1876 3111 dum
1903 3060 1976 3113 ita
2013 3075 2072 3114 se
2100 3061 2257 3130 gerit,

701 3144 884 3198 animo
933 3143 1250 3198 illustratur
1282 3153 1446 3214 atque
1481 3148 1534 3202 in
1567 3148 1682 3203 dies
1715 3149 1958 3218 singulos
1988 3166 2050 3204 ex
2094 3154 2260 3220 parti-
2289 3188 2329 3243 Ο

699 3234 973 3302 cipatione
1013 3241 1328 3288 sanctorum
1366 3249 1522 3304 opem
1554 3245 1607 3291 et
1638 3239 1902 3294 auxilium
1960 3244 2259 3309 consequi-

702 3330 807 3381 tur.
845 3330 898 3376 et
924 3321 989 3375 ad
1027 3321 1322 3390 perfectam
1368 3325 1688 3401 puritatem,
1723 3342 1786 3380 ac
1845 3329 2257 3383 sanctimoniam

701 3414 848 3473 brevi
879 3413 1223 3483 provehitur.
1259 3414 1380 3468 Alio
1423 3415 1658 3484 quodam
1713 3418 1874 3472 modo
1917 3420 2256 3473 immundum

698 3520 792 3559 vas
827 3514 1094 3567 nostrum,
1162 3505 1552 3575 sordidumque
1608 3507 1942 3564 domicilium
1993 3513 2161 3576 ablui,
2198 3530 2260 3567 ac

699 3596 1019 3665 perpurgari
1081 3597 1290 3664 nequit.
1334 3598 1585 3666 Amplius
1638 3599 1840 3668 aliquid
1899 3617 2000 3671 ego
2039 3604 2256 3671 quidem

701 3702 876 3756 neque
899 3702 928 3741 e
959 3688 1160 3743 divinis
1192 3685 1494 3758 Scripturis
1523 3690 1715 3754 didici,
1741 3707 1916 3760 neque
1944 3703 2119 3747 marte
2143 3711 2260 3750 meo

703 3777 952 3830 invenire
991 3792 1055 3832 ac
1092 3779 1404 3847 perspicere
1445 3783 1619 3849 potui.
1661 3782 1961 3838 Audiamus
1991 3786 2137 3838 enim
2172 3786 2258 3840 di-

703 3877 917 3922 centem
975 3868 1297 3936 Apostolum
1355 3887 1369 3923 ε
1432 3869 1623 3924 Probet
1684 3883 1858 3926 autem
1908 3879 2263 3946 unusquisque

703 3961 951 4027 seipsum,
982 3968 1030 4011 et
1057 3961 1132 4012 sic
1163 3959 1226 4012 de
1270 3977 1402 4028 pane
1437 3961 1530 4014 illo
1557 3966 1701 4028 edat,
1745 3975 1792 4016 et
1822 3965 1885 4018 de
1909 3968 2071 4019 calice
2096 3970 2257 4022 bibat.

707 4051 810 4116 Qui
841 4040 977 4102 enim
1004 4051 1216 4119 indigne
1250 4052 1537 4105 manducet
1584 4063 1629 4106 et
1667 4054 1819 4118 bibit,
1846 4057 2113 4124 judicium
2158 4057 2260 4110 sibi

705 4142 987 4194 manducet
1024 4150 1072 4193 ct
1113 4143 1239 4194 bibit
1264 4142 1330 4194 ⁸⁸.
1359 4140 1709 4212 Rursumque
1746 4161 1761 4199 :
1797 4143 1900 4209 Qui
1955 4157 2129 4206 autem
2179 4150 2261 4201 in-

702 4235 854 4302 digne
883 4233 1168 4286 manducat
1194 4236 1405 4300 corpus,
1437 4243 1485 4288 et
1520 4235 1644 4287 bibit
1679 4238 1986 4306 sanguinem
2026 4239 2257 4303 Domini,

701 4341 818 4378 reus
851 4326 948 4377 erit
977 4327 1209 4391 corporis
1244 4334 1292 4377 et
1355 4328 1626 4394 sanguinis
1657 4325 1885 4390 Domini,
1934 4344 2033 4381 non
2063 4329 2266 4396 dijudi-

700 4429 828 4466 cans
858 4428 1041 4481 corpus
1076 4414 1288 4468 Domini
1311 4415 1380 4466 ".
1416 4414 1566 4478 Quod
1615 4417 1682 4478 si,
1719 4419 1810 4485 qui
1843 4418 2035 4488 dignos
2086 4422 2259 4488 paeni-

2357 603 2459 640 non
2488 587 2746 656 despicies
2790 585 2857 639 '“.
2894 583 2958 638 Et
3002 591 3175 638 recte.
3217 583 3412 637 Anima
3452 586 3596 640 enim
3634 595 3823 639 noStra
3862 584 3917 636 in

2357 676 2448 730 tali
2473 675 2659 730 habitu
2694 674 3017 736 constituta,
3044 684 3097 727 et
3128 673 3200 726 ita
3237 674 3517 726 liumiliata
3552 675 3790 736 assidue,
3818 686 3921 726 nec

2358 782 2527 821 unum
2555 781 2797 835 unquant
2840 765 2984 818 diem
3044 763 3250 830 absque
3289 764 3552 834 laerymis
3607 765 3795 837 exigit,
3835 780 3925 818 se-

2354 860 2594 913 cundum
2628 857 2757 911 illud
2810 856 3126 909 Davidicum
3158 874 3170 909 :
3208 854 3411 908 Lavabo
3440 873 3534 924 per
3563 858 3799 925 singulas
3829 872 3925 909 no-

2355 959 2458 1004 ctes
2487 949 2677 1003 lectum
2708 963 2899 1012 meum,
2931 947 3183 1016 lacrymis
3219 948 3599 1001 meisstratum
3637 965 3809 1002 meum
3844 951 3925 1000 ri-

2356 1045 2488 1115 gabo
2521 1046 2611 1098 7’.

2392 1153 2404 1165 ι
2429 1137 2698 1202 Quocirca
2757 1148 2854 1187 vos
2886 1149 3040 1205 rogo,
3075 1133 3266 1190 Patres
3299 1145 3352 1189 et
3386 1135 3608 1191 Fratres
3655 1153 3785 1200 met,
3837 1153 3924 1191 sc-

2357 1228 2485 1282 dulo
2515 1227 2999 1297 quilibctanimam
3034 1241 3187 1281 suam
3224 1228 3278 1280 in
3319 1228 3405 1281 his
3444 1237 3497 1280 et
3528 1228 3729 1283 talibus
3759 1228 3925 1284 rebus

2358 1321 2798 1387 exerceat,‘qu:e
2859 1327 3185 1388 compuneta
3225 1327 3280 1372 et
3335 1319 3592 1386 paulatim
3632 1321 3922 1374 immutata

2359 1407 2483 1462 fons
2501 1407 2756 1471 efficitur,
2782 1407 3143 1478 lacrymarum
3181 1417 3235 1462 et
3269 1408 3703 1478 compunctionis
3723 1409 3923 1464 fluenta

2361 1500 2691 1554 scaturiens.
2725 1497 2785 1553 Ni
2822 1498 2895 1552 ita
2947 1501 3068 1570 puri
3099 1499 3328 1555 evadere
3377 1499 3793 1562 contendemus.
3829 1501 3923 1555 sed

2363 1588 2417 1642 in
2445 1588 2831 1655 dissolutione,
2874 1590 3108 1658 segnitie
3162 1597 3221 1664 et
3251 1597 3464 1643 tumore
3497 1588 3764 1657 superbia:
3799 1605 3924 1658 per-

2362 1695 2487 1749 gere
2521 1680 2879 1743 voluerimus,
2916 1680 3171 1748 equidem
3227 1679 3363 1732 nihil
3422 1679 3673 1734 odiosius
3720 1680 3922 1741 dicam,

2363 1786 2597 1837 parcens
2630 1771 2881 1824 charita'ti
2918 1780 3132 1832 vestrae,
3168 1770 3288 1824 nisi-
3322 1769 3448 1834 hoc,
3501 1774 3646 1836 quod
3705 1769 3925 1824 etiamsi

2358 1864 2647 1933 contigerit
2670 1863 2964 1931 aliquando
2988 1877 3110 1916 eum
3137 1863 3393 1933 lacrymis
3421 1843 3654 1917 fortasse
3679 1877 3928 1916 commu-

2358 1955 2544 2009 nicare
2573 1955 2907 2024 quempiam,
2947 1963 3041 2008 aut
3095 1964 3224 2009 ante
3260 1954 3555 2024 liturgiam,
3592 1965 3684 2007 aut
3712 1955 3769 2006 in
3804 1955 3923 2022 ipsa

2359 2048 2537 2102 divina
2569 2049 2811 2118 liturgia,
2853 2048 3025 2101 autin
3060 2048 3182 2116 ipso
3215 2039 3451 2101 articulo
3483 2047 3923 2116 participationis

2358 2140 2663 2197 d'rvinormn
2692 2143 3074 2212 mysteriorum
3103 2142 3368 2210 lacrymas
3391 2140 3660 2203 emittere,
3683 2138 3872 2206 reliqua
3898 2153 3926 2192 ε

2358 2241 2539 2286 autem
2577 2233 2698 2287 dies
2763 2243 2818 2286 et.
2860 2243 3051 2286 noctes
3086 2247 3190 2285 uon
3222 2230 3478 2286 studebit
3535 2234 3672 2285 idem
3723 2225 3928 2294 facere,

2359 2323 2506 2376 nulla
2535 2323 2583 2379 ei
2624 2338 2687 2376 ex
2720 2323 2876 2377 unico
2899 2322 3025 2376 ﬂetu
3064 2318 3338 2378 c0nstabit
3375 2323 3600 2376 utilitas.
3630 2320 3748 2374 Non
3778 2321 3924 2374 enim

2359 2413 2462 2466 hoc
2494 2413 2669 2466 solum
2703 2428 2803 2466 nos
2840 2415 3023 2466 statim
3079 2429 3317 2481 purgans
3351 2413 3549 2481 dignos
3583 2412 3792 2465 cilicii:
3830 2410 3925 2465 sed

2362 2504 2584 2565 indies,
2616 2511 2669 2556 et
2716 2503 2833 2557 sine
2889 2505 3203 2558 cessatione
3271 2519 3442 2573 usque
3483 2504 3548 2556 ad
3610 2518 3921 2572 supremam

2362 2597 2537 2650 lucem
2573 2597 2628 2649 in
2663 2595 2812 2648 luctu
2847 2596 3078 2658 versari,
3125 2585 3586 2664 quemadmodum
3620 2603 3682 2648 ut
3714 2595 3925 2647 facere-

2361 2701 2503 2749 mus,
2535 2686 2653 2752 ipse
2684 2684 2947 2737 Dominus
3002 2686 3160 2737 nobis
3201 2686 3456 2754 praecepit
3491 2701 3504 2738 :
3548 2681 3924 2737 Paenitentiam

2361 2777 2518 2843 agite,
2556 2775 2771 2843 inquit;
2809 2774 2998 2833 Petita.
3040 2776 3276 2844 quwrile,
3314 2775 3541 2844 pulsate.
3571 2774 3920 2842 Quousque?

2360 2880 2535 2919 donec
2571 2865 2875 2932 accipiatis,
2921 2866 3120 2933 inquit.
3152 2876 3204 2920 et
3239 2868 3546 2926 inveniatis,
3578 2877 3660 2920 et'
3708 2867 3914 2935 aperia-

2365 2966 2456 3009 tur
2483 2955 2657 3008 vobis.
2720 2953 2909 3020 Quid?
2940 2955 3185 3025 Regnum
3226 2959 3488 3011 cmlorum
3535 2960 3744 3026 utique.
3805 2958 3926 3012 limo

2363 3048 2508 3102 enim
2550 3057 2634 3102 est
2676 3048 3021 3120 poenitentia,
3063 3058 3117 3101 et
3159 3051 3232 3101 ita
3265 3050 3469 3118 absque
3502 3050 3831 3110 cessatione.
3866 3060 3922 3102 ut

2363 3139 2703 3202 dicebamus,
2743 3155 2916 3206 usque
2946 3142 3010 3192 ad
3045 3148 3275 3193 mortem
3319 3157 3441 3193 eum
3473 3141 3675 3205 labore,
3719 3149 3773 3195 et
3821 3137 3920 3194 tri-

2363 3231 2642 3284 bulatione
2669 3243 3070 3296 consummata,
3130 3234 3392 3300 paulatim
3445 3232 3574 3286 facit
3613 3247 3716 3286 nos
3752 3232 3924 3304 lacry-

2363 3335 2481 3373 mas
2515 3321 2671 3374 nobis
2703 3336 2920 3373 amaras
2949 3315 3198 3384 fundere,
3223 3339 3316 3389 per
3338 3339 3472 3390 quas
3498 3325 3688 3377 anima:
3711 3323 3928 3390 sordes,

2363 3419 2416 3464 et
2449 3412 2855 3480 inquinamenta
2884 3422 3079 3481 purgat
3109 3424 3161 3468 et
3190 3415 3469 3489 abstergit.
3517 3415 3705 3468 Postea
3732 3432 3921 3484 puram

2367 3503 2526 3557 nobis
2581 3507 2953 3572 ptenitentiam
3014 3506 3231 3569 inserit,
3282 3515 3344 3569 _et
3393 3521 3608 3559 amaras
3661 3507 3924 3578 lacrymas

2364 3596 2618 3649 dulcibus
2660 3605 2950 3662 pernmta-t,
2984 3613 3388 3666 pereunemque
3428 3598 3478 3651 in
3509 3599 3769 3653 cordibus
3826 3616 3925 3652 nn-

2366 3687 2493 3741 stris
2528 3688 2768 3740 ltetitiam
2803 3689 3023 3752 excitat,
3059 3700 3110 3741 et
3138 3689 3204 3741 ad
3232 3689 3523 3743 videndum
3554 3693 3734 3744 lumen
3775 3693 3926 3744 inae-

2364 3791 2581 3830 cessum
2624 3777 2778 3829 nobis
2833 3777 2972 3829 viam
3014 3788 3171 3846 parat
3201 3795 3214 3832 :
3243 3779 3388 3847 quod
3421 3781 3598 3832 lumen
3635 3781 3738 3832 nisi
3776 3781 3926 3834 enni

2365 3869 2547 3922 studio
2586 3868 2996 3936 apprehendere
3028 3869 3365 3935 laboremus,
3421 3880 3601 3939 patres
3629 3881 3682 3924 et
3729 3873 3926 3926 fratres

2365 3961 2469 4013 mei
2506 3958 2840 4026 spirizuales,
2879 3950 3161 4025 nunquam
3198 3961 3455 4013 omnibus
3494 3964 3927 4028 perturbationi-

2364 4049 2465 4104 bus
2492 4051 2555 4102 ad
2589 4065 2823 4116 Unguem
2864 4049 3082 4104 liberari
3113 4053 3410 4119 poterimus
3439 4068 3452 4115 ;
3500 4049 3776 4120 nunquam
3811 4069 3877 4105 οιι
3901 4083 3925 4095 -

2365 4157 2461 4194 nes
2497 4143 2726 4194 virtutes
2760 4142 3237 4209 comparabimus;
3294 4158 3570 4211 nunquam
3620 4145 3803 4213 digne.
3837 4155 3926 4197 aut

2364 4249 2488 4286 cum
2528 4234 2782 4301 laet-ymis
2832 4235 3130 4287 secundum
3196 4233 3361 4287 Deum
3434 4237 3678 4303 quotidie
3746 4238 3927 4293 divina

2367 4324 2646 4392 percipere
2697 4325 2982 4393 mysteria,
3029 4333 3123 4377 aut
3152 4326 3296 4394 quod
3333 4327 3385 4378 iu
3427 4328 3493 4380 iis
3524 4336 3628 4388 est,
3684 4328 3925 4382 divinum

2365 4415 2545 4467 lumen
2578 4415 2822 4482 aspicere
2863 4407 3191 4482 poterimus.
3235 4416 3338 4469 Sed
3393 4433 3566 4485 neque
3601 4432 3693 4471 eor
3734 4435 3926 4487 purum

701 4507 884 4560 tentiis
926 4507 1134 4559 fructus
1195 4522 1302 4560 non
1365 4508 1628 4572 ostendit,
1683 4519 1740 4560 ιιι
1802 4510 2054 4578 indiguus
2084 4525 2112 4562 a
2146 4519 2254 4564 tota
2292 4502 2337 4557 D
2369 4525 2604 4576 unquam
2638 4510 2962 4564 habebimus
2999 4528 3012 4563 :
3048 4526 3227 4580 neque
3287 4511 3551 4579 Spiritum
3593 4522 3842 4567 sanetum
3879 4516 3929 4566 in

701 4599 884 4652 divina
915 4598 1200 4667 Scriptura
1241 4601 1610 4670 redarguitur,
1641 4600 1795 4667 cedo,
1828 4603 2102 4671 quomodo
2139 4603 2263 4659 sine

705 4690 960 4759 lacrymis
997 4691 1294 4757 aliquando
1342 4691 1559 4760 purgari
1606 4693 1896 4761 quisquam
1939 4695 2161 4764 poterit,
2207 4704 2264 4750 et

705 4797 801 4848 pro
829 4782 1037 4836 viribus
1072 4785 1187 4836 suis
1237 4782 1402 4851 digne
1439 4785 1770 4852 participare
1810 4787 2116 4854 mysteria?
2173 4787 2262 4841 lite

705 4885 941 4937 namque
972 4873 1176 4940 primus
1204 4875 1538 4941 pmnitentiae
1569 4875 1778 4930 fructus
1811 4888 1957 4931 sunt.
1984 4878 2050 4931 Et
2074 4895 2263 4946 quem-

706 4960 997 5016 admodum
1033 4962 1368 5018 aversandus
1400 4965 1491 5019 ille
1521 4965 1695 5022 fluxus
1726 4983 1753 5018 e
1783 4983 2034 5036 corpore,
2066 4978 2119 5023 et
2146 4985 2268 5024 cor-

706 5051 791 5101 dis
814 5064 937 5103 cmn
964 5051 1113 5105 omni
1152 5052 1347 5110 all'ectu
1377 5063 1634 5123 tanquam
1659 5055 1957 5126 voluptaria
1995 5060 2265 5127 quaedam,

707 5143 762 5194 et
793 5140 1083 5194 libidinosa
1117 5145 1448 5210 eommistio,
1482 5145 1700 5201 diabolo
1731 5149 1904 5201 instar
1945 5151 2204 5204 sacriﬁcii
2236 5169 2266 5204 a

709 5233 865 5287 nobis
889 5233 1114 5287 oﬂ’ertur
1159 5253 1171 5287 :
1209 5236 1287 5290 sic
1326 5253 1446 5304 quae
1473 5255 1539 5293 ex
1564 5255 1652 5302 eo,
1685 5255 1751 5293 ex
1781 5241 1971 5307 corde,
2019 5241 2264 5310 inquam,

708 5322 950 5377 vicissim
1006 5336 1324 5391 promanant
1365 5327 1636 5398 laerymze,
1698 5338 1911 5399 gratum
1949 5342 2267 5401 acceptum-

709 5429 812 5480 que
843 5414 1165 5468 sacriflcium
1204 5417 1431 5472 Domino
1465 5435 1491 5472 a
1522 5422 1680 5474 nobis
1725 5421 2049 5489 olieruntur,
2087 5433 2139 5477 et
2179 5423 2266 5478 fu-

713 5507 882 5558 rentis
913 5505 1060 5558 illius
1089 5509 1386 5574 voluptatis
1431 5511 1823 5578 turpitudinem
1883 5494 2091 5566 eluunt.
2154 5515 2265 5568 Hoc

711 5595 1028 5664 significans
1059 5596 1222 5652 David
1252 5599 1431 5654 aiebat
1463 5618 1476 5653 :
1513 5600 1848 5671 Sacriﬁcium
1903 5605 2010 5658 Deo
2045 5606 2260 5674 spiritus

781 5773 826 5804 ⁸⁸
858 5772 876 5827 l
904 5772 1032 5826 Cor.
1069 5790 1140 5840 γι,
1183 5775 1273 5841 28,
1304 5775 1394 5831 29.
1472 5779 1516 5811 ⁶⁹
1560 5778 1697 5832 Ibid.
1730 5779 1821 5833 27.

1901 5782 1942 5812 7°
1992 5781 2131 5837 Psal.
2175 5799 2223 5845 1.,
2261 5782 2344 5836 19.

2366 4603 2523 4655 nobis
2558 4602 2814 4656 habitare
2839 4619 3239 4672 cognoscemus
3276 4620 3288 4657 :
3319 4619 3494 4675 neque
3533 4603 3680 4674 digiti
3715 4604 3930 4670 judica-

2365 4693 2566 4755 bimur,
2604 4703 2660 4746 ut
2699 4697 3155 4762 quemadmodum
3199 4698 3397 4760 sam-ti,
3425 4695 3593 4749 Deum
3622 4697 3926 4758 videamus,

2367 4801 2468 4839 n-ec
2503 4787 2630 4840 dum
2664 4787 2750 4840 hic
2785 4802 2994 4847 sumus.
3026 4803 3125 4841 nec
3156 4787 3251 4851 ibi,
3282 4797 3341 4840 ut
3373 4788 3504 4840 milii
3535 4788 3772 4850 videtur,
3805 4803 3926 4840 cum

2366 4879 2493 4932 caeci
2516 4879 2642 4931 hinc
2669 4878 3110 4933 discesserimus.
3135 4877 3266 4931 Nam
3296 4895 3358 4931 ex
3393 4879 3639 4948 Gregorii
3673 4879 3930 4950 Tlieologl

2369 4974 2658 5033 sententia,
2697 4983 2905 5027 tantum
2933 4974 3079 5027 illius
3126 4975 3334 5027 visione
3373 4975 3711 5037 excidemus,
3756 4991 3930 5041 quatt-

2367 5072 2481 5115 tum
2517 5077 2618 5117 nos
2654 5063 2857 5133 singuli
2907 5066 3152 5118 volentes
3181 5065 3233 5116 in
3269 5065 3373 5117 liae
3407 5066 3517 5118 vita
3552 5066 3671 5133 ejus
3707 5066 3930 5127 lumine,

2366 5153 2667 5206 secundum
2695 5153 3104 5220 proportionem
3137 5138 3488 5208 ltebetudiuis
3512 5137 3801 5206 oculorum
3836 5170 3932 5204 uo-

2366 5253 2604 5295 strorum
2663 5241 3085 5311 privaverimus.
3157 5243 3421 5296 Caeterum
3478 5245 3683 5297 utinam
3739 5261 3928 5298 omnes

2365 5348 2466 5386 nos
2511 5334 2732 5401 purgari
2772 5335 3080 5402 contingat,
3115 5345 3168 5388 et
3198 5343 3461 5404 purgatos
3515 5336 3704 5390 haberi
3742 5337 3932 5406 dignos

2369 5424 2459 5489 qui
2498 5423 2668 5477 Deum
2704 5425 3021 5481 videamus!
3064 5427 3164 5492 Qui
3221 5429 3361 5481 enim
3413 5439 3567 5481 extra
3606 5429 3721 5482 haec
3761 5431 3870 5483 duo
3901 5445 3933 5484 ι

2369 5515 2533 5577 rebus
2591 5516 2920 5570 mortalibus
2975 5518 3304 5586 demigrant,
3361 5516 3429 5571 de
3477 5527 3717 5571 extrema
3777 5520 3829 5572 in
3875 5535 3935 5573 se

2368 5607 2772 5672 pronuntianda
2814 5609 3089 5662 sententia
3140 5610 3331 5664 incerti
3382 5620 3529 5664 sunt.
3562 5608 3719 5676 Quod
3755 5622 3936 5666 autem

2427 5784 2467 5816 7‘
2496 5782 2638 5838 Psal.
2681 5798 2759 5851 vt,
2789 5783 2838 5841 7.
