4156 6340
171 384 279 449 493

1503 387 1791 449 ORATIO
1837 387 2120 452 XXXIII.

3321 392 3431 455 49ii

174 499 472 566 Incertum,
497 503 662 558 etiam
690 502 969 568 instabile,
1002 520 1108 560 non
1137 503 1430 574 spcrabile,
1457 513 1510 560 et
1536 505 1760 558 incertae
1793 510 1836 567 Α
1866 502 2030 557 allata
2101 504 2157 558 in
2215 503 2458 559 medium
2517 505 2761 576 quinque
2826 508 3108 563 Tatuarum
3151 509 3428 580 virginum

177 586 306 647 ﬁdei
343 605 451 650 est.
489 594 594 662 Qui
634 596 779 651 enim
809 599 987 668 gratia
1035 612 1130 651 cor
1162 613 1271 653 non
1323 596 1610 663 stabilivit,
1646 613 1756 651 non

175 685 403 741 aliunde
433 703 586 758 spem
619 705 727 744 non
754 689 1209 756 confundentem,
1243 699 1298 746 et
1341 691 1624 745 indubiam
1653 707 1756 745 un-

173 792 343 846 quam
390 780 662 850 acquiret,
724 793 782 836 ut
826 783 1042 852 Opinor.
1103 782 1220 848 Qua
1276 784 1368 853 qui
1432 790 1604 848 caret,
1665 799 1759 852 per

176 867 311 937 quid
341 870 494 925 aliud
521 873 573 924 in
601 887 895 928 occursum
926 872 1143 928 Domini
1169 889 1295 929 cum
1338 875 1548 929 sanctis
1579 875 1757 943 rapie-

176 960 315 1014 tur?
353 959 458 1015 Per
489 963 622 1031 quid
650 972 703 1017 et
735 966 945 1036 lampas
985 976 1118 1021 tunc
1147 976 1360 1030 nostra,
1387 967 1654 1020 exstincta
1688 965 1758 1019 ab

175 1049 264 1104 bis
297 1067 423 1120 qua:
478 1053 566 1107 hic
627 1067 779 1120 sunt,
836 1058 1267 1114 redaecendetur
1314 1059 1457 1114 Ῥιὼί
1511 1067 1563 1113 et
1615 1058 1756 1118 unde

174 1142 364 1196 oleum
401 1143 751 1200 invenietur?
803 1155 856 1202 et
899 1149 1122 1217 quinam
1166 1150 1331 1220 ignis,
1368 1165 1578 1220 quaeso.
1619 1151 1758 1204 hanc

176 1248 523 1292 accensurus
544 1239 668 1294 est?
696 1249 791 1295 aut
821 1242 989 1308 unde,
1022 1252 1117 1298 aut
1169 1244 1464 1314 quomodo,
1515 1255 1575 1298 ut
1628 1252 1758 1297 tunc

176 1326 364 1392 parati
403 1326 652 1384 hilariter
680 1345 804 1384 cum
866 1332 1211 1401 lampadibus
1276 1332 1490 1404 Sponso
1543 1333 1756 1388 obviam

175 1417 417 1469 eamus?
452 1417 587 1473 Cum
617 1421 763 1474 enim
816 1426 964 1476 velut
1023 1425 1167 1478 enim
1197 1439 1229 1479 e
1260 1426 1470 1479 somnis
1527 1440 1758 1478 consur-

175 1505 516 1569 rexerimus,
553 1509 723 1573 illico,
768 1513 1074 1580 utauditis,
1103 1515 1170 1568 ad
1211 1530 1502 1570 occursum
1540 1515 1756 1569 cui-suri

177 1611 408 1654 sumus.
443 1596 502 1653 Si
548 1600 714 1673 igitur
743 1605 1020 1666 sedentes.
1063 1606 1195 1661 etin
1231 1609 1599 1663 monumentis
1630 1609 1756 1664 dor-

177 1689 418 1744 mientes
453 1692 582 1746 tuba
613 1693 875 1750 insonans
909 1712 1011 1754 nos
1046 1699 1450 1770 erpergefaciet
1479 1739 1496 1763 ,
1526 1715 1627 1755 nos
1660 1717 1759 1755 au-

176 1788 291 1834 tem
331 1796 441 1837 non
473 1794 603 1840 ante
637 1786 783 1840 velut
818 1786 1101 1858 lampades
1155 1804 1423 1846 accensas
1453 1791 1754 1847 habeamus

175 1872 422 1941 animas,
457 1876 553 1930 sed
582 1886 680 1932 aut
704 1877 843 1932 nihil
875 1881 1124 1948 penitus,
1159 1891 1248 1935 aut
1278 1897 1474 1951 parum
1509 1883 1756 1940 lucentes

176 1964 554 2033 inveniamur,
581 1981 634 2025 et
659 1970 771 2039 iam
821 1972 1204 2043 exstinguendi
1237 1973 1538 2028 secundum
1567 1988 1755 2030 vocem

175 2060 586 2130 evangelicum,
618 2062 709 2119 ubi
742 2071 874 2119 tunc
898 2073 993 2118 aut
1039 2080 1269 2134 prorsus
1315 2067 1623 2121 exstinctas
1672 2082 1759 2122 re-

173 2147 579 2217 daccendendi,
611 2162 712 2208 aut
737 2154 851 2224 1am
881 2155 1003 2210 oleo
1039 2156 1328 2212 deﬁciente
1358 2157 1755 2228 aliquantulum

179 2240 514 2299 infundendi
550 2245 710 2316 copia
756 2248 905 2302 erit?
951 2247 1100 2303 Nihil
1134 2248 1382 2319 profecto
1418 2251 1626 2320 uspiam
1671 2251 1757 2305 in-

179 2335 486 2390 mniemns.
519 2337 893 2404 Quamobrem
950 2357 1016 2395 ex
1073 2342 1177 2396 hoc
1224 2349 1471 2410 tempore
1515 2357 1611 2398 eas
1663 2358 1762 2413 per

174 2426 592 2495 panitentiam,
653 2437 711 2483 et
775 2431 1047 2500 lacrymas
1099 2431 1408 2488 luculenter
1459 2435 1762 2491 accendere

178 2533 472 2587 conemur,
502 2529 557 2574 ut
584 2522 640 2575 in
677 2524 1084 2578 resurrectione
1121 2523 1337 2593 Sponso
1367 2541 1488 2580 cum
1516 2527 1636 2582 luce
1667 2542 1765 2582 oc-

177 2624 501 2676 curramus,
538 2621 591 2666 et
633 2629 756 2667 cum
791 2615 909 2684 ipso
943 2616 994 2667 in
1027 2626 1250 2685 regnum
1289 2617 1548 2672 calorum
1580 2617 1763 2688 ingre-

177 2701 430 2768 diamur,
472 2720 534 2758 ac
582 2705 744 2760 bonis
802 2707 1155 2776 sempiternis
1216 2708 1578 2778 perfruamur.
1633 2709 1764 2777 Qua:

183 2793 449 2849 eveniant
487 2796 648 2851 nobis
682 2798 940 2854 Omnibus
991 2800 1045 2853 in
1084 2799 1203 2870 ipso
1239 2800 1458 2856 Christo
1509 2802 1616 2858 Deo
1667 2819 1763 2857 no-

182 2900 337 2951 stro,
368 2904 526 2957 quem
558 2890 716 2945 decet
752 2893 934 2947 omnis
967 2892 1164 2961 gloria,
1197 2894 1373 2948 honor
1427 2903 1481 2948 et
1511 2896 1758 2951 adoratio

179 2995 316 3034 cum
351 2980 508 3037 Patre
541 2993 593 3038 et
624 2994 814 3040 sancto
845 2985 1076 3056 Spiritu,
1106 3001 1250 3042 nunc
1277 2998 1330 3043 et
1361 3001 1596 3058 semper,
1626 2998 1679 3045 et
1709 2991 1760 3044 in

182 3073 389 3129 saecula
430 3076 774 3131 saeculorum.
812 3077 1008 3133 Amen.

698 3186 957 3243 ORATIO
997 3187 1239 3245 XXXIII.

790 3318 1176 3360 ARGUMENTUH.

187 3392 274 3448 De
356 3393 679 3466 preniterntia,
729 3404 778 3448 et
832 3407 1038 3448 tantum
1086 3397 1377 3466 facultates
1422 3399 1761 3462 distribuere,

259 3479 421 3538 seque
473 3465 626 3538 rebus
687 3465 1220 3538 omnibuswnudare.
1273 3471 1359 3523 ad.
1394 3471 1763 3538 purgationem

263 3536 462 3604 anima:
491 3535 639 3590 nobis
681 3535 826 3586 haud
855 3536 1120 3604 sufﬁcere.
1160 3538 1263 3589 nisi
1304 3535 1512 3592 luctum
1554 3541 1766 3604 insuper

261 3603 576 3683 habeamus.
608 3604 678 3684 De
708 3605 898 3684 cassilio
920 3603 1214 3686 'Adamilet
1238 3607 1284 3659 si
1311 3618 1426 3686 post
1464 3618 1764 3686 transgreso

263 3674 468 3744 sionem
510 3675 901 3744 paenituisset,
959 3678 1212 3743 paradiso
1269 3674 1585 3744 ejiciendum
1661 3694 1764 3730 non

262 3743 452 3809 fuisse.
493 3742 763 3814 Quantum
807 3744 926 3797 boni
959 3742 1433 3814 pcenitentiapost
1477 3747 1683 3814 lapsum
1719 3748 1766 3798 ei

260 3813 531 3866 attulerit.
568 3813 845 3878 Quomodo
878 3831 991 3868 uere
1017 3813 1376 3882 paenitendum
1409 3819 1497 3870 sit.

262 3904 415 3957 Bona
457 3915 541 3959 est
571 3906 919 3974 pcenitentia,
948 3915 1001 3959 et
1046 3923 1168 3976 qua:
1201 3908 1326 3961 inde
1362 3919 1580 3963 emanat
1615 3909 1764 3962 utili-

185 4005 304 4052 tas.
359 3995 513 4061 Quod
575 4013 698 4050 cum
757 4005 985 4060 nosset,
1021 3999 1111 4065 qui
1172 3999 1326 4052 novit
1377 4001 1562 4052 omnia
1605 3997 1767 4053 Jesus

184 4089 455 4143 Christus
499 4088 765 4143 Dominus
812 4104 874 4144 ac
931 4088 1075 4144 Deus
1124 4099 1310 4144 noster
1343 4107 1356 4144 :
1393 4089 1768 4143 Pwnitentinm

186 4181 361 4250 agite,
397 4181 598 4246 inquit,
638 4182 1080 4250 appropinquavit
1133 4182 1273 4234 enim
1335 4198 1553 4252 regnum
1614 4183 1771 4236 creto-

186 4287 317 4324 rum
346 4271 411 4326 ⁷³.
451 4271 607 4337 Quod
644 4274 686 4325 si
719 4273 1027 4343 intelligere
1067 4276 1260 4336 avetis,
1294 4289 1404 4344 quo
1441 4285 1602 4344 pacto
1631 4278 1768 4328 citra

188 4366 578 4434 paenitentiam
603 4406 617 4430 ,
650 4378 704 4419 et
735 4367 1115 4435 pmnitentiam
1161 4383 1224 4421 ex
1279 4367 1464 4421 animo
1486 4409 1499 4432 ,
1551 4371 1767 4436 qualem

1862 593 2120 661 parabola
2140 595 2206 658 ⁷⁸,
2240 594 2586 650 demonstrat
2620 597 2776 652 nobis
2801 600 3077 666 omnibus,
3111 611 3162 656 et
3190 617 3431 670 pronun-

1860 685 1985 746 tiat,
2023 684 2156 737 nihil
2183 685 2340 739 nobis
2369 689 2721 741 commodare
2753 691 3047 757 puritatem
3075 692 3347 760 corporis,
3382 694 3428 748 si

1865 775 2094 844 reliquis
2121 777 2420 832 virtutibus
2442 778 2692 832 destituti
2721 779 2914 834 simus.
2941 782 3050 837 Illas
3073 785 3219 837 enim
3253 784 3427 851 parti-

1855 866 2088 920 culatim
2147 866 2326 920 oleum
2376 869 2644 923 habentes
2705 869 2759 922 in
2819 873 2965 926 vasis
3022 875 3156 937 suis,
3215 874 3266 927 id
3321 883 3429 937 eSt,

1863 958 2172 1026 aliquarum
2228 959 2518 1024 virtutum,
2551 970 3023 1032 externorumque
3054 975 3202 1021 recte
3253 966 3430 1019 facto-

1862 1056 2003 1111 rum,
2030 1057 2083 1103 et
2103 1051 2462 1119 quorumdam
2485 1053 2876 1108 charismatum
2911 1056 3207 1124 participes
3232 1061 3428 1128 (quare

1863 1150 1917 1194 et
1944 1142 2228 1210 lampades
2263 1158 2451 1197 earum
2489 1145 2810 1214 aliquandiu
2855 1148 3161 1218 arserunt),
3198 1165 3292 1217 per
3332 1167 3428 1204 ne-

1859 1235 2213 1304 gligentiam,
2284 1237 2688 1306 ignorantiam,
2739 1240 3046 1293 socordiam
3130 1256 3286 1294 suam
3361 1243 3427 1296 ad

1861 1326 2041 1393 ignem
2101 1326 2433 1382 exteriorem
2520 1329 2787 1382 damnatae
2868 1341 3014 1385 sunt.
3083 1330 3198 1385 Non
3277 1335 3425 1387 enim

1861 1415 2106 1471 internas
2169 1420 2440 1474 motiones
2499 1435 2529 1472 a
2589 1421 2846 1489 malignis
2918 1424 3202 1492 spiritibus
3239 1428 3291 1480 in
3345 1428 3428 1496 ip-

1861 1508 1938 1562 sis
1992 1511 2297 1566 concitatas
2374 1524 2729 1580 curaverunt,
2785 1530 2885 1569 nec
2959 1523 3148 1572 exacte
3229 1537 3429 1590 cogno-

1861 1611 2095 1664 verunt,
2156 1603 2254 1657 sed
2310 1603 2395 1660 .ab
2455 1605 2901 1662 adversariorum
2981 1610 3425 1680 instigationibus

1859 1705 2046 1745 eorum
2139 1705 2352 1751 mentes
2407 1697 2460 1751 in
2517 1713 2790 1753 consensu
2839 1701 3235 1770 cogitationum
3303 1719 3428 1760 eor-

1861 1795 2031 1853 ruptae
2075 1795 2247 1851 sunt,
2300 1787 2559 1844 inescatus
2609 1789 2678 1844 ab
2730 1791 2866 1859 ipsis
2896 1832 2912 1856 ,
2965 1803 3017 1848 et
3076 1796 3336 1863 devictae,
3370 1807 3426 1854 et

1861 1879 2081 1932 occulte
2131 1880 2212 1934 eis
2255 1883 2748 1950 communicantes,
2782 1886 3025 1951 invidiae,
3065 1890 3424 1957 aenmlationi,

1859 1969 2224 2035 contentioni,
2259 1972 2410 2036 rixae,
2438 1975 2584 2039 odio,
2614 1981 2729 2041 irae,
2769 1978 3052 2044 nequitiae,
3089 1981 3427 2038 malevolen-

1859 2061 1992 2126 tiae,
2048 2080 2200 2120 vana:
2261 2067 2486 2137 gloriae,
2523 2069 2710 2125 studio
2767 2071 3084 2128 hominibus
3131 2073 3376 2144 placendi
3407 2115 3426 2144 ,

1862 2159 2303 2226 complacentiae,
2364 2162 2630 2229 avaritiae,
2702 2165 3168 2233 concupiscentia
3219 2169 3428 2232 carnis.

1863 2246 1917 2298 in
1950 2248 2378 2317 cogitationibus
2402 2252 2734 2320 voluptatem
2776 2265 3096 2323 operantes,
3123 2258 3431 2314 increduli-

1864 2339 1988 2402 tati,
2021 2349 2201 2394 metus
2240 2341 2524 2405 vacuitati,
2557 2345 2862 2411 timiditati,
2895 2347 3120 2422 acedize,
3159 2351 3428 2418 tristitiae,

1865 2431 2318 2485 contradicentia:
2342 2469 2358 2497 ,
2392 2434 2594 2488 tumori
2619 2473 2632 2496 ,
2659 2451 2875 2502 somno,
2897 2441 3138 2507 opinioni
3171 2437 3431 2513 propriae,

1860 2519 2115 2587 iustitiae,
2169 2522 2418 2588 elationi,
2463 2527 2819 2595 arrogantiae,
2871 2530 3144 2597 aviditati,
3174 2534 3427 2604 luxuriae,

1865 2614 2129 2677 avaritiae,
2163 2615 2534 2684 desperationi
2592 2619 2932 2690 reliquisque
2990 2625 3287 2684 subtilibus
3329 2631 3432 2686 im-

1867 2704 2158 2773 probitatis
2191 2705 2424 2762 eﬂ‘ectis.
2457 2709 2632 2763 Etiam
2666 2712 2782 2780 ipse
2819 2713 2877 2765 Β.
2914 2714 3118 2772 Paulus
3152 2723 3432 2787 apostolus

1866 2811 1989 2849 cum
2026 2795 2256 2850 Domino
2303 2799 2694 2867 consentiens,
2733 2805 2929 2859 clamat
2961 2826 2973 2861 :
3004 2807 3198 2863 Pacem
3255 2815 3432 2882 sequi-

1867 2889 1996 2941 mini
2019 2907 2138 2943 cum
2172 2891 2440 2956 omnibus,
2470 2903 2520 2946 et
2553 2899 2983 2964 sanctimoniam,
3016 2903 3125 2954 sine
3147 2919 3248 2972 qua
3278 2922 3427 2961 nemo

1864 2981 2054 3050 ridebit
2095 2982 2265 3036 Deum
2289 2984 2495 3052 ".‘Cttr
2551 3003 2683 3042 usus
2741 2999 2825 3043 est
2878 2993 3042 3047 verbo
3100 2991 3434 3064 Sequimini!

1866 3073 2002 3136 Quia
2038 3090 2135 3128 nos
2172 3091 2275 3128 una
2308 3076 2438 3129 hora
2474 3077 2612 3143 ﬁeri,
2651 3087 2707 3133 et
2749 3094 2872 3134 esse
2923 3092 3145 3139 sanctos
3179 3087 3434 3157 impossi-

1872 3163 1980 3215 bile
2011 3171 2113 3217 est.
2148 3165 2189 3215 Α
2226 3165 2408 3233 parvis
2446 3166 2588 3219 enim
2628 3167 2793 3221 ducto
2825 3168 3001 3234 initio,
3047 3172 3113 3225 ad
3169 3176 3434 3231 sanctitu-

1869 3253 2048 3308 dinem
2091 3256 2490 3326 puritatemque
2549 3259 2753 3313 sensim
2812 3262 3063 3330 progredi
3110 3277 3350 3334 oportet,
3379 3277 3434 3323 et

1868 3348 1994 3413 quia
2024 3347 2277 3416 quamvis
2309 3349 2455 3404 mille
2491 3365 2663 3406 annos
2702 3351 2756 3405 in
2801 3353 2899 3408 hac
2925 3355 3031 3408 vita
3059 3371 3431 3426 maneremus,

1869 3453 2151 3507 utinquam
2185 3440 2306 3508 ejus
2356 3441 2744 3510 perfectionem
2781 3447 3046 3516 attingere
3079 3464 3374 3517 possumus
3413 3473 3429 3511 :

1868 3531 1960 3585 sed
1984 3547 2202 3600 semper
2231 3533 2498 3601 quotidie,
2537 3549 2599 3588 ac
2641 3535 2686 3590 si
2733 3535 3145 3596 l’umlamentum
3204 3560 3434 3612 ponere-

1871 3639 2016 3687 mus,
2053 3625 2560 3696 inciperemusque,
2594 3629 2648 3681 in
2690 3643 2754 3697 ea
2784 3632 3114 3704 contendere
3143 3634 3432 3694 debemus.

1869 3713 2027 3779 Quod
2079 3715 2221 3768 idem
2248 3731 2440 3772 rursus
2505 3719 2796 3784 indicavit,
2841 3735 2962 3775 cum
3026 3723 3100 3777 ita
3159 3727 3428 3796 scripsit:

1872 3806 2190 3876 Persequor,
2226 3807 2277 3866 si
2308 3824 2409 3876 quo
2441 3809 2594 3864 modo
2657 3811 3123 3878 comprehendam,
3153 3817 3204 3870 in
3241 3807 3342 3887 quo
3383 3833 3433 3875 et

1871 3899 2270 3966 comprehensus
2315 3916 2431 3952 sunt
2462 3917 2490 3953 a
2525 3901 2732 3954 Christo
2756 3899 2974 3955 Iesu".

1943 3993 2287 4061 Quapropter
2361 4007 2499 4054 oro,
2557 3993 2820 4045 attendite
2882 3992 3086 4057 dictis,
3140 4005 3194 4050 et
3254 3998 3434 4056 Venite

1872 4083 2178 4147 adoremus,
2208 4097 2269 4133 ac
2298 4079 2635 4149 proridamus
2661 4090 2782 4135 ante
2805 4082 3005 4137 bonum
3042 4099 3104 4138 ac
3135 4085 3430 4158 benignum

1875 4171 2063 4236 Deum,
2112 4171 2501 4225 Prwreniamus
2529 4172 2716 4240 [aciem
2750 4173 2864 4241 ejus
2913 4177 2966 4226 in
3000 4178 3344 4243 confessione.
3383 4193 3434 4236 et

1872 4263 2134 4332 plot-emus
2175 4274 2296 4315 ante
2341 4279 2480 4323 eum,
2515 4264 2604 4331 qui
2661 4263 2784 4331 fecit
2835 4282 2968 4328 nos;
3021 4269 3145 4334 quia
3209 4271 3315 4338 ipse
3356 4283 3437 4326 est

1881 4356 2134 4407 Dominus
2183 4354 2317 4407 Deus
2350 4368 2567 4407 noster:
2613 4371 2706 4416 nos
2737 4365 2910 4409 autem
2939 4361 3166 4426 populus
3215 4363 3350 4430 ejus,
3384 4377 3434 4419 et

182 4457 484 4525 Scriptura
538 4466 722 4511 sancta
774 4471 803 4510 a
865 4457 1027 4513 nobis
1081 4459 1334 4528 requirit,
1384 4459 1586 4513 salvari
1658 4475 1763 4512 non

1875 4461 1991 4498 oves
2026 4461 2240 4513 pascuae
2266 4445 2378 4514 ejus
2397 4445 2458 4507 ⁷⁸,
2490 4452 2544 4497 et
2579 4459 2686 4498 non
2731 4456 2937 4502 avertet
2987 4449 3182 4505 faciem
3213 4469 3367 4506 suam
3405 4471 3433 4506 a

188 4564 520 4618 possumus,
567 4550 747 4619 ipsum
792 4549 1115 4620 Apostolum
1169 4551 1494 4605 clamantem
1533 4553 1765 4606 audite:

179 4646 362 4694 Omne
397 4651 668 4707 peccatum
707 4652 861 4696 extra
898 4659 1086 4712 corpus
1117 4653 1193 4696 est
1225 4659 1241 4695 :
1276 4645 1366 4713 qui
1391 4657 1565 4698 autem
1597 4645 1770 4714 forni-

184 4743 373 4794 catur,
420 4733 471 4784 in
499 4748 687 4800 corpus
727 4749 882 4785 suum
914 4743 1093 4798 peccat
1115 4734 1178 4786 ⁷³.
1216 4733 1276 4786 Et
1317 4737 1510 4788 iterum
1549 4752 1561 4787 :
1593 4735 1770 4787 Mani-

188 4822 393 4892 festari
428 4839 521 4877 nos
572 4840 748 4876 omnes
787 4833 990 4891 oportet
1042 4834 1165 4876 ante
1195 4823 1430 4876 tribunal
1464 4823 1682 4884 Christi,
1715 4831 1774 4875 ut

190 4915 429 4982 recipiat
479 4915 1052 4984 unusquisque,prout
1107 4915 1267 4984 gessit
1329 4915 1382 4966 in
1430 4931 1648 4981 corpore
1679 4931 1773 4967 suo

189 5011 308 5063 sive
342 5005 555 5069 bonum,
586 5009 692 5060 sire
734 5005 1026 5060 malum“.
1055 5007 1244 5061 Potest
1279 5008 1448 5075 igitur
1490 5007 1620 5060 hinc
1649 5007 1772 5072 qui-

192 5101 341 5155 libet
380 5113 756 5167 saapenumero
801 5098 1008 5158 dicere,
1055 5097 1273 5150 Gratias
1304 5112 1406 5166 ago
1438 5096 1570 5162 Deo,
1600 5112 1778 5164 quan-

190 5189 499 5259 doquidem
535 5189 682 5242 nulla
721 5204 890 5257 prava
940 5189 1160 5243 actione
1193 5189 1567 5243 contaminavi
1603 5203 1774 5242 mem-

193 5288 366 5337 brum
424 5281 672 5350 corporis
727 5282 833 5334 mei
890 5299 901 5334 :
961 5281 1106 5348 quod
1157 5281 1378 5350 quidem
1437 5295 1538 5348 ego
1590 5281 1775 5334 omnis

192 5374 518 5444 iniquitatis
581 5373 877 5441 operarius
942 5372 1122 5426 adhuc
1169 5371 1354 5426 dicere
1427 5387 1660 5440 nequeo.
1707 5371 1772 5422 Et

191 5466 356 5534 capit
386 5464 644 5516 nimirum
676 5478 740 5516 ex
777 5463 882 5516 hoc
915 5462 1196 5526 solatium,
1227 5460 1352 5530 quia
1392 5473 1544 5514 extra
1577 5475 1771 5530 pecca-

189 5568 322 5612 tum
349 5557 433 5610 sui
461 5555 710 5625 corporis
759 5563 862 5608 est.
899 5552 1005 5609 Sed
1037 5553 1367 5609 contradicit
1407 5552 1692 5614 Dominus,
1717 5564 1772 5604 et

272 5768 324 5798 τι
361 5768 550 5820 ΜειιιΙι.
593 5783 674 5835 ινι
721 5767 804 5819 t7.

191 5838 242 5872 ¹⁹
277 5838 517 5907 Philipp.
583 5854 660 5899 tu,
718 5838 802 5889 12.

881 5766 976 5816 ⁴⁷³Ι
1024 5765 1149 5817 (lor.
1212 5779 1284 5827 vt,
1342 5764 1427 5816 18.

882 5837 926 5866 ⁷³
958 5834 1100 5888 l‘sat.
1160 5849 1305 5898 χειν,
1348 5834 1400 5899 6,
1431 5834 1483 5889 7.

1508 5763 1613 5814 “ll
1648 5762 1773 5814 Cor.
1832 5777 1882 5819 v,
1937 5761 2019 5812 10.

1561 5835 1603 5864 ⁷⁸*
1641 5832 1744 5885 Job
1779 5847 1836 5890 ll.
1880 5830 1965 5882 15.

1875 4538 2049 4599 nobis,
2081 4546 2291 4590 tantum
2334 4536 2594 4605 pmniteat
2622 4551 2722 4592 nos
2757 4549 3102 4606 peccatorum
3136 4558 3201 4597 ex
3227 4544 3436 4598 intimis

1877 4628 2220 4696 praecordiis,
2255 4637 2309 4683 et
2339 4629 2668 4693 abiiciamus
2706 4644 2734 4682 a
2761 4633 2918 4685 nobis
2946 4647 3053 4686 non
3080 4635 3256 4689 solum
3295 4639 3437 4692 mala

1876 4737 2039 4791 opera
2093 4731 2306 4787 nostra,
2346 4721 2443 4776 sed
2492 4730 2546 4776 et
2587 4722 2732 4790 ipsas
2781 4724 2950 4777 malas
2993 4737 3065 4783 eet
3122 4727 3437 4786 immundas

1877 4814 2235 4880 cogitationes
2265 4813 2448 4867 cordis
2478 4815 2646 4867 nostri
2672 4814 2974 4882 ejiciamus,
2998 4816 3140 4872 sicut
3167 4821 3434 4890 scriptum

1876 4905 2000 4958 est?
2037 4905 2279 4959 Scindite
2307 4905 2469 4957 corda
2518 4916 2711 4971 vestra,
2745 4918 2794 4960 et
2848 4923 2952 4960 non
3002 4912 3310 4966 vestimenta
3353 4929 3438 4967 re-

1878 5007 1989 5050 stra
2011 4997 2075 5050 "’.
2107 4997 2248 5060 Quid
2302 4999 2445 5051 enim
2477 4997 2640 5052 habet
2689 4999 3063 5063 emolumenti,
3097 5003 3349 5063 obsecro.
3391 5009 3437 5059 si

1862 5090 2135 5165 omnibus
2166 5089 2400 5168 fortunis
2452 5091 2656 5144 nostris
2696 5090 2748 5142 in
2803 5105 3071 5160 pauperes
3104 5093 3440 5162 distributis,

1878 5196 1906 5232 a
1943 5191 2165 5250 peccato
2189 5197 2295 5234 non
2339 5181 2791 5244 abstinuerimus,
2823 5197 2925 5235 nec
2957 5182 3089 5236 illud
3116 5185 3438 5243 oderimus?

1881 5274 2021 5338 Quid
2072 5283 2185 5325 tum
2227 5288 2411 5340 porro,
2454 5272 2594 5325 sire
2653 5272 2792 5340 ipsa,
2851 5282 2905 5325 et
2957 5281 3083 5328 actu
3149 5280 3434 5345 corporale

1885 5375 2168 5433 peccaturo
2222 5378 2327 5416 nou
2384 5371 2782 5431 perpetremus,
2835 5364 3020 5419 animo
3079 5374 3259 5420 autem
3314 5384 3436 5422 cum

1886 5456 2045 5510 [mdis
2091 5463 2144 5509 et
2203 5455 2504 5507 immundis
2558 5454 2984 5523 cogitationibus
3046 5458 3436 5514 commercium

1888 5550 2206 5610 habeamus,
2260 5557 2579 5616 secretoque
2621 5557 2900 5614 peccaturo
2959 5546 3328 5618 designemus,
3382 5562 3440 5606 et

2094 5761 2144 5816 7"
2193 5757 2380 5810 Matth.
2441 5773 2573 5820 xxv,
2618 5757 2636 5807 1
2677 5769 2830 5824 chq.
2903 5754 2948 5785 ⁷⁸
2980 5751 3148 5817 Hebr.
3190 5765 3286 5818 xu,
3350 5751 3439 5808 M.
