4156 6340
691 390 799 453 495

1900 393 2282 456 SYMEONIS
2316 392 2680 456 JUNIORIS

3831 397 3942 460 496

695 514 762 561 at,
797 503 1069 561 effrenatis
1101 503 1476 560 affectionibus
1509 519 1734 576 rcgnum
1761 505 2036 576 quoddam
2067 516 2258 577 tyrang
2289 510 2334 566 Α
2364 515 2592 560 sanctus
2625 517 2721 576 per
2767 502 3093 572 prophetam
3153 501 3322 558 David
3361 503 3541 574 inquit
3572 521 3585 557 :
3620 505 3740 560 Non
3799 510 3953 561 arci--

696 597 988 667 Itidemque
1040 587 1356 666 patiamur?
1411 599 1545 654 Cum
1611 598 1967 654 facultatibus
2030 599 2259 663 nostris,

695 693 855 746 etiam
897 705 1016 761 quae
1064 689 1308 746 diximus
1345 691 1611 746 malorum
1645 701 1970 748 consuetam
2024 693 2262 748 servitu-

695 793 824 846 tem,
874 798 1086 854 quaeso,
1119 784 1496 854 projiciamus,
1533 799 1671 839 neve
1722 785 1811 838 hic
1866 785 2258 850 consistamus.

694 891 881 930 verum
917 878 1259 946 poenitentiae
1304 877 1557 948 lacrymis
1593 893 1810 947 quoque
1844 893 2033 933 eorum
2067 878 2260 934 sordes

691 969 943 1024 studiose
971 969 1284 1024 abluamus.
1316 969 1784 1034 Quemadmodum
1816 972 1961 1024 enirn
2008 972 2123 1041 ipse
2154 972 2258 1023 im-

693 1071 933 1129 perator,
971 1060 1063 1128 qui
1103 1059 1354 1114 diadema
1401 1068 1455 1113 et
1509 1076 1810 1131 purpuram
1861 1062 2073 1132 imperii
2109 1077 2258 1133 sym-

691 1153 813 1209 bola
853 1160 1046 1218 gestat,
1082 1153 1175 1222 qui
1205 1154 1506 1208 immensos
1528 1155 1647 1207 auri
1675 1154 1999 1223 argentique
2032 1155 2254 1208 thesau-

688 1260 779 1299 ros
846 1245 1126 1314 possidet,
1183 1253 1236 1299 et
1294 1245 1350 1298 in
1416 1246 1616 1299 throno
1677 1246 1894 1300 excelso
1942 1254 1996 1300 et
2049 1248 2258 1301 elevato

688 1337 963 1399 considet,
1008 1337 1053 1390 si
1106 1349 1321 1389 casuum
1361 1349 1426 1388 ac
1453 1333 1733 1404 fuliginem
1782 1335 2035 1389 alicunde
2071 1335 2257 1389 volens

687 1430 994 1494 sustulerit,
1043 1430 1286 1499 ipsisque
1342 1429 1596 1484 manibus
1647 1437 1812 1483 totam
1846 1428 2041 1484 faciem
2099 1444 2254 1484 suam

687 1522 974 1582 obleverit,
1002 1532 1165 1591 atque
1208 1536 1401 1576 omnes
1433 1537 1630 1577 sensus
1670 1523 2036 1584 obstruxerit,
2072 1535 2129 1576 ut
2153 1538 2254 1578 ne-

686 1628 793 1684 que
857 1613 1073 1677 audire,
1116 1627 1295 1682 neque
1335 1613 1550 1668 odorari
1594 1616 1768 1683 possit
1821 1631 1834 1668 :
1871 1614 2068 1670 deinde
2126 1614 2253 1668 facti

687 1707 977 1776 pcenitens,
1021 1714 1072 1761 et
1107 1721 1166 1760 se
1213 1707 1353 1760 malo
1391 1708 1493 1762 hoc
1548 1707 1784 1761 liberare
1837 1720 2113 1776 qurerens,
2145 1723 2253 1762 non

685 1801 941 1857 celeriter
991 1799 1306 1854 cubiculum
1342 1814 1502 1852 suum
1554 1798 1918 1869 ingrediatur,
1972 1800 2256 1870 multaque

685 1909 828 1966 aqua
885 1895 1057 1948 lutum
1111 1891 1242 1946 illud
1295 1905 1358 1944 ac
1403 1889 1686 1960 fuliginem
1739 1890 1948 1954 abluat,
1977 1898 2141 1960 atque
2177 1892 2254 1944 ita

684 1986 869 2039 denuo
909 1985 961 2038 in
997 1985 1156 2047 solio,
1190 1990 1250 2036 ut
1281 1991 1440 2036 antea
1463 2022 1478 2047 ,
1528 1982 1849 2046 mundatus,
1887 1984 1942 2037 in
1972 1983 2132 2048 solio,
2166 1987 2255 2036 in-

667 2083 883 2146 ‘quam,
921 2076 1075 2145 regni
1113 2077 1197 2131 sui
1238 2077 1498 2139 resideat,
1533 2076 1629 2131 sed
1659 2076 1825 2146 hujus
1859 2077 1979 2131 loco
2005 2085 2254 2131 tantum-

686 2170 854 2224 modo
891 2183 1084 2222 omnes
1138 2167 1427 2222 thesauros
1455 2182 1587 2221 suos
1612 2167 1905 2236 egentibus
1941 2168 2256 2238 dispertiat,

684 2262 981 2328 omniaque
1044 2259 1185 2314 bona
1239 2271 1337 2310 sua
1392 2257 1620 2312 mobilia
1681 2265 1736 2312 et
1805 2259 2108 2314 immobilia
2148 2259 2257 2314 illis

683 2351 1030 2420 dilargiatur,
1099 2347 1236 2403 nihil
1269 2347 1399 2400 hinc
1463 2346 1569 2401 sibi
1623 2347 1888 2416 proderit,
1937 2347 2042 2402 nisi
2115 2361 2257 2417 aqua

682 2446 858 2499 lutum
909 2457 971 2497 ac
1021 2441 1304 2511 fuliginem
1359 2439 1636 2494 abluerit:
1695 2439 1827 2507 quin
1878 2439 2047 2494 etiam
2103 2439 2254 2510 aspi-

680 2534 960 2601 cientibus
988 2533 1158 2587 risum
1186 2531 1449 2594 movebit,
1506 2531 1561 2585 in
1609 2530 1789 2585 medio
1825 2531 2163 2587 asseclarum
2191 2544 2256 2585 ac

681 2639 974 2696 procerum
1031 2637 1254 2677 suorum
1323 2623 1500 2677 instar
1567 2621 1805 2692 pontenti
1878 2635 1972 2674 seu
2045 2620 2254 2689 spectri

679 2719 985 2774 obversans
1028 2733 1042 2772 :
1080 2716 1160 2769 sic
1197 2729 1293 2768 nec
1346 2713 1787 2784 aliusqnispiam
1837 2714 1943 2768 sibi
1973 2725 2250 2783 qurestum

681 2810 920 2880 colliget,
949 2809 995 2864 si
1040 2808 1294 2861 omnibus
1320 2808 1517 2877 opibus
1557 2809 1676 2860 suis
1715 2807 1769 2860 in
1799 2822 2071 2876 pauperes
2111 2805 2253 2863 ellu-

681 2905 780 2968 sis,
805 2903 1057 2973 quamvis
1085 2899 1324 2968 in0plam
1363 2899 1891 2967 mendicitatemque
1918 2901 2251 2968 susceperit,

679 3005 910 3062 peceare
953 3001 1132 3045 tamen
1176 3003 1284 3043 non
1319 2988 1562 3048 desierit.
1600 3003 1699 3042 nec
1738 3003 1832 3057 per
1867 2989 2249 3058 paenitentiam

677 3091 734 3137 et
792 3083 1066 3153 lacrymas
1123 3082 1362 3136 animam
1428 3095 1584 3134 suam
1643 3065 1869 3136 eluerit.
1923 3080 2251 3150 Quicunque

2363 598 2505 667 piam
2541 595 2606 651 de
2639 604 2795 651 domo
2827 606 2917 648 tua
2943 597 3155 661 vitulos,
3178 607 3228 651 el
3251 596 3315 650 de
3339 599 3579 669 gregibus
3607 581 3709 653 tuis
3736 601 3938 664 hircos,

2361 692 2612 758 quoniam
2649 707 2762 744 mea
2794 701 2916 745 sunt
2965 692 3229 754 omnia”,
3266 698 3465 772 et'qur
3501 705 3821 761 sequuntur.
3865 695 3936 748 Et

2362 795 2582 834 rursum
2627 799 2641 835 :
2679 781 2740 836 Si
2769 782 3042 848 voluisses,
3074 783 3405 852 sacriﬁcium
3443 784 3704 836 dedissem
3729 786 3932 852 utique,

2361 873 2687 928 holocaustis
2720 892 2822 928 non
2857 876 3226 932 delectaberis.
3277 877 3619 945 Sacriﬁcium
3676 878 3779 931 Deo
3819 881 3934 947 spi-

2363 968 2497 1018 ritus
2536 967 2922 1021 conlribulatus
2957 984 2974 1022 :
3005 984 3095 1022 cor
3146 971 3432 1023 contritum
3485 981 3535 1022 et
3562 970 3931 1033 humiliatum,

2361 1057 2525 1125 Deus,
2558 1076 2662 1112 non
2692 1060 2949 1129 despicies
2967 1060 3034 1113 ⁸⁸.
3074 1061 3198 1116 llzec
3240 1063 3407 1116 etiam
3451 1062 3586 1116 cum
3622 1065 3791 1117 sciret
3822 1061 3932 1115 Do-

2361 1150 2565 1213 minus,
2598 1153 2812 1206 dicebat
2845 1169 2857 1204 :
2897 1150 3081 1205 Nolite
3139 1163 3348 1221 putare,
3391 1155 3638 1222 quoniam
3667 1154 3781 1207 teni
3823 1154 3938 1207 sol-

2359 1258 2473 1296 rere
2519 1243 2684 1312 legem
2766 1255 2860 1296 aut
2911 1243 3212 1312 prophetas.
3257 1243 3381 1298 Non
3427 1245 3541 1298 seni
3586 1245 3801 1307 solvere,
3834 1245 3933 1298 sed

2358 1335 2734 1404 adimplere”.
2770 1333 2889 1389 Non
2929 1338 3074 1390 enim
3129 1353 3223 1407 per
3255 1347 3473 1400 terrena
3507 1337 3932 1399 medicamenta,

2361 1431 2463 1482 hoc
2494 1438 2602 1493 est,
2647 1446 2744 1499 per
2803 1431 3121 1500 corporales
3146 1431 3396 1501 justitias
3431 1431 3725 1495 donorum,
3757 1432 3933 1485 sacri-

2361 1523 2628 1587 ficiorum,
2684 1524 3155 1591 holocaustorum,
3191 1531 3243 1579 et
3282 1525 3617 1594 reliquorum
3652 1524 3721 1578 ab
3748 1524 3932 1588 anima

2361 1611 2612 1665 morbum
2693 1612 3145 1681 inaspectahilem
3245 1612 3594 1668 turbidorum
3685 1620 3932 1666 motuum

2358 1703 2632 1772 depellere
2685 1712 2924 1773 poterat.
2960 1703 3097 1758 Hine
3146 1711 3200 1759 et
3233 1701 3487 1759 Joannes
3515 1722 3535 1783 ,ε
3573 1703 3707 1757 Ecce
3755 1706 3934 1773 Agnus

2364 1796 2478 1859 Dei,
2519 1797 2610 1865 qui
2641 1797 2782 1850 tollit
2814 1806 3032 1865 peccata
3060 1797 3245 1851 mundi
3266 1797 3336 1850 ⁸⁵.
3371 1795 3433 1850 Ει
3455 1797 3651 1852 iterum
3680 1795 3883 1850 Paulus
3914 1810 3933 1847 τ

2360 1888 2468 1943 Lex
2527 1890 2667 1942 enim
2731 1890 2950 1958 spiritus
3011 1891 3134 1944 vita:
3183 1888 3350 1961 (quod
3422 1898 3505 1943 est
3552 1887 3932 1959 Evangelinm)

2361 1979 2596 2034 liberavit
2651 1996 2746 2034 nos
2799 1997 2831 2033 a
2877 1979 2986 2050 lege
3046 1981 3247 2048 peccati
3321 1988 3369 2032 et
3415 1979 3684 2032 mortis".
3743 1977 3931 2031 Placet

2361 2079 2542 2126 autem
2574 2071 2815 2134 discere,
2865 2072 3141 2140 quomodo
3181 2071 3439 2126 Christus
3473 2069 3646 2140 legem
3703 2075 3757 2122 et
3799 2083 3931 2134 pro-

2359 2161 2555 2228 phetas
2597 2161 2858 2228 impleat?
2889 2161 2999 2214 Lex
3045 2164 3122 2214 ait
3155 2179 3168 2214 ς
3201 2158 3326 2215 Non
3358 2163 3612 2225 occidas;
3650 2158 3929 2234 Christus.

2356 2252 2436 2306 Nc
2461 2253 2736 2306 irascaris.
2765 2251 2899 2314 Lex,
2932 2250 3058 2306 Non
3091 2252 3476 2318 mmchaberis;
3501 2251 3776 2316 Christus,
3804 2248 3931 2302 Non

2357 2348 2715 2412 concupisces.
2772 2342 2904 2408 Lex,
2944 2344 3066 2398 Non
3129 2345 3427 2414 pejorabis:
3478 2343 3750 2411 Christus,
3802 2341 3930 2397 Non

2353 2440 2560 2506 iurabis
2599 2438 2895 2492 omnino".
2932 2437 3037 2503 Qui
3070 2452 3202 2506 ergo
3225 2453 3333 2492 non
3375 2438 3653 2498 irascitur.
3684 2436 3777 2506 qui
3804 2445 3934 2489 tan-

2355 2534 2476 2588 dem
2522 2531 2778 2586 occidet?
2808 2531 2900 2601 qui
2940 2547 3046 2584 non
3079 2529 3447 2600 concupiscit,
3490 2527 3765 2599 quomodo
3789 2519 3929 2581 nice-

2353 2620 2652 2676 chabitur?
2682 2621 2774 2688 qui
2811 2620 3030 2689 penitus
3084 2635 3191 2672 non
3245 2618 3424 2688 jurat,
3465 2617 3743 2687 quomodo
3775 2616 3930 2685 pejes

2355 2711 2534 2766 rabit?
2586 2711 2804 2766 radices
2837 2712 2986 2765 enim
3021 2718 3376 2780 peccatorum
3431 2709 3681 2764 Salvator
3713 2725 3807 2777 per
3842 2710 3928 2762 le-

2352 2819 2473 2873 gem
2521 2803 2765 2872 Spiritus
2797 2804 2883 2858 sui
2934 2802 3002 2858 ab
3060 2803 3164 2857 ista
3219 2804 3403 2856 anima
3461 2803 3664 2857 evellit.
3713 2786 3928 2864 Etlth

2354 2897 2638 2968 plenitudo
2673 2884 2828 2967 legis,
2860 2904 2918 2950 ut
2951 2898 3114 2951 homo
3137 2896 3230 2960 sit,
3256 2906 3310 2952 et
3344 2898 3487 2950 vivat
3517 2897 3570 2949 in
3605 2896 3740 2950 solis
3763 2911 3926 2949 man-

2352 2989 2496 3044 datis
2523 2988 2665 3058 ejus,
2701 2999 2760 3044 ut
2794 2991 2908 3044 sola
2945 2989 3096 3043 illius
3129 2989 3282 3058 jussa
3317 2996 3500 3044 servet
3553 2996 3603 3042 et
3641 2998 3924 3057 operetur.

2351 3079 2559 3136 Contra
2645 3081 2829 3134 omnia
2892 3081 3039 3135 enim
3111 3091 3335 3150 peccata
3409 3080 3589 3139 omnia
3668 3081 3925 3135 mandata

678 3171 827 3228 enim
892 3171 1076 3234 homo,
1129 3169 1360 3240 perinde
1393 3181 1450 3223 ut
1483 3184 1586 3238 ego
1619 3171 1936 3234 damnatus,
1983 3173 2244 3240 peccavit,
2277 3186 2320 3248 ε
2353 3171 2557 3226 Christi
2596 3172 2757 3225 nobis
2807 3173 2935 3225 data
2965 3179 3116 3232 sunt,
3145 3182 3197 3224 et
3230 3171 3285 3224 in
3332 3171 3418 3226 his
3465 3171 3600 3226 solis
3632 3170 3923 3224 vivendum

679 3273 735 3321 et
773 3279 933 3320 emno
962 3265 1307 3332 voluptatum
1354 3277 1548 3317 sensus
1578 3263 1773 3316 animae
1799 3279 1912 3317 sua:
1943 3263 2246 3330 obturavit,

679 3357 934 3429 quamvis
971 3370 1083 3411 rem
1121 3369 1278 3409 suam
1317 3368 1535 3411 omnem
1575 3355 1906 3424 pauperibus
1940 3355 2248 3420 donaverit,

678 3461 1012 3517 omnemque
1063 3446 1290 3516 gloriam
1341 3446 1691 3516 dignitatum,
1725 3438 2094 3515 pulcherrime
2126 3446 2253 3501 aedi-

681 3541 872 3595 licatas
921 3537 1088 3603 aedes,
1141 3539 1352 3592 nobiles
1436 3553 1632 3607 equos,
1703 3553 1932 3609 greges,
1978 3549 2249 3605 armenta,

678 3643 892 3696 servos,
923 3644 1138 3684 omnem
1171 3644 1327 3684 suam
1377 3627 1661 3692 latniliam,
1690 3640 1745 3684 et
1792 3639 2058 3699 cognatos
2120 3635 2252 3687 reli-

679 3722 906 3794 querit,
961 3736 1234 3791 egensque
1267 3760 1281 3785 ,
1336 3730 1390 3775 et
1448 3715 1606 3790 ineps
1673 3722 1927 3776 monachi
2001 3724 2250 3780 habitum

681 3815 945 3879 induerit,
996 3822 1260 3878 attamen,
1298 3822 1354 3866 ut
1395 3829 1453 3868 re
1485 3814 1722 3883 quadam
1767 3814 1890 3869 vitae
1917 3829 2028 3870 sua:
2055 3830 2252 3871 neces-

683 3905 828 3961 saria
877 3915 998 3973 eget
1051 3905 1388 3974 paenitentiae
1438 3903 1718 3975 lacrymis,
1773 3905 1976 3974 quibus
2033 3921 2251 3960 eranum

684 4005 1038 4067 peccatorum
1097 4011 1323 4050 suorum
1402 3995 1641 4061 abluat,
1709 4011 1886 4068 eoque
1935 3998 2152 4066 magis,
2203 3999 2250 4052 si

682 4091 882 4153 adhuc,
935 4088 1401 4160 quemadmodum
1434 4103 1554 4157 ego,
1607 4087 1888 4158 fuliginem
1921 4098 1977 4144 et
2028 4104 2250 4145 omnum

680 4181 1042 4252 plurimorum
1074 4180 1404 4234 delictorum
1432 4194 1656 4233 suorum
1683 4194 1794 4234 non
1824 4183 1878 4233 in
1906 4182 2046 4236 facie
2072 4183 2250 4236 solum

681 4282 737 4328 et
767 4273 1045 4336 manibus,
1078 4270 1174 4326 sed
1215 4274 1442 4326 onmino
1473 4272 1526 4325 in
1570 4282 1684 4326 toto
1734 4287 1967 4342 corpore
2017 4275 2254 4328 cireum-

685 4363 848 4418 ferat.
884 4363 1038 4417 Haud
1074 4363 1218 4418 enim
1249 4364 1410 4417 unica
1445 4362 1763 4418 facultatum
1795 4365 2016 4437 largitio
2058 4366 2125 4421 ad
2153 4383 2252 4436 pu-

683 4471 806 4510 rum
843 4453 1013 4507 animi
1043 4461 1240 4508 statum
1270 4453 1426 4506 nobis
1451 4460 1535 4507 sat
1561 4458 1666 4518 est,
1701 4451 1919 4520 fratres,
1949 4455 2058 4509 nisi
2079 4456 2250 4510 etiam

683 4545 1050 4599 lamentemur
1075 4552 1127 4599 et
1157 4542 1428 4612 ploremus
1462 4557 1525 4596 ex
1564 4544 1769 4599 animo.

754 4633 894 4688 Puto
920 4633 1197 4703 equidem,
1231 4632 1334 4686 nisi
1359 4646 1459 4703 ego
1489 4635 1870 4703 memetipsum
1903 4636 2052 4690 omni
2086 4635 2253 4692 sedu-

686 4727 840 4781 litate
871 4740 898 4778 a
923 4724 1151 4778 maculis
1177 4736 1522 4792 peccatorum
1549 4740 1796 4780 meorum
1829 4726 1967 4782 fusis
1995 4727 2252 4800 lacrymis

686 4831 1006 4886 expurgem,
1044 4817 1139 4871 sed
1174 4815 1247 4868 ita
1285 4825 1541 4884 turpatus
1567 4818 1732 4870 vitam
1783 4820 2109 4890 compleam,
2128 4825 2255 4893 jure

686 4908 895 4978 Optimo
925 4922 1011 4962 me
1055 4923 1084 4960 a
1120 4905 1232 4960 Deo
1283 4914 1345 4963 et
1362 4908 1574 4978 angelis
1617 4909 1737 4979 ejus
1768 4911 2014 4979 irrisum,
2045 4923 2100 4969 et
2128 4931 2252 4970 cum

686 4996 1027 5054 daemonibus
1078 4997 1133 5051 in
1168 4999 1344 5069 ignem
1377 5010 1642 5054 aeternum
1676 5001 2028 5058 deturbatum
2061 5005 2151 5060 iri.
2189 5005 2256 5061 Et

688 5103 880 5144 revera
938 5088 1020 5142 sic
1064 5096 1172 5152 est,
1224 5088 1464 5154 fratres;
1495 5085 1651 5143 Nihil
1695 5093 1835 5145 enim
1883 5095 2162 5150 intulimus
2201 5092 2285 5151 in

685 5183 826 5236 hunc
865 5182 1116 5234 inuadunt
1139 5180 1210 5244 ⁸⁸,
1253 5191 1312 5234 ut
1339 5197 1465 5235 cum
1505 5186 1945 5252 peeeaverimus,
1988 5189 2038 5242 id
2075 5190 2254 5258 ipsum

690 5279 802 5333 Deo
831 5276 902 5331 ad
941 5287 1165 5346 peccata
1200 5286 1386 5331 nostra
1438 5278 1754 5334 redimenda
1781 5282 1946 5348 pretii
1976 5282 2100 5336 loco
2124 5297 2253 5354 per-

691 5371 970 5426 solvamus
1007 5388 1022 5424 :
1053 5369 1195 5435 Quid
1229 5372 1367 5423 enim
1396 5371 1544 5424 dabit
1568 5373 1726 5427 homo
1756 5374 1885 5440 Deo,
1919 5376 2254 5446 aitAposto-

695 5462 806 5526 ius,
842 5471 891 5516 ct
942 5465 1262 5516 retribuetur
1283 5463 1332 5516 ei
1353 5463 1440 5516 "1
1479 5463 1590 5518 lloc
1619 5475 1705 5520 est
1743 5481 1934 5522 verum
1964 5468 2257 5537 judicium,

697 5556 811 5608 hac
857 5553 1006 5625 justa
1069 5563 1123 5608 et
1175 5569 1302 5608 vera
1365 5554 1683 5624 humilitas;
1744 5561 1886 5613 sicut
1917 5567 1971 5612 et
2016 5556 2259 5629 Spiritus

763 5693 1130 5768 “IATiAfII.VI,
1167 5696 1217 5749 7.
1291 5701 1334 5768 '7‘
1387 5693 1548 5756 Rom.
1606 5716 1682 5768 χι,
1742 5700 1834 5755 55.

691 5765 782 5817 29.
858 5764 904 5796 ⁸⁸
936 5764 1096 5817 ltom.
1150 5781 1270 5831 vm,
1303 5767 1358 5822 2.

694 5834 740 5867 ’⁸
764 5832 920 5890 Joan.
958 5849 1086 5898 xvtt,
1119 5831 1208 5888 2i.

1944 5697 1992 5734 "
2014 5700 2162 5756 Psal.
2196 5715 2344 5766 xntx,
2375 5700 2426 5754 9.
2501 5700 2549 5731 ⁸³
2573 5697 2718 5754 l’sal.
2745 5695 3013 5766 L,18,A19.
3088 5693 3135 5724 “
3159 5691 3351 5766 Matth.
3375 5690 3544 5766 v,‘_l7_.

1436 5771 1480 5802 κ’
1514 5769 1687 5827 Exod.
1719 5786 1811 5838 xx,
1844 5771 1911 5827 t3
1954 5785 2105 5842 seqq.
2133 5786 2160 5839 ς
2200 5772 2390 5826 Matth.
2421 5785 2473 5836 v,
2522 5769 2585 5822 2|
2647 5783 2803 5839 scilli-

2357 3272 2522 3333 atque
2562 3262 2903 3330 Operandnm
2930 3260 2980 3315 ei
3022 3262 3115 3331 qui
3159 3261 3322 3313 vitam
3359 3267 3620 3314 aeternam
3643 3258 3926 3313 desiderat

2356 3355 2590 3422 adipisci
2625 3373 2637 3410 :
2668 3355 2722 3407 in
2749 3353 2967 3407 caeteris
3005 3351 3261 3406 omnibus
3291 3366 3415 3406 esse
3443 3351 3592 3405 velut
3617 3359 3924 3408 mortuum,

2356 3449 2500 3502 omni
2543 3447 2826 3502 iunctione
2874 3457 3153 3501 carentem
3187 3463 3200 3499 :
3238 3442 3296 3498 Si
3330 3443 3486 3497 verba
3517 3459 3632 3496 mea
3679 3443 3732 3495 in
3780 3441 3926 3494 nobis

2355 3543 2669 3602 manserint,
2723 3540 2802 3592 ait
2856 3538 3153 3603 Dominus,
3200 3537 3543 3604 quodcunque
3608 3534 3926 3598 volueritis,

2353 3632 2560 3699 potetis,
2620 3642 2667 3685 et
2713 3631 2803 3699 ﬁet
2845 3633 2985 3684 vobis
3008 3631 3075 3684 ".
3115 3629 3422 3698 Sequamur
3491 3643 3626 3698 ergo
3688 3623 3926 3679 Verbum

2353 3725 2566 3789 sedulo,
2606 3724 2781 3778 donec
2813 3727 2880 3776 ad
2913 3725 3089 3776 locum
3125 3723 3513 3792 perveniamus
3545 3721 3634 3774 ubi
3663 3718 3926 3772 Christus

2356 3816 2476 3884 ipse
2539 3825 2622 3874 est
2657 3833 2671 3870 :
2705 3818 2834 3869 illuc
2871 3816 3016 3870 enim
3074 3831 3134 3869 se
3178 3823 3472 3882 sequentes
3544 3811 3730 3873 trahit,
3768 3818 3824 3864 et
3867 3812 3926 3862 in

2357 3909 2557 3965 Sancta
2609 3921 2927 3965 sanctorum
2969 3907 3290 3971 introducit,
3325 3916 3383 3960 ut
3447 3918 3676 3975 magnus
3734 3904 3929 3972 ponti-

2355 4001 2440 4058 fex
2469 4018 2614 4070 quo,
2646 4001 2826 4071 quoad
2883 4017 2984 4071 nos
3023 3999 3237 4063 attinet,
3272 3999 3388 4068 ipse
3419 4011 3522 4067 pro
3586 3997 3747 4050 nobis
3778 3993 3928 4048 Prur-

2354 4110 2552 4151 cursor
2585 4093 2856 4157 introivit,
2894 4067 3038 4146 sicut
3068 4092 3298 4158 ipsemet
3328 4088 3505 4156 inquit
3533 4106 3548 4142 :
3583 4084 3753 4139 Nemo
3784 4092 3930 4138 venit

2357 4189 2426 4240 ad
2457 4185 2694 4247 Patrem,
2734 4184 2840 4237 nisi
2868 4199 2960 4252 per
2988 4197 3091 4235 me.
3121 4180 3230 4250 Ego
3264 4180 3397 4233 enim
3425 4193 3541 4231 sum
3576 4175 3681 4238 via,
3711 4173 3929 4237 ueritas,

2355 4286 2403 4331 et
2437 4276 2626 4330 rita".
2663 4274 2727 4328 Et
2755 4277 2875 4332 alio
2900 4276 3019 4329 loco
3053 4290 3066 4326 :
3116 4271 3263 4335 Volo,
3294 4269 3479 4333 Pater,
3505 4278 3558 4319 ut
3583 4281 3710 4335 quos
3737 4263 3933 4317 dedisti

2358 4369 2508 4429 mihi,
2547 4367 2636 4421 ubi
2669 4382 2760 4436 ego
2802 4383 2939 4428 sum,
2971 4374 3018 4417 et
3057 4363 3142 4418 illi
3207 4364 3320 4415 sint
3380 4374 3602 4419 mecum,
3635 4365 3690 4409 ut
3720 4355 3930 4409 videant

2357 4461 2658 4514 claritatem
2714 4475 2886 4512 meam
2954 4471 3125 4525 quone
3159 4453 3357 4508 dedisti
3384 4450 3588 4504 mihi”.
3629 4447 3764 4502 Cum
3807 4446 3935 4514 ipso

2285 4529 2329 4584 Β
2364 4556 2548 4622 itaque
2583 4552 2734 4607 cruci
2763 4551 3122 4619 configantur,
3158 4561 3254 4617 per
3278 4544 3526 4599 omnium
3561 4543 3930 4596 tentationut-s

2364 4661 2464 4700 nos
2517 4645 2893 4699 invadentium
2937 4633 3311 4703 tolerantiam,
3363 4647 3417 4692 et
3466 4651 3564 4706 per
3621 4633 3934 4700 voluptates

2363 4735 2528 4802 hujus
2590 4735 2714 4787 vitae
2761 4731 3190 4786 commoriamur
3247 4727 3319 4789 ei,
3352 4735 3412 4779 ut
3464 4727 3624 4778 etiam
3683 4719 3937 4774 vivamus

2362 4842 2487 4882 cum
2512 4839 2601 4880 eo.
2643 4825 2778 4881 Cum
2829 4824 2951 4892 ipso
2982 4822 3136 4890 puris
3161 4820 3436 4873 mentibus
3467 4818 3609 4880 viam
3637 4815 3702 4867 ad
3727 4812 3931 4867 cmltun

2364 4921 2657 4972 ducentem
2702 4914 3070 4969 ambulemus.
3101 4909 3490 4966 Gradientibus
3533 4905 3735 4959 etenim
3769 4902 3935 4956 nobis

2367 5025 2466 5081 per
2501 5012 2643 5065 viam
2677 5007 3062 5061 mandatorum
3095 5001 3309 5057 Domini
3339 5014 3404 5054 ac
3430 4999 3522 5052 Dei
3551 4996 3744 5060 nostri,
3773 5007 3938 5047 cumq

2367 5119 2475 5174 que
2507 5099 2892 5169 sequentibus,
2945 5112 3046 5151 nec
3099 5104 3247 5148 retro
3291 5091 3479 5162 pedem
3539 5087 3934 5150 referentibus,

2367 5193 2503 5247 nihil
2556 5191 2815 5244 inimicus
2850 5203 3050 5242 nocere
3086 5185 3307 5254 poterit,
3362 5181 3600 5235 maxime
3625 5177 3671 5231 si
3701 5191 3826 5231 eum
3864 5176 3938 5230 ft-

2367 5286 2474 5340 deli
2509 5285 2673 5347 duce,
2712 5282 2989 5349 bonisque
3033 5277 3332 5332 comitibus
3371 5273 3780 5328 incesserimus.
3821 5267 3942 5323 Mc-

2369 5386 2587 5431 tuamus
2614 5373 2926 5441 exemplum
2957 5369 3029 5424 ob
3077 5369 3420 5424 sterilitatem
3447 5363 3746 5418 maledicta:
3769 5361 3939 5426 ficus,

2366 5477 2421 5523 et
2454 5467 2679 5522 Christo
2707 5468 2904 5534 dignos
2949 5462 3286 5533 poenitentia
3328 5455 3542 5513 fructus
3580 5455 3883 5511 oﬁeranrus
3920 5471 3938 5508 :

2367 5575 2436 5614 ne
2488 5573 2584 5630 per
2635 5559 2903 5628 ignaviam
2973 5555 3170 5608 animae
3219 5552 3600 5613 dormitantes,
3658 5549 3942 5617 lampade,

3621 5687 3666 5720 ⁸⁸
3698 5683 3861 5742 Joan.
3901 5699 3948 5750 ι,

2878 5763 2924 5798 ⁸⁸⁸
2961 5764 3119 5820 Joan.
3173 5779 3261 5828 xv,
3293 5762 3346 5816 7.
3424 5760 3471 5791 ”
3499 5758 3658 5812 Joatt.
3699 5773 3812 5819 διν,
3884 5764 3946 5810 li.
