4156 6340
207 379 315 443 491

1533 397 1817 458 ORATIO
1868 399 2150 459 XXXIII.

3342 395 3441 465 488

213 511 346 562 quan
374 511 438 548 ex
484 495 592 549 illis
644 497 830 562 ardet,
853 512 1162 567 careamus,
1191 510 1245 557 et
1285 518 1374 568 ne,
1406 503 1535 558 dum
1568 513 1788 575 tempus
1813 511 1866 569 Α
1893 508 2091 562 merito
2125 505 2409 577 expulsus,
2438 513 2492 560 et
2521 503 2717 560 exsilio
2743 505 3005 561 multatus
3039 508 3191 573 vixit,
3219 523 3280 562 ac
3302 525 3448 562 mor-

216 593 312 638 ρει
351 585 640 653 sperandi,
674 602 770 655 per
804 587 1050 644 fallacias
1084 591 1211 645 vitae
1239 601 1520 662 vagantes,
1555 594 1789 662 virgini-

218 676 334 730 bus
386 675 550 730 fatuis
593 678 806 732 similes
835 679 1179 739 eﬂiciamur:
1217 685 1312 738 sed
1367 700 1469 754 pro
1521 684 1788 740 bonorum

212 781 452 836 operum
473 767 843 837 proportione,
860 770 1326 843 talentumgratia:
1344 777 1790 846 multiplicemus.

213 859 515 915 l'niversis
542 862 711 926 enim,
736 864 897 938 etiam
914 866 1091 932 laicis,
1111 884 1218 922 non
1246 873 1530 926 monachis
1555 881 1787 940 tantum.

211 967 468 1022 semper,
508 961 561 1007 et
616 959 816 1024 quovis
864 965 1109 1030 tempore
1161 962 1788 1040 poenitentiam‘agere,

211 1042 380 1106 ﬂere,
433 1054 488 1100 et
529 1045 664 1101 Deo
696 1050 1032 1119 supplicare,
1069 1067 1277 1122 perque
1315 1056 1562 1110 actiones
1598 1057 1790 1125 hujus-

211 1133 442 1187 cemodi
494 1136 660 1190 etiam
707 1148 936 1194 caeteras
975 1141 1208 1197 virtutes
1234 1130 1426 1198 omnes
1474 1160 1792 1216 comparare

216 1225 486 1294 possibile
517 1237 624 1282 est.

291 1360 407 1416 lloc
454 1363 527 1416 ita
583 1380 730 1430 esse,
759 1381 956 1437 magna
982 1367 1072 1422 illa
1107 1369 1388 1435 columna,
1418 1380 1472 1425 et
1527 1372 1791 1441 magister

213 1451 502 1518 Ecclesim,
523 1455 763 1513 Joannes
786 1458 1240 1530 Chrysostomus,
1271 1462 1402 1516 mihi
1439 1450 1596 1518 testis
1630 1479 1788 1518 acce-

216 1545 325 1607 dit,
361 1545 486 1598 dum
531 1549 804 1615 psalmum
859 1549 1079 1606 Davidis
1125 1553 1639 1623 quinquagesimum
1695 1571 1789 1608 ex-

218 1636 427 1704 planat.
456 1636 668 1691 Asserit
691 1641 863 1706 enim,
891 1642 984 1710 qui
1010 1658 1262 1710 uxorem,
1292 1645 1513 1710 liberos,
1536 1649 1784 1715 ancillas,

215 1740 510 1781 servorum
565 1729 840 1799 ingentem
895 1749 1207 1806 numerum,
1241 1738 1449 1806 amplas
1499 1738 1786 1795 facultates

219 1819 407 1883 habet,
464 1830 519 1873 et
567 1821 738 1876 rebus
774 1822 940 1892 hujus
974 1828 1160 1880 saeculi
1209 1828 1411 1883 eximie
1445 1838 1584 1894 oret,
1621 1845 1784 1898 posse

217 1923 330 1963 nan
364 1910 540 1964 solum
571 1921 631 1966 ut
659 1914 834 1982 ploret
865 1917 1132 1983 quotidie,
1160 1929 1213 1972 et
1243 1926 1384 1984 oret,
1417 1929 1470 1974 et
1499 1923 1781 1992 paeniteat.

213 2000 318 2055 sed
355 2003 541 2068 etiam,
581 2014 641 2058 ut
693 2005 757 2059 ad
789 2008 1015 2063 virtutis
1074 2010 1462 2079 perfectionem
1503 2014 1786 2078 ascendat,

218 2089 263 2142 si
295 2089 448 2153 velit,
479 2099 532 2145 et
565 2093 834 2162 Spiritum
883 2104 1135 2150 sanetum
1180 2098 1438 2167 accipiat,
1472 2110 1526 2154 et
1579 2101 1789 2157 amicus

219 2182 322 2235 Dei
385 2183 500 2248 fiat,
554 2192 608 2238 et
643 2186 872 2254 insuper
897 2187 1018 2255 ejus
1051 2189 1266 2244 visione
1322 2191 1556 2257 fruatur,
1592 2195 1787 2261 quales

217 2274 388 2326 etiam
424 2283 549 2327 ante
601 2274 808 2330 Christi
849 2275 1144 2335 adventum
1200 2281 1427 2334 fuerunt
1489 2281 1785 2346 Abraham,

219 2366 380 2418 Isaac
432 2373 484 2419 et
539 2364 731 2431 Jacob,
765 2375 819 2421 et
865 2370 957 2437 qui
1013 2370 1154 2424 inter
1197 2370 1514 2428 Sodomitas
1568 2375 1788 2429 vivebat

219 2455 352 2518 Lot,
386 2461 464 2520 et,
506 2466 562 2509 ut
619 2456 822 2512 multos
876 2459 1012 2515 alios
1054 2464 1487 2530 praetermittam,
1531 2464 1708 2521 Moses
1737 2475 1789 2520 et

225 2547 419 2602 David.
451 2547 509 2601 In
542 2563 681 2602 nova
719 2559 899 2604 autem
934 2552 1274 2620 gratia,cum
1324 2555 1465 2610 Deus
1507 2573 1569 2610 ac
1597 2557 1788 2612 Salva-

221 2647 317 2688 tor
347 2644 538 2690 noster
568 2639 846 2707 apparuit,
881 2639 1077 2696 Petrus
1109 2643 1372 2710 piscator,
1396 2655 1448 2697 et
1472 2646 1788 2701 illitteratus

218 2741 347 2780 eum
383 2743 567 2791 socru,
609 2738 662 2783 et
700 2730 825 2786 aliis
865 2743 1193 2800 praesentem
1230 2751 1352 2791 esse
1383 2737 1550 2790 Deum
1589 2740 1787 2807 prsidi-

219 2833 375 2870 rans.
399 2815 682 2887 Reliquos,
714 2823 900 2889 plures
929 2839 1089 2890 quam
1127 2825 1239 2878 sint
1267 2826 1572 2892 pluviarum
1598 2839 1785 2898 guttis,

221 2914 321 2960 aut
346 2908 514 2960 stellae
544 2908 691 2971 coeli,
733 2911 859 2980 quis
911 2915 1336 2981 pereensuerit?
1365 2932 1543 2986 reges,
1577 2919 1784 2987 princi-

222 3013 344 3065 pes,
374 2995 639 3069 dynastas
671 3002 762 3068 (ne
793 3004 1068 3058 nominem
1099 3022 1385 3075 pauperes,
1413 3017 1467 3062 et
1495 3010 1588 3071 qui
1622 3025 1784 3079 parva

221 3091 276 3142 in
332 3107 389 3144 re
441 3092 609 3144 vitam
642 3094 924 3160 agitarunt
973 3093 1153 3166 suam)
1216 3113 1448 3166 quorum
1509 3099 1696 3164 urbes,
1735 3110 1786 3155 et

220 3181 445 3242 domus,
482 3189 536 3234 et
571 3184 933 3238 ecclesiarum
982 3202 1170 3251 naves,
1218 3203 1358 3257 quas
1395 3189 1470 3243 illi
1503 3192 1787 3260 magniﬁce
1817 3207 1854 3255 ε

222 3271 643 3331 condiderunt:
699 3291 937 3344 quorum
987 3281 1297 3348 geroeomia
1328 3321 1343 3345 ,
1401 3297 1498 3335 seu
1566 3283 1790 3337 senibus

221 3363 432 3418 alendis
471 3362 773 3430 domicilia,
807 3376 863 3423 et
906 3368 1247 3424 xenodochia
1297 3381 1559 3436 manent,
1593 3381 1648 3428 et
1697 3390 1791 3427 ex-

221 3461 378 3508 stant
405 3470 578 3525 usque
631 3458 812 3522 hodie,
844 3475 966 3529 qua:
1015 3460 1096 3514 illi
1129 3464 1456 3530 superstites
1493 3464 1788 3529 habebant,

219 3554 278 3597 et
309 3545 376 3599 iis
399 3546 486 3613 pie
530 3549 844 3614 utebantur,
893 3565 1005 3604 non
1032 3558 1092 3604 ut
1116 3553 1376 3621 propriis.
1411 3556 1504 3609 sed
1539 3565 1595 3608 ut
1645 3557 1786 3609 serti

221 3635 437 3689 Domini
477 3651 541 3691 ea
571 3652 694 3707 quae
747 3640 882 3710 ipsis
932 3642 1201 3700 Dominus
1249 3645 1515 3710 dedisset,
1545 3647 1789 3701 admini-

218 3737 481 3795 strantes,
515 3740 571 3784 et
611 3731 717 3785 hoc
751 3733 958 3788 mundo
986 3742 1203 3792 utentes
1230 3736 1452 3805 quidem
1485 3739 1787 3792 secundum

218 3817 375 3871 Pauli
409 3833 624 3882 vocem,
665 3835 775 3874 non
828 3832 1010 3877 autem
1059 3825 1432 3882 abutentes".
1467 3826 1600 3879 Nam
1660 3844 1787 3896 pru-

217 3918 407 3977 plerea
441 3909 605 3963 etiam
639 3909 691 3963 in
723 3910 827 3966 hac
848 3913 955 3966 vita
983 3912 1167 3984 inclyti
1193 3925 1246 3969 et
1271 3915 1515 3970 illustres
1541 3915 1785 3978 fuerunt,

221 4013 275 4054 et
315 4015 461 4056 nunc
510 4009 660 4064 sunt,
692 4011 744 4056 et
795 4004 1016 4058 saeculis
1057 4006 1556 4063 innumerabilibus
1605 4016 1787 4074 erunt,

217 4104 386 4163 atque
443 4094 497 4147 in
559 4095 882 4150 coelestibus
932 4097 1039 4151 illis
1071 4098 1295 4153 sedibus
1320 4100 1484 4154 etiam
1528 4101 1781 4169 amplius.

215 4184 376 4250 Quod
415 4186 518 4238 nisi
551 4186 709 4254 pigri,
744 4188 970 4249 inertes,
1004 4190 1496 4259 mandatorumque
1529 4200 1789 4244 contem-

217 4289 406 4347 plores
450 4291 724 4340 essemus,
771 4280 866 4334 sed
911 4280 1107 4345 seduli,
1168 4282 1412 4346 excitati,
1472 4281 1784 4352 vigilantes,

221 4368 360 4421 nihil
416 4368 767 4423 abdicatione
801 4384 1007 4430 rerum.
1069 4383 1162 4426 aut
1217 4383 1462 4439 tonsura,
1516 4384 1609 4430 aut
1659 4375 1783 4444 fuga

215 4457 410 4520 mundi
431 4473 569 4534 opus
609 4459 956 4514 haberemus.
982 4458 1093 4514 lloc
1115 4472 1170 4513 ut
1200 4464 1495 4531 probemus
1517 4502 1530 4526 ,
1564 4467 1784 4519 auscul-

215 4551 471 4604 tandum.

293 4685 437 4739 Dens
465 4686 533 4738 ab
593 4686 750 4742 initio
786 4686 1064 4743 hominem
1124 4692 1368 4744 omnium
1413 4699 1780 4757 terrenarum,

214 4777 346 4843 quin
392 4775 676 4839 omnium,
707 4792 828 4845 quae
855 4791 1142 4845 compxexu
1177 4780 1302 4832 caeli
1347 4780 1781 4843 continerentur,

215 4883 401 4937 regem
460 4867 768 4921 constituit.
805 4867 940 4921 Nam
988 4869 1092 4932 sol,
1149 4870 1302 4931 luna,
1357 4880 1502 4924 astra
1565 4881 1785 4940 propter

217 4957 495 5013 hominem
523 4958 682 5026 plane
714 4959 894 5011 ercata
927 4967 1075 5014 sunt.
1101 4957 1241 5026 Quid
1277 4961 1462 5026 igitur,
1493 4978 1615 5015 cum
1643 4972 1787 5016 esset

216 5065 314 5104 rex
345 5049 538 5102 horum
579 5064 702 5117 quae
737 5050 988 5104 videntur
1036 5047 1320 5105 omnium!~
1368 5051 1505 5105 Num
1551 5055 1662 5106 haec
1702 5053 1775 5105 illi

213 5139 286 5195 ad
316 5140 570 5197 virtutem
606 5139 990 5209 impedimento
1022 5139 1280 5196 fuerunt?
1310 5159 1415 5197 non
1454 5159 1605 5206 sane,
1637 5159 1768 5206 non,

211 5235 441 5301 inquam
475 5249 487 5285 :
521 5229 766 5300 quinimo
813 5232 1074 5300 majorem
1122 5233 1176 5284 in
1229 5236 1449 5288 modum
1482 5235 1772 5289 inclaruis-

212 5334 323 5389 set,
357 5325 403 5380 si
435 5323 542 5378 Deo
586 5322 856 5378 conditori
907 5338 1007 5378 suo
1058 5339 1087 5378 a
1120 5340 1226 5393 quo
1266 5326 1380 5380 haze
1411 5326 1590 5379 omnia
1625 5341 1779 5380 acce-

211 5423 394 5489 perat,
423 5423 612 5484 gratus
637 5415 953 5470 mansisset.
984 5415 1114 5469 Nam
1147 5417 1192 5471 si
1227 5419 1537 5470 mandatum
1567 5417 1777 5470 Domini

208 5523 322 5562 non
374 5505 642 5576 fregisset,
678 5519 902 5573 regnum
953 5506 1097 5559 istud
1138 5522 1245 5559 non
1303 5506 1648 5575 perdidisset,
1686 5506 1776 5561 Dei

205 5596 387 5666 gloria
419 5612 528 5650 non
556 5603 729 5650 semet
765 5597 1221 5665 spoliasset.Quia
1267 5614 1395 5653 vero
1422 5614 1585 5655 serus
1627 5599 1775 5664 fecit,

288 5779 332 5811 "
365 5775 409 5833 ιι
437 5776 562 5832 Cor.
595 5793 691 5843 vn,
722 5780 810 5835 5i.
925 5777 992 5810 "‘
1029 5775 1165 5833 Gen.
1203 5793 1284 5845 ut,
1329 5779 1360 5834 9
1417 5795 1570 5850 seqq.

1894 609 1998 654 tem
2041 598 2194 653 obiit.

1959 690 2147 745 Dicam
2203 689 2297 746 tibi
2340 690 2624 759 quiddam,
2658 689 2799 756 quod
2861 705 2981 743 meo
3027 688 3235 759 judicio
3286 701 3445 742 nemo

1890 783 2067 837 adhuc
2099 784 2235 838 satis
2257 783 2586 852 explanavit.
2622 781 2894 846 Quidnam
2920 782 3096 852 ergo?
3129 780 3349 835 attende
3377 780 3445 834 ad

1889 875 2127 930 divinam
2164 874 2502 944 Seripturam
2523 877 2612 931 ον.
2640 876 2704 927 Et
2731 874 2864 926 dixit
2889 874 3024 928 Deus
3061 875 3283 935 Adamn,
3320 879 3442 942 post

1888 967 2393 1035 praevaricationem
2444 976 2617 1034 puta:
2655 967 2848 1029 Adam,
2887 965 2974 1018 ubi
3021 968 3115 1020 es?
3160 965 3289 1035 quid
3340 965 3445 1019 sibi

1889 1060 2004 1112 vult
2039 1059 2122 1113 his
2156 1061 2340 1115 verbis
2377 1058 2619 1112 omnium
2675 1059 3040 1113 Proereator?
3087 1058 3343 1121 Omnino,
3381 1058 3446 1110 ad

1890 1165 2112 1206 sensum
2153 1164 2316 1204 casus
2364 1149 2448 1206 sui
2475 1165 2598 1204 eum
2633 1150 2925 1214 adducere,
2961 1161 3126 1218 atque
3159 1150 3223 1203 ad
3275 1151 3449 1218 paeni-

1893 1242 2122 1296 tentiam
2161 1256 2457 1310 provocare
2506 1242 2719 1304 volens,
2753 1242 2947 1311 inquit,
2997 1242 3189 1305 Adam,
3232 1241 3317 1294 ubi
3355 1242 3450 1294 es.’

1889 1335 2189 1388 Considera
2237 1334 2490 1398 teipsum,
2528 1343 2581 1389 et
2617 1337 2891 1404 perpende
2926 1335 3224 1389 nuditatem
3279 1343 3447 1387 tuam.

1891 1423 2026 1479 Vide
2060 1425 2206 1494 quali
2259 1425 2599 1487 indumento.
2635 1425 2780 1494 quali
2837 1425 3007 1494 gloria
3040 1423 3284 1495 privatus
3345 1423 3447 1477 sis.

1891 1517 2082 1580 Adam,
2115 1518 2203 1570 ubi
2229 1533 2282 1570 es
2303 1520 2328 1572 2
2352 1517 2496 1570 velut
2524 1519 2569 1572 si
2597 1533 2714 1572 eum
2745 1517 3078 1576 hortaretur,
3114 1531 3175 1569 ac
3209 1515 3445 1569 diceret:

1889 1610 2045 1673 Hem,
2073 1610 2346 1678 resipisee,
2377 1610 2564 1673 miser,
2593 1611 2714 1665 hem
2741 1611 3000 1679 egredere
3034 1610 3124 1663 ubi
3150 1617 3201 1661 te
3223 1608 3452 1662 absconé

1889 1703 2042 1757 tlisti.
2077 1701 2158 1756 Me
2189 1701 2361 1756 latere
2396 1712 2446 1757 te
2488 1717 2650 1768 posse
2686 1701 3009 1756 existimas?
3056 1701 3162 1762 die,
3197 1698 3444 1753 Peccavi.

1892 1792 1958 1846 At
1995 1792 2085 1846 ille
2120 1793 2222 1846 hoc
2272 1808 2379 1847 non
2423 1793 2577 1854 dicit.
2615 1793 2697 1845 vel
2731 1791 2920 1862 potius
2960 1807 3059 1857 ego
3114 1791 3302 1844 infelix
3339 1805 3446 1843 non

1818 1871 1854 1924 Β
1885 1883 2025 1943 dico.
2077 1900 2260 1937 meum
2321 1885 2464 1938 enim
2520 1885 2720 1937 malum
2782 1887 2885 1936 hoc
2921 1890 3021 1936 est.
3056 1883 3158 1936 Sed
3195 1881 3322 1950 quid
3364 1895 3445 1934 re-

1889 1973 2159 2039 spondet?
2190 1971 2373 2026 Vocem
2397 1984 2541 2026 !nam
2570 1975 2768 2029 audivi.
2802 1973 3192 2026 deonebuluntis
3217 1974 3267 2023 in
3288 1987 3445 2037 para-

1888 2066 2024 2126 diso,
2067 2074 2113 2117 et
2165 2064 2339 2126 timui,
2375 2079 2433 2115 eo
2480 2062 2616 2129 quod
2673 2064 2840 2115 mulus
2869 2079 3055 2124 essent,
3096 2073 3142 2114 et
3201 2062 3449 2114 abscondi

1889 2173 1992 2209 me.
2034 2154 2175 2220 Quid
2218 2166 2408 2209 contra
2450 2154 2631 2209 Deus?
2664 2153 2729 2206 Et
2753 2157 2866 2221 quis
2904 2155 3152 2206 indicavit
3179 2153 3446 2223 tibi,quod

1889 2249 2059 2302 nudus
2118 2265 2272 2311 esses,
2308 2249 2409 2300 nisi
2461 2248 2585 2316 quia
2617 2247 2680 2298 de
2709 2247 2847 2315 ligno
2891 2248 2952 2300 de
2980 2263 3078 2314 quo
3102 2261 3448 2312 pra-ceperam

1891 2341 2003 2402 tibi,
2043 2348 2098 2392 ut
2131 2339 2195 2393 de
2220 2355 2279 2393 eo
2308 2339 2418 2394 solo
2445 2356 2544 2392 non
2575 2339 2887 2396 comedet-es.
2912 2337 3186 2390 comedisti
3213 2337 3237 2389 ?
3266 2335 3445 2398 Vides.

1889 2431 2133 2493 dilecte,
2194 2429 2665 2498 longanimitatem
2733 2427 3029 2483 Dei?Cum
3088 2427 3295 2480 diceret
3336 2428 3449 2495 ipse

1888 2521 2119 2581 Adamo,
2160 2517 2256 2571 Ubi
2279 2536 2330 2572 es
2355 2520 2379 2572 .’
2409 2528 2462 2572 et
2489 2519 2580 2572 ille
2608 2534 2714 2572 non
2749 2519 2932 2573 statim
2965 2524 3244 2587 peccatum
3280 2515 3450 2568 confi-

1891 2623 2116 2677 teretur,
2175 2611 2268 2665 sed
2324 2612 2695 2680 respOnderet,
2755 2609 2938 2662 Vocem
2981 2620 3125 2661 tuam
3175 2608 3374 2670 audivi,
3401 2615 3448 2657 et

1892 2703 2064 2763 timui,
2097 2719 2156 2755 eo
2192 2701 2332 2771 quod
2383 2704 2554 2755 nudas
2599 2718 2789 2766 essem,
2836 2710 2887 2755 et
2916 2701 3164 2754 abscondi
3213 2715 3313 2759 me,
3342 2712 3447 2750 non

1890 2801 1974 2846 est
2010 2794 2203 2856 iratus,
2248 2807 2356 2845 non
2408 2801 2490 2844 est
2521 2799 2746 2859 repente
2779 2806 3006 2844 aversus
3035 2807 3049 2850 ;
3086 2789 3181 2842 sed
3212 2789 3448 2842 secunda

1892 2883 2044 2934 illum
2102 2881 2404 2947 quaestione
2436 2879 2728 2948 dignatur,
2765 2889 2816 2933 et
2845 2879 2921 2932 ait
2954 2898 2966 2931 :
3003 2877 3134 2943 Quis
3185 2879 3322 2931 enim
3363 2879 3448 2930 in-

1891 2969 2086 3022 dicavit
2125 2969 2242 3030 tibi,
2273 2968 2412 3038 quod
2445 2968 2616 3021 nudus
2640 2984 2797 3032 esses,
2832 2968 2933 3020 nisi
2953 2967 3076 3037 quia
3104 2968 3167 3020 de
3198 2968 3360 3037 ligno,
3389 2968 3451 3020 de

1890 3047 1993 3128 quo
2025 3077 2376 3130 prwceperam
2405 3062 2518 3122 tibi,
2556 3070 2609 3112 ut
2645 3060 2708 3114 de
2741 3076 2800 3113 eo
2828 3059 2940 3114 solo
2985 3073 3086 3112 non
3134 3059 3447 3119 comedens,

1892 3149 2211 3203 contedisti?
2263 3149 2503 3219 lntellige
2551 3149 2976 3216 profunditatem
3013 3161 3329 3200 sermonum
3363 3160 3450 3199 sa-

1893 3242 2110 3310 pientiae
2146 3239 2258 3295 Dei.
2311 3239 2451 3306 Quid
2489 3240 2672 3295 dicis?
2711 3239 2879 3305 Quod
2926 3237 3099 3292 nudus
3155 3254 3338 3302 essem,
3368 3239 3451 3291 itt-

1888 3335 2028 3399 quit.
2079 3333 2373 3387 Peccatum
2429 3339 2584 3384 tuum
2647 3329 2991 3384 abscondis?
3044 3343 3111 3382 an
3172 3339 3328 3397 putas
3367 3343 3450 3381 me

1889 3429 2103 3475 tantum
2138 3435 2341 3490 corpus
2395 3428 2551 3474 tuum
2585 3420 2795 3484 videre,
2831 3434 2926 3472 cor
2950 3427 3155 3481 autem,
3195 3428 3249 3472 et
3300 3420 3450 3488 cogi-

1886 3514 2123 3568 tationes
2171 3521 2298 3566 tuas
2343 3527 2452 3566 non
2491 3512 2842 3582 perspicere?
2873 3511 3140 3579 Sperabat
3171 3513 3312 3564 enim
3355 3512 3446 3564 de-

1887 3605 2042 3658 lusus
2075 3604 2338 3666 Adamus,
2382 3601 2549 3656 Deum
2574 3603 2829 3672 ignorare
2863 3612 3144 3670 peccatum
3178 3600 3371 3670 ipsius,
3395 3607 3449 3654 et

1887 3697 1970 3752 sic
2028 3694 2433 3766 quodammodo
2483 3709 2666 3748 secum
2727 3693 3074 3761 loquebatur.
3145 3691 3203 3745 Si
3255 3691 3449 3744 dixero

1888 3803 1974 3842 me
2019 3786 2228 3841 nudum
2286 3802 2430 3851 esse,
2471 3787 2725 3842 nesciens
2760 3785 2928 3848 Dens,
2963 3792 3189 3852 qumrct,
3221 3799 3319 3838 cur
3351 3799 3449 3836 nu-

1886 3879 1989 3934 dus
2019 3879 2145 3934 sim.
2174 3877 2328 3932 Tune
2378 3878 2509 3935 mihi
2544 3893 2741 3946 negare
2774 3878 2983 3940 licebit,
3015 3884 3068 3931 et
3101 3877 3308 3941 dicere,
3349 3890 3448 3928 ne-

1886 3969 2027 4033 scio,
2067 3984 2401 4038 possuntque
2453 3969 2620 4022 latere
2650 3969 2823 4032 illum,
2860 3979 2913 4022 et
2967 3969 3195 4038 primam
3248 3967 3444 4021 stolam

1885 4063 2152 4132 recipere.
2190 4061 2284 4114 Sin
2315 4062 2520 4122 minus,
2555 4071 2736 4115 tamen
2768 4077 2851 4115 me
2883 4075 2992 4114 non
3025 4059 3226 4129 ejiciet,
3262 4067 3441 4111 tamen

1886 4153 1942 4207 in
1972 4153 2226 4206 exsilium
2259 4167 2370 4206 non
2402 4153 2596 4206 mittet.
2625 4151 2747 4206 Haec
2780 4152 2872 4206 illo
2904 4152 3044 4220 apud
3080 4166 3137 4204 sc
3167 4150 3444 4202 volutante

1888 4241 1969 4311 (ut.
1991 4249 2047 4294 et
2067 4256 2213 4294 nunc
2245 4241 2402 4294 multi
2438 4241 2672 4304 faciunt,
2709 4251 2763 4294 et
2790 4256 2891 4309 ego
2918 4242 3152 4310 primus,
3186 4253 3284 4293 sua
3319 4252 3444 4307 pee-

1887 4342 2008 4387 cata
2032 4333 2401 4397 occultantes)
2439 4331 2579 4387 Deus
2611 4334 2806 4387 nolens
2843 4332 3131 4386 adversum
3173 4347 3268 4386 eos
3301 4330 3444 4383 mul-

1887 4422 2134 4490 tiplicare
2159 4415 2429 4489 judicium
2461 4437 2523 4475 ac
2551 4421 2985 4482 damnationem,
3024 4423 3100 4476 ait
3133 4441 3144 4475 :
3199 4421 3266 4475 Et
3306 4421 3443 4473 unde

1886 4513 2045 4576 nosti,
2074 4514 2215 4580 quod
2260 4511 2433 4564 nudus
2485 4512 2582 4578 sis,
2642 4513 2745 4566 nisi
2775 4514 2898 4581 quia
2931 4513 2995 4566 de
3041 4513 3203 4582 ligno,
3249 4512 3312 4563 de
3341 4528 3443 4578 quo

1881 4616 2234 4670 pi'teceperam
2299 4602 2391 4653 tibi
2445 4618 2507 4654 ne
2559 4602 2873 4665 comederes,
2932 4603 3247 4656 comedisli.’
3284 4600 3440 4669 quasi

1881 4694 2110 4748 diceret.
2146 4692 2210 4744 Et
2242 4693 2468 4746 omnino
2519 4707 2601 4745 me
2632 4693 3040 4760 latereputas?
3091 4707 3262 4761 egone
3310 4691 3438 4757 quid

1885 4784 2082 4839 feceris
2129 4785 2366 4852 ignoro?
2418 4799 2523 4838 non
2579 4785 2751 4846 dices,
2810 4783 3194 4838 Peccat'i?dic
3257 4787 3439 4847 miser,

1883 4876 2074 4937 etiam,
2109 4889 2304 4929 revera
2339 4875 2658 4928 mandatum
2695 4883 2842 4928 tuum
2893 4882 3271 4943 transgressus
3295 4887 3436 4925 smn.

1884 4968 2080 5022 Audivi
2111 4969 2400 5022 consilium
2437 4968 2708 5031 mulieris,
2740 4975 2788 5021 et
2832 4967 3018 5033 lapsus
3069 4981 3189 5020 sum
3214 5005 3228 5026 ,
3271 4967 3431 5018 dcce'

1883 5065 2010 5127 ptns
2043 5074 2163 5114 sum
2203 5060 2572 5121 vehementer,
2609 5059 2682 5111 illi
2722 5073 2940 5126 parens,
2991 5065 3045 5111 et
3088 5060 3186 5110 tibi
3247 5057 3437 5110 inobc-

1883 5149 2059 5204 diens.
2109 5148 2538 5205 Miserere'mei.
2573 5150 2739 5218 Atqui
2797 5164 2905 5203 non
2951 5149 3087 5202 dicit
3123 5148 3290 5210 istud,
3328 5162 3434 5200 non

1883 5241 2223 5304 lmmiliatur,
2272 5257 2380 5295 non
2429 5240 2711 5296 fleetitur:
2763 5240 2969 5293 Nervus
3009 5239 3232 5307 ferreus.
3264 5255 3437 5292 ceret:

1884 5333 2054 5386 cordis
2129 5332 2243 5399 ejus
2271 5333 2337 5395 ",
2373 5333 2529 5400 quasi
2559 5331 2818 5384 nimirum
2869 5339 2923 5384 et
2962 5345 3063 5400 ego
3095 5330 3260 5384 miser
3291 5343 3434 5382 sunt.

1885 5421 1942 5475 Si
1978 5423 2080 5478 hoc
2104 5424 2330 5477 verbum
2365 5423 2714 5492 protulisset,
2741 5421 2795 5473 in
2830 5421 3085 5487 paradiso
3118 5422 3435 5478 mansisset,

1887 5518 2167 5580 totamque
2210 5512 2358 5566 illam
2410 5510 2692 5580 periodum
2751 5509 3013 5563 malorum
3078 5506 3436 5567 infinitarum,

1882 5617 2006 5672 quae
2069 5603 2463 5659 exterminatus
2513 5601 2704 5666 subiit,
2733 5611 2785 5656 et
2843 5609 2920 5654 tot
2983 5599 3204 5662 saecula,
3239 5595 3441 5667 quibus

1651 5782 1693 5813 "
1725 5779 1830 5838 lsa.
1871 5796 2063 5848 xum,
2118 5783 2170 5837 4.
