4156 6340
667 340 776 411 ωε)

1873 354 2253 416 SYMEONI’S
2292 355 2654 420 IUNTORIS

3827 370 3946 435 £00

666 462 810 534 apud
840 463 1046 520 inferos
1078 463 1317 533 delituit,
1352 465 1521 522 unica-
1570 481 1704 523 voce
1735 469 1836 523 hac
1874 470 2233 540 cvaderepo-
2264 478 2307 533 Α,
2408 473 2511 529 Sed
2545 473 2978 543 profunditatem.
3024 480 3405 550 mysteriorum
3457 481 3550 538 Dei
3588 482 3831 553 dispice,
3880 493 3944 541 et

670 556 893 612 tuisset.

739 643 854 699 llnc
891 645 1059 717 igitur
1105 656 1213 707 est.
1259 648 1404 717 quod
1461 664 1549 705 me
1591 649 1871 706 dicturum
1928 654 2239 723 pollicebar.

668 736 806 790 Audi
844 739 1077 808 reliqua,
1114 752 1167 796 et
1203 743 1350 810 quod
1380 742 1518 805 dixi,
1554 743 1693 797 citra
1734 744 1900 799 ullam
1942 746 2239 800 falsitatem

665 841 859 885 verum
906 845 1031 885 esse
1084 845 1406 900 cognosces.
1444 831 1590 888 Dixit
1624 834 1764 890 Deus
1797 834 2005 889 Adanto
2041 853 2053 888 :
2092 835 2241 900 Qua-

665 931 869 988 crtnque
922 921 1054 978 hora
1094 923 1430 977 comederitis
1477 923 1543 978 de
1594 926 1759 994 ligno,
1793 926 1856 980 de
1884 942 1985 996 quo
2020 927 2242 995 prterepi

665 1007 812 1063 vobis
840 1027 904 1064 ne
926 1015 1237 1078 comedetis,
1272 1023 1437 1069 morte
1470 1017 1854 1080 moriemini",
1885 1011 2066 1072 morte’
2086 1017 2242 1071 vide-

664 1099 795 1155 licet
844 1103 1061 1167 animat,
1113 1106 1260 1175 quod
1294 1116 1347 1159 et
1396 1107 1518 1177 ipsa
1585 1108 1677 1161 illa
1709 1109 1841 1161 hora
1889 1108 2092 1162 factum
2133 1116 2240 1175 est,

662 1182 900 1265 idecque
933 1202 1129 1254 stolam
1185 1202 1621 1257 immortalitatis
1652 1202 1911 1271 perdidit.
1945 1202 2091 1257 Nihil
2123 1218 2240 1258 am-

664 1290 809 1360 plius
842 1291 1100 1360 prmdixit
1153 1292 1318 1359 Deus,
1349 1302 1403 1347 et
1447 1294 1581 1348 nihil
1608 1303 1869 1364 prazterea
1900 1294 2098 1349 factum
2135 1303 2238 1350 cst.

664 1380 973 1439 l’rzesciens
1001 1388 1170 1453 enim,
1216 1396 1274 1441 ut
1304 1387 1467 1451 Deus,
1504 1403 1736 1457 peccare
1763 1403 1927 1457 posse
1948 1388 2239 1453 Adamum,

662 1476 972 1545 volensque
1032 1481 1319 1549 pmoitenti
1377 1482 1708 1552 ignoscere,
1775 1482 1913 1536 nihil
1980 1482 2239 1553 amplius,

664 1576 725 1622 ιιι
783 1571 992 1625 dictum
1050 1580 1155 1637 est,
1212 1586 1402 1629 contra
1453 1592 1576 1630 cum
1631 1585 1791 1630 antea
1843 1574 2237 1647 pronuntiavit.

662 1662 966 1731 Postquam
1010 1674 1197 1719 autem
1250 1668 1472 1737 negavit
1504 1677 1788 1737 peceatum
1824 1682 1985 1721 suum
2014 1708 2027 1733 ,
2068 1678 2129 1722 et‘
2149 1684 2242 1722 ne—

2355 566 2526 631 disce,
2564 582 2628 643 ac
2659 568 2854 623 docere
2887 570 3033 635 inde,
3066 587 3171 625 non
3208 570 3376 627 fuisse
3406 573 3726 643 ejiciendus.
3758 577 3804 632 si
3835 592 3943 632 eos

2354 656 2578 712 sceleris
2600 627 2972 725 ⁸[ιιιιιιιίιιιίεεθι
3033 678 3046 713 :
3104 676 3210 714 non
3258 627 3495 717 fuissent
3540 665 3941 733 condemnati,

2352 761 2462 800 non
2498 747 2687 803 fuisset
2718 749 2824 802 lata
2856 750 3124 809 sententia
3149 790 3162 812 ,
3190 760 3247 806 ut
3275 752 3329 806 in
3355 760 3555 808 terram
3592 764 3944 812 reverteren-

2354 845 2465 901 tur,
2498 839 2564 893 dc
2597 854 2703 909 qua
2731 840 2934 909 sumpti
2966 851 3172 897 essent.
3205 843 3345 898 Audi
3376 848 3672 912 quomodo.
3707 849 3942 905 Postea—

2350 942 2512 997 quam
2559 931 2716 997 eiecti
2748 941 2916 997 sunt,
2961 949 3083 989 mox
3120 936 3187 1009 in.
3222 937 3436 994 labores
3470 954 3535 994 ac
3572 942 3803 999 sudores
3848 943 3943 998 in-

2350 1019 2625 1086 ciderunt,
2657 1023 2978 1095 esurireque
3015 1041 3077 1082 ac
3109 1029 3281 1093 sitire,
3314 1040 3369 1085 et
3398 1031 3574 1101 rigere
3606 1046 3670 1087 ex
3704 1032 3941 1105 frigore,

2350 1126 2416 1166 ac
2465 1123 2695 1169 tremere
2744 1129 3025 1186 coeperunt
3060 1160 3073 1182 ,
3128 1135 3191 1174 ac
3244 1124 3447 1193 perpeti
3488 1124 3797 1193 bujusmodi
3838 1126 3940 1180 in-

2349 1206 2636 1261 commoda
2670 1250 2684 1271 ,
2727 1209 2904 1281 qualia
2942 1218 2996 1264 et
3040 1226 3139 1265 nos
3168 1212 3329 1267 hodie
3355 1253 3368 1278 ,
3410 1222 3464 1267 et
3505 1216 3659 1284 plura
3692 1217 3941 1287 perpeti-

2350 1311 2493 1361 mur,
2556 1298 2649 1366 qui
2709 1299 2964 1354 videlicet
3031 1302 3359 1361 calamitatis
3435 1303 3599 1374 hujus
3652 1315 3707 1361 et
3766 1322 3945 1363 casus

2348 1388 2720 1458 cognitionem
2776 1394 3091 1457 accepimus
3126 1410 3140 1448 :
3174 1410 3277 1450 nec
3307 1395 3357 1450 id
3391 1396 3563 1451 solum
3592 1438 3607 1461 ,
3641 1398 3733 1454 sed
3766 1399 3943 1454 etiam

2348 1474 2523 1544 ipsius
2559 1493 2750 1533 eorum
2783 1482 3073 1548 stultitiae,
3124 1493 3181 1541 et
3229 1484 3516 1543 ineﬂ‘abilis
3571 1486 3664 1542 Dei
3716 1489 3941 1543 miseri-

2347 1567 2570 1623 Cordiae.
2630 1569 2795 1625 Extra
2842 1575 3154 1641 paradisum
3198 1576 3381 1646 itaque
3422 1586 3713 1646 vagantes,
3750 1587 3804 1635 et
3841 1595 3943 1634 sc-

2346 1658 2574 1727 dentes,
2608 1663 2945 1731 pmnileban-t
2968 1704 2982 1728 ,
3014 1664 3214 1720 ﬂebant
3235 1707 3250 1731 ,
3285 1669 3746 1734 lamentabantur,
3776 1669 3941 1724 fron-

663 1767 772 1822 que
804 1755 1171 1823 reprehensus
1206 1771 1234 1809 ει
1268 1758 1375 1811 nco
1411 1757 1810 1827 ρωηίιυάἱιυθιη
1845 1758 2122 1828 concepit,
2162 1759 2239 1812 ait
2271 1767 2318 1827 Β
2347 1759 2454 1806 tem
2480 1751 2771 1817 feriebant,
2804 1756 3033 1825 capillos
3066 1758 3367 1824 laniabant,
3390 1761 3743 1829 pertinaciam
3776 1778 3940 1817 suam

665 1844 816 1896 enim
858 1862 871 1896 :
908 1843 1129 1913 Mulier,
1159 1862 1316 1914 quam
1376 1846 1570 1898 dedisti
1612 1848 1761 1909 mihi,
1801 1849 1919 1916 ipsa
1967 1863 2047 1901 me
2093 1847 2245 1900 dece-

663 1936 763 1999 pit.
802 1964 870 1975 --
925 1937 1098 2002 Quam
1154 1939 1349 1991 dedisti
1388 1938 1551 2005 milli;
1585 1953 1617 1992 ο
1660 1941 1898 1992 animant
1933 1948 2125 2009 parum
2159 1949 2246 1994 at~

660 2035 976 2093 tentam,ac
1006 2030 1112 2108 Deo
1140 2031 1292 2099 quasi
1318 2030 1611 2096 dicentem,
1647 2031 1726 2085 Tu
1760 2032 2037 2087 offendisti
2072 2050 2085 2086 :
2121 2032 2244 2086 llu-

660 2121 762 2173 lier
810 2137 969 2189 quam
1026 2120 1222 2175 dedisti
1274 2125 1423 2189 milli,
1456 2126 1572 2191 ipsa
1622 2140 1703 2178 me
1748 2124 1970 2192 decepit,
2009 2124 2154 2193 quod
2192 2133 2246 2181 et

661 2227 811 2266 nunc
870 2214 1084 2283 ahjecto
1148 2215 1305 2281 mihi,
1351 2226 1405 2270 et
1476 2217 1681 2271 infelici
1743 2232 1847 2271 usu
1892 2218 2093 2273 venit:
2137 2232 2242 2272 non

661 2306 808 2358 enim
842 2306 965 2359 volo
997 2322 1238 2376 unquam
1286 2310 1590 2375 humiliari,
1625 2318 1678 2363 et
1709 2309 1893 2365 dicere
1939 2324 2003 2365 ex
2036 2309 2243 2375 animo,

668 2392 781 2466 Ego
813 2397 1140 2464 perditionis
1176 2414 1308 2453 mem
1344 2415 1511 2454 causa
1549 2416 1670 2455 sum
1705 2419 1718 2455 :
1759 2400 1853 2456 sed
1890 2401 1999 2465 aio,
2033 2400 2123 2455 ille
2159 2417 2245 2470 [ne

662 2487 729 2538 ad
766 2487 901 2552 hmc,
938 2495 992 2542 et
1051 2488 1141 2542 illa
1193 2490 1450 2554 dicenda,
1510 2490 1757 2545 facienda
1815 2490 2119 2561 instigavit.
2154 2488 2247 2544 Ille

664 2575 798 2630 mihi
832 2579 1029 2642 suasit,
1057 2580 1255 2641 ut_hoc
1314 2590 1369 2635 et
1411 2581 1514 2635 hoc
1542 2582 1800 2646 facerem,
1842 2590 1895 2636 et
1941 2590 2242 2650 patrarern.

664 2668 708 2722 0
752 2669 1023 2725 infelicem
1048 2672 1323 2739 animam,
1367 2672 1528 2727 verba
1576 2672 1784 2740 peccati
1817 2672 1978 2742 plena
2020 2670 2247 2741 profun-

664 2756 880 2813 dentem
922 2761 933 2813 Ξ
969 2762 1009 2815 Ο
1041 2764 1237 2817 animm
1296 2764 1632 2832 impudentis
1682 2773 1737 2818 et
1784 2764 2032 2818 scelesta:
2064 2764 2243 2833 impu-

664 2852 883 2908 dentem
933 2857 1333 2926 scelestamque
1374 2859 1676 2912 orationem
1726 2859 1738 2910 l
1789 2856 1979 2926 itaque
2020 2873 2142 2912 cum
2192 2867 2247 2911 et

663 2948 771 3002 huc
806 2951 1048 3005 Aulamus
1094 2950 1441 3019 protulisset,
1470 2952 1606 3004 dicit
1646 2954 1692 3005 ei
1732 2951 1876 3006 Deus
1913 2965 1926 3003 :
1964 2951 2028 3003 In
2065 2949 2246 3003 labore

664 3046 712 3090 et
742 3039 936 3093 sudore
959 3040 1196 3092 camertes
1236 3056 1425 3107 portent
1461 3049 1631 3105 tuum,
1676 3048 1726 3092 et
1763 3041 1947 3108 spinas
1984 3056 2046 3093 ac
2079 3040 2248 3091 tribu-

667 3131 747 3183 los
785 3139 925 3183 terra
965 3132 1285 3200 germinabit
1325 3132 1440 3183 tibi.
1476 3131 1544 3185 Et
1594 3138 1877 3199 postremo
1911 3148 1925 3185 :
1955 3130 2093 3195 Quia
2120 3132 2243 3199 pul-
2269 3098 2317 3163 C

668 3223 741 3273 ris
774 3238 848 3277 es.
877 3231 925 3274 et
975 3224 1028 3275 in
1076 3222 1339 3290 pulverem
1388 3222 1688 3276 reverteris.
1732 3221 2009 3287 Dicebam,
2044 3222 2244 3290 inquit,

673 3321 730 3366 ιιι
764 3314 1053 3382 paeniteret
1089 3325 1159 3378 te,
1213 3314 1615 3383 pristinamquc
1655 3314 1782 3367 vita:
1827 3313 2056 3367 formam
2119 3314 2247 3365 reti-

668 3419 845 3459 neres.
882 3405 1019 3469 Quia
1054 3418 1185 3458 vero
1214 3402 1348 3458 adeo
1382 3402 1703 3473 prmlraclus
1755 3417 1836 3467 es,
1863 3417 2030 3471 apage
2052 3401 2119 3455 de
2145 3416 2223 3455 eae

671 3508 795 3552 tero
824 3512 854 3549 a
894 3512 1000 3561 me,
1036 3505 1090 3550 et
1126 3495 1357 3551 sulliciet
1404 3495 1499 3549 tibi
1532 3495 1597 3548 ad
1632 3495 1977 3563 disciplinam
2005 3492 2249 3548 desertio

673 3600 768 3644 tua
806 3610 816 3644 :
853 3589 1112 3655 Quoniam
1149 3588 1321 3655 pulvis
1358 3605 1435 3653 es,
1461 3597 1509 3641 et
1544 3604 1597 3641 ιη
1635 3587 1901 3651 pulverem
1948 3586 2246 3640 reverteris.

679 3682 756 3737 En
801 3684 985 3750 igitur,
1029 3681 1293 3745 didicisti,
1353 3696 1479 3735 cum
1532 3688 1653 3750 post
1714 3680 2247 3749 praevaricationem,

676 3774 805 3845 quia
836 3790 941 3828 non
972 3774 1247 3845 ptcnituit,
1280 3788 1381 3828 nec
1407 3774 1563 3838 dixit,
1585 3772 1833 3835 Peccavi,
1861 3780 1914 3826 et
1940 3772 2249 3841 expulsum,

676 3884 731 3921 et
760 3868 811 3921 in
842 3867 1026 3922 labore
1062 3883 1125 3921 ac
1159 3868 1362 3922 sudore
1417 3868 1582 3920 vitam
1634 3881 1794 3937 agere
1838 3865 2076 3934 jussnm,
2112 3874 2166 3919 et
2197 3866 2249 3918 in

676 3968 901 4026 terram,
937 3960 1002 4014 de
1032 3975 1139 4030 qua
1176 3968 1494 4027 assumptus
1529 3970 1634 4022 est,
1673 3959 1999 4012 damnatum
2038 3974 2162 4013 esse
2196 3967 2253 4012 ut

679 4053 902 4117 rediret,
937 4052 1084 4122 quod
1144 4054 1216 4106 ita
1270 4052 1525 4113 evenisse
1576 4060 1794 4107 constat
1825 4068 1903 4105 ex.
1927 4052 2013 4105 his
2047 4066 2165 4122 qua:
2199 4054 2250 4104 in

679 4147 967 4217 Scriptura
1035 4153 1364 4215 sequuntur.
1427 4146 1668 4202 Proinde
1742 4147 1836 4199 iilo
1915 4146 2143 4201 dimisso
2188 4146 2253 4200 ad

677 4242 845 4295 Evam
879 4240 1047 4303 venit,
1082 4243 1381 4295 ostendere
1422 4240 1634 4299 volens.
1673 4240 1845 4308 ipsam
1888 4254 2108 4308 quoque
2140 4254 2256 4309 pcn-

680 4331 856 4385 nitere
884 4331 1183 4391 nolentem,
1212 4330 1340 4397 jure
1372 4344 1495 4382 cum
1524 4329 1645 4397 ipso
1669 4329 1905 4395 ejectum
1936 4329 2023 4393 iri,
2050 4336 2103 4381 ct
2130 4327 2205 4380 ait
2240 4347 2252 4381 :

682 4418 823 4483 Quid
888 4418 982 4469 hoc
1040 4417 1256 4485 fecisti?
1306 4423 1365 4467 ut
1418 4424 1471 4469 et
1531 4415 1621 4468 illa
1664 4415 1945 4483 subjiciat,
2009 4416 2251 4482 peccavi.
2288 4444 2329 4499 ῐ,

680 4508 816 4562 Nam
850 4508 979 4577 quid
1016 4506 1220 4574 alioqui
1257 4520 1397 4574 opus
1432 4505 1667 4557 habebat
1702 4503 1863 4569 Deus,
1902 4520 2111 4572 quaeso,
2150 4503 2252 4555 hu-

679 4598 922 4669 jusmodi
961 4598 1143 4651 verbis
1182 4611 1301 4649 eam
1336 4596 1689 4663 compellare,
1730 4595 1834 4648 nisi
1870 4597 1971 4647 hac
2022 4595 2137 4649 sola
2186 4594 2252 4649 de

682 4705 872 4755 causa,
907 4698 966 4741 ut
1033 4688 1241 4739 diCt‘l‘l'l
1295 4686 1386 4739 illa
1430 4704 1442 4737 ε
1502 4686 1558 4739 Ιιι
1616 4686 1935 4753 insipientia
1973 4700 2117 4749 mea,
2153 4683 2257 4738 Do-

679 4786 854 4847 mine,
883 4782 1029 4836 istud
1064 4779 1201 4833 feci?
1237 4794 1335 4847 ego
1374 4779 1577 4831 nullius
1610 4778 1789 4846 pretii,
1830 4787 1885 4831 ct
1918 4777 2127 4831 misella
2156 4777 2253 4829 tibi

688 4875 920 4928 Domino
955 4887 1074 4925 tneo
1127 4886 1233 4923 non
1265 4870 1639 4937 obtemperavi
1686 4870 1949 4921 miserere
1990 4869 2114 4921 mei.
2151 4867 2255 4921 Sed

688 4966 793 5018 ista
820 4980 925 5015 non
960 4961 1118 5013 dixit.
1152 4958 1290 5023 Quid
1328 4967 1509 5011 autem
1537 4958 1558 5010 ?
1599 4957 1820 5026 Serpens
1855 4958 2055 5025 decepit
2089 4974 2186 5010 me.
2220 4958 2260 5009 Ο

689 5070 964 5126 smporem
997 5056 1007 5105 ι
1038 5053 1187 5105 itane
1226 5069 1256 5120 p
1282 5067 1383 5104 anc
1420 5067 1544 5103 cum
1572 5059 1825 5120 serpente
1854 5060 2042 5103 contra
2079 5049 2262 5103 Domi-

689 5165 820 5203 ltlllll
847 5147 1009 5199 verba
1039 5146 1133 5198 tibi
1181 5145 1466 5204 ingerente
1491 5143 1885 5196 commercium
1919 5141 2177 5201 habuisti,
2209 5149 2261 5193 ct

694 5244 841 5296 hunc
873 5240 982 5292 Deo
1010 5236 1245 5290 creatori
1278 5248 1367 5287 tu)
1401 5236 1708 5303 prtctulisti,
1739 5246 1785 5287 et
1824 5235 2114 5285 consilium
2142 5232 2262 5299 ejus

696 5332 950 5385 mandato
982 5328 1192 5381 Domini
1247 5326 1711 5396 llIt'St'llllillS,1lC
1756 5325 1937 5378 verius
1982 5324 2266 5377 existima-

696 5424 803 5478 sti!
867 5420 969 5474 Ulli
1029 5422 1198 5489 igitur
1229 5435 1325 5472 nec
1370 5419 1516 5471 illam
1549 5418 1823 5471 dicentem
1868 5417 2095 5477 invenit,
2128 5416 2265 5469 Pce-

700 5514 838 5577 ravi,
881 5512 1180 5577 ejiciuntur
1215 5527 1242 5564 c
1277 5510 1513 5573 deliciis,
1558 5526 1584 5562 ιι
1635 5509 1911 5578 paradiso,
1940 5516 1992 5562 ct
2036 5508 2144 5563 llco
2173 5523 2265 5563 cx-

700 5606 991 5673 pelluntur.

774 5787 817 5809 "
870 5788 1000 5839 Gen.
1052 5802 1109 5850 ll,
1150 5786 1209 5840 £7

2350 1842 2715 1913 deplorantes.
2776 1846 2834 1900 ld
2888 1863 3049 1917 porro
3082 1865 3188 1903 non
3236 1867 3403 1904 unum
3435 1890 3450 1913 ,
3492 1862 3587 1905 aut
3620 1852 3757 1907 duos
3786 1892 3801 1917 ,
3835 1862 3945 1906 aut

2348 1933 2535 1989 decem
2567 1935 2687 1992 dies
2713 1978 2728 2001 ,
2777 1939 2869 1993 sed
2902 1980 2916 2004 ,
2964 1940 3203 1996 credatis
3265 1942 3397 1995 mihi
3452 1944 3609 1996 velim
3640 1986 3653 2009 ,
3691 1944 3944 2012 quandiu

2348 2037 2480 2081 aetas
2534 2029 2919 2098 suppeditavit.
2973 2031 3261 2097 Quomodo
3307 2034 3451 2087 enim
3516 2044 3765 2105 peterent
3818 2050 3947 2089 non

2348 2116 2693 2173 continenter
2740 2132 2907 2189 atque
2936 2123 3083 2175 omni
3134 2132 3374 2193 tempore
3407 2126 3675 2197 lacrymas
3704 2127 3944 2196 profun-

2350 2205 2479 2259 dere
2506 2245 2519 2268 ,
2555 2221 2678 2259 cum
2713 2206 3005 2263 Dominum
3046 2210 3195 2263 illum
3229 2221 3336 2265 tam
3371 2221 3757 2285 mansuetum,
3792 2215 3945 2269 deli.-

2350 2299 2465 2353 cia-s
2517 2299 2639 2354 illas
2673 2340 2687 2362 ,
2735 2316 2870 2370 quas
2932 2317 3112 2357 sermo
3170 2306 3360 2374 nequit
3416 2304 3732 2369 declarare,
3780 2306 3941 2361 illam

2352 2387 2544 2442 (lorum
2577 2392 3049 2459 pulchritudinem
3085 2394 3505 2449 inenarrabilem
3532 2434 3545 2458 ,
3579 2396 3726 2449 illam
3758 2397 3939 2450 vitam

2348 2482 2496 2535 omni
2543 2482 2903 2545 sollicitudine
2957 2500 3021 2539 ac
3072 2487 3255 2540 labore
3289 2501 3517 2541 vacuam
3548 2528 3563 2552 ,
3611 2488 3941 2559 angelorum

2352 2573 2415 2625 ad
2485 2575 2633 2642 ipsos
2720 2575 3018 2630 descensus
3074 2592 3445 2649 ascensusque
3532 2580 3952 2648 reeogitarent?

2351 2664 2819 2729 Quemadmodum
2872 2668 3017 2721 enim
3056 2708 3071 2731 ,
3123 2673 3214 2735 qui
3265 2671 3331 2723 ab
3381 2669 3563 2739 aliquo
3622 2670 3937 2740 principum

2351 2757 2516 2827 hujus
2567 2758 2749 2812 saeculi
2783 2759 2942 2814 electi
2978 2771 3106 2814 sunt
3135 2761 3271 2813 servi
3302 2803 3317 2826 ,
3353 2761 3419 2815 ad
3456 2761 3818 2831 prestandum
3851 2761 3949 2815 illi

2353 2868 2536 2905 coram
2582 2853 2944 2907 ministerium
2973 2895 2987 2918 ,
3024 2855 3266 2925 quandiu
3299 2856 3692 2919 reverentiam,
3732 2865 3787 2910 et
3833 2855 3945 2908 ho-

2352 2960 2539 2998 norem
2573 2986 2585 3009 ,
2618 2954 2671 2997 et
2705 2946 2975 2999 serviendi
3013 2962 3211 3001 munus
3257 2948 3533 3001 sincerum
3572 2946 3797 3002 Domino
3828 2963 3941 3002 suo

2352 3044 2611 3103 prmstaut
2638 3075 2653 3096 ,
2688 3036 2980 3105 ipsumque
3006 3080 3019 3103 ,
3070 3052 3132 3090 ac
3174 3052 3467 3093 conversos
3498 3052 3626 3092 suos
3656 3038 3891 3107 diligunt
3924 3078 3952 3102 ι

2350 3128 2512 3180 etiam
2572 3128 2823 3183 libertate
2882 3146 3008 3208 erga
3069 3145 3229 3195 eum,
3268 3138 3322 3183 et
3376 3131 3747 3185 benevolentia
3807 3128 3946 3195 ejus

2351 3233 2645 3288 amoreque
2692 3221 2856 3273 multa
2922 3236 3042 3274 eum
3090 3221 3431 3287 .vacatione,
3480 3222 3821 3291 iucunditate
3876 3235 3940 3278 et

2351 3312 2717 3365 oblectatione
2774 3312 3148 3379 perfruuntur.
3214 3313 3307 3367 Sin
3364 3323 3543 3368 autem
3589 3314 3642 3368 in
3676 3328 3943 3369 vesanam

2352 3398 2701 3455 insolentiam
2740 3412 2931 3454 contra
2969 3402 3254 3455 Dominum
3294 3418 3451 3455 suum
3499 3404 3682 3468 versi,
3713 3403 3945 3458 obtorto

2354 3490 2492 3543 collo
2542 3498 2759 3558 raplcnt
2808 3504 3105 3545 conservos
3156 3505 3322 3555 suos,
3371 3507 3537 3560 seque
3589 3507 3750 3560 supra
3805 3484 3943 3549 illos

2354 3581 2614 3645 efferant,
2649 3581 2739 3650 qui
2793 3581 2931 3650 apud
2982 3582 3130 3635 illum
3187 3583 3472 3646 libertate,
3512 3584 3937 3652 benevolentia,

2354 3680 2408 3724 et
2437 3686 2621 3725 amore
2680 3671 3035 3742 gaudebant,
3078 3689 3140 3727 ea
3201 3673 3381 3727 omnia
3434 3674 3723 3737 amittuut‘,
3766 3685 3821 3727 et
3876 3675 3937 3730 in

2357 3764 2710 3834 longinquam
2744 3766 2811 3818 ab
2841 3781 2906 3820 eo
2939 3766 3214 3834 regionem
3248 3752 3497 3834 relegati,
3521 3766 3747 3835 ejusque
3770 3767 3941 3833 jussu

2360 3858 2662 3913 innumeris
2712 3857 3093 3912 laSsilndinum
3122 3899 3138 3923 ,
3166 3858 3624 3928 vexationumque
3674 3860 3941 3914 tentatio-

2356 3951 2517 4003 nibus
2554 3950 2789 4019 objecti,
2822 3950 2990 4018 magis
3030 3953 3309 4020 magisque
3345 3949 3510 4007 ferias
3536 3950 3733 4019 quibus
3777 3951 3940 4005 frue-

2358 4043 2578 4107 bantur,
2614 4051 2665 4096 ct
2698 4044 3022 4097 detrimenta
3076 4043 3339 4098 bonorum
3390 4043 3715 4098 amissorum
3771 4042 3945 4097 intel-

2359 4136 2552 4205 ligunt.
2591 4133 2790 4189 Eodem
2841 4135 3000 4189 modo
3038 4133 3389 4203 protoplastis
3428 4135 3649 4201 evenit,
3687 4135 3941 4202 quicum

2360 4225 2413 4278 in
2469 4225 2722 4293 paradiso
2784 4234 3005 4294 agentes
3062 4225 3219 4280 bonis
3280 4225 3397 4279 illis
3452 4224 3940 4288 circumﬂuerent,

2361 4316 2555 4369 deinde
2602 4317 2671 4369 ab
2722 4316 2910 4370 iisdem
2948 4318 3153 4371 exclusi
3184 4324 3236 4371 et
3280 4316 3507 4386 projeeti
3538 4356 3553 4380 ,
3586 4316 3676 4371 ubi
3708 4332 3771 4370 ea
3803 4319 3945 4368 ami-

2363 4408 2502 4461 sisse
2554 4417 2886 4470 senserunt,
2934 4424 3147 4477 semper
3204 4408 3660 4470 lamentabantur,
3716 4422 3942 4475 seraper

2362 4499 2596 4563 ﬂebant,
2636 4500 2846 4553 Domini
2904 4502 2986 4555 sui
3070 4500 3503 4555 misericordiam
3556 4500 3941 4569 implorantes.

2364 4592 2503 4657 Quid
2563 4592 2728 4657 facit,
2766 4593 2855 4660 qui
2912 4594 3117 4646 multus
3170 4600 3256 4647 est
3307 4594 3361 4645 in
3416 4591 3827 4655 misericordia,
3885 4602 3945 4645 et

2367 4683 2557 4737 tardus
2597 4683 2651 4735 in
2688 4684 2950 4751 supplicio
3000 4684 3021 4735 ?
3054 4681 3123 4736 Ut
3151 4683 3283 4736 vidit
3312 4697 3405 4737 eos
3428 4682 3774 4746 humiliatos,
3808 4696 3945 4750 pro-

2366 4775 2527 4828 latam
2563 4777 2883 4829 senlcntiam
2921 4790 3044 4829 mox
3094 4783 3352 4840 revocat,
3385 4790 3521 4853 cum,
3538 4775 3601 4827 ad
3629 4774 3947 4844 castigatio-

2366 4884 2485 4921 nem
2513 4870 2760 4933 scilicet,
2798 4878 2848 4922 et
2880 4886 2943 4922 ne
2977 4870 3097 4936 quis
3130 4866 3408 4922 Conditori
3456 4852 3830 4921 universorum
3879 4882 3948 4923 se

2365 4968 2667 5028 opponeret
2701 4999 2714 5021 ,
2751 4974 2866 5012 eam
2908 4958 3142 5014 tulisset.
3188 4958 3322 5012 Cum
3354 4958 3496 5013 enim
3526 4998 3539 5022 ,
3569 4969 3626 5011 ut
3662 4959 3801 5012 Deus
3833 4997 3849 5021 ,
3882 4969 3947 5014 et

2364 5064 2553 5102 casum
2606 5050 2842 5104 hominis
2883 5060 2935 5103 ct
2981 5052 3357 5119 poenitentiam
3402 5051 3720 5119 prmscirct,
3774 5058 3941 5105 ante-

2368 5156 2529 5209 quam
2565 5141 2968 5194 uuivcrsitatem
3008 5140 3310 5205 moliretur,
3349 5149 3405 5194 et
3436 5140 3897 5209 opportunitatem
3926 5182 3943 5205 ,

2369 5246 2421 5285 et
2451 5248 2696 5301 tempus,
2734 5244 2785 5287 et
2814 5233 3106 5301 quomodo,
3136 5241 3189 5286 et
3222 5231 3441 5300 quando
3482 5233 3628 5283 hunc
3649 5232 3717 5284 ab
3744 5230 3949 5285 exsilio

2368 5324 2694 5385 reduceret,
2748 5322 3115 5377 secretissima
3171 5323 3401 5391 judicio,
3457 5330 3509 5375 ct
3573 5321 3943 5391 investigabili

2370 5414 2515 5466 enini
2579 5414 2792 5483 spiritui
2843 5413 3104 5468 deﬁnivit.
3160 5414 3291 5467 Nam
3346 5414 3391 5469 si
3446 5414 3769 5484 quibusdam
3822 5414 3948 5468 lucc

2369 5508 2605 5561 revelata
2649 5505 2917 5571 fuissent,
2948 5519 2998 5561 ct
3042 5507 3282 5562 scribere
3313 5506 3655 5569 voluissent,
3706 5520 3813 5559 non
3853 5505 3947 5561 eis

2373 5600 2615 5668 tempusf,
2648 5615 2755 5653 non
2799 5600 2983 5655 charta
3015 5640 3025 5665 ,
3060 5616 3167 5654 non
3212 5607 3568 5655 atramentum
3606 5597 3946 5655 sull‘ecissct.
