4156 6340
215 382 320 445 5'31

1524 375 1755 439 ORATI
1768 375 1813 435 Ο
1857 370 2149 438 ΧΧΧΙΙῘ.

3348 369 3458 437 5(‘2

221 495 381 551 Sicut
418 511 546 566 ergo
582 504 870 550 miseratus
914 505 1039 551 ante
1077 495 1361 552 constituit
1411 503 1465 548 et
1511 493 1754 563 przedixit
1784 531 1796 553 .
1827 489 2161 550 Adesidiosi
2205 488 2401 542 fuerint
2437 487 2811 544 incredulitate
2837 502 2958 544 .sua
2999 487 3163 542 Deum
3212 498 3457 543 contem-

221 592 306 644 sic
339 589 526 658 utique
551 588 711 643 etiam
745 588 870 644 fecit
909 606 923 642 :
959 600 1011 643 et
1043 604 1180 659 quos
1221 604 1251 643 e
1286 588 1538 658 paradiso
1577 595 1796 656 propter

224 681 616 749 impudentiam
645 722 659 744 ,
704 689 758 735 et
805 682 1158 752 imposnitens
1196 697 1310 746 cor,
1346 696 1409 735 ac
1460 680 1795 732 voluntatem

223 770 560 824 obstinatam
589 772 748 840 ejecit
774 814 788 836 ,
820 783 878 826 ut
907 766 1126 835 decuit,
1167 789 1261 827 eos
1294 781 1410 827 acta
1447 772 1794 841 pmnitentia,

223 870 278 916 et
311 877 408 928 pro
445 876 529 927 eo,
563 873 619 916 ut
649 863 954 928 debebant,
989 864 1301 918 humiliatos
1326 903 1342 928 ,
1375 871 1426 916 et
1453 871 1574 932 post
1613 861 1796 916 ﬂetum

224 964 288 1002 ac
324 950 554 1003 lamenta
584 952 699 1019 ipse
732 952 819 1005 ille
852 955 1000 1008 solus
1025 969 1086 1007 ex
1123 955 1240 1008 solo
1267 954 1579 1023 unigenitus
1605 950 1795 1014 Filius,

222 1049 276 1093 et
313 1039 548 1095 Verbum
603 1042 778 1096 Patris
808 1045 889 1098 sui
923 1083 937 1106 ,
967 1046 1056 1112 qui
1092 1045 1194 1099 fuit
1225 1055 1350 1099 ante
1375 1060 1555 1100 .omne
1589 1043 1797 1114 princi‘

223 1131 378 1201 pium
406 1173 421 1196 ,
457 1150 580 1186 cum
635 1135 1046 1200 descendisset,
1079 1147 1141 1190 ¹ιιι
1191 1152 1380 1192 omnes
1441 1138 1616 1192 nostis
1643 1175 1659 1198 ,
1692 1154 1796 1192 non

223 1225 403 1278 solum
453 1227 646 1280 similis
685 1227 794 1282 illis
825 1229 984 1282 homo
1037 1229 1213 1283 factus
1242 1239 1365 1294 est,
1411 1230 1504 1284 sed
1540 1230 1700 1284 etiam
1730 1230 1797 1282 ad

224 1315 517 1368 violentam
587 1327 640 1371 et
676 1316 993 1387 probros:tm
1021 1328 1247 1375 mortem
1281 1330 1542 1390 raptatus.
1581 1321 1800 1388 perinde

224 1414 284 1456 ut
322 1404 398 1457 illi
433 1407 566 1459 mori
604 1421 706 1459 non
743 1408 1014 1463 recusavit
1046 1428 1059 1463 :
1095 1418 1148 1465 et
1181 1410 1518 1464 desvendens
1559 1412 1622 1465 ad
1656 1411 1797 1464 infc-

220 1508 321 1546 ros
352 1533 364 1554 ,
388 1496 550 1547 etiam
582 1496 708 1549 inde
747 1511 841 1551 eos
875 1499 1095 1566 eripuit.
1141 1499 1243 1564 Qui
1284 1515 1413 1569 ergo
1449 1508 1555 1554 tam
1590 1501 1753 1554 multa
1782 1541 1796 1564 ,

216 1601 386 1655 quam
429 1587 671 1655 quotidie
698 1591 851 1644 audis
871 1631 884 1654 ,
916 1606 1107 1645 eorum
1135 1606 1298 1647 causa
1333 1595 1580 1661 pertulit,
1617 1601 1676 1646 ut
1705 1609 1798 1648 eos

220 1693 248 1726 a
284 1678 580 1747 longinquo
620 1679 716 1732 illo
743 1682 937 1736 exsilio
971 1692 1250 1738 revocaret
1275 1724 1289 1747 ,
1319 1686 1363 1740 si
1416 1685 1798 1754 pmniluissent

219 1767 275 1819 in
309 1769 582 1834 paradiso,
620 1786 724 1824 non
762 1773 882 1826 illos
914 1776 1327 1829 commiseratus
1363 1776 1555 1830 fuisset
1588 1777 1609 1830 ?
1660 1779 1794 1843 Quid

220 1859 304 1919 ni,
337 1862 425 1928 qui
469 1861 735 1936 benignus
764 1872 844 1917 est
866 1903 880 1926 ,
919 1872 971 1917 et
1001 1866 1205 1920 idcirco
1228 1867 1509 1922 hominem
1544 1877 1793 1932 crearat,

220 1961 284 2002 ιιι
341 1950 492 2005 bonis
529 1952 701 2020 ipsius
739 1954 791 2006 in
834 1956 1087 2022 paradiso
1146 1956 1436 2023 frueretur,
1475 1970 1528 2012 et
1574 1960 1796 2014 benefa-

220 2050 432 2094 ctorem
483 2057 639 2095 suum
689 2045 1064 2114 glurificaret?
1110 2037 1251 2102 sane
1283 2049 1379 2115 ita,
1428 2059 1485 2104 ut
1531 2051 1793 2117 arbitror,

219 2126 423 2182 fratres
447 2169 461 2192 ,
495 2128 695 2184 factum
733 2131 949 2187 fuisset.

301 2218 372 2275 Ut
397 2232 572 2274 autem
605 2232 657 2276 et
698 2234 890 2279 caetera
920 2227 1124 2292 discas,
1158 2238 1209 2281 et
1243 2229 1419 2287 verbis
1455 2230 1588 2283 meis
1625 2232 1798 2299 major

221 2310 369 2378 apud
422 2321 472 2365 te
526 2314 654 2369 fides
695 2317 802 2381 sit,
847 2319 970 2371 a-udi
1025 2321 1254 2388 reliqua.
1313 2322 1368 2384 Si
1417 2325 1799 2390 pmnituissent

221 2400 407 2456 adhuc
452 2403 505 2456 in
538 2406 794 2473 paradiso
829 2407 1087 2476 degentes
1113 2450 1127 2473 ,
1178 2411 1355 2480 ipsum
1401 2412 1548 2465 illum
1587 2414 1798 2482 paradi-

222 2505 348 2543 sum
381 2494 731 2561 recepissent.
763 2511 826 2550 ac
863 2507 1122 2566 praeterea
1149 2500 1302 2558 nihil.
1338 2502 1472 2567 Quia
1514 2518 1642 2558 vero
1671 2518 1798 2572 pro-

222 2593 349 2650 pter
380 2586 834 2653 imptenitentiam
879 2605 1035 2644 suam
1063 2573 1275 2661 expulsi
1310 2604 1476 2658 sunt,
1512 2610 1574 2648 ac
1605 2595 1798 2651 deinde

221 2678 576 2732 vehementer
615 2681 945 2748 pmnitcntes
975 2724 988 2746 ,
1023 2683 1293 2754 lacrymas
1325 2685 1622 2753 fuderunt,
1664 2687 1797 2742 allii-

227 2768 417 2832 ctique
457 2781 582 2824 sunt
619 2789 632 2825 :
669 2787 788 2840 qua:
819 2809 835 2833 ,
881 2781 936 2825 ιιι
971 2775 1118 2839 dixi,
1150 2792 1255 2830 non
1303 2785 1487 2831 essent
1527 2779 1668 2846 passi
1700 2818 1715 2842 ,
1753 2782 1797 2833 si

223 2854 281 2906 in
314 2859 564 2922 paradiso
595 2854 979 2928 pmnituisscnt
1009 2901 1024 2924 ,
1061 2879 1156 2930 pro
1185 2865 1463 2920 laboribus
1500 2865 1623 2920 istis
1652 2905 1668 2930 ,
1702 2882 1799 2922 su-

225 2945 452 3000 tioribus
477 2987 490 3008 ,
522 2958 575 3002 et
624 2949 889 3005 molestiis
915 2993 929 3015 ,
966 2961 1019 3006 et
1058 2953 1200 3008 bona
1245 2955 1564 3028 pmnitentia
1610 2956 1798 3010 volens

224 3035 495 3091 Dominus
523 3037 664 3093 Deus
695 3039 903 3096 honore
934 3056 1026 3097 eos
1053 3051 1106 3098 et
1137 3045 1304 3110 gloria
1334 3043 1573 3105 afficere.
1607 3040 1712 3099 'nec
1745 3045 1796 3099 id

224 3132 439 3176 tantum
463 3165 480 3190 ,
508 3126 602 3180 sed
641 3129 803 3182 etiam
840 3129 1080 3182 omnium
1119 3131 1330 3183 illorum
1366 3133 1629 3186 malorum
1662 3123 1796 3187 obli-

221 3215 441 3268 vionetn
499 3217 604 3271 illis
655 3218 883 3282 afferre,
935 3222 1062 3287 quid
1115 3222 1280 3290 agit?
1330 3221 1606 3290 Perpende
1667 3225 1797 3278 mihi

222 3305 577 3374 benignitatis
613 3309 1056 3377 magnitudinem.
1095 3309 1381 3368 Descendit
1423 3315 1487 3368 ad
1552 3315 1756 3371 inferos
1782 3358 1795 3378 ,

224 3389 432 3465 eosque
468 3397 665 3451 deinde
701 3386 974 3462 reductos,
1010 3417 1117 3456 non
1161 3403 1212 3455 iu
1247 3404 1561 3471 paradisum
1587 3447 1600 3468 ,
1636 3424 1796 3475 quem

223 3487 562 3551 amiserant,
591 3489 865 3553 restituit,
910 3491 1002 3544 sed
1039 3492 1089 3542 in
1138 3491 1270 3544 illud
1310 3493 1505 3545 caelum
1540 3495 1662 3558 coeli
1705 3511 1798 3549 eos

221 3576 495 3630 subvexit.
560 3577 659 3642 Qui
717 3593 839 3632 cum
896 3581 961 3632 ad
1011 3580 1291 3635 dexteram
1345 3582 1435 3636 Dei
1487 3580 1662 3638 Patris
1715 3585 1796 3637 sui

223 3668 495 3736 principio
542 3670 780 3724 carentis
828 3670 1100 3734 sedisset,
1142 3672 1269 3740 quid
1298 3673 1346 3726 ei
1376 3712 1390 3737 ,
1437 3673 1670 3735 Adamo,
1717 3675 1800 3727 in-

221 3769 419 3823 quam,
445 3766 604 3808 servo
634 3757 850 3825 quidem
885 3774 986 3813 suo
1017 3761 1312 3814 secundum
1345 3769 1595 3816 naturam
1615 3801 1629 3825 ,
1662 3766 1796 3831 patri

221 3850 408 3898 autem
438 3859 538 3898 suo
561 3841 757 3900 vocato
792 3848 1090 3904 secundum
1129 3853 1382 3919 gratiam,
1417 3853 1612 3909 fecisse
1639 3855 1801 3911 dicis?

227 3931 363 3986 Vide
411 3933 465 3988 iu
512 3945 771 4004 quantam
827 3939 1169 3994 altitudinem
1226 3950 1447 4012 propter
1476 3943 1594 4012 ejus
1628 3946 1800 4013 pmni-

222 4026 450 4077 tentiam
485 4064 503 4088 ,
561 4027 922 4082 humilitatem
958 4067 973 4092 ,
1033 4031 1264 4084 lamenta
1319 4040 1480 4101 atque
1529 4034 1798 4104 lacrymas

217 4113 488 4168 Dominus
539 4117 716 4184 ipsum
749 4121 1056 4174 sustulerit.
1097 4120 1140 4177 Ο
1172 4123 1534 4192 larrymarum
1581 4134 1633 4178 et
1681 4141 1797 4195 pm-

216 4205 468 4261 nitentite
497 4207 638 4261 vim!
674 4206 718 4262 Ο
749 4209 1029 4266 immensas
1082 4211 1433 4280 benignitatis
1461 4251 1474 4274 ,
1502 4222 1554 4265 et
1594 4228 1800 4270 scruta-

217 4299 350 4355 bilis
419 4301 808 4356 misericordia:
877 4304 1132 4371 pelagus,
1191 4305 1387 4359 fratres
1424 4305 1436 4358 !
1472 4305 1609 4370 Quia
1688 4322 1811 4362 non.

216 4397 403 4466 ipsum
437 4397 611 4450 solum
638 4437 653 4463 ,
697 4397 795 4452 sed
821 4405 875 4452 et
925 4398 1240 4465 universum
1288 4401 1409 4469 ejus
1436 4415 1620 4455 semen
1647 4446 1659 4464 ,
1694 4417 1794 4457 nos

1900 583 2104 651 pserint
2131 624 2145 648 ,
2189 592 2240 636 et
2287 593 2614 653 praeceptum
2649 581 2769 656 ejus
2803 581 3173 636 violaverim?
3215 579 3272 636 Si
3309 581 3453 635 enim

1901 675 1973 728 illi
2013 673 2408 738 credidissent,
2444 689 2551 728 non
2598 682 2899 742 serpentem
2948 672 3058 735 Eva
3090 713 3105 738 ,
3135 687 3242 726 non
3297 672 3456 726 Evam

1897 766 2137 820 Adamus
2182 766 2268 820 ille
2294 768 2392 821 fhle
2437 765 2736 835 digniorem
2784 765 3168 820 existimasset.
3210 762 3313 817 Sed
3367 777 3459 817 ca-

1899 873 2027 912 vere
2067 857 2352 927 oportebat
2381 899 2394 919 ,
2422 873 2488 912 ne
2533 857 2598 912 de
2631 856 2826 910 arbore
2881 856 3038 910 vetita
3089 854 3458 911 comederent.

1900 946 2001 1004 Ubi
2037 947 2425 1008 comederunt,
2470 947 2627 1014 ejecti
2669 952 2820 1000 sunt.
2867 943 3102 998 Rursum
3133 985 3148 1009 ,
3188 944 3323 997 nihil
3357 941 3462 996 illis

1902 1036 2152 1091 exsilium
2187 1034 2367 1089 damni
2401 1075 2415 1098 ,
2464 1036 2554 1089 sed
2587 1032 2915 1103 amplissima
2941 1034 3079 1086 bona
3109 1031 3375 1094 contulit,
3409 1039 3462 1083 et

1901 1126 1967 1180 ad
2039 1126 2266 1180 salutem
2330 1125 2485 1180 nobis
2557 1124 2806 1178 omnibus
2865 1120 3149 1176 conduxit.
3203 1119 3462 1188 Delapsus

1901 1215 2097 1285 quippe
2123 1216 2188 1270 de
2215 1217 2354 1269 coelo
2383 1214 2642 1268 Dominus
2670 1221 2871 1276 noster,
2904 1223 3078 1266 morte
3111 1226 3208 1264 sua
3237 1218 3460 1266 mortem

1900 1317 2139 1362 nostram
2180 1306 2485 1370 destruxit,
2520 1305 3028 1373 damnationemque
3064 1303 3466 1372 praevaricatio-

1901 1404 2024 1452 n'etn
2079 1399 2234 1466 primi
2288 1399 2525 1468 parentis
2579 1396 2751 1452 nostri
2801 1403 3149 1450 consecutam
3221 1393 3466 1447 funditus

1903 1490 2154 1554 sustulit,
2186 1504 2388 1559 perque
2426 1503 2640 1543 sacrum
2674 1488 2940 1557 baptisma
2977 1500 3074 1538 nos
3102 1499 3428 1552 regenerans
3452 1523 3465 1546 ,

1900 1591 1952 1637 et
1980 1583 2248 1651 refingens
2276 1622 2289 1647 ,
2333 1589 2386 1635 et
2426 1596 2487 1635 ea
2541 1580 2777 1648 perfecte
2832 1592 2930 1634 nos
2975 1577 3194 1631 solvens
3221 1615 3235 1640 ,
3276 1577 3330 1630 itt
3366 1577 3468 1629 hoc

1907 1673 2110 1727 mundo
2172 1687 2396 1740 prorsus
2457 1671 2697 1736 liberos,
2763 1685 2861 1724 nec
2914 1669 3228 1742 tyrannidi
3264 1665 3468 1720 inimici

1903 1765 2177 1831 subjectos
2209 1764 2438 1819 collocat
2480 1781 2491 1814 :
2530 1763 2622 1817 sed
2669 1763 2924 1832 primaeva
2952 1759 3168 1816 arbitrii
3193 1755 3466 1813 libertate

1905 1871 2004 1908 nos
2029 1856 2308 1909 honorans
2333 1895 2350 1920 ,
2380 1853 2561 1922 potius
2588 1852 2733 1906 vires
2767 1859 2956 1905 contra
2986 1865 3109 1904 eum
3150 1848 3427 1902 ministrat
3449 1886 3466 1910 ,

1907 1957 1967 2001 ut
1994 1948 2084 2015 qui
2123 1946 2350 2009 volunt,
2388 1946 2687 1999 nullocum
2741 1944 2963 2013 negotio
2986 1941 3278 1996 deviucant
3303 1980 3315 2002 ,
3347 1938 3467 1993 feli-

1903 2037 2022 2092 cius
2069 2051 2229 2107 quam
2261 2036 2433 2091 sancti
2484 2049 2672 2089 omnes
2693 2074 2708 2099 ,
2743 2036 2832 2100 qui
2875 2042 3002 2086 ante
3030 2033 3232 2086 Christi
3262 2032 3466 2084 adven-

1907 2139 2016 2182 tum
2049 2131 2321 2181 vix-‘runt.
2373 2126 2464 2181 Die
2492 2135 2671 2180 autem
2705 2141 2813 2193 suo
2839 2124 3150 2194 perfuncti,
3197 2139 3300 2176 non
3321 2123 3472 2202 ‘sicnt

1905 2220 1981 2276 illi
2014 2258 2026 2278 ,
2056 2220 2121 2271 ad
2159 2214 2364 2272 inferos
2391 2261 2404 2282 ,
2432 2218 2524 2273 sed
2558 2220 2612 2271 ln
2643 2218 2838 2272 cmlum
2866 2256 2881 2280 ,
2922 2224 2976 2276 et
3009 2217 3071 2270 ad
3103 2215 3327 2269 delicias
3352 2213 3472 2268 illas

1907 2323 1968 2362 ac
2000 2310 2310 2376 voluptates
2344 2307 2738 2374 perducuntur.
2773 2307 2838 2361 Et
2869 2320 3014 2360 nunc
3036 2304 3255 2375 quidem
3281 2301 3471 2358 mode-

1905 2401 2075 2454 ratius
2129 2399 2380 2452 laetantur
2440 2413 2454 2450 :
2504 2407 2557 2451 at
2620 2406 2743 2466 post
2787 2398 3025 2452 reditum
3072 2410 3362 2465 corporum
3412 2394 3464 2444 in

1905 2493 2068 2545 vitam
2097 2529 2111 2553 ,
2147 2491 2365 2560 penitus
2398 2489 2726 2557 sempiterno
2755 2489 2952 2558 gaudio
2982 2497 3276 2558 quantttm,
3301 2500 3476 2555 quan-

1903 2591 2019 2637 tum
2061 2591 2144 2636 est
2192 2579 2578 2651 dignabuntur.
2631 2579 2730 2644 Qui
2771 2581 2932 2648 igitur
2972 2579 3200 2640 volunt,
3235 2576 3474 2630 .mantel-

1906 2675 2014 2728 lum
2080 2689 2185 2728 non
2250 2682 2541 2746 quaerant,
2592 2687 2693 2727 nec
2741 2672 2923 2725 dicant
2976 2686 2989 2725 :
3039 2668 3205 2724 Plane
3249 2674 3472 2737 propter

1904 2764 2098 2819 Adami
2139 2765 2636 2835 transgressionem
2682 2761 3074 2832 cupiditatibus
3101 2774 3219 2822 nos,
3249 2771 3312 2811 ac
3349 2756 3471 2810 libi-

1907 2855 2124 2908 dinibus
2160 2856 2349 2924 agitari
2377 2897 2389 2918 ,
2425 2863 2477 2910 et
2511 2853 2633 2908 inde
2661 2868 2761 2906 nos
2795 2852 2859 2906 ad
2895 2859 3173 2919 peceatum
3207 2847 3471 2918 pertrahi.

1907 2948 2007 3012 Qui
2040 2949 2112 3000 ita
2160 2947 2401 3000 sentiUnt
2430 2955 2483 2998 et
2513 2945 2832 3013 loquuntur,
2863 2942 3070 2995 Domini
3119 2954 3181 2993 ac
3237 2938 3326 2992 Dei
3375 2951 3472 2989 uo-

1906 3035 2005 3088 stri
2041 3036 2329 3088 adventum
2369 3033 2769 3088 infructuosum
2795 3071 2809 3094 ,
2841 3032 3165 3096 inanemque
3197 3026 3472 3082 exstitisse

1904 3126 2217 3193 opinantur,
2254 3125 2396 3192 quod
2440 3123 2814 3179 limreticorum
2846 3163 2859 3186 ,
2901 3137 3010 3177 non
3056 3121 3290 3176 fidelium
3344 3128 3478 3186 est,

1905 3228 1960 3270 ιιι
1993 3217 2095 3270 dici
2130 3218 2287 3270 solet.
2317 3216 2495 3281 Quare
2525 3215 2665 3266 enim
2699 3213 2996 3273 descendit,
3035 3220 3124 3265 aut
3156 3227 3252 3263 cur
3283 3224 3466 3263 necem

1903 3322 2096 3376 passus
2150 3316 2273 3369 est,
2308 3306 2409 3359 nisi
2452 3305 2523 3358 ob
2559 3304 2659 3357 hoc
2687 3304 2942 3364 omnino,
2981 3311 3040 3355 ut
3069 3301 3465 3356 damnationem

1903 3395 2106 3464 peccati
2159 3394 2463 3449 mercedem
2513 3394 2765 3456 tolleret,
2818 3401 2870 3446 et
2921 3407 3092 3462 genus
3151 3401 3395 3446 nostrum
3437 3406 3467 3443 e

1901 3488 2161 3540 servitute
2181 3525 2195 3548 ,
2224 3494 2277 3539 et
2311 3486 2624 3554 operatione
2674 3483 2888 3539 Satanae
2918 3482 3121 3537 inimici
3156 3487 3424 3537 assereret
3446 3483 3479 3532 2·

1903 3577 2028 3633 Ha'c
2054 3579 2196 3633 enim
2228 3587 2310 3632 est
2338 3592 2591 3646 germana
2625 3577 2844 3631 libertas
2869 3614 2884 3640 ,
2913 3574 3111 3629 nullius
3143 3575 3467 3629 dominatio-

1904 3686 2030 3724 nem
2074 3682 2396 3737 quocunque
2428 3668 2642 3721 tandem
2688 3668 2851 3720 modo
2886 3666 3112 3735 perpeti.

1969 3759 2078 3814 Nos
2125 3760 2389 3828 siquidem
2418 3773 2447 3811 a
2495 3768 2780 3826 peccatore
2823 3764 3174 3824 peccatores,
3211 3770 3239 3808 a
3279 3764 3458 3809 trans-

1901 3865 2150 3922 gressore
2193 3861 2663 3914 transgressores,
2696 3855 2748 3900 et
2807 3862 2833 3900 a
2872 3862 3029 3902 servo
3073 3846 3275 3916 peccati
3333 3861 3462 3914 pro-

1903 3941 2079 4010 pagati
2106 3980 2118 4003 ,
2159 3939 2321 3992 etiam
2364 3938 2461 4006 ipsi
2500 3937 2639 3990 servi
2692 3937 2897 4005 peccati
2928 3945 3143 3990 eramus
3169 3976 3183 4000 ,
3223 3950 3251 3988 a
3293 3938 3464 3989 male-

1901 4032 2047 4087 dicto
2101 4037 2153 4084 et
2189 4035 2403 4083 mortuo
2433 4027 2703 4081 maledicti
2735 4035 2893 4096 atque
2925 4025 3157 4088 mortui,
3194 4024 3259 4078 ab
3282 4039 3347 4078 eo
3374 4028 3478 4089 qui

1903 4138 2066 4178 suasu
2107 4120 2326 4190 maligni
2365 4119 2714 4172 transversim
2750 4125 2902 4172 actus
2924 4157 2939 4180 ,
2971 4124 3024 4171 et
3052 4117 3104 4169 in
3137 4115 3460 4183 mancipium

1901 4214 2020 4282 ejus
2058 4212 2347 4269 redactus.
2391 4225 2550 4263 suum
2579 4208 2668 4277 jus
2715 4221 2778 4261 ac
2804 4213 3120 4276 potestatem
3149 4206 3399 4259 amiserat
3447 4223 3463 4257 :

1902 4312 1962 4358 ut
2017 4303 2106 4357 filii
2142 4305 2294 4370 ejus,
2341 4300 2529 4354 eodem
2575 4298 2810 4366 maligno
2861 4297 2915 4349 in
2970 4295 3125 4350 nobis
3164 4306 3418 4363 operante
3446 4335 3460 4358 ,

1902 4410 2110 4464 suaque
2136 4408 2236 4447 nos
2283 4392 2522 4460 potentia
2554 4388 2895 4457 opprimente
2926 4425 2942 4450 ,
2977 4387 3260 4455 tyrannico
3291 4385 3462 4454 ipsius

217 4487 485 4541 nimirum
517 4488 636 4556 ejus
685 4489 826 4542 filios
851 4526 867 4552 ,
897 4489 1014 4558 ejus
1045 4488 1444 4545 confessionem
1473 4532 1488 4556 ,
1523 4492 1790 4560 pteniten-
1826 4495 1869 4550 ι)
1900 4487 2128 4555 imperio
2176 4484 2521 4553 parebamus.
2561 4479 2702 4534 Deus
2749 4487 2926 4532 autem
2977 4478 3043 4532 de
3080 4479 3219 4531 coelo
3249 4475 3458 4541 adfuit,

218 4578 355 4632 tiam
379 4616 394 4639 ,
433 4578 666 4631 lamenta
694 4619 704 4643 ,
743 4579 1017 4649 lacrymas
1038 4616 1051 4641 ,
1081 4589 1133 4633 et
1176 4580 1277 4634 alia
1307 4595 1426 4649 qua:
1454 4595 1617 4650 supra
1648 4582 1793 4646 dixi,

217 4670 468 4724 imitatos
495 4708 509 4733 ,
545 4670 770 4737 perinde
823 4680 882 4724 ut
916 4671 1062 4724 illum
1095 4679 1149 4725 et
1182 4671 1465 4724 honoravit
1493 4710 1507 4735 ,
1549 4680 1600 4726 et
1629 4673 1790 4741 glori-

219 4761 452 4813 ﬂcavit:
490 4769 541 4814 et
587 4763 657 4816 ita
693 4761 1020 4834 facientibus
1051 4778 1223 4830 usque
1268 4778 1438 4826 nunc,
1488 4772 1541 4818 et
1576 4779 1641 4818 ex
1686 4765 1786 4817 hoc

220 4851 488 4915 facturis,
520 4853 632 4905 sive
658 4854 949 4916 mundani,
987 4857 1099 4908 sive
1133 4853 1380 4906 monachi
1419 4853 1553 4915 sint,
1600 4869 1781 4922 parem

220 4945 487 4998 honorem
537 4953 588 4997 et
642 4946 867 5012 gloriam
943 4947 1159 4998 tribuet.
1195 4945 1365 4998 Amen
1397 4983 1410 5009 ,
1456 4945 1586 4998 dixit
1633 4961 1793 4999 verax

221 5033 410 5096 Deus,
445 5050 551 5088 non
595 5036 894 5104 relinquam
943 5051 1036 5092 eos
1078 5050 1349 5104 unquam,
1401 5036 1494 5090 sed
1538 5044 1794 5104 tanquam

223 5121 427 5178 fratres
455 5134 724 5187 meos,-et
763 5127 989 5189 amicos,
1024 5135 1228 5195 patres,
1262 5135 1480 5190 matres,
1515 5138 1794 5196 cognatos,

224 5212 543 5266 coheredes
607 5228 756 5268 meos
809 5214 1031 5268 reddam
1087 5231 1215 5278 eos,
1262 5225 1315 5269 ct
1371 5215 1704 5284 glorificavi,
1746 5228 1798 5270 et

223 5299 564 5369 gloriﬁcabo,
597 5312 651 5356 et
699 5305 752 5357 in
795 5306 933 5358 ccelo
971 5320 1185 5359 sursum
1215 5345 1228 5367 ,
1261 5319 1314 5358 et
1350 5306 1401 5360 in
1440 5313 1583 5359 terra
1634 5307 1793 5360 deor-

224 5406 350 5444 sum
378 5430 392 5455 ,
421 5401 473 5442 et
509 5393 614 5444 vita
638 5431 654 5455 ,
706 5395 887 5447 laetitia
917 5437 930 5460 ,
967 5407 1129 5465 atque
1159 5396 1328 5463 gloria
1370 5398 1609 5466 ipsorum
1647 5398 1796 5450 nullo

223 5481 334 5535 ﬁne
372 5483 872 5538 circumscribetur.

299 5571 439 5636 Quid
474 5587 622 5642 ergo,
667 5573 738 5626 mi
775 5574 961 5640 frater,
1011 5574 1360 5644 protoplastis
1400 5576 1522 5626 vita:
1563 5573 1702 5627 ratio
1740 5574 1790 5625 in

227 5661 506 5730 paradiso,
537 5664 745 5719 laboris
787 5674 840 5720 et
870 5681 1125 5722 curarum
1169 5667 1351 5724 nescia
1385 5665 1584 5736 profuit
1614 5707 1627 5732 ,
1669 5680 1791 5720 cum

301 5779 349 5808 ’⁵
372 5775 606 5848 Philipp.
651 5793 708 5844 It,
743 5778 793 5830 7.

1902 4593 2122 4633 carnem
2157 4575 2350 4637 induit,
2378 4573 2570 4627 similis
2598 4581 2844 4624 nostrum
2876 4580 3066 4633 natus,
3099 4569 3304 4636 absque
3334 4583 3459 4635 pec-

1898 4677 2044 4732 cato,
2075 4675 2357 4736 peccatum
2389 4661 2643 4724 sustulit,
2673 4661 3221 4728 conceptionemque,
3247 4666 3299 4712 et
3332 4672 3460 4726 pro-

1902 4758 2234 4815 creationem
2292 4752 2682 4811 sanctilicavit,
2733 4757 2786 4803 et
2833 4749 3095 4817 gradatim
3158 4749 3459 4814 educatus,

1899 4859 2064 4905 totam
2140 4853 2352 4899 {etatem
2432 4840 2727 4896 benedixit.
2785 4838 2982 4893 Viriles
3041 4850 3216 4892 autem
3285 4855 3457 4896 annos

1898 4943 2178 5010 ingressus
2209 4977 2223 5000 ,
2275 4935 2585 4990 concionari
2640 4931 2910 4996 instituit,
2956 4931 3157 4984 docens
3211 4944 3308 4983 nos
3337 4969 3353 4993 ,
3390 4947 3454 4985 nc

1897 5046 2062 5085 canos
2090 5025 2372 5096 prudentia
2409 5033 2462 5075 et
2496 5022 2711 5083 virtute,
2745 5035 2840 5074 nos
2869 5019 3094 5086 juvenes
3122 5019 3373 5080 maxime,
3401 5029 3454 5071 et

1895 5117 2177 5190 prudentia
2228 5115 2467 5168 nondum
2496 5112 2592 5164 viri
2629 5123 2954 5179 praecurrere
2980 5148 2992 5171 ,
3019 5115 3073 5161 et
3117 5116 3454 5162 antevertere

1897 5213 1948 5261 in
1977 5209 2156 5276 aliquo
2186 5205 2429 5258 velimus.
2455 5198 2705 5266 Suscepit
2734 5207 2917 5251 nostra
2948 5211 3044 5264 pro
3077 5196 3248 5260 nobis,
3271 5205 3454 5249 custo-

1897 5301 2136 5367 ditisque
2169 5297 2423 5348 omnibus
2455 5293 2622 5362 patris
2669 5291 2751 5344 sui
2793 5289 3076 5357 praeceptis
3103 5327 3118 5350 ,
3152 5297 3453 5354 transgres-

1897 5396 2050 5445 sione
2088 5406 2185 5442 nos
2216 5387 2413 5449 solvit,
2447 5395 2992 5452 transgressoresque
3035 5395 3064 5432 a
3106 5379 3450 5432 damnatione

1893 5482 2205 5535 vindicavit.
2231 5478 2380 5532 Servi
2412 5477 2580 5531 forma
2603 5481 2821 5542 accepta
2849 5486 3037 5526 senvus
3071 5481 3154 5525 est
3186 5468 3360 5522 factus
3382 5468 3449 5529 “,

1894 5585 1947 5629 et
1997 5588 2095 5626 nos
2142 5586 2329 5626 servos
2362 5571 2414 5623 in
2448 5570 2725 5639 antiquam
2757 5564 3072 5634 dignitatem
3109 5563 3447 5616 dominorum

1894 5663 2130 5718 restituit
2156 5702 2167 5727 ,
2199 5675 2261 5715 ao
2299 5661 2516 5730 tyranni
2547 5658 2743 5714 veteris
2768 5656 3017 5712 dominos
3046 5654 3238 5710 effecit.
3280 5651 3464 5721 Cujus
