4156 6340
683 360 791 422 503

1915 372 2298 437 SYMEONIS
2319 373 2684 441 IUNIORIS

3807 375 3923 444 εῡι

683 472 758 529 rei
792 484 959 532 testes
992 487 1117 534 sunt
1146 484 1317 537 sancti
1343 523 1358 546 ,
1394 486 1485 555 qui
1534 489 1700 543 etiam
1732 502 1905 547 morte
1934 492 2043 561 jam
2092 495 2243 551 obita
2269 495 2316 552 Δ
2346 492 2491 548 cium
2519 507 2697 562 tuum,
2724 502 2779 551 et
2803 493 3047 551 defensio
3071 509 3180 550 non
3209 504 3292 549 est
3323 493 3541 549 inventa
3567 494 3621 547 in
3652 507 3745 549 ore
3768 508 3918 551 mec.

682 572 859 634 :psum
887 607 902 631 ,
930 576 984 623 et
1011 570 1288 629 ministros
1317 575 1433 645 ejus
1463 585 1521 631 ut
1558 580 1842 650 languidos
1870 623 1884 648 ,
1917 596 1969 641 et
1996 587 2243 643 imbecil-

681 654 759 710 les
790 658 1096 728 repellunt,
1139 679 1199 718 ac
1235 665 1437 735 fugant.
1478 667 1794 729 Maledictus
1840 676 2016 735 factus
2062 690 2146 735 est
2186 681 2242 736 in

681 759 846 801 cruce
870 750 1095 807 sumus
1126 753 1463 822 (Ma/edictus
1493 759 1635 814 enim
1663 804 1676 827 ,
1712 762 1885 835 inquit
1915 766 2194 838 Scriptura
2222 811 2238 835 ,

679 841 849 894 omnis
898 844 990 911 qui
1029 846 1213 912 pendet
1244 847 1298 901 in
1328 850 1467 919 ligno
1506 852 1575 923 ⁸⁸)
1622 861 1675 907 et
1709 862 2014 912 universam
2049 860 2239 915 Adatni

681 933 1113 991 maledictionem
1167 953 1196 991 a
1253 941 1412 997 nobis
1464 945 1692 1015 depulit.
1739 946 1987 1005 Mortuus
2033 961 2156 1014 est,
2188 960 2244 1006 et

682 1033 850 1079 morte
888 1041 988 1082 sua
1015 1038 1241 1084 mortem
1268 1036 1518 1101 peremit.
1555 1037 1899 1104 Resurrexit,
1930 1050 1982 1097 et
2012 1043 2242 1108 inimici,

678 1115 769 1183 qui
821 1132 915 1183 per
966 1129 1192 1177 mortem
1226 1131 1280 1177 et
1323 1136 1604 1195 peccatum
1659 1142 1986 1202 patestatem
2038 1136 2094 1193 in
2142 1151 2244 1192 nos

676 1206 1003 1271 exercebat,
1050 1211 1307 1268 virtutem
1371 1219 1851 1293 operationemque
1910 1226 2125 1280 delevit.
2185 1224 2243 1282 in

680 1296 1012 1352 mortiferqu
1067 1304 1266 1374 quippe
1317 1323 1623 1374 venenum,
1672 1322 1727 1368 et
1779 1315 1928 1369 virus
1990 1317 2243 1385 peccati,

678 1386 931 1443 ineffabili
964 1391 1204 1458 deitatis,
1236 1408 1289 1451 et
1314 1401 1493 1455 carnis
1530 1418 1643 1457 sua:
1676 1406 1888 1461 viviliea
1924 1386 2249 1465 eliicacitate

678 1476 873 1545 injecta
903 1520 918 1545 ,
959 1497 1132 1550 genus
1165 1486 1463 1544 humanum
1533 1493 1600 1547 ab
1658 1498 1976 1565 operatione
2038 1499 2244 1555 inimici

674 1568 1004 1627 omnimodis
1028 1572 1295 1633 liberavit.
1334 1579 1436 1635 Per
1463 1598 1679 1639 sacrum
1708 1598 1888 1642 autem
1939 1589 2205 1659 baptisma
2229 1634 2243 1658 ,

675 1664 729 1709 et
776 1666 1217 1721 communionem
1271 1672 1719 1730 intemeratorum
1781 1679 1900 1748 ejus
1960 1684 2248 1752 mysterio-

679 1760 819 1838 rum,
849 1755 1096 1823 corporis
1128 1773 1343 1828 nempe.
1366 1772 1417 1817 et
1448 1768 1731 1835 sanguinis
1756 1772 2010 1838 pretiosi,
2047 1788 2242 1829 emun-

673 1836 813 1894 dans
880 1857 977 1899 nos
1004 1846 1049 1878 "
1082 1887 1101 1912 ,
1150 1858 1203 1903 et
1252 1853 1534 1910 vivilicans
1563 1897 1576 1920 ,
1623 1836 1842 1915 sanctos
1866 1903 1885 1926 ,
1932 1836 1999 1915 ct
2033 1867 2237 1932 peccati

675 1941 842 1993 puros
872 1931 1069 1990 reddit.
1117 1936 1222 1992 Sed
1250 1949 1303 1995 et
1334 1958 1549 1999 rursum
1588 1947 1797 2003 arbitrii
1831 1931 2081 2008 libertate
2107 1970 2241 2010 con-

673 2015 922 2073 decorari
951 2023 1116 2090 sinit,
1145 2037 1201 2079 ut
1231 2046 1341 2084 non
1369 2036 1577 2099 coacti,
1610 2038 1702 2091 sed
1737 2039 1977 2094 volentes
2013 2041 2241 2098 Domino

674 2108 880 2164 servire
906 2114 1184 2175 videamur
1215 2139 1229 2174 :
1262 2132 1314 2177 et
1353 2128 1811 2193 quemadmodum
1843 2132 1909 2186 ab
1945 2132 2101 2189 initio
2123 2147 2244 2190 erat

672 2198 910 2257 Adamus
945 2206 999 2261 in
1055 2212 1305 2277 paradiso
1350 2218 1485 2272 liber
1514 2260 1527 2284 ,
1558 2232 1823 2295 extraque
1872 2229 1976 2283 vim
2028 2238 2082 2283 et
2111 2244 2241 2300 pec-

672 2302 855 2347 catum
907 2299 1187 2358 voluntate
1232 2308 1409 2363 soluta
1467 2327 1530 2366 ac
1585 2315 1750 2371 libera
1810 2299 2241 2375 obediebatiini-

674 2385 836 2486 inice.
889 2403 917 2441 a
958 2405 1063 2459 quo
1120 2396 1379 2467 deceptus
1432 2407 1748 2462 mandatum
1811 2410 1904 2465 Dei
1969 2413 2239 2467 violavit:

670 2489 750 2573 sic
780 2486 831 2531 et
865 2494 966 2537 nos
992 2500 1021 2537 e
1046 2500 1202 2541 sacrc
1231 2490 1553 2559 baptismate
1587 2506 1887 2569 regenerati
1915 2542 1928 2566 ,
1964 2506 2244 2560 servitutis

664 2584 798 2639 jugo
821 2586 847 2621 a
883 2573 1043 2629 nobis
1078 2578 1329 2647 depulso,
1373 2588 1544 2641 nostri
1576 2589 1717 2657 juris
1751 2592 2017 2664 liberique
2060 2599 2243 2652 reddi-

670 2674 793 2751 mur
834 2679 848 2716 :
885 2678 948 2718 ae
980 2668 1083 2723 nisi
1116 2673 1258 2728 ultro
1290 2674 1513 2732 inimico
1559 2681 1936 2751 obtemperare
1971 2688 2202 2741 velimus
2228 2726 2242 2748 ,

667 2749 772 2844 alia
807 2756 1040 2822 quadam
1072 2761 1156 2815 via
1191 2772 1383 2819 coittra
1424 2782 1526 2822 nos
1562 2749 1912 2827 molirinihil
1956 2785 2157 2844 potest.
2189 2779 2244 2833 Si

665 2843 813 2895 enim
861 2858 991 2901 ante
1024 2849 1191 2921 legem
1224 2862 1279 2909 et
1309 2856 1602 2914 adventum
1648 2861 1850 2917 Christi
1882 2843 1969 2921 his
1993 2871 2246 2925 omnibus

668 2943 923 2990 carentes
971 2943 1190 2999 auxiliis
1249 2946 1448 3012 multi,
1508 2950 1616 3006 imo
1653 2953 2079 3014 innumerabiles
2138 2960 2246 3014 Deo

667 3024 1118 3121 placuerunt,et
1167 3045 1317 3091 extra
1370 3043 1587 3110 culpam
1651 3045 1905 3101 vixerunt
1956 3050 2007 3119 (e
2046 3052 2245 3121 quibus

2345 584 2489 641 Nihil
2518 588 2662 643 enim
2696 602 2861 657 super
2880 595 3079 641 terram
3111 585 3238 649 feci,
3268 586 3410 657 quod
3440 587 3662 641 unicum
3690 586 3915 641 verbum

2343 680 2583 733 otiosum
2632 680 2749 734 oris
2780 678 2887 732 mei
2927 691 3281 745 compensare
3308 683 3492 746 queat.
3549 676 3684 731 Nam
3717 676 3772 732 si‘
3798 692 3923 732 oni-

2344 784 2467 822 nem
2495 768 2763 838 justitiam
2814 770 3005 825 fecerit
3058 768 3219 822 homo
3243 807 3258 831 ,
3290 776 3544 837 tanquam
3577 783 3766 823 servus
3792 808 3807 831 ,
3861 774 3919 821 et

2343 859 2555 915 debitor
2587 861 2753 917 faciet
2781 902 2797 927 ,
2825 861 3324 930 compensationem
3362 868 3541 913 autem
3574 861 3780 930 peccati
3830 857 3919 914 s..i

2345 954 2551 1007 nullam
2584 954 2845 1008 inveniet.
2909 951 3120 1007 Etenim
3155 952 3529 1007 misericordia
3565 950 3663 1005 abs
3714 961 3764 1005 te
3797 951 3921 1004 solo

2343 1053 2425 1098 est
2453 1084 2466 1107 ,
2496 1053 2551 1099 et
2580 1056 2861 1113 peccatum
2894 1058 3040 1100 mors
3067 1050 3175 1100 est.
3234 1042 3297 1096 Et
3328 1043 3581 1113 quisnam
3611 1058 3704 1111 per
3737 1041 3918 1111 ipsum

2346 1135 2586 1190 moriens
2610 1175 2627 1200 ,
2660 1135 2823 1189 etiam
2858 1149 2953 1203 per
2979 1135 3219 1202 seipsum
3254 1132 3553 1202 resurgat?
3583 1133 3765 1186 nullus
3790 1146 3922 1185 oui-

2346 1226 2496 1280 nino.
2552 1226 2630 1280 Tu
2676 1226 2828 1282 solus
2892 1233 3141 1281 mortuus
3212 1222 3600 1288 resurrexisti,
3659 1222 3921 1292 quoniam

2346 1327 2628 1386 peccatum
2678 1332 2786 1371 non
2820 1316 3085 1372 admisisti
3117 1354 3136 1381 ,
3183 1331 3284 1369 nec
3336 1314 3591 1369 inventus
3625 1323 3708 1367 est
3758 1312 3925 1368 dolus

2348 1405 2399 1458 in
2436 1420 2530 1460 ore
2560 1414 2654 1460 tuo
2685 1407 2733 1437 "
2760 1443 2774 1460 .
2808 1404 2929 1459 Jam
2970 1421 3101 1460 vero
3134 1404 3259 1473 quis
3297 1403 3559 1457 morietur
3592 1402 3644 1457 in
3679 1402 3925 1471 peccatis

2344 1506 2397 1552 et
2447 1512 2554 1551 non
2600 1497 2845 1565 capietur
2877 1496 3259 1565 pmnitudine:
3299 1504 3353 1549 at
3392 1494 3527 1548 nihil
3568 1493 3615 1548 ei
3652 1492 3924 1562 proderit.

2349 1590 2440 1644 Sic
2487 1600 2539 1643 et
2584 1605 2669 1643 me
2695 1630 2709 1652 ,
2744 1590 2968 1643 Domine
2998 1588 3346 1659 omnipotens
3372 1628 3385 1651 ,
3416 1586 3647 1656 paenitet
3696 1585 3920 1653 quidem

2347 1682 2609 1735 malorum
2671 1698 2791 1751 qua:
2843 1681 3096 1751 patravi,
3154 1696 3262 1734 non
3326 1680 3542 1750 prolicit
3598 1689 3777 1733 autem
3850 1677 3925 1731 ad

2342 1771 2614 1840 justitiam
2649 1771 2779 1825 mihi
2814 1771 3129 1838 poenitentia
3179 1784 3295 1822 mea
3334 1786 3348 1824 ί
3378 1776 3464 1822 est
3497 1768 3641 1821 enim
3680 1773 3925 1818 tantum-

2346 1864 2506 1919 modo
2536 1863 2742 1934 peccati
2772 1863 2995 1933 agnitio.
3023 1863 3244 1916 Etnunc
3274 1862 3423 1916 vides
3447 1859 3657 1926 omnia,
3676 1856 3925 1911 omnium

2344 1959 2645 2028 inspector,
2673 1957 2896 2011 Domine
2921 1997 2935 2020 ,
2970 1957 3060 2022 qui
3105 1969 3371 2025 nusquam
3428 1951 3561 2006 mihi
3602 1950 3791 2004 relicta
3838 1954 3923 2003 est

2345 2046 2540 2100 salutis
2578 2046 2819 2109 occasio,
2850 2044 2944 2099 sed
2986 2045 3165 2097 vivum
3217 2058 3303 2097 me
3332 2042 3581 2097 infernus
3609 2038 3919 2110 deglutivit.

2346 2137 2424 2189 'l‘u
2456 2144 2635 2189 autem
2668 2137 2816 2190 solus
2854 2144 3009 2204 potes
3042 2150 3125 2188 me
3160 2134 3423 2188 reducere
3469 2139 3523 2187 et
3588 2144 3781 2186 sanare
3815 2128 3923 2182 do-

2347 2229 2512 2282 lorem
2546 2228 2730 2282 cordis
2766 2229 2869 2282 mei
2898 2269 2913 2294 ,
2947 2231 3207 2296 quoniam
3254 2237 3445 2297 potens
3494 2234 3577 2280 est
3607 2237 3796 2276 manus
3822 2227 3921 2275 tua

2347 2317 2413 2369 ad
2467 2319 2650 2370 omnia
2678 2358 2692 2379 ,
2730 2328 2781 2371 et
2817 2319 2868 2370 in
2930 2318 3066 2372 lines
3120 2318 3442 2387 abyssnrum
3497 2327 3788 2384 penetrans
3814 2352 3831 2377 ,
3870 2320 3927 2366 et

2347 2406 2528 2458 omnia
2567 2420 2663 2474 pro
2717 2416 2848 2458 nutu
2899 2414 2993 2458 tuo
3024 2420 3277 2474 operans.
3338 2403 3457 2456 Non
3494 2401 3665 2454 audeo
3692 2402 3874 2453 dicere
3906 2436 3925 2463 ,

2349 2493 2605 2548 Miserere
2639 2495 2741 2547 mei
2769 2532 2783 2556 ,
2813 2510 2931 2547 sum
2959 2493 3101 2547 enim
3137 2494 3390 2561 indignus
3427 2490 3822 2545 misericordia.
3856 2488 3928 2541 At

2351 2598 2404 2641 tu
2434 2627 2447 2651 ,
2484 2586 2711 2641 Domine
2737 2627 2751 2650 ,
2779 2586 2921 2640 nosti
2953 2585 3137 2640 omnia
3166 2623 3180 2647 ,
3214 2593 3297 2650 et,
3325 2596 3380 2639 ut
3432 2583 3583 2636 novit
3617 2582 3927 2649 benignitas

2351 2688 2462 2739 tua,
2494 2678 2573 2731 iac
2602 2678 2653 2730 in
2689 2692 2792 2740 me,
2828 2676 2919 2746 qui
2950 2678 3112 2731 etiam
3154 2676 3268 2746 ipsa
3306 2676 3412 2727 vita
3440 2675 3693 2745 indignus
3719 2688 3864 2726 sum.

2421 2768 2511 2823 Sic
2550 2769 2694 2833 erit,
2735 2767 2930 2822 fratres
2957 2807 2972 2832 ,
3003 2769 3092 2837 qui
3150 2782 3332 2821 coram
3382 2767 3491 2819 Deo
3548 2765 3928 2832 omnipotente

2351 2860 2631 2929 pescavit,
2669 2872 2720 2915 et
2760 2860 2953 2913 timore
3004 2859 3197 2927 judicii
3229 2902 3242 2924 ,
3268 2858 3681 2925 aversionisque
3722 2854 3814 2907 Dei
3852 2855 3925 2906 ah

2350 2968 2429 3010 se.
2462 2950 2626 3005 animi
2660 2966 2881 3005 sensum
2914 2952 3134 3021 accipit.
3185 2949 3373 3003 Timor
3407 2951 3553 3003 enim
3588 2947 3833 3009 Domini,
3868 2953 3925 3000 et

2351 3040 2543 3093 notitia
2597 3039 2972 3093 retributionis
3008 3040 3128 3109 ejus
3180 3042 3252 3092 ita
3302 3054 3497 3094 carnes
3548 3036 3826 3107 liquefacit
3865 3042 3925 3089 et

662 3114 869 3209 justum
910 3120 1089 3177 Enoch
1126 3131 1481 3187 translatione
1521 3134 1842 3205 honoravit,
1872 3114 2241 3198 Ellam-curru

2350 3147 2474 3187 ossa
2526 3133 2795 3197 conterit,
2837 3141 2895 3185 ut
2945 3132 3081 3201 lapis
3131 3148 3162 3186 a
3212 3132 3462 3186 machina
3510 3144 3808 3199 suspensus
3864 3128 3921 3181 in

668 3206 825 3304 igneo
856 3212 1004 3266 velut
1035 3216 1087 3269 in
1120 3220 1318 3273 coelum
1354 3228 1697 3296 assumpsit).
1727 3230 1859 3299 quid
1886 3249 1985 3287 nos
2014 3249 2242 3304 respon-

667 3296 916 3389 debimus
943 3343 958 3367 ,
992 3305 1084 3371 qui
1139 3318 1261 3376 post
1315 3315 1544 3381 gratiam
1574 3357 1591 3379 ,
1620 3296 1889 3389 talemque
1930 3337 1994 3377 ac
2030 3296 2237 3379 tantam

667 3384 1109 3455 beneﬁcentiam,
1143 3406 1264 3464 post
1318 3404 1509 3457 mortis
1549 3414 1603 3459 et
1653 3384 1857 3474 peccati
1903 3410 2237 3467 destructio-

669 3492 789 3531 nem
814 3520 828 3543 ,
862 3492 983 3550 post
1020 3485 1268 3553 baptismi
1306 3497 1811 3562 regenerationem,
1844 3510 1894 3553 et
1923 3512 2237 3557 sanctorum

670 3572 985 3639 angelorum
1049 3581 1396 3649 custodiam,
1446 3594 1499 3639 et
1532 3587 1703 3656 ipsam
1769 3590 2009 3660 Spiritus
2062 3597 2238 3651 sancti

667 3662 1138 3724 obumhrationem
1167 3711 1182 3735 ,
1216 3672 1619 3747 adventumque
1652 3698 1817 3751 super
1852 3700 1952 3741 nos
1980 3728 1995 3748 ,
2036 3704 2107 3743 ne
2133 3690 2241 3744 illis

668 3755 887 3823 quidem
920 3759 1011 3827 qui
1046 3772 1170 3816 ante
1196 3766 1424 3831 gratiam
1461 3767 1698 3836 fuerunt,
1729 3788 1885 3841 pares
1910 3776 2237 3843 invenimur,

668 3846 762 3903 sed
797 3848 1008 3919 ignavia
1042 3858 1285 3925 corrupti
1315 3898 1330 3923 ,
1383 3859 1476 3914 Dei
1506 3863 1660 3931 jnssa
1693 3865 2078 3933 vilipendimns
2110 3908 2123 3932 ,
2177 3886 2240 3925 ac

668 3943 1059 4011 prmlerimus?
1088 3947 1254 4003 Porro
1286 3954 1503 4020 gravius
1539 3971 1638 4011 nos
1672 3959 1919 4025 punitum
1961 3960 2047 4023 iri,
2076 3977 2238 4030 quam

669 4032 763 4101 qui
797 4034 849 4087 in
883 4035 996 4105 lege
1040 4053 1402 4106 peccaverunt
1424 4083 1439 4109 ,
1472 4046 1515 4099 si
1567 4045 1620 4099 in
1656 4052 1891 4116 peccatis
1927 4065 2244 4119 permanse-

668 4124 883 4189 rimus.
917 4138 1144 4185 sanctus
1198 4130 1401 4189 Paulus
1463 4137 1545 4190 his
1604 4139 1779 4194 verbis
1823 4140 2134 4200 indicavit:
2179 4144 2241 4199 Si

668 4217 808 4270 enim
840 4222 929 4285 qui
944 4260 945 4263 η
973 4238 1066 4287 per
1112 4226 1322 4292 angelos
1363 4226 1534 4282 dictus
1571 4242 1645 4282 est
1693 4248 1891 4298 sermo,
1945 4234 2117 4302 factus
2165 4246 2242 4290 est

669 4304 886 4372 ﬁrmus,
920 4317 968 4361 et
994 4312 1164 4364 omnis
1189 4317 1556 4379 praevaricatio
1582 4328 1629 4370 et
1663 4318 2013 4373 inobedientia
2045 4325 2243 4390 accepit

662 4396 868 4465 justam
918 4405 1167 4456 mercedis
1212 4406 1607 4459 retributionem
1633 4448 1647 4471 ,
1676 4411 1937 4477 quomodo
1982 4428 2073 4465 nos
2106 4414 2241 4481 eﬂ'u-

669 4490 865 4558 giemus
890 4493 936 4544 si
962 4502 1165 4545 tantam
1192 4498 1571 4564 ncglea‘erimus
1601 4502 1825 4554 salutem
1842 4504 1885 4534 "
1919 4504 1942 4556 ?

741 4579 856 4635 Non
889 4598 1017 4652 ergo
1044 4584 1332 4648 Adamum,
1367 4591 1457 4642 sed
1491 4594 1841 4661 semetipsum
1874 4598 2247 4667 unusquisque

672 4682 917 4725 nostrum
965 4686 1186 4730 accuset
1229 4688 1278 4730 et
1328 4680 1726 4747 reprehendat,
1770 4684 1821 4736 in
1880 4686 2245 4756 quodcunque

672 4774 951 4832 peccatum
988 4768 1258 4831 inciderit,
1296 4781 1349 4823 et
1384 4772 1427 4822 si
1460 4772 1622 4824 vitam
1663 4783 1922 4829 aeternam
1957 4778 2083 4831 velit
2114 4796 2246 4832 con-

670 4856 821 4923 sequi
864 4856 917 4908 in
958 4854 1205 4919 Domino,
1255 4859 1627 4927 paenitentiam
1655 4902 1669 4924 ,
1724 4871 1781 4916 ut
1829 4864 1917 4918 ille
1952 4868 2245 4933 ostendat,

670 4948 805 5001 llens
858 4948 909 5000 in
943 4948 1128 5003 dolore
1161 4952 1341 5003 cordis
1373 4952 1455 5004 sui
1492 4990 1506 5013 ,
1558 4962 1610 5004 et
1648 4954 1700 5007 in
1737 4957 2011 5025 agnitione
2046 4960 2127 5011 sui
2179 4962 2245 5013 ad

669 5038 1093 5104 omnipotentem
1150 5038 1434 5093 Dominum
1493 5041 1735 5096 clamans
1784 5060 1798 5096 :
1851 5044 1992 5099 Ecce
2045 5050 2234 5113 vides,

673 5130 917 5193 Domine,
953 5130 1119 5199 (quid
1166 5140 1247 5185 est
1280 5142 1455 5184 autem
1499 5136 1641 5203 quod
1691 5143 1745 5189 tu
1778 5153 1881 5189 non
1918 5140 2187 5209 videas?)
2219 5179 2234 5204 ,

670 5236 769 5288 ego
825 5237 961 5288 opus
1017 5237 1275 5274 manuum
1342 5235 1590 5283 tuarum,
1642 5240 1804 5293 opera
1860 5228 2234 5283 lIlﬂlldlel'lllil

670 5321 891 5364 tuorum
946 5326 1050 5364 non
1109 5310 1207 5365 l'eci
1267 5330 1280 5365 :
1325 5313 1419 5367 sed
1473 5330 1567 5383 per
1625 5318 1908 5371 stultitiam
1960 5322 2105 5374 omni
2155 5338 2240 5376 me

676 5402 881 5456 scelere
932 5403 1166 5471 alligavi.
1220 5404 1297 5457 Tu
1344 5407 1506 5475 igitur
1562 5410 1734 5464 bonus
1785 5410 2044 5465 Dominus
2076 5452 2089 5474 ,
2140 5430 2239 5483 ego

674 5500 857 5546 autem
890 5508 997 5546 non
1038 5497 1430 5563 cognoscebant
1466 5509 1533 5553 te.
1568 5499 1719 5553 Nunc
1748 5503 1921 5554 audivi
1958 5506 2019 5556 de
2063 5513 2111 5557 te
2134 5545 2146 5568 ,
2186 5515 2237 5560 et

674 5585 1014 5650 contremui,
1065 5595 1118 5641 et
1151 5588 1280 5655 quid
1330 5589 1522 5645 faciam
1572 5592 1773 5647 nescio.
1819 5592 2058 5648 intellexi
2091 5594 2236 5662 judi-

747 5769 790 5797 ’⁵
827 5766 982 5824 Deut.
1022 5786 1129 5837 ut,
1158 5770 1262 5837 €15;
1296 5772 1472 5826 Galat.
1499 5790 1575 5839 tu,
1627 5776 1705 5828 i3.

1788 5778 1831 5804 "
1877 5774 2081 5831 lJoan.
2147 5793 2182 5842 ι,
2244 5777 2323 5830 lli.

2345 3229 2605 3284 torculari
2641 3244 2777 3284 uvas
2807 3228 3153 3299 comprimit,
3184 3229 3534 3283 vehementer
3574 3226 3699 3281 inde
3730 3228 3921 3279 vinum

2344 3320 2621 3390 exprimit.
2670 3319 2803 3373 Nam
2835 3335 2967 3373 uvas
3000 3321 3092 3389 qui
3125 3319 3341 3373 calcant
3376 3320 3647 3389 primum,
3679 3328 3925 3386 posmioo

2342 3412 2467 3465 dum
2494 3426 2586 3466 eas
2628 3426 2762 3466 saxo
2791 3410 3210 3481 superimmisso
3250 3411 3602 3481 exprimunt,
3625 3419 3678 3463 et
3706 3408 3771 3462 iis
3800 3421 3923 3462 om-

2345 3520 2465 3558 nem
2496 3504 2605 3558 vini
2649 3504 2929 3559 humorem
2964 3505 3208 3558 demunt.
3257 3502 3536 3558 Ilominem
3592 3512 3768 3554 autem
3822 3498 3923 3553 Dei

2345 3594 2589 3649 timorem
2630 3594 2937 3663 ingressum
2964 3635 2978 3658 ,
3018 3594 3133 3662 ipse
3174 3594 3338 3648 timor
3384 3591 3638 3646 omnibus
3685 3604 3742 3643 se
3779 3604 3919 3644 con-

2344 3684 2669 3739 culcantlum
2728 3685 2966 3753 praebere
3001 3685 3149 3738 facit.
3207 3685 3267 3736 Et
3319 3699 3442 3739 cum
3479 3683 3821 3748 superbiam,
3860 3688 3921 3734 et

2345 3777 2697 3849 cogitationis
2727 3779 2914 3831 carnis
2944 3819 2957 3841 ,
2992 3792 3141 3830 vana:
3174 3776 3359 3847 gloria:
3407 3774 3639 3845 cupidus
3676 3772 3922 3841 perfecte

2344 3871 2689 3934 eontriverit,
2729 3879 2894 3938 atque
2922 3869 3202 3929 deleverit,
3233 3877 3360 3921 tunc
3394 3880 3579 3922 sancta
3617 3865 3916 3927 humilitas,

2346 3963 2433 4016 ille
2460 3962 2598 4032 lapis
2624 4003 2638 4026 ,
2673 3961 2766 4026 qui
2797 3969 2975 4014 mente
3011 3959 3331 4029 percipitur,
3367 3957 3676 4012 levissimus
3716 3964 3769 4009 et
3803 3955 3915 4007 uti-

2345 4056 2584 4109 lissimus
2637 4052 2870 4120 desuper
2926 4051 3185 4118 illapsus,
3250 4050 3336 4105 tibi
3399 4058 3570 4105 totum
3629 4050 3912 4102 humorem

2344 4143 2643 4201 carnalium
2674 4144 3014 4212 voluptatum
3050 4140 3511 4210 aﬂ‘ectionumque
3539 4142 3870 4209 expresserit
3900 4178 3909 4202 ,

2347 4241 2579 4291 anhnam
2608 4236 2677 4288 ita
2703 4248 3019 4302 expressam
3044 4271 3059 4296 ,
3094 4232 3303 4287 fructus
3351 4230 3496 4286 haud
3546 4233 3758 4285 inanem
3816 4232 3912 4286 de-

2346 4336 2613 4383 monstrat
2668 4346 2680 4381 :
2731 4326 2827 4381 sed
2882 4340 3003 4380 cum
3071 4339 3187 4377 eam
3253 4324 3477 4377 ﬂumine
3546 4323 3909 4393 lacrymarum

2349 4420 2669 4489 perfuderit,
2699 4433 2895 4487 aquam
2928 4418 3104 4470 vivam
3141 4416 3403 4470 scaturire
3439 4413 3596 4480 facit,
3629 4423 3682 4467 et
3708 4412 3911 4468 inﬂicta

2276 4492 2376 4564 Da
2432 4520 2657 4577 peccato
2719 4510 2939 4560 vulnera
2994 4514 3191 4571 sanat,
3240 4522 3543 4574 eorumque
3602 4506 3806 4559 saniem
3860 4512 3921 4559 et

2349 4602 2529 4655 ulcera
2566 4600 2755 4659 abluit,
2788 4607 2841 4651 et
2869 4599 3144 4651 hominem
3181 4598 3331 4650 illum
3366 4604 3536 4650 totum
3569 4596 3691 4650 nive
3725 4596 3917 4649 candi-

2345 4692 2553 4744 diorem
2609 4688 2831 4743 reddit:
2869 4688 3029 4741 modo
3074 4704 3142 4742 ne
3197 4688 3322 4755 quis
3370 4685 3535 4740 dubio
3582 4696 3635 4740 et
3688 4686 3913 4755 ancipiti

2345 4783 2506 4836 corde
2535 4782 2599 4835 ad
2639 4780 2801 4833 Deum
2832 4778 3077 4833 accedat.
3114 4778 3388 4832 Duliitatio
3419 4777 3561 4832 enim
3596 4778 3779 4832 cordis
3803 4788 3911 4842 est,

2345 4870 2657 4924 ratiocinari
2685 4910 2699 4933 ,
2731 4877 2823 4922 aut
2854 4869 3013 4939 plane
3039 4883 3222 4923 secum
3256 4868 3327 4919 ita
3361 4870 3601 4935 cogitare
3626 4894 3650 4917 .-
3688 4868 3918 4921 misere-

2346 4964 2493 5016 bitur
2517 4962 2619 5014 mei
2644 4962 2803 5023 Deus,
2837 4975 3013 5014 annon
3071 4959 3458 5013 miserebitur?
3486 4957 3622 5011 illud
3640 4964 3665 5023 ',
3691 4974 3867 5011 annon
3889 4960 3919 5013 2

2346 5051 2738 5106 incredulitatis
2787 5060 2889 5104 est.
2939 5050 3091 5115 Quod
3145 5049 3188 5101 si
3233 5065 3338 5101 non
3389 5048 3608 5110 credis,
3658 5064 3776 5102 eum
3829 5049 3914 5102 tui

2345 5145 2589 5199 misereri
2621 5145 2754 5197 velle
2784 5158 2948 5210 supra
2977 5158 3136 5210 quam
3169 5151 3475 5210 exspectas,
3507 5140 3634 5207 qttid
3670 5141 3910 5204 accedis,

2344 5250 2577 5303 cinnque
2610 5234 2806 5302 rogas?
2839 5234 3104 5300 Ancipitis
3134 5245 3312 5286 autem
3344 5230 3525 5284 cordis
3556 5239 3638 5284 est
3667 5270 3679 5293 ,
3716 5246 3819 5284 non
3851 5232 3910 5287 in

2348 5335 2572 5379 mortem
2612 5339 2837 5393 prorsus
2866 5322 3101 5391 seipsutn
3136 5323 3346 5375 tradere
3368 5360 3381 5384 ,
3426 5328 3911 5388 proptenregnuni

2346 5414 2606 5467 canorum
2641 5429 2653 5463 :
2683 5413 2773 5465 sed
2810 5412 2878 5465 de
2910 5412 2975 5465 iis
3019 5426 3137 5465 esse
3168 5410 3463 5464 sollicitum
3491 5452 3505 5476 ,
3538 5425 3655 5478 quae
3682 5410 3749 5462 ad
3786 5425 3913 5464 caro

2349 5518 2469 5555 nem
2502 5510 2767 5569 spectant.
2820 5498 2920 5566 Qui
2952 5501 3093 5554 enim
3152 5499 3478 5554 laboriosam
3530 5498 3912 5568 paenitentiam

2350 5594 2478 5663 agit,
2511 5593 2613 5645 hoc
2650 5593 2824 5649 solum
2855 5607 3046 5646 cavere
3073 5590 3250 5654 debet,
3284 5606 3350 5645 ne
3380 5592 3614 5660 seipsum
3656 5591 3915 5645 machina

2405 5777 2445 5806 ’⁷
2486 5776 2627 5831 llcbr
2685 5792 2741 5842 tt,
2779 5777 2834 5841 ‘2,
2871 5776 2923 5829 3.
3004 5776 3047 5807 ³⁸
3086 5774 3280 5830 chtt‘.
3314 5788 3371 5841 tt,
3400 5770 3489 5825 2‘2.
