4128 6338
244 387 354 451 505

233 501 416 570 aliqua
464 503 811 575 exstinguat,
863 512 918 559 et
981 506 1065 560 sui
1121 506 1392 563 homicida
1450 507 1541 560 flat

230 594 427 664 gratia,
457 601 553 648 aut
580 610 645 649 ex
678 592 869 652 alto'se
891 596 1266 669 prmeipitans,
1293 609 1386 655 aut
1405 600 1749 669 strangulans
1779 639 1792 665 ,

230 692 325 738 aut
362 684 509 738 aliud
546 694 733 740 contra
783 696 1034 743 naturam
1084 690 1186 745 sibi
1234 691 1493 745 inferens.
1563 690 1635 745 De
1667 693 1796 745 reli-

227 778 374 846 quis,
406 790 499 844 per
526 793 647 847 qum
672 793 871 849 corpus
906 782 974 835 ali
1006 796 1070 836 ac
1124 784 1304 838 vivere
1335 786 1459 848 scit,
1498 799 1563 838 ne
1591 794 1744 839 curet
1780 803 1795 839 :

228 865 532 921 secundum
603 869 734 923 illud
788 883 1100 927 sanctorum
1160 861 1439 930 oraculuin
1490 895 1505 931 :
1567 876 1798 942 Querite

226 956 455 1023 primum
493 974 712 1027 regnum
748 960 889 1028 Dei,
941 974 990 1017 et
1019 964 1129 1017 lucc
1159 967 1337 1019 omnia
1389 967 1477 1036 (ad
1529 984 1684 1021 usuin
1716 970 1798 1022 vi;

228 1044 427 1101 delicet
475 1049 721 1117 corporis
779 1054 1122 1121 necessaria)
1176 1056 1493 1123 adjiciantur
1553 1060 1692 1112 vobis
1724 1060 1793 1115 ⁹⁹.

234 1133 419 1192 Potest
449 1153 703 1208 namque,
733 1142 826 1210 qui
856 1142 1019 1197 vitam
1047 1144 1101 1199 in
1129 1146 1425 1202 certamine
1447 1149 1616 1213 ducit,
1648 1158 1701 1205 et
1732 1166 1797 1204 ex

232 1229 557 1299 praescripto
585 1230 864 1301 Evangelii
897 1235 1053 1303 vivit,
1076 1224 1205 1293 solo
1232 1253 1369 1308 pane
1392 1280 1407 1304 ,
1461 1248 1515 1295 et
1558 1256 1693 1311 aqua
1724 1242 1795 1296 ali

229 1320 473 1388 quotidie
498 1362 510 1384 .
550 1332 603 1376 et
639 1325 855 1391 vivere,
884 1336 936 1382 et
984 1328 1223 1383 habitior
1273 1346 1395 1386 esse
1420 1370 1436 1394 ,
1496 1349 1655 1401 quam
1702 1334 1795 1404 qui

229 1409 436 1464 mensis
498 1410 903 1472 delicatioribus
980 1421 1333 1475 accumbunt.
1405 1421 1670 1488 Quocirca
1744 1436 1797 1478 et

230 1495 433 1552 Paulus
466 1500 629 1567 hujus
666 1503 743 1556 rei
767 1519 969 1572 gnarus
993 1507 1240 1575 dicebat,
1271 1524 1594 1580 semperque
1620 1513 1752 1567 dicit
1778 1534 1792 1569 :

229 1588 495 1643 Habentes
543 1594 731 1645 victum
759 1633 773 1654 ,
808 1605 860 1648 et
905 1597 1095 1666 quibus
1154 1609 1391 1669 tegamur
1437 1602 1516 1655 liis
1569 1605 1797 1657 contenti

229 1678 393 1731 simus
426 1682 441 1710 '
464 1720 478 1733 .
514 1678 578 1734 Et
626 1698 843 1739 rursum
891 1703 906 1740 :
943 1692 1009 1741 Ut
1044 1689 1095 1743 in
1142 1690 1289 1744 nobis
1328 1693 1454 1757 ipsis
1489 1709 1794 1761 responsum

230 1767 415 1819 mortis
456 1768 733 1835 habentes,
777 1789 881 1827 non
914 1777 1074 1829 simul
1103 1778 1319 1846 ﬁdentes
1351 1780 1404 1833 in
1445 1780 1590 1834 nobis
1627 1783 1753 1843 ipsis
1778 1822 1793 1849 ,
1829 1826 1867 1881 Β

237 1858 319 1881 ...Δ
352 1859 400 1881 Ξ..
436 1858 531 1881 Π--
597 1864 676 1881 --γε
834 1867 867 1881 ι-
910 1875 921 1881 -
1082 1880 1085 1881 ,
1216 1871 1236 1881 ρ

230 1858 319 1908 sed
349 1859 403 1911 in
431 1858 555 1925 Deo,
587 1864 676 1931 qui
704 1867 921 1918 suscitat
955 1880 1187 1923 mortuos
1216 1871 1255 1924 ³.

298 1944 403 2012 En,
426 1946 629 2005 fratres
648 1950 1196 2019 dilecti,~docuimus,
1223 1960 1497 2025 quomodo
1527 1961 1592 2014 ad
1624 1959 1789 2015 Deum

236 2040 632 2106 accedendum,
682 2051 737 2097 et
793 2045 969 2113 qualis
1019 2048 1067 2100 ei
1113 2049 1435 2117 paenitentia
1485 2052 1792 2108 exhibenda

228 2126 322 2180 sit.
372 2126 449 2183 Ne
488 2131 657 2199 igitur
697 2134 767 2188 ab
807 2150 870 2188 ea
922 2151 1097 2206 usque
1143 2140 1209 2192 ad
1261 2140 1517 2195 ultimum
1564 2143 1792 2198 halitum

234 2229 483 2274 nostrum
544 2222 899 2291 desistamus,
954 2243 1131 2297 neque
1182 2231 1309 2284 boni
1366 2233 1527 2303 hujus
1578 2237 1791 2290 consilii

232 2320 333 2360 nos
354 2310 534 2378 capiat
559 2311 785 2391 oblivio.
822 2314 877 2367 Si
904 2317 1045 2369 enim
1076 2318 1141 2371 ad
1171 2318 1303 2380 haec.
1339 2319 1449 2374 Deo
1476 2324 1792 2393 adjuvante,

231 2408 288 2451 et
335 2402 400 2452 ad
458 2402 559 2456 hoc
611 2419 748 2472 Opus
799 2410 1133 2474 paenitentiae
1199 2412 1632 2481 incnbuerimus,
1688 2419 1793 2487 ipsi

233 2492 439 2547 sensim
474 2496 683 2565 majora
715 2500 975 2568 mySIeria
1009 2504 1395 2573 intelligemus,
1432 2522 1668 2577 superna
1702 2511 1793 2565 illa

229 2584 407 2651 gratia
456 2585 633 2641 edocti
684 2606 699 2643 :
743 2604 847 2645 nec
895 2592 1073 2648 solum
1122 2596 1245 2649 fons
1278 2597 1663 2669 lacryinarum,
1696 2603 1793 2657 sed

232 2672 400 2728 etiam
454 2680 697 2734 omnium
743 2697 1030 2751 pravarum
1078 2686 1427 2744 ali'ectionum
1474 2687 1689 2754 li'orror.
1742 2706 1796 2750 et

232 2761 494 2817 alienatio
528 2780 625 2834 per
658 2768 1040 2834 hujuscemodi
1074 2777 1324 2830 actiones
1360 2776 1518 2830 nobis
1563 2778 1794 2831 donabi-

232 2858 345 2906 tur.
379 2851 513 2907 Nam
565 2860 940 2926 paenitentiam
976 2870 1030 2917 et
1062 2875 1537 2934 compunctionem
1581 2884 1796 2941 semper

232 2944 546 3011 exquirere,
578 2957 633 3001 et
661 2951 898 3005 scrutari
932 2966 1051 3022 qua:
1076 2955 1142 3008 ad
1173 2957 1492 3024 lugendum,
1531 2958 1791 3026 flendum,

230 3033 534 3090 dolendum
581 3040 823 3107 valeant,
871 3058 1045 3114 eaque
1088 3047 1251 3101 enixe
1308 3058 1587 3116 praestare,
1635 3060 1689 3104 et
1739 3052 1792 3105 in

1520 394 1807 455 ORATIO
1839 395 2122 461 XXXIII.

3351 397 3456 461 506

1590 522 1604 559 :
1647 506 1795 561 verbi
1828 512 1870 567 Α
1902 504 2131 561 fricuisti
2166 505 2441 571 manibus,
2475 513 2531 560 ut
2564 505 2799 562 fructum
2831 505 3075 560 laborum
3105 511 3323 561 tuorum
3360 506 3457 561 ab-

1900 596 2136 650 solutum
2168 597 2442 666 aspiceres
2459 595 2585 650 i’eo
2621 607 2797 651 autem
2831 601 3100 664 spectato,
3130 611 3259 649 num
3289 586 3456 651 alitus

1900 687 1965 741 ad
2008 690 2371 755 saturitatem,
2414 697 2469 743 et
2499 688 2705 744 viribus
2747 688 2926 743 factus
2956 703 3016 744 es
3050 687 3363 755 robustior?
3398 687 3455 743 Si

1899 777 2092 831 horum
2124 788 2306 835 certus
2336 796 2417 845 es,
2456 778 2641 848 pedes,
2665 789 2719 834 et
2750 780 2973 849 vestigia
3004 778 3203 849 pedum
3237 788 3455 832 tuorum

1897 869 2090 935 adoro,
2130 878 2181 925 et
2212 872 2520 937 exosculor,
2555 867 2663 925 nun
2698 870 2841 925 enim
2874 871 3072 939 dignus
3104 885 3223 925 sum
3258 856 3454 923 faciem

1898 969 2047 1014 tuam
2079 959 2335 1014 osculari.
2378 960 2702 1030 Triumplia,
2742 968 2798 1015 et
2832 959 3065 1023 exsulta,
3098 974 3222 1014 cum
3255 960 3456 1033 gaudio

1897 1049 2181 1119 colligens,
2220 1064 2342 1119 qua:
2416 1065 2537 1105 cum
2584 1051 2767 1107 labore
2816 1062 2871 1107 et
2923 1051 3248 1107 lassitudine
3289 1053 3455 1107 senii-

1898 1142 2067 1196 nasti.
2098 1140 2193 1195 Sin
2218 1149 2399 1195 autem
2421 1149 2476 1196 et
2504 1143 2618 1211 ipsa
2646 1158 2766 1212 qua:
2796 1156 2825 1196 a
2857 1156 2943 1197 me
2971 1141 3226 1197 dicuntur
3252 1143 3453 1206 neseis,

1897 1240 1948 1285 et
1981 1246 2157 1301 neque
2187 1246 2254 1285 an
2288 1234 2342 1286 in
2375 1242 2522 1288 terra
2555 1241 2667 1297 tua,
2692 1234 2753 1303 in
2788 1244 2940 1304 agro,
2985 1233 3232 1300 inquam,
3271 1230 3458 1287 cordis

1899 1322 2000 1383 tui,
2034 1321 2103 1375 de
2145 1320 2412 1379 fructibus
2450 1322 2771 1378 melioribus
2797 1324 3126 1379 semiustum
3153 1323 3247 1389 sit,
3284 1323 3453 1386 nosti,

1900 1424 2059 1463 narra
2110 1411 2268 1479 mihi,
2300 1416 2598 1468 extremos
2637 1413 2789 1468 orbis
2831 1420 3103 1468 terrarum
3150 1414 3282 1468 lines
3322 1413 3452 1467 dum

1898 1500 2104 1564 obiisti,
2145 1508 2201 1555 et
2242 1503 2431 1556 ultima
2469 1496 2639 1575 pelagi
2691 1506 2863 1575 spatia
2912 1516 3168 1560 emensus
3208 1518 3290 1566 es,
3319 1502 3462 1572 quid

1898 1590 2213 1660 proiecisti?
2252 1590 2395 1647 Nihil
2428 1595 2638 1663 utique.
2680 1596 2737 1651 Si
2780 1596 2923 1649 enim
2959 1595 3014 1648 in
3052 1594 3453 1665 eleemosynam

1897 1678 2097 1734 dedero
2138 1688 2308 1737 totum
2366 1684 2650 1749 mundum,
2683 1699 2791 1737 non
2833 1692 3012 1739 tamen
3054 1684 3120 1739 de
3163 1684 3318 1751 meis,
3362 1685 3455 1739 sed

1897 1782 2037 1835 esto,
2072 1771 2137 1825 de
2168 1772 2324 1839 meis,
2356 1788 2442 1827 me
2470 1786 2651 1827 autem
2681 1775 2886 1829 nudum
2918 1782 2971 1828 et
3006 1775 3219 1844 inopem
3256 1774 3456 1839 sivero,

1896 1866 1949 1913 et
1980 1860 2050 1912 ita
2086 1860 2137 1912 in
2172 1861 2436 1914 bonorum
2468 1870 2706 1932 egestate
2730 1863 3078 1927 moriturum,
3113 1874 3167 1919 et
3196 1863 3262 1917 ad
3292 1866 3455 1917 terri-

1895 1949 2003 2003 bile
2029 1950 2232 2004 Christi
2258 1953 2493 2006 tribunal
2523 1953 2849 2015 sistendum,
2874 1955 3004 2025 quid
3039 1955 3167 2008 mihi
3194 1955 3409 2025 prodi-st
3431 1956 3457 2008 ἳ

1896 2040 2119 2095 indutos
2169 2051 2223 2095 et
2274 2051 2497 2097 ornatos
2554 2058 2585 2097 e
2629 2059 2861 2112 corpore
2906 2036 3053 2100 exire
3097 2056 3354 2116 oportet,
3404 2050 3453 2102 si

1896 2129 2056 2184 modo
2090 2132 2317 2184 velimus
2346 2132 2399 2184 in
2429 2128 2635 2200 nuptiis
2675 2132 2836 2203 Regis
2863 2148 2971 2187 una
3007 2150 3128 2187 cum
3159 2135 3279 2203 ejus
3314 2136 3452 2189 ami-

1894 2222 1975 2276 cis
2017 2222 2379 2276 discumbere.
2429 2222 2569 2288 Quid
2610 2238 2771 2293 porro
2813 2234 2920 2290 est,
2959 2225 3103 2291 quod
3147 2234 3199 2279 et
3232 2242 3352 2296 ego.
3398 2240 3454 2280 ct

1896 2327 2086 2366 omnes
2124 2314 2286 2366 amici
2326 2312 2444 2383 ejus
2480 2315 2873 2383 superinduere
2899 2315 3186 2380 debemus,
3222 2332 3288 2371 ne
3324 2328 3453 2372 tunc

1897 2404 2025 2457 nudi
2064 2406 2459 2473 appareamus?
2484 2405 2735 2462 Christus
2769 2418 2822 2462 et
2855 2408 2994 2463 Deus
3022 2408 3238 2464 fratres.

1965 2494 2119 2560 Quod
2168 2497 2214 2550 si
2265 2497 2600 2562 universum,
2657 2498 2746 2567 qui
2794 2498 2899 2554 sub
2935 2499 3076 2554 coelo
3122 2508 3225 2561 est,
3264 2502 3453 2555 orbem

1897 2601 2277 2655 peragravero,
2312 2590 2627 2656 nullamque
2664 2590 2962 2658 regionem,
2996 2599 3091 2643 aut
3122 2591 3332 2655 urbem,
3363 2604 3456 2647 aut

1894 2676 2182 2731 ecclesiam
2229 2680 2649 2746 praetermittere,
2702 2679 2755 2731 in
2807 2695 2969 2747 quam
3013 2695 3119 2734 non
3167 2679 3451 2736 adoratum

1895 2767 2186 2832 introeam,
2224 2768 2483 2838 ipsasque
2507 2770 2643 2823 bene
2669 2769 3090 2839 perlustravero,
3124 2778 3175 2826 et
3202 2781 3455 2826 accurato

1895 2873 2221 2928 cognovero,
2269 2874 2440 2934 regno
2481 2868 2662 2914 autem
2697 2859 2903 2916 cmlcsti
2938 2861 3214 2925 excidero,
3255 2862 3452 2929 ecquid

1898 2968 2005 3005 non
2039 2951 2235 3005 melius
2261 2960 2398 3015 erat,
2437 2967 2522 3005 me
2556 2966 2834 3021 nunquam
2874 2961 3059 3006 natum
3091 2968 3234 3017 esse,
3267 2967 3363 3006 nec
3398 2952 3453 3005 in

1898 3049 2101 3095 terram
2137 3041 2424 3105 cecidisse,
2466 3050 2556 3095 aut
2596 3041 2851 3110 spiritum
2905 3042 3051 3095 hunc
3094 3042 3297 3095 ducere
3340 3054 3453 3093 co:-

230 3125 391 3180 nullo
418 3127 521 3182 sibi
556 3132 799 3199 potiores
830 3134 1066 3203 deferre,
1097 3146 1189 3192 aut
1220 3140 1329 3193 ulla
1357 3154 1421 3193 ex
1456 3150 1609 3211 parte
1638 3144 1790 3197 carni
1822 3153 1865 3212 ο
1900 3128 2068 3197 Pis”:
2093 3137 2145 3182 εί
2182 3129 2355 3183 οευιίε
2386 3133 2558 3183 δοιεηι
2588 3128 2909 3197 “Deliis”?
2938 3128 3138 3195 Ellam.
3182 3131 3284 3182 hoc
3322 3129 3451 3181 mihi

229 3217 464 3285 obsequi
494 3259 509 3283 ,
543 3225 866 3291 compendio
899 3228 1135 3295 quodam
1186 3229 1459 3285 hominem
1501 3233 1567 3285 ad
1603 3232 1791 3301 perfe—

228 3308 498 3376 ctionem,
522 3314 660 3366 etad
696 3316 1007 3383 puritatem,
1034 3310 1436 3390 aii’ectuumque
1469 3325 1794 3379 vacuitatem

229 3396 477 3463 deducit,
529 3410 584 3455 et
631 3406 806 3459 sancti
863 3407 1101 3473 Spiritus
1144 3412 1462 3481 participem
1509 3413 1691 3471 cflicit.
1732 3415 1797 3468 Et

233 3488 352 3542 haec
381 3489 623 3558 quidem,
662 3496 707 3549 si
756 3497 1135 3566 ptenitentiam
1203 3510 1257 3556 et
1291 3503 1674 3559 contritionem
1711 3504 1797 3559 di-

230 3576 556 3636 lexerimus.
596 3584 692 3638 Sin
721 3587 1082 3653 noluerinins,
1112 3607 1341 3661 qua-que
1372 3594 1516 3649 dicta
1558 3605 1708 3660 sunt,
1739 3596 1792 3649 in

229 3668 303 3724 iis
336 3671 457 3725 sine
492 3672 894 3731 intermissione
924 3694 1033 3733 non
1060 3681 1545 3750 elaboraverimus,
1578 3701 1644 3741 ne
1673 3687 1795 3755 quis

228 3768 417 3815 tamen
471 3764 725 3834 loquatur
772 3768 956 3837 impie,
997 3780 1052 3825 et
1093 3772 1240 3826 dicat
1281 3773 1332 3827 id
1371 3790 1495 3830 esse
1539 3776 1797 3844 impossi-

229 3846 386 3902 bile:
416 3864 537 3913 nec,
564 3853 708 3920 quod
742 3855 842 3908 ista
878 3857 931 3910 in
965 3858 1201 3912 medium
1232 3861 1411 3923 attuli,
1446 3877 1534 3917 me
1562 3864 1793 3918 multum

227 3939 518 3996 abundare
568 3944 704 4008 otio,
759 3960 936 4016 neque
978 3960 1272 4004 recenseat
1314 3953 1471 4018 mihi,
1531 3962 1795 4021 quantum

225 4031 352 4084 auri
391 4033 714 4102 argentique
740 4034 1106 4102 distribuerit,
1136 4055 1201 4095 ac
1232 4041 1555 4111 disperserit
1593 4062 1609 4098 :
1660 4060 1797 4100 neve

224 4117 405 4183 dicat,
435 4129 515 4175 tot
544 4130 597 4175 et
629 4131 705 4177 tot
732 4127 797 4179 de
827 4125 1180 4186 facultatibus
1210 4132 1345 4187 meis
1368 4135 1545 4189 nudos
1579 4138 1793 4204 vestivi,

224 4213 547 4268 esurientes
577 4216 711 4282 alui,
743 4218 992 4275 sitientes
1031 4223 1231 4290 potavi,
1268 4225 1449 4278 omnia
1487 4241 1603 4280 mea
1629 4226 1799 4282 dilar-

224 4305 380 4371 gitus
414 4318 569 4379 sum,
600 4310 722 4361 veni
757 4310 811 4362 in
855 4310 1003 4365 hunc
1047 4321 1305 4379 montem,
1342 4316 1537 4369 intravi
1576 4319 1627 4372 in
1659 4319 1798 4373 hanc

224 4372 578 4461 speluncam:
615 4399 680 4451 ad
712 4398 923 4453 Domini
950 4402 1261 4469 sepulcrum
1291 4407 1525 4472 accessi,
1558 4408 1611 4460 in
1637 4423 1795 4462 monv

1899 3218 2092 3273 melius
2124 3226 2259 3271 erat.
2294 3217 2433 3289 Quid
2477 3219 2639 3286 igitur
2669 3218 2884 3285 faciam,
2914 3233 2981 3272 ne
3015 3218 3115 3272 hoc
3151 3233 3315 3287 regno
3344 3218 3455 3287 pri-

1898 3311 2033 3365 ver?
2091 3311 2146 3363 Si
2205 3309 2423 3366 functus
2483 3313 2735 3365 omnibus
2791 3312 3121 3379 poenitentiae
3169 3311 3449 3377 operibus,

1901 3400 2161 3470 Spiritum
2200 3414 2448 3457 sanctum
2489 3417 2770 3472 accepero.
2809 3403 2957 3458 Istud
3002 3403 3199 3471 quippe
3236 3412 3322 3456 est
3363 3417 3454 3455 se-

1899 3505 2023 3543 men
2061 3488 2286 3551 Christi,
2323 3504 2416 3557 per
2459 3490 2600 3557 quod
2652 3504 2751 3544 nos
2794 3505 3081 3559 pauperes,
3111 3499 3164 3542 et
3196 3490 3454 3544 mortales

1897 3580 2018 3647 ejus
2054 3579 2301 3649 cognatis
2325 3582 2675 3634 ascribimur.
2711 3580 2865 3645 Quod
2896 3582 2941 3634 si
2972 3580 3233 3634 ceciderit
3264 3580 3319 3634 in
3346 3589 3455 3634 ter-

1898 3683 2011 3723 ram
2054 3669 2273 3733 bonam,
2324 3668 2561 3722 fructum
2615 3669 2737 3731 fert,
2785 3684 2951 3723 unum
3000 3670 3354 3734 tricesimum,
3398 3680 3455 3723 et

1897 3762 2042 3815 aliud
2071 3760 2493 3828 sexagesimum,
2523 3760 2665 3813 aliud
2699 3761 3058 3815 centesimum
3081 3760 3123 3814 ⁸.
3151 3762 3324 3830 Atque
3350 3760 3454 3815 hoc

1899 3854 2077 3920 ipsum
2128 3862 2211 3907 est
2259 3868 2484 3921 regnum
2532 3854 2793 3907 caelorum
2832 3869 2846 3905 :
2889 3862 3082 3907 cmtera
3123 3855 3305 3907 omnia
3336 3855 3455 3909 sine

1900 3943 2003 3997 hoc
2052 3943 2187 3997 nihil
2240 3943 2515 3998 commodi
2565 3943 2787 3998 habent.
2836 3941 2951 3997 Nisi
3008 3944 3183 4007 enim,
3235 3944 3451 4007 fratres,

1900 4033 2070 4086 nostri
2122 4033 2366 4101 ipsorum
2415 4032 2793 4097 misereamur,
2847 4042 2899 4086 et
2943 4047 3038 4100 per
3075 4032 3452 4101 paenitentiam

1898 4124 2109 4177 animas
2143 4131 2362 4178 nostras
2408 4132 2687 4192 purgatas,
2722 4138 2785 4177 ac
2825 4123 3045 4177 luminis
3082 4124 3270 4191 plenas
3306 4124 3456 4178 inve-

1898 4213 2139 4276 niamus.
2170 4212 2307 4269 nihil
2339 4228 2440 4267 nos
2475 4214 2580 4265 alia
2608 4210 2801 4267 fet-isse
2826 4213 3059 4282 juvabit,
3089 4223 3148 4265 ut
3172 4213 3246 4267 sit
3278 4212 3455 4267 Domi-

1900 4320 2023 4367 nus,
2056 4311 2110 4358 et
2149 4304 2292 4359 Deus
2322 4313 2510 4358 noster
2544 4322 2558 4355 ε
2596 4302 2735 4369 Quid
2772 4306 2983 4370 prodest
3018 4304 3233 4366 homini,
3263 4304 3308 4358 si
3336 4307 3455 4358 uni-

1899 4410 2103 4447 versum
2155 4393 2406 4448 mundum
2445 4396 2693 4457 lucretur,
2742 4397 2933 4449 animos
2975 4411 3091 4448 vero
3138 4411 3247 4448 suc
3290 4395 3455 4448 detri-

226 4493 338 4537 tem
378 4485 659 4540 Olivarum
708 4490 949 4553 escendi,
988 4500 1041 4544 et
1084 4507 1229 4546 nunc
1270 4495 1322 4546 in
1367 4494 1470 4547 hoc
1516 4509 1793 4551 monaste-

1902 4493 2127 4538 mentum
2154 4485 2430 4553 patiatur?
2460 4495 2551 4537 aut
2597 4501 2753 4553 quam
2800 4485 2946 4539 dabit
2982 4485 3134 4539 homo
3169 4496 3453 4539 commuta-

224 4569 377 4624 rium
419 4586 503 4626 me
532 4573 735 4641 abdidi,
768 4585 823 4629 et
849 4578 961 4646 jam
991 4577 1280 4646 detonsus,
1314 4592 1406 4635 aut
1437 4582 1600 4637 etiam
1636 4594 1792 4640 antea

221 4659 522 4728 detonsus,
566 4664 620 4717 in
661 4666 794 4720 cella
824 4668 1011 4734 sedeo,
1047 4678 1257 4724 tantum
1287 4688 1575 4727 numerum
1604 4690 1793 4743 preca-

221 4752 445 4806 tionum
478 4753 733 4818 fundens,
760 4772 881 4811 cum
912 4759 995 4813 liis
1024 4761 1294 4823 salvabor,
1329 4770 1380 4816 et
1413 4763 1617 4818 sufﬁcit
1640 4766 1791 4821 mihi.

220 4843 304 4898 Ne
345 4844 449 4898 tibi
499 4845 682 4899 fucum
732 4847 922 4913 facias,
972 4850 1287 4920 quicunque
1331 4867 1415 4917 es,
1460 4853 1649 4917 frater,
1698 4872 1799 4911 nec

224 4932 473 5002 teipsutn
509 4936 666 4989 vanis
688 4938 1112 5006 cogitationibus
1140 4942 1463 5009 insipienter
1489 4944 1795 4999 consolere.

222 5023 357 5083 llaec
408 5023 555 5078 enim
600 5029 783 5080 omnia
832 5028 994 5093 bona,
1041 5039 1093 5083 et
1137 5033 1293 5086 valde
1333 5033 1472 5086 bona
1520 5043 1671 5097 sunt,
1704 5036 1795 5089 sed

224 5130 424 5170 semen
476 5123 687 5169 tantum
733 5133 854 5173 esse
908 5119 1067 5173 scito.
1126 5119 1258 5176 Vide
1314 5122 1480 5191 igitur
1531 5127 1793 5195 (exempli

222 5209 424 5275 causa)
455 5222 645 5277 agrum
678 5212 976 5275 renovasti,
1013 5210 1197 5264 fimum
1246 5214 1518 5280 sparsisti,
1564 5217 1792 5271 tribulos

221 5296 459 5358 vellisti,
487 5298 793 5353 seminasti.
828 5298 945 5353 Non
978 5315 1106 5369 ergo
1127 5316 1190 5354 ex
1221 5301 1381 5353 herba
1419 5312 1575 5355 terra:
1603 5319 1788 5358 semen

222 5402 287 5442 se
307 5387 628 5453 ostendere,
653 5402 782 5442 num
812 5391 1051 5445 crevisse
1076 5393 1427 5461 comperisti?
1457 5410 1584 5447 num
1613 5395 1794 5464 spicas

222 5479 594 5550 prodeuntes,
632 5494 761 5533 num
804 5481 956 5535 albas
998 5482 1193 5536 animae
1224 5490 1329 5537 tuae
1372 5494 1604 5553 segetes,
1647 5494 1700 5540 et
1729 5487 1795 5539 ad

223 5582 471 5624 messem
501 5567 731 5625 idoneas
778 5571 1148 5641 conspexisti?
1180 5573 1373 5627 vellisti
1410 5576 1594 5643 spicas
1625 5575 1751 5631 inde
1771 5576 1797 5629 .’

223 5764 257 5804 ³
296 5676 571 5806 ’ἑθιίαιιιι
606 5696 679 5746 vr,
724 5683 809 5739 5'5.
912 5684 935 5717 ³
973 5683 1161 5739 lTim.
1217 5702 1285 5750 νι,
1343 5685 1393 5743 8.

1496 5690 1517 5720 ³
1543 5687 1582 5742 ll
1621 5686 1747 5744 Cor.
1784 5704 1820 5754 i,
1852 5688 1905 5743 9.

1902 4576 2091 4627 tionem
2124 4589 2218 4642 pro
2244 4576 2423 4627 anima
2454 4591 2550 4628 sua
2574 4576 2631 4627 ‘?
2661 4576 2726 4629 Et
2759 4575 2950 4628 iterum
2983 4593 2997 4629 :
3032 4574 3134 4639 Qui
3166 4577 3455 4643 perdiderit

1902 4666 2133 4719 animam
2164 4682 2337 4734 suam,
2379 4668 2494 4721 sive
2542 4667 2766 4732 mundo,
2813 4674 2906 4719 aut
2941 4667 3006 4719 iis
3036 4666 3130 4734 qui
3167 4668 3219 4719 in
3257 4669 3455 4721 mundo

1901 4769 2032 4814 sunt
2080 4768 2373 4823 mortuam,
2414 4768 2469 4813 et
2511 4762 2629 4813 sine
2678 4774 2843 4813 sensu
2885 4759 3199 4822 reddiderit,
3248 4769 3448 4826 propter

1898 4865 1998 4912 me,
2028 4850 2249 4902 inveniet
2281 4850 2455 4903 eam“.
2489 4849 2589 4913 Qui
2627 4858 2807 4902 autem
2838 4851 3101 4903 invenerit
3131 4865 3249 4902 eam
3276 4851 3329 4902 in
3359 4850 3456 4903 ali-

1895 4954 2001 5007 qua
2030 4941 2214 4993 carnis
2242 4941 2540 5003 voluntate,
2576 4940 2763 5007 perdet
2792 4954 2932 4993 eam.
2964 4939 3019 4991 Si
3050 4939 3213 5007 igitur
3240 4941 3451 4993 animas

1898 5039 2115 5083 nostras
2166 5045 2273 5083 non
2322 5031 2395 5083 ita
2448 5041 2666 5099 propter
2714 5030 2992 5084 Christum
3030 5029 3429 5097 perdiderimus

1903 5134 2232 5188 rursumque
2263 5120 2651 5183 invenerimus,
2699 5120 2917 5188 quando
2947 5135 3069 5173 cum
3116 5120 3334 5173 Christo
3373 5121 3446 5174 vi-

1901 5216 2011 5262 tam
2063 5210 2449 5279 sempiternam
2491 5210 2808 5272 vixerimus,
2851 5210 2976 5277 quid
3022 5210 3229 5278 reliqua
3269 5211 3450 5263 omnia

1898 5301 2057 5355 nobis
2083 5302 2429 5357 emolumenti
2453 5301 2696 5355 dabunt?
2720 5301 2949 5355 Prorsus
2974 5301 3107 5354 nihil
3133 5303 3451 5369 proderunt,

1894 5390 2077 5444 dilecti
2115 5393 2255 5444 servi
2296 5391 2519 5453 Christi,
2567 5407 2664 5445 nec
2701 5390 2769 5445 ab
2803 5392 3023 5445 aeternis
3067 5388 3302 5444 ﬂammis
3350 5405 3449 5448 nos

1896 5493 2159 5536 assereut.
2186 5483 2367 5548 Quare
2389 5482 2591 5544 omnia,
2624 5488 2677 5535 et
2708 5495 2896 5535 omnes
2926 5481 3317 5550 relinquentes,
3348 5496 3451 5536 nos

1897 5574 2046 5642 ipsos
2076 5573 2247 5637 solos,
2280 5582 2335 5626 et
2362 5580 2548 5625 nostra
2584 5580 2844 5641 perpetuo
2869 5571 3243 5640 inspiciamus,
3275 5571 3449 5627 donec

2024 5689 2043 5721 ⁸
2073 5686 2258 5742 Matth.
2288 5685 2405 5753 xni,
2431 5684 2484 5744 8.
2594 5684 2827 5758 ‘_Matth.
2877 5699 2983 5751 xvi,
3007 5683 3098 5741 26.
3207 5686 3228 5719 ⁸
3253 5681 3444 5739 Matth.
