  <div class='ocr_page' id='page_1' title='image "/cluster/home/n/w/nwhite01/storage/ocr_20150623/120/pst.000005714353/261.png"; bbox 0 0 4156 6340; ppageno 0'>
   <div class='ocr_carea' id='block_1_1' title="bbox 617 345 723 413">
    <p class='ocr_par' dir='ltr' id='par_1_1' title="bbox 617 345 723 413">
     <span class='ocr_line' id='line_1_1' title="bbox 617 345 723 413; baseline -0.009 -16"><span class='ocrx_word' id='word_1_1' title='bbox 617 345 723 413; x_wconf 72' lang='grc' dir='ltr'><strong>δίη</strong></span> 
     </span>
    </p>
   </div>
   <div class='ocr_carea' id='block_1_2' title="bbox 1855 353 2636 415">
    <p class='ocr_par' dir='ltr' id='par_1_2' title="bbox 1855 353 2636 415">
     <span class='ocr_line' id='line_1_2' title="bbox 1855 353 2636 415; baseline 0 -3"><span class='ocrx_word' id='word_1_2' title='bbox 1855 353 2234 414; x_wconf 78' lang='lat' dir='ltr'><strong>SYMEONIS</strong></span> <span class='ocrx_word' id='word_1_3' title='bbox 2270 353 2636 415; x_wconf 73' lang='lat' dir='ltr'><strong>JUNlORlS</strong></span> 
     </span>
    </p>
   </div>
   <div class='ocr_carea' id='block_1_3' title="bbox 3757 351 3868 414">
    <p class='ocr_par' dir='ltr' id='par_1_3' title="bbox 3757 351 3868 414">
     <span class='ocr_line' id='line_1_3' title="bbox 3757 351 3868 414; baseline -0.009 0"><span class='ocrx_word' id='word_1_4' title='bbox 3757 351 3868 414; x_wconf 82' lang='lat'><strong>508</strong></span> 
     </span>
    </p>
   </div>
   <div class='ocr_carea' id='block_1_4' title="bbox 619 459 3870 535">
    <p class='ocr_par' dir='ltr' id='par_1_4' title="bbox 619 459 3870 535">
     <span class='ocr_line' id='line_1_4' title="bbox 619 459 3870 535; baseline -0.001 -16"><span class='ocrx_word' id='word_1_5' title='bbox 619 465 688 519; x_wconf 75' lang='lat' dir='ltr'><strong>iis</strong></span> <span class='ocrx_word' id='word_1_6' title='bbox 737 478 857 532; x_wconf 76' lang='lat' dir='ltr'><strong>qut&#39;e</strong></span> <span class='ocrx_word' id='word_1_7' title='bbox 899 461 1210 522; x_wconf 90' lang='lat' dir='ltr'><strong>deterioris.</strong></span> <span class='ocrx_word' id='word_1_8' title='bbox 1245 459 1296 516; x_wconf 91' lang='lat' dir='ltr'><strong>id</strong></span> <span class='ocrx_word' id='word_1_9' title='bbox 1334 467 1438 525; x_wconf 87' lang='lat' dir='ltr'><strong>est,</strong></span> <span class='ocrx_word' id='word_1_10' title='bbox 1472 462 1726 532; x_wconf 84' lang='lat' dir='ltr'><strong>corporis</strong></span> <span class='ocrx_word' id='word_1_11' title='bbox 1762 473 1911 530; x_wconf 89' lang='lat' dir='ltr'><strong>sunt,</strong></span> <span class='ocrx_word' id='word_1_12' title='bbox 1944 465 2102 521; x_wconf 88' lang='lat' dir='ltr'><strong>victis</strong></span> <span class='ocrx_word' id='word_1_13' title='bbox 2135 471 2189 521; x_wconf 91' lang='lat' dir='ltr'><strong>et</strong></span> <span class='ocrx_word' id='word_1_14' title='bbox 2218 469 2266 528; x_wconf 81' lang='grc' dir='ltr'><strong>Α</strong></span> <span class='ocrx_word' id='word_1_15' title='bbox 2295 480 2509 522; x_wconf 83' lang='lat' dir='ltr'><strong>onmem</strong></span> <span class='ocrx_word' id='word_1_16' title='bbox 2537 465 2697 535; x_wconf 87' lang='lat' dir='ltr'><strong>hujus</strong></span> <span class='ocrx_word' id='word_1_17' title='bbox 2720 463 2840 519; x_wconf 83' lang='lat' dir='ltr'><strong>vitae</strong></span> <span class='ocrx_word' id='word_1_18' title='bbox 2863 461 3283 518; x_wconf 75' lang='lat' dir='ltr'><strong>sollicitudinem</strong></span> <span class='ocrx_word' id='word_1_19' title='bbox 3310 463 3687 518; x_wconf 89' lang='lat' dir='ltr'><strong>amandetnus.</strong></span> <span class='ocrx_word' id='word_1_20' title='bbox 3716 460 3870 519; x_wconf 78' lang='lat' dir='ltr'><strong>Ode-</strong></span> 
     </span>
    </p>
   </div>
   <div class='ocr_carea' id='block_1_5' title="bbox 617 554 2188 626">
    <p class='ocr_par' dir='ltr' id='par_1_5' title="bbox 617 554 2188 626">
     <span class='ocr_line' id='line_1_5' title="bbox 617 554 2188 626; baseline 0.001 -14"><span class='ocrx_word' id='word_1_21' title='bbox 617 556 898 620; x_wconf 74' lang='lat' dir='ltr'><strong>etlomitis,</strong></span> <span class='ocrx_word' id='word_1_22' title='bbox 957 564 1010 611; x_wconf 90' lang='lat' dir='ltr'><strong>et</strong></span> <span class='ocrx_word' id='word_1_23' title='bbox 1071 554 1305 626; x_wconf 85' lang='lat' dir='ltr'><strong>meliori,</strong></span> <span class='ocrx_word' id='word_1_24' title='bbox 1367 569 1562 624; x_wconf 82' lang='lat' dir='ltr'><strong>nempe</strong></span> <span class='ocrx_word' id='word_1_25' title='bbox 1621 557 1845 620; x_wconf 83' lang='lat' dir='ltr'><strong>rationi,</strong></span> <span class='ocrx_word' id='word_1_26' title='bbox 1901 567 1952 612; x_wconf 89' lang='lat' dir='ltr'><strong>et</strong></span> <span class='ocrx_word' id='word_1_27' title='bbox 2005 559 2188 613; x_wconf 83' lang='lat' dir='ltr'><strong>animo</strong></span> 
     </span>
    </p>
   </div>
   <div class='ocr_carea' id='block_1_6' title="bbox 619 644 2184 715">
    <p class='ocr_par' dir='ltr' id='par_1_6' title="bbox 619 644 2184 715">
     <span class='ocr_line' id='line_1_6' title="bbox 619 644 2184 715; baseline 0.001 -15"><span class='ocrx_word' id='word_1_28' title='bbox 619 645 879 709; x_wconf 84' lang='lat' dir='ltr'><strong>subditis,</strong></span> <span class='ocrx_word' id='word_1_29' title='bbox 911 657 964 700; x_wconf 91' lang='lat' dir='ltr'><strong>et</strong></span> <span class='ocrx_word' id='word_1_30' title='bbox 1000 646 1070 699; x_wconf 92' lang='lat' dir='ltr'><strong>ita</strong></span> <span class='ocrx_word' id='word_1_31' title='bbox 1111 645 1260 715; x_wconf 83' lang='lat' dir='ltr'><strong>pacis</strong></span> <span class='ocrx_word' id='word_1_32' title='bbox 1291 644 1504 715; x_wconf 90' lang='lat' dir='ltr'><strong>Spiritu</strong></span> <span class='ocrx_word' id='word_1_33' title='bbox 1554 646 1824 714; x_wconf 78' lang='lat' dir='ltr'><strong>perfruiti,</strong></span> <span class='ocrx_word' id='word_1_34' title='bbox 1880 662 1908 703; x_wconf 87' lang='lat' dir='ltr'><strong>a</strong></span> <span class='ocrx_word' id='word_1_35' title='bbox 1951 651 2184 703; x_wconf 90' lang='lat' dir='ltr'><strong>tumultu</strong></span> 
     </span>
    </p>
   </div>
   <div class='ocr_carea' id='block_1_7' title="bbox 619 735 2189 808">
    <p class='ocr_par' dir='ltr' id='par_1_7' title="bbox 619 735 2189 808">
     <span class='ocr_line' id='line_1_7' title="bbox 619 735 2189 808; baseline 0.003 -19"><span class='ocrx_word' id='word_1_36' title='bbox 619 735 900 790; x_wconf 88' lang='lat' dir='ltr'><strong>terrestris</strong></span> <span class='ocrx_word' id='word_1_37' title='bbox 928 735 1152 804; x_wconf 75' lang='lat' dir='ltr'><strong>spiritus</strong></span> <span class='ocrx_word' id='word_1_38' title='bbox 1191 735 1569 804; x_wconf 77' lang='lat' dir='ltr'><strong>expediantur,</strong></span> <span class='ocrx_word' id='word_1_39' title='bbox 1593 748 1645 792; x_wconf 89' lang='lat' dir='ltr'><strong>et</strong></span> <span class='ocrx_word' id='word_1_40' title='bbox 1681 738 1735 793; x_wconf 93' lang='lat' dir='ltr'><strong>in</strong></span> <span class='ocrx_word' id='word_1_41' title='bbox 1773 747 1986 808; x_wconf 89' lang='lat' dir='ltr'><strong>portum</strong></span> <span class='ocrx_word' id='word_1_42' title='bbox 2017 739 2189 794; x_wconf 69' lang='lat' dir='ltr'><strong>beata:</strong></span> 
     </span>
    </p>
   </div>
   <div class='ocr_carea' id='block_1_8' title="bbox 619 824 1478 894">
    <p class='ocr_par' dir='ltr' id='par_1_8' title="bbox 619 824 1478 894">
     <span class='ocr_line' id='line_1_8' title="bbox 619 824 1478 894; baseline 0.003 -16"><span class='ocrx_word' id='word_1_43' title='bbox 619 825 823 894; x_wconf 78' lang='lat' dir='ltr'><strong>quietis</strong></span> <span class='ocrx_word' id='word_1_44' title='bbox 857 834 1058 880; x_wconf 66' lang='lat' dir='ltr'><strong>nostra:</strong></span> <span class='ocrx_word' id='word_1_45' title='bbox 1089 824 1478 894; x_wconf 84' lang='lat' dir='ltr'><strong>ingrediamnr.</strong></span> 
     </span>
    </p>
   </div>
   <div class='ocr_carea' id='block_1_9' title="bbox 691 902 2187 991">
    <p class='ocr_par' dir='ltr' id='par_1_9' title="bbox 691 902 2187 991">
     <span class='ocr_line' id='line_1_9' title="bbox 691 902 2187 991; baseline 0.005 -23"><span class='ocrx_word' id='word_1_46' title='bbox 691 915 893 970; x_wconf 81' lang='lat' dir='ltr'><strong>Beatus</strong></span> <span class='ocrx_word' id='word_1_47' title='bbox 925 915 1111 985; x_wconf 87' lang='lat' dir='ltr'><strong>igitur,</strong></span> <span class='ocrx_word' id='word_1_48' title='bbox 1145 918 1262 985; x_wconf 92' lang='lat' dir='ltr'><strong>qui,</strong></span> <span class='ocrx_word' id='word_1_49' title='bbox 1295 932 1416 987; x_wconf 72' lang='lat' dir='ltr'><strong>quas</strong></span> <span class='ocrx_word' id='word_1_50' title='bbox 1437 918 1676 977; x_wconf 78' lang='lat' dir='ltr'><strong>diximus</strong></span> <span class='ocrx_word' id='word_1_51' title='bbox 1715 902 1839 976; x_wconf 83' lang='lat' dir='ltr'><strong>eum</strong></span> <span class='ocrx_word' id='word_1_52' title='bbox 1878 923 1981 977; x_wconf 73' lang='lat' dir='ltr'><strong>title</strong></span> <span class='ocrx_word' id='word_1_53' title='bbox 2011 922 2187 991; x_wconf 85' lang='lat' dir='ltr'><strong>audit,</strong></span> 
     </span>
    </p>
   </div>
   <div class='ocr_carea' id='block_1_10' title="bbox 618 1008 2188 1082">
    <p class='ocr_par' dir='ltr' id='par_1_10' title="bbox 618 1008 2188 1082">
     <span class='ocr_line' id='line_1_10' title="bbox 618 1008 2188 1082; baseline 0.005 -22"><span class='ocrx_word' id='word_1_54' title='bbox 618 1019 674 1062; x_wconf 76' lang='lat' dir='ltr'><strong>et</strong></span> <span class='ocrx_word' id='word_1_55' title='bbox 701 1008 767 1061; x_wconf 85' lang='lat' dir='ltr'><strong>ad</strong></span> <span class='ocrx_word' id='word_1_56' title='bbox 807 1023 1042 1077; x_wconf 89' lang='lat' dir='ltr'><strong>unguem</strong></span> <span class='ocrx_word' id='word_1_57' title='bbox 1073 1023 1135 1063; x_wconf 83' lang='lat' dir='ltr'><strong>ea</strong></span> <span class='ocrx_word' id='word_1_58' title='bbox 1167 1011 1504 1082; x_wconf 71' lang='lat' dir='ltr'><strong>exsequitur,</strong></span> <span class='ocrx_word' id='word_1_59' title='bbox 1539 1021 1592 1067; x_wconf 90' lang='lat' dir='ltr'><strong>et</strong></span> <span class='ocrx_word' id='word_1_60' title='bbox 1625 1012 1765 1068; x_wconf 87' lang='lat' dir='ltr'><strong>hanc</strong></span> <span class='ocrx_word' id='word_1_61' title='bbox 1801 1029 1980 1068; x_wconf 85' lang='lat' dir='ltr'><strong>veram</strong></span> <span class='ocrx_word' id='word_1_62' title='bbox 2015 1015 2188 1082; x_wconf 66' lang='lat' dir='ltr'><strong>paeni-</strong></span> 
     </span>
    </p>
   </div>
   <div class='ocr_carea' id='block_1_11' title="bbox 621 1099 2185 1174">
    <p class='ocr_par' dir='ltr' id='par_1_11' title="bbox 621 1099 2185 1174">
     <span class='ocr_line' id='line_1_11' title="bbox 621 1099 2185 1174; baseline 0.005 -25"><span class='ocrx_word' id='word_1_63' title='bbox 621 1099 806 1152; x_wconf 58' lang='lat' dir='ltr'><strong>tentiae</strong></span> <span class='ocrx_word' id='word_1_64' title='bbox 834 1099 1123 1167; x_wconf 85' lang='lat' dir='ltr'><strong>imaginem</strong></span> <span class='ocrx_word' id='word_1_65' title='bbox 1174 1099 1712 1174; x_wconf 86' lang='lat' dir='ltr'><strong>descriptionemque</strong></span> <span class='ocrx_word' id='word_1_66' title='bbox 1736 1105 2003 1170; x_wconf 83' lang='lat' dir='ltr'><strong>imitatur,</strong></span> <span class='ocrx_word' id='word_1_67' title='bbox 2025 1120 2185 1174; x_wconf 89' lang='lat' dir='ltr'><strong>quam</strong></span> 
     </span>
    </p>
   </div>
   <div class='ocr_carea' id='block_1_12' title="bbox 620 1189 2186 1264">
    <p class='ocr_par' dir='ltr' id='par_1_12' title="bbox 620 1189 2186 1264">
     <span class='ocr_line' id='line_1_12' title="bbox 620 1189 2186 1264; baseline 0.005 -24"><span class='ocrx_word' id='word_1_68' title='bbox 620 1189 772 1258; x_wconf 87' lang='lat' dir='ltr'><strong>prius</strong></span> <span class='ocrx_word' id='word_1_69' title='bbox 804 1191 990 1257; x_wconf 68' lang='lat' dir='ltr'><strong>praxis</strong></span> <span class='ocrx_word' id='word_1_70' title='bbox 1016 1198 1202 1243; x_wconf 90' lang='lat' dir='ltr'><strong>nostra</strong></span> <span class='ocrx_word' id='word_1_71' title='bbox 1232 1189 1496 1259; x_wconf 80' lang='lat' dir='ltr'><strong>implevit,</strong></span> <span class='ocrx_word' id='word_1_72' title='bbox 1529 1193 1876 1263; x_wconf 84' lang='lat' dir='ltr'><strong>postmodum</strong></span> <span class='ocrx_word' id='word_1_73' title='bbox 1903 1193 2186 1264; x_wconf 72' lang='lat' dir='ltr'><strong>Scriptura</strong></span> 
     </span>
    </p>
   </div>
   <div class='ocr_carea' id='block_1_13' title="bbox 619 1278 2190 1357">
    <p class='ocr_par' dir='ltr' id='par_1_13' title="bbox 619 1278 2190 1357">
     <span class='ocr_line' id='line_1_13' title="bbox 619 1278 2190 1357; baseline 0.006 -26"><span class='ocrx_word' id='word_1_74' title='bbox 619 1280 804 1334; x_wconf 78' lang='lat' dir='ltr'><strong>verbis</strong></span> <span class='ocrx_word' id='word_1_75' title='bbox 831 1281 1125 1335; x_wconf 89' lang='lat' dir='ltr'><strong>commisit.</strong></span> <span class='ocrx_word' id='word_1_76' title='bbox 1160 1281 1292 1335; x_wconf 72' lang='lat' dir='ltr'><strong>Nam</strong></span> <span class='ocrx_word' id='word_1_77' title='bbox 1323 1297 1447 1338; x_wconf 91' lang='lat' dir='ltr'><strong>cum</strong></span> <span class='ocrx_word' id='word_1_78' title='bbox 1483 1285 1619 1339; x_wconf 83' lang='lat' dir='ltr'><strong>bona</strong></span> <span class='ocrx_word' id='word_1_79' title='bbox 1652 1278 2006 1352; x_wconf 86' lang='lat' dir='ltr'><strong>intellectum,</strong></span> <span class='ocrx_word' id='word_1_80' title='bbox 2041 1288 2190 1357; x_wconf 83' lang='lat' dir='ltr'><strong>cogi-</strong></span> 
     </span>
    </p>
   </div>
   <div class='ocr_carea' id='block_1_14' title="bbox 619 1371 2190 1446">
    <p class='ocr_par' dir='ltr' id='par_1_14' title="bbox 619 1371 2190 1446">
     <span class='ocr_line' id='line_1_14' title="bbox 619 1371 2190 1446; baseline 0.007 -23"><span class='ocrx_word' id='word_1_81' title='bbox 619 1371 903 1436; x_wconf 90' lang='lat' dir='ltr'><strong>tationem,</strong></span> <span class='ocrx_word' id='word_1_82' title='bbox 950 1386 1264 1429; x_wconf 90' lang='lat' dir='ltr'><strong>sermonem</strong></span> <span class='ocrx_word' id='word_1_83' title='bbox 1318 1378 1638 1446; x_wconf 82' lang='lat' dir='ltr'><strong>superantia</strong></span> <span class='ocrx_word' id='word_1_84' title='bbox 1689 1379 1978 1442; x_wconf 84' lang='lat' dir='ltr'><strong>invenerit,</strong></span> <span class='ocrx_word' id='word_1_85' title='bbox 2019 1380 2190 1433; x_wconf 88' lang='lat' dir='ltr'><strong>mise-</strong></span> 
     </span>
    </p>
   </div>
   <div class='ocr_carea' id='block_1_15' title="bbox 570 1466 2188 1538">
    <p class='ocr_par' dir='ltr' id='par_1_15' title="bbox 570 1466 2188 1538">
     <span class='ocr_line' id='line_1_15' title="bbox 570 1466 2188 1538; baseline 0.005 -24"><span class='ocrx_word' id='word_1_86' title='bbox 570 1466 573 1467; x_wconf 67' lang='grc'><strong><em>⁷</em></strong></span> <span class='ocrx_word' id='word_1_87' title='bbox 619 1477 735 1515; x_wconf 84' lang='lat' dir='ltr'><strong>ram</strong></span> <span class='ocrx_word' id='word_1_88' title='bbox 765 1478 984 1518; x_wconf 91' lang='lat' dir='ltr'><strong>manum</strong></span> <span class='ocrx_word' id='word_1_89' title='bbox 1023 1482 1222 1528; x_wconf 88' lang='lat' dir='ltr'><strong>meam.</strong></span> <span class='ocrx_word' id='word_1_90' title='bbox 1255 1482 1376 1536; x_wconf 66' lang='lat' dir='ltr'><strong>quae</strong></span> <span class='ocrx_word' id='word_1_91' title='bbox 1409 1467 1511 1523; x_wconf 91' lang='lat' dir='ltr'><strong>hoc</strong></span> <span class='ocrx_word' id='word_1_92' title='bbox 1551 1470 1791 1538; x_wconf 85' lang='lat' dir='ltr'><strong>scripsit,</strong></span> <span class='ocrx_word' id='word_1_93' title='bbox 1826 1470 2035 1522; x_wconf 84' lang='lat' dir='ltr'><strong>beatam</strong></span> <span class='ocrx_word' id='word_1_94' title='bbox 2065 1484 2188 1537; x_wconf 90' lang='lat' dir='ltr'><strong>pro-</strong></span> 
     </span>
    </p>
   </div>
   <div class='ocr_carea' id='block_1_16' title="bbox 616 1553 2188 1628">
    <p class='ocr_par' dir='ltr' id='par_1_16' title="bbox 616 1553 2188 1628">
     <span class='ocr_line' id='line_1_16' title="bbox 616 1553 2188 1628; baseline 0.006 -24"><span class='ocrx_word' id='word_1_95' title='bbox 616 1553 914 1620; x_wconf 82' lang='lat' dir='ltr'><strong>nuntiabit,</strong></span> <span class='ocrx_word' id='word_1_96' title='bbox 943 1564 996 1609; x_wconf 92' lang='lat' dir='ltr'><strong>et</strong></span> <span class='ocrx_word' id='word_1_97' title='bbox 1025 1558 1460 1625; x_wconf 85' lang='lat' dir='ltr'><strong>misericordem,</strong></span> <span class='ocrx_word' id='word_1_98' title='bbox 1495 1560 1792 1628; x_wconf 67' lang='lat' dir='ltr'><strong>multaeque</strong></span> <span class='ocrx_word' id='word_1_99' title='bbox 1818 1561 2188 1616; x_wconf 70' lang='lat' dir='ltr'><strong>irriserationis</strong></span> 
     </span>
    </p>
   </div>
   <div class='ocr_carea' id='block_1_17' title="bbox 617 1641 2188 1721">
    <p class='ocr_par' dir='ltr' id='par_1_17' title="bbox 617 1641 2188 1721">
     <span class='ocr_line' id='line_1_17' title="bbox 617 1641 2188 1721; baseline 0.008 -27"><span class='ocrx_word' id='word_1_100' title='bbox 617 1641 909 1698; x_wconf 88' lang='lat' dir='ltr'><strong>Dominum</strong></span> <span class='ocrx_word' id='word_1_101' title='bbox 950 1649 1288 1714; x_wconf 64' lang='lat' dir='ltr'><strong>pradicabit,</strong></span> <span class='ocrx_word' id='word_1_102' title='bbox 1332 1653 1425 1720; x_wconf 90' lang='lat' dir='ltr'><strong>qui</strong></span> <span class='ocrx_word' id='word_1_103' title='bbox 1471 1668 1565 1720; x_wconf 86' lang='lat' dir='ltr'><strong>per</strong></span> <span class='ocrx_word' id='word_1_104' title='bbox 1603 1654 1840 1721; x_wconf 75' lang='lat' dir='ltr'><strong>linguam</strong></span> <span class='ocrx_word' id='word_1_105' title='bbox 1889 1651 2188 1717; x_wconf 86' lang='lat' dir='ltr'><strong>sordidam,</strong></span> 
     </span>
    </p>
   </div>
   <div class='ocr_carea' id='block_1_18' title="bbox 617 1736 2189 1810">
    <p class='ocr_par' dir='ltr' id='par_1_18' title="bbox 617 1736 2189 1810">
     <span class='ocr_line' id='line_1_18' title="bbox 617 1736 2189 1810; baseline 0.007 -25"><span class='ocrx_word' id='word_1_106' title='bbox 617 1745 670 1786; x_wconf 84' lang='lat' dir='ltr'><strong>et</strong></span> <span class='ocrx_word' id='word_1_107' title='bbox 705 1736 1068 1798; x_wconf 89' lang='lat' dir='ltr'><strong>immundam.</strong></span> <span class='ocrx_word' id='word_1_108' title='bbox 1106 1748 1160 1794; x_wconf 91' lang='lat' dir='ltr'><strong>et</strong></span> <span class='ocrx_word' id='word_1_109' title='bbox 1188 1756 1251 1795; x_wconf 92' lang='lat' dir='ltr'><strong>os</strong></span> <span class='ocrx_word' id='word_1_110' title='bbox 1284 1742 1556 1810; x_wconf 91' lang='lat' dir='ltr'><strong>impurum</strong></span> <span class='ocrx_word' id='word_1_111' title='bbox 1602 1743 1714 1796; x_wconf 66' lang='lat' dir='ltr'><strong>hmc</strong></span> <span class='ocrx_word' id='word_1_112' title='bbox 1748 1743 2020 1807; x_wconf 84' lang='lat' dir='ltr'><strong>scriptura</strong></span> <span class='ocrx_word' id='word_1_113' title='bbox 2060 1758 2189 1796; x_wconf 92' lang='lat' dir='ltr'><strong>con-</strong></span> 
     </span>
    </p>
   </div>
   <div class='ocr_carea' id='block_1_19' title="bbox 617 1828 2189 1903">
    <p class='ocr_par' dir='ltr' id='par_1_19' title="bbox 617 1828 2189 1903">
     <span class='ocr_line' id='line_1_19' title="bbox 617 1828 2189 1903; baseline -0.002 -14"><span class='ocrx_word' id='word_1_114' title='bbox 617 1828 874 1894; x_wconf 67' lang='grc' dir='ltr'><strong>δῖειιδνὶῑ.</strong></span> <span class='ocrx_word' id='word_1_115' title='bbox 902 1829 967 1880; x_wconf 83' lang='lat' dir='ltr'><strong>ad</strong></span> <span class='ocrx_word' id='word_1_116' title='bbox 1030 1832 1332 1902; x_wconf 82' lang='lat' dir='ltr'><strong>exemplum</strong></span> <span class='ocrx_word' id='word_1_117' title='bbox 1359 1834 1733 1890; x_wconf 84' lang='lat' dir='ltr'><strong>conversionis</strong></span> <span class='ocrx_word' id='word_1_118' title='bbox 1758 1843 1811 1889; x_wconf 91' lang='lat' dir='ltr'><strong>et</strong></span> <span class='ocrx_word' id='word_1_119' title='bbox 1836 1834 2189 1903; x_wconf 67' lang='lat' dir='ltr'><strong>poenitentiae,</strong></span> 
     </span>
    </p>
   </div>
   <div class='ocr_carea' id='block_1_20' title="bbox 616 1919 2191 1997">
    <p class='ocr_par' dir='ltr' id='par_1_20' title="bbox 616 1919 2191 1997">
     <span class='ocr_line' id='line_1_20' title="bbox 616 1919 2191 1997; baseline 0.008 -29"><span class='ocrx_word' id='word_1_120' title='bbox 616 1929 670 1970; x_wconf 89' lang='lat' dir='ltr'><strong>et</strong></span> <span class='ocrx_word' id='word_1_121' title='bbox 699 1919 765 1971; x_wconf 87' lang='lat' dir='ltr'><strong>ad</strong></span> <span class='ocrx_word' id='word_1_122' title='bbox 803 1921 941 1973; x_wconf 82' lang='lat' dir='ltr'><strong>viam</strong></span> <span class='ocrx_word' id='word_1_123' title='bbox 978 1922 1239 1977; x_wconf 87' lang='lat' dir='ltr'><strong>directam</strong></span> <span class='ocrx_word' id='word_1_124' title='bbox 1298 1926 1750 1997; x_wconf 87' lang='lat' dir='ltr'><strong>verissimamque</strong></span> <span class='ocrx_word' id='word_1_125' title='bbox 1778 1942 1969 1983; x_wconf 88' lang='lat' dir='ltr'><strong>eorum</strong></span> <span class='ocrx_word' id='word_1_126' title='bbox 1999 1927 2090 1997; x_wconf 88' lang='lat' dir='ltr'><strong>qui</strong></span> <span class='ocrx_word' id='word_1_127' title='bbox 2125 1943 2191 1982; x_wconf 80' lang='lat' dir='ltr'><strong>ex</strong></span> 
     </span>
    </p>
   </div>
   <div class='ocr_carea' id='block_1_21' title="bbox 617 2011 2192 2086">
    <p class='ocr_par' dir='ltr' id='par_1_21' title="bbox 617 2011 2192 2086">
     <span class='ocr_line' id='line_1_21' title="bbox 617 2011 2192 2086; baseline 0.006 -25"><span class='ocrx_word' id='word_1_128' title='bbox 617 2017 729 2062; x_wconf 89' lang='lat' dir='ltr'><strong>tota</strong></span> <span class='ocrx_word' id='word_1_129' title='bbox 758 2011 935 2064; x_wconf 86' lang='lat' dir='ltr'><strong>anima</strong></span> <span class='ocrx_word' id='word_1_130' title='bbox 962 2015 1144 2067; x_wconf 83' lang='lat' dir='ltr'><strong>sanari</strong></span> <span class='ocrx_word' id='word_1_131' title='bbox 1178 2019 1594 2085; x_wconf 84' lang='lat' dir='ltr'><strong>concupiscunt,</strong></span> <span class='ocrx_word' id='word_1_132' title='bbox 1629 2028 1683 2072; x_wconf 92' lang='lat' dir='ltr'><strong>ct</strong></span> <span class='ocrx_word' id='word_1_133' title='bbox 1740 2033 1966 2086; x_wconf 83' lang='lat' dir='ltr'><strong>regnum</strong></span> <span class='ocrx_word' id='word_1_134' title='bbox 1995 2020 2192 2071; x_wconf 86' lang='lat' dir='ltr'><strong>vitam-</strong></span> 
     </span>
    </p>
   </div>
   <div class='ocr_carea' id='block_1_22' title="bbox 617 2100 2197 2178">
    <p class='ocr_par' dir='ltr' id='par_1_22' title="bbox 617 2100 2197 2178">
     <span class='ocr_line' id='line_1_22' title="bbox 617 2100 2197 2178; baseline 0.008 -30"><span class='ocrx_word' id='word_1_135' title='bbox 617 2114 725 2166; x_wconf 88' lang='lat' dir='ltr'><strong>que</strong></span> <span class='ocrx_word' id='word_1_136' title='bbox 767 2100 1154 2168; x_wconf 75' lang='lat' dir='ltr'><strong>immortalem,</strong></span> <span class='ocrx_word' id='word_1_137' title='bbox 1191 2119 1252 2160; x_wconf 91' lang='lat' dir='ltr'><strong>ac</strong></span> <span class='ocrx_word' id='word_1_138' title='bbox 1283 2107 1560 2161; x_wconf 65' lang='lat' dir='ltr'><strong>caelestem</strong></span> <span class='ocrx_word' id='word_1_139' title='bbox 1598 2124 1696 2178; x_wconf 90' lang='lat' dir='ltr'><strong>pro</strong></span> <span class='ocrx_word' id='word_1_140' title='bbox 1725 2108 2042 2162; x_wconf 67' lang='lat' dir='ltr'><strong>haereditate</strong></span> <span class='ocrx_word' id='word_1_141' title='bbox 2075 2106 2197 2161; x_wconf 87' lang='lat' dir='ltr'><strong>adi-</strong></span> 
     </span>
    </p>
   </div>
   <div class='ocr_carea' id='block_1_23' title="bbox 605 2193 2190 2273">
    <p class='ocr_par' dir='ltr' id='par_1_23' title="bbox 605 2193 2190 2273">
     <span class='ocr_line' id='line_1_23' title="bbox 605 2193 2190 2273; baseline 0.008 -32"><span class='ocrx_word' id='word_1_142' title='bbox 605 2193 724 2273; x_wconf 17' lang='lat' dir='ltr'><strong>ituri</strong></span> <span class='ocrx_word' id='word_1_143' title='bbox 759 2205 911 2247; x_wconf 87' lang='lat' dir='ltr'><strong>sunt.</strong></span> <span class='ocrx_word' id='word_1_144' title='bbox 947 2195 1315 2260; x_wconf 84' lang='lat' dir='ltr'><strong>Quamobrem</strong></span> <span class='ocrx_word' id='word_1_145' title='bbox 1343 2215 1472 2267; x_wconf 84' lang='lat' dir='ltr'><strong>rogo</strong></span> <span class='ocrx_word' id='word_1_146' title='bbox 1497 2214 1616 2264; x_wconf 84' lang='lat' dir='ltr'><strong>vos,</strong></span> <span class='ocrx_word' id='word_1_147' title='bbox 1643 2201 1694 2254; x_wconf 89' lang='lat' dir='ltr'><strong>in</strong></span> <span class='ocrx_word' id='word_1_148' title='bbox 1719 2199 1940 2254; x_wconf 84' lang='lat' dir='ltr'><strong>Christo</strong></span> <span class='ocrx_word' id='word_1_149' title='bbox 1971 2201 2190 2262; x_wconf 81' lang='lat' dir='ltr'><strong>fratres,</strong></span> 
     </span>
    </p>
   </div>
   <div class='ocr_carea' id='block_1_24' title="bbox 618 2287 2191 2355">
    <p class='ocr_par' dir='ltr' id='par_1_24' title="bbox 618 2287 2191 2355">
     <span class='ocr_line' id='line_1_24' title="bbox 618 2287 2191 2355; baseline 0.008 -23"><span class='ocrx_word' id='word_1_150' title='bbox 618 2287 808 2349; x_wconf 90' lang='lat' dir='ltr'><strong>procul</strong></span> <span class='ocrx_word' id='word_1_151' title='bbox 861 2301 889 2338; x_wconf 90' lang='lat' dir='ltr'><strong>a</strong></span> <span class='ocrx_word' id='word_1_152' title='bbox 935 2288 1090 2343; x_wconf 86' lang='lat' dir='ltr'><strong>nobis</strong></span> <span class='ocrx_word' id='word_1_153' title='bbox 1146 2303 1363 2344; x_wconf 89' lang='lat' dir='ltr'><strong>omnem</strong></span> <span class='ocrx_word' id='word_1_154' title='bbox 1411 2288 1754 2346; x_wconf 80' lang='lat' dir='ltr'><strong>aﬂ‘ectionem</strong></span> <span class='ocrx_word' id='word_1_155' title='bbox 1798 2289 2097 2355; x_wconf 85' lang='lat' dir='ltr'><strong>turbidam,</strong></span> <span class='ocrx_word' id='word_1_156' title='bbox 2138 2298 2191 2346; x_wconf 91' lang='lat' dir='ltr'><strong>et</strong></span> 
     </span>
    </p>
   </div>
   <div class='ocr_carea' id='block_1_25' title="bbox 622 2478 2663 2506">
    <p class='ocr_par' dir='ltr' id='par_1_25' title="bbox 622 2478 2663 2506">
     <span class='ocr_line' id='line_1_25' title="bbox 622 2478 2663 2506; baseline -0.001 -2"><span class='ocrx_word' id='word_1_157' title='bbox 622 2478 2663 2506; x_wconf 60' lang='lat' dir='ltr'><strong>Mm</strong></span> 
     </span>
    </p>
   </div>
   <div class='ocr_carea' id='block_1_26' title="bbox 2292 554 3866 628">
    <p class='ocr_par' dir='ltr' id='par_1_26' title="bbox 2292 554 3866 628">
     <span class='ocr_line' id='line_1_26' title="bbox 2292 554 3866 628; baseline -0.003 -14"><span class='ocrx_word' id='word_1_158' title='bbox 2292 559 2469 614; x_wconf 88' lang='lat' dir='ltr'><strong>rimus</strong></span> <span class='ocrx_word' id='word_1_159' title='bbox 2529 559 2831 628; x_wconf 79' lang='lat' dir='ltr'><strong>voluptates</strong></span> <span class='ocrx_word' id='word_1_160' title='bbox 2889 557 3099 618; x_wconf 85' lang='lat' dir='ltr'><strong>carnis,</strong></span> <span class='ocrx_word' id='word_1_161' title='bbox 3142 554 3513 624; x_wconf 81' lang='lat' dir='ltr'><strong>jucunditates</strong></span> <span class='ocrx_word' id='word_1_162' title='bbox 3570 558 3866 626; x_wconf 87' lang='lat' dir='ltr'><strong>corporis,</strong></span> 
     </span>
    </p>
   </div>
   <div class='ocr_carea' id='block_1_27' title="bbox 2292 647 3864 717">
    <p class='ocr_par' dir='ltr' id='par_1_27' title="bbox 2292 647 3864 717">
     <span class='ocr_line' id='line_1_27' title="bbox 2292 647 3864 717; baseline -0.005 -11"><span class='ocrx_word' id='word_1_163' title='bbox 2292 651 2714 713; x_wconf 84' lang='lat' dir='ltr'><strong>oblectamenta,</strong></span> <span class='ocrx_word' id='word_1_164' title='bbox 2741 658 2795 704; x_wconf 91' lang='lat' dir='ltr'><strong>et</strong></span> <span class='ocrx_word' id='word_1_165' title='bbox 2821 649 3016 710; x_wconf 89' lang='lat' dir='ltr'><strong>otium,</strong></span> <span class='ocrx_word' id='word_1_166' title='bbox 3045 663 3136 717; x_wconf 88' lang='lat' dir='ltr'><strong>per</strong></span> <span class='ocrx_word' id='word_1_167' title='bbox 3164 661 3284 716; x_wconf 69' lang='lat' dir='ltr'><strong>quae</strong></span> <span class='ocrx_word' id='word_1_168' title='bbox 3312 649 3453 716; x_wconf 90' lang='lat' dir='ltr'><strong>quod</strong></span> <span class='ocrx_word' id='word_1_169' title='bbox 3485 647 3726 702; x_wconf 77' lang='lat' dir='ltr'><strong>deterius</strong></span> <span class='ocrx_word' id='word_1_170' title='bbox 3749 659 3864 709; x_wconf 83' lang='lat' dir='ltr'><strong>est,</strong></span> 
     </span>
    </p>
   </div>
   <div class='ocr_carea' id='block_1_28' title="bbox 2292 737 3865 811">
    <p class='ocr_par' dir='ltr' id='par_1_28' title="bbox 2292 737 3865 811">
     <span class='ocr_line' id='line_1_28' title="bbox 2292 737 3865 811; baseline -0.003 -17"><span class='ocrx_word' id='word_1_171' title='bbox 2292 742 2488 811; x_wconf 88' lang='lat' dir='ltr'><strong>potiori</strong></span> <span class='ocrx_word' id='word_1_172' title='bbox 2524 739 2802 809; x_wconf 72' lang='lat' dir='ltr'><strong>praevalet,</strong></span> <span class='ocrx_word' id='word_1_173' title='bbox 2851 749 2904 792; x_wconf 91' lang='lat' dir='ltr'><strong>et</strong></span> <span class='ocrx_word' id='word_1_174' title='bbox 2953 739 3116 807; x_wconf 85' lang='lat' dir='ltr'><strong>agite,</strong></span> <span class='ocrx_word' id='word_1_175' title='bbox 3150 737 3516 804; x_wconf 76' lang='lat' dir='ltr'><strong>suscipiamus</strong></span> <span class='ocrx_word' id='word_1_176' title='bbox 3553 739 3710 791; x_wconf 85' lang='lat' dir='ltr'><strong>tidem</strong></span> <span class='ocrx_word' id='word_1_177' title='bbox 3743 738 3865 792; x_wconf 89' lang='lat' dir='ltr'><strong>siu-</strong></span> 
     </span>
    </p>
   </div>
   <div class='ocr_carea' id='block_1_29' title="bbox 2277 829 3867 905">
    <p class='ocr_par' dir='ltr' id='par_1_29' title="bbox 2277 829 3867 905">
     <span class='ocr_line' id='line_1_29' title="bbox 2277 829 3867 905; baseline -0.005 -17"><span class='ocrx_word' id='word_1_178' title='bbox 2277 850 2472 905; x_wconf 12' lang='lat' dir='ltr'><strong>leeram</strong></span> <span class='ocrx_word' id='word_1_179' title='bbox 2520 847 2649 902; x_wconf 86' lang='lat' dir='ltr'><strong>erga</strong></span> <span class='ocrx_word' id='word_1_180' title='bbox 2695 831 2886 898; x_wconf 87' lang='lat' dir='ltr'><strong>Deum,</strong></span> <span class='ocrx_word' id='word_1_181' title='bbox 2930 839 2985 884; x_wconf 91' lang='lat' dir='ltr'><strong>et</strong></span> <span class='ocrx_word' id='word_1_182' title='bbox 3038 831 3130 898; x_wconf 92' lang='lat' dir='ltr'><strong>qui</strong></span> <span class='ocrx_word' id='word_1_183' title='bbox 3170 829 3470 884; x_wconf 88' lang='lat' dir='ltr'><strong>secundum</strong></span> <span class='ocrx_word' id='word_1_184' title='bbox 3521 829 3688 881; x_wconf 88' lang='lat' dir='ltr'><strong>Deum</strong></span> <span class='ocrx_word' id='word_1_185' title='bbox 3728 838 3867 882; x_wconf 81' lang='lat' dir='ltr'><strong>sunt</strong></span> 
     </span>
    </p>
   </div>
   <div class='ocr_carea' id='block_1_30' title="bbox 2296 919 3868 996">
    <p class='ocr_par' dir='ltr' id='par_1_30' title="bbox 2296 919 3868 996">
     <span class='ocr_line' id='line_1_30' title="bbox 2296 919 3868 996; baseline -0.005 -18"><span class='ocrx_word' id='word_1_186' title='bbox 2296 935 2480 996; x_wconf 77' lang='lat' dir='ltr'><strong>patres</strong></span> <span class='ocrx_word' id='word_1_187' title='bbox 2520 940 2582 979; x_wconf 87' lang='lat' dir='ltr'><strong>ac</strong></span> <span class='ocrx_word' id='word_1_188' title='bbox 2635 923 2830 978; x_wconf 78' lang='lat' dir='ltr'><strong>fratres</strong></span> <span class='ocrx_word' id='word_1_189' title='bbox 2876 922 3068 976; x_wconf 91' lang='lat' dir='ltr'><strong>nostri.</strong></span> <span class='ocrx_word' id='word_1_190' title='bbox 3114 919 3502 976; x_wconf 84' lang='lat' dir='ltr'><strong>Possideatnus</strong></span> <span class='ocrx_word' id='word_1_191' title='bbox 3530 935 3625 974; x_wconf 88' lang='lat' dir='ltr'><strong>cur</strong></span> <span class='ocrx_word' id='word_1_192' title='bbox 3655 920 3868 974; x_wconf 84' lang='lat' dir='ltr'><strong>contri-</strong></span> 
     </span>
    </p>
   </div>
   <div class='ocr_carea' id='block_1_31' title="bbox 2292 1011 3857 1081">
    <p class='ocr_par' dir='ltr' id='par_1_31' title="bbox 2292 1011 3857 1081">
     <span class='ocr_line' id='line_1_31' title="bbox 2292 1011 3857 1081; baseline -0.005 -10"><span class='ocrx_word' id='word_1_193' title='bbox 2292 1027 2405 1071; x_wconf 88' lang='lat' dir='ltr'><strong>tnm</strong></span> <span class='ocrx_word' id='word_1_194' title='bbox 2445 1027 2496 1070; x_wconf 92' lang='lat' dir='ltr'><strong>et</strong></span> <span class='ocrx_word' id='word_1_195' title='bbox 2533 1015 2878 1069; x_wconf 78' lang='lat' dir='ltr'><strong>humiliatum</strong></span> <span class='ocrx_word' id='word_1_196' title='bbox 2913 1015 3106 1066; x_wconf 81' lang='lat' dir='ltr'><strong>animae</strong></span> <span class='ocrx_word' id='word_1_197' title='bbox 3138 1013 3392 1081; x_wconf 88' lang='lat' dir='ltr'><strong>spiritum</strong></span> <span class='ocrx_word' id='word_1_198' title='bbox 3415 1052 3430 1077; x_wconf 92' lang='lat'><strong>,</strong></span> <span class='ocrx_word' id='word_1_199' title='bbox 3465 1020 3518 1066; x_wconf 92' lang='lat' dir='ltr'><strong>et</strong></span> <span class='ocrx_word' id='word_1_200' title='bbox 3551 1027 3646 1078; x_wconf 90' lang='lat' dir='ltr'><strong>per</strong></span> <span class='ocrx_word' id='word_1_201' title='bbox 3679 1011 3857 1081; x_wconf 64' lang='lat' dir='ltr'><strong>patui-</strong></span> 
     </span>
    </p>
   </div>
   <div class='ocr_carea' id='block_1_32' title="bbox 2292 1071 3863 1178">
    <p class='ocr_par' dir='ltr' id='par_1_32' title="bbox 2292 1071 3863 1178">
     <span class='ocr_line' id='line_1_32' title="bbox 2292 1071 3863 1178; baseline -0.005 -15"><span class='ocrx_word' id='word_1_202' title='bbox 2292 1113 2542 1174; x_wconf 89' lang='lat' dir='ltr'><strong>tentiam,</strong></span> <span class='ocrx_word' id='word_1_203' title='bbox 2571 1117 2625 1162; x_wconf 91' lang='lat' dir='ltr'><strong>et</strong></span> <span class='ocrx_word' id='word_1_204' title='bbox 2659 1109 2926 1178; x_wconf 80' lang='lat' dir='ltr'><strong>lacrymas</strong></span> <span class='ocrx_word' id='word_1_205' title='bbox 2967 1122 3065 1161; x_wconf 93' lang='lat' dir='ltr'><strong>cor</strong></span> <span class='ocrx_word' id='word_1_206' title='bbox 3100 1121 3294 1176; x_wconf 90' lang='lat' dir='ltr'><strong>purum</strong></span> <span class='ocrx_word' id='word_1_207' title='bbox 3332 1105 3400 1160; x_wconf 89' lang='lat' dir='ltr'><strong>ab</strong></span> <span class='ocrx_word' id='word_1_208' title='bbox 3434 1105 3582 1158; x_wconf 91' lang='lat' dir='ltr'><strong>omni</strong></span> <span class='ocrx_word' id='word_1_209' title='bbox 3625 1071 3863 1164; x_wconf 57' lang='lat' dir='ltr'><strong>malcuIa,</strong></span> 
     </span>
    </p>
   </div>
   <div class='ocr_carea' id='block_1_33' title="bbox 2291 1193 3865 1268">
    <p class='ocr_par' dir='ltr' id='par_1_33' title="bbox 2291 1193 3865 1268">
     <span class='ocr_line' id='line_1_33' title="bbox 2291 1193 3865 1268; baseline -0.004 -14"><span class='ocrx_word' id='word_1_210' title='bbox 2291 1208 2344 1254; x_wconf 90' lang='lat' dir='ltr'><strong>et</strong></span> <span class='ocrx_word' id='word_1_211' title='bbox 2375 1200 2496 1252; x_wconf 86' lang='lat' dir='ltr'><strong>labe</strong></span> <span class='ocrx_word' id='word_1_212' title='bbox 2531 1199 2765 1268; x_wconf 69' lang='lat' dir='ltr'><strong>peccati,</strong></span> <span class='ocrx_word' id='word_1_213' title='bbox 2803 1206 2861 1251; x_wconf 87' lang='lat' dir='ltr'><strong>ut</strong></span> <span class='ocrx_word' id='word_1_214' title='bbox 2907 1198 3071 1251; x_wconf 87' lang='lat' dir='ltr'><strong>etiam</strong></span> <span class='ocrx_word' id='word_1_215' title='bbox 3117 1196 3392 1266; x_wconf 87' lang='lat' dir='ltr'><strong>possimus</strong></span> <span class='ocrx_word' id='word_1_216' title='bbox 3437 1196 3717 1263; x_wconf 76' lang='lat' dir='ltr'><strong>pervenire</strong></span> <span class='ocrx_word' id='word_1_217' title='bbox 3760 1193 3865 1247; x_wconf 86' lang='lat' dir='ltr'><strong>ali-</strong></span> 
     </span>
    </p>
   </div>
   <div class='ocr_carea' id='block_1_34' title="bbox 2293 1269 3868 1358">
    <p class='ocr_par' dir='ltr' id='par_1_34' title="bbox 2293 1269 3868 1358">
     <span class='ocr_line' id='line_1_34' title="bbox 2293 1269 3868 1358; baseline -0.004 -16"><span class='ocrx_word' id='word_1_218' title='bbox 2293 1286 2513 1358; x_wconf 89' lang='lat' dir='ltr'><strong>quando</strong></span> <span class='ocrx_word' id='word_1_219' title='bbox 2575 1287 2640 1340; x_wconf 89' lang='lat' dir='ltr'><strong>ad</strong></span> <span class='ocrx_word' id='word_1_220' title='bbox 2699 1269 3143 1356; x_wconf 77' lang='lat' dir='ltr'><strong>con-pendiosam</strong></span> <span class='ocrx_word' id='word_1_221' title='bbox 3198 1299 3504 1339; x_wconf 88' lang='lat' dir='ltr'><strong>mensuram</strong></span> <span class='ocrx_word' id='word_1_222' title='bbox 3559 1281 3868 1353; x_wconf 81' lang='lat' dir='ltr'><strong>spirituaiis</strong></span> 
     </span>
    </p>
   </div>
   <div class='ocr_carea' id='block_1_35' title="bbox 2293 1373 3868 1443">
    <p class='ocr_par' dir='ltr' id='par_1_35' title="bbox 2293 1373 3868 1443">
     <span class='ocr_line' id='line_1_35' title="bbox 2293 1373 3868 1443; baseline -0.004 -10"><span class='ocrx_word' id='word_1_223' title='bbox 2293 1382 2489 1443; x_wconf 82' lang='lat' dir='ltr'><strong>a-tatis,</strong></span> <span class='ocrx_word' id='word_1_224' title='bbox 2535 1389 2588 1434; x_wconf 90' lang='lat' dir='ltr'><strong>et</strong></span> <span class='ocrx_word' id='word_1_225' title='bbox 2636 1378 2820 1433; x_wconf 85' lang='lat' dir='ltr'><strong>videre</strong></span> <span class='ocrx_word' id='word_1_226' title='bbox 2854 1394 2918 1433; x_wconf 86' lang='lat' dir='ltr'><strong>ac</strong></span> <span class='ocrx_word' id='word_1_227' title='bbox 2955 1379 3060 1431; x_wconf 83' lang='lat' dir='ltr'><strong>frui</strong></span> <span class='ocrx_word' id='word_1_228' title='bbox 3095 1379 3253 1431; x_wconf 92' lang='lat' dir='ltr'><strong>bonis</strong></span> <span class='ocrx_word' id='word_1_229' title='bbox 3285 1376 3678 1438; x_wconf 74' lang='lat' dir='ltr'><strong>iueﬂ‘abilibus,</strong></span> <span class='ocrx_word' id='word_1_230' title='bbox 3711 1373 3868 1428; x_wconf 88' lang='lat' dir='ltr'><strong>inde-</strong></span> 
     </span>
    </p>
   </div>
   <div class='ocr_carea' id='block_1_36' title="bbox 2294 1465 3868 1539">
    <p class='ocr_par' dir='ltr' id='par_1_36' title="bbox 2294 1465 3868 1539">
     <span class='ocr_line' id='line_1_36' title="bbox 2294 1465 3868 1539; baseline -0.001 -17"><span class='ocrx_word' id='word_1_231' title='bbox 2294 1485 2398 1538; x_wconf 91' lang='lat' dir='ltr'><strong>que</strong></span> <span class='ocrx_word' id='word_1_232' title='bbox 2425 1469 2870 1533; x_wconf 81' lang='lat' dir='ltr'><strong>divinolutnine,</strong></span> <span class='ocrx_word' id='word_1_233' title='bbox 2901 1469 3153 1539; x_wconf 84' lang='lat' dir='ltr'><strong>quamvis</strong></span> <span class='ocrx_word' id='word_1_234' title='bbox 3185 1484 3292 1522; x_wconf 92' lang='lat' dir='ltr'><strong>non</strong></span> <span class='ocrx_word' id='word_1_235' title='bbox 3326 1475 3724 1532; x_wconf 89' lang='lat' dir='ltr'><strong>consummate,</strong></span> <span class='ocrx_word' id='word_1_236' title='bbox 3767 1465 3868 1521; x_wconf 87' lang='lat' dir='ltr'><strong>sed</strong></span> 
     </span>
    </p>
   </div>
   <div class='ocr_carea' id='block_1_37' title="bbox 2293 1559 3873 1630">
    <p class='ocr_par' dir='ltr' id='par_1_37' title="bbox 2293 1559 3873 1630">
     <span class='ocr_line' id='line_1_37' title="bbox 2293 1559 3873 1630; baseline -0.004 -15"><span class='ocrx_word' id='word_1_237' title='bbox 2293 1575 2357 1615; x_wconf 84' lang='lat' dir='ltr'><strong>ex</strong></span> <span class='ocrx_word' id='word_1_238' title='bbox 2391 1569 2565 1629; x_wconf 82' lang='lat' dir='ltr'><strong>parte,</strong></span> <span class='ocrx_word' id='word_1_239' title='bbox 2606 1568 2661 1615; x_wconf 93' lang='lat' dir='ltr'><strong>et</strong></span> <span class='ocrx_word' id='word_1_240' title='bbox 2705 1576 2803 1630; x_wconf 91' lang='lat' dir='ltr'><strong>pro</strong></span> <span class='ocrx_word' id='word_1_241' title='bbox 2849 1571 3010 1629; x_wconf 85' lang='lat' dir='ltr'><strong>captu</strong></span> <span class='ocrx_word' id='word_1_242' title='bbox 3053 1569 3263 1623; x_wconf 85' lang='lat' dir='ltr'><strong>nostro,</strong></span> <span class='ocrx_word' id='word_1_243' title='bbox 3301 1559 3605 1614; x_wconf 87' lang='lat' dir='ltr'><strong>secundum</strong></span> <span class='ocrx_word' id='word_1_244' title='bbox 3640 1572 3873 1628; x_wconf 88' lang='lat' dir='ltr'><strong>propor-</strong></span> 
     </span>
    </p>
   </div>
   <div class='ocr_carea' id='block_1_38' title="bbox 2293 1647 3869 1722">
    <p class='ocr_par' dir='ltr' id='par_1_38' title="bbox 2293 1647 3869 1722">
     <span class='ocr_line' id='line_1_38' title="bbox 2293 1647 3869 1722; baseline -0.006 -17"><span class='ocrx_word' id='word_1_245' title='bbox 2293 1652 2500 1706; x_wconf 85' lang='lat' dir='ltr'><strong>tionem</strong></span> <span class='ocrx_word' id='word_1_246' title='bbox 2545 1653 2825 1722; x_wconf 89' lang='lat' dir='ltr'><strong>puritatis.</strong></span> <span class='ocrx_word' id='word_1_247' title='bbox 2869 1663 2924 1706; x_wconf 90' lang='lat' dir='ltr'><strong>et</strong></span> <span class='ocrx_word' id='word_1_248' title='bbox 2967 1652 3295 1706; x_wconf 71' lang='lat' dir='ltr'><strong>innocentiae</strong></span> <span class='ocrx_word' id='word_1_249' title='bbox 3331 1659 3554 1705; x_wconf 76' lang='lat' dir='ltr'><strong>uostrre.</strong></span> <span class='ocrx_word' id='word_1_250' title='bbox 3597 1649 3687 1703; x_wconf 92' lang='lat' dir='ltr'><strong>Sic</strong></span> <span class='ocrx_word' id='word_1_251' title='bbox 3712 1647 3869 1701; x_wconf 80' lang='lat' dir='ltr'><strong>enim</strong></span> 
     </span>
    </p>
   </div>
   <div class='ocr_carea' id='block_1_39' title="bbox 2293 1741 3873 1807">
    <p class='ocr_par' dir='ltr' id='par_1_39' title="bbox 2293 1741 3873 1807">
     <span class='ocr_line' id='line_1_39' title="bbox 2293 1741 3873 1807; baseline -0.006 -8"><span class='ocrx_word' id='word_1_252' title='bbox 2293 1753 2348 1799; x_wconf 90' lang='lat' dir='ltr'><strong>ct</strong></span> <span class='ocrx_word' id='word_1_253' title='bbox 2407 1761 2507 1798; x_wconf 88' lang='lat' dir='ltr'><strong>nos</strong></span> <span class='ocrx_word' id='word_1_254' title='bbox 2559 1744 2811 1798; x_wconf 90' lang='lat' dir='ltr'><strong>uniemus</strong></span> <span class='ocrx_word' id='word_1_255' title='bbox 2859 1744 2990 1807; x_wconf 90' lang='lat' dir='ltr'><strong>Deo,</strong></span> <span class='ocrx_word' id='word_1_256' title='bbox 3033 1753 3085 1798; x_wconf 89' lang='lat' dir='ltr'><strong>et</strong></span> <span class='ocrx_word' id='word_1_257' title='bbox 3124 1743 3266 1798; x_wconf 87' lang='lat' dir='ltr'><strong>Deus</strong></span> <span class='ocrx_word' id='word_1_258' title='bbox 3331 1744 3546 1798; x_wconf 88' lang='lat' dir='ltr'><strong>unietur</strong></span> <span class='ocrx_word' id='word_1_259' title='bbox 3585 1741 3764 1804; x_wconf 89' lang='lat' dir='ltr'><strong>nobis,</strong></span> <span class='ocrx_word' id='word_1_260' title='bbox 3813 1746 3873 1791; x_wconf 72' lang='lat' dir='ltr'><strong>et</strong></span> 
     </span>
    </p>
   </div>
   <div class='ocr_carea' id='block_1_40' title="bbox 2295 1833 3874 1892">
    <p class='ocr_par' dir='ltr' id='par_1_40' title="bbox 2295 1833 3874 1892">
     <span class='ocr_line' id='line_1_40' title="bbox 2295 1833 3874 1892; baseline -0.006 -2"><span class='ocrx_word' id='word_1_261' title='bbox 2295 1835 2690 1890; x_wconf 88' lang='lat' dir='ltr'><strong>consuetudine</strong></span> <span class='ocrx_word' id='word_1_262' title='bbox 2740 1844 2930 1888; x_wconf 84' lang='lat' dir='ltr'><strong>nostra</strong></span> <span class='ocrx_word' id='word_1_263' title='bbox 2979 1834 3264 1888; x_wconf 88' lang='lat' dir='ltr'><strong>utentibus</strong></span> <span class='ocrx_word' id='word_1_264' title='bbox 3314 1834 3517 1888; x_wconf 87' lang='lat' dir='ltr'><strong>erimus</strong></span> <span class='ocrx_word' id='word_1_265' title='bbox 3567 1833 3773 1892; x_wconf 87' lang='lat' dir='ltr'><strong>lumen,</strong></span> <span class='ocrx_word' id='word_1_266' title='bbox 3812 1837 3874 1882; x_wconf 72' lang='lat' dir='ltr'><strong>et</strong></span> 
     </span>
    </p>
   </div>
   <div class='ocr_carea' id='block_1_41' title="bbox 2300 1919 3870 1993">
    <p class='ocr_par' dir='ltr' id='par_1_41' title="bbox 2300 1919 3870 1993">
     <span class='ocr_line' id='line_1_41' title="bbox 2300 1919 3870 1993; baseline -0.004 -14"><span class='ocrx_word' id='word_1_267' title='bbox 2300 1926 2402 1988; x_wconf 91' lang='lat' dir='ltr'><strong>sol,</strong></span> <span class='ocrx_word' id='word_1_268' title='bbox 2441 1926 2508 1979; x_wconf 87' lang='lat' dir='ltr'><strong>ad</strong></span> <span class='ocrx_word' id='word_1_269' title='bbox 2541 1939 2792 1993; x_wconf 88' lang='lat' dir='ltr'><strong>magnam</strong></span> <span class='ocrx_word' id='word_1_270' title='bbox 2825 1940 3014 1979; x_wconf 88' lang='lat' dir='ltr'><strong>eorum</strong></span> <span class='ocrx_word' id='word_1_271' title='bbox 3054 1926 3345 1978; x_wconf 85' lang='lat' dir='ltr'><strong>utilitatem</strong></span> <span class='ocrx_word' id='word_1_272' title='bbox 3389 1924 3443 1977; x_wconf 90' lang='lat' dir='ltr'><strong>in</strong></span> <span class='ocrx_word' id='word_1_273' title='bbox 3483 1923 3704 1978; x_wconf 86' lang='lat' dir='ltr'><strong>Christo</strong></span> <span class='ocrx_word' id='word_1_274' title='bbox 3737 1919 3870 1974; x_wconf 82' lang='lat' dir='ltr'><strong>Jesu</strong></span> 
     </span>
    </p>
   </div>
   <div class='ocr_carea' id='block_1_42' title="bbox 2301 2009 3870 2086">
    <p class='ocr_par' dir='ltr' id='par_1_42' title="bbox 2301 2009 3870 2086">
     <span class='ocr_line' id='line_1_42' title="bbox 2301 2009 3870 2086; baseline -0.004 -15"><span class='ocrx_word' id='word_1_275' title='bbox 2301 2017 2532 2071; x_wconf 88' lang='lat' dir='ltr'><strong>Domino</strong></span> <span class='ocrx_word' id='word_1_276' title='bbox 2564 2027 2775 2081; x_wconf 91' lang='lat' dir='ltr'><strong>nostro,</strong></span> <span class='ocrx_word' id='word_1_277' title='bbox 2821 2032 2982 2086; x_wconf 82' lang='lat' dir='ltr'><strong>quem</strong></span> <span class='ocrx_word' id='word_1_278' title='bbox 3023 2017 3176 2071; x_wconf 89' lang='lat' dir='ltr'><strong>decet</strong></span> <span class='ocrx_word' id='word_1_279' title='bbox 3225 2009 3404 2071; x_wconf 84' lang='lat' dir='ltr'><strong>omnis</strong></span> <span class='ocrx_word' id='word_1_280' title='bbox 3439 2017 3632 2084; x_wconf 86' lang='lat' dir='ltr'><strong>gloria,</strong></span> <span class='ocrx_word' id='word_1_281' title='bbox 3671 2014 3870 2076; x_wconf 88' lang='lat' dir='ltr'><strong>honor,</strong></span> 
     </span>
    </p>
   </div>
   <div class='ocr_carea' id='block_1_43' title="bbox 2301 2105 3878 2175">
    <p class='ocr_par' dir='ltr' id='par_1_43' title="bbox 2301 2105 3878 2175">
     <span class='ocr_line' id='line_1_43' title="bbox 2301 2105 3878 2175; baseline -0.004 -12"><span class='ocrx_word' id='word_1_282' title='bbox 2301 2120 2356 2164; x_wconf 90' lang='lat' dir='ltr'><strong>et</strong></span> <span class='ocrx_word' id='word_1_283' title='bbox 2391 2109 2659 2172; x_wconf 88' lang='lat' dir='ltr'><strong>adoratio,</strong></span> <span class='ocrx_word' id='word_1_284' title='bbox 2701 2125 2824 2162; x_wconf 90' lang='lat' dir='ltr'><strong>eum</strong></span> <span class='ocrx_word' id='word_1_285' title='bbox 2860 2109 3022 2162; x_wconf 88' lang='lat' dir='ltr'><strong>Patre</strong></span> <span class='ocrx_word' id='word_1_286' title='bbox 3053 2118 3109 2164; x_wconf 91' lang='lat' dir='ltr'><strong>et</strong></span> <span class='ocrx_word' id='word_1_287' title='bbox 3147 2111 3520 2175; x_wconf 89' lang='lat' dir='ltr'><strong>sanctissimo,</strong></span> <span class='ocrx_word' id='word_1_288' title='bbox 3563 2123 3628 2162; x_wconf 89' lang='lat' dir='ltr'><strong>ae</strong></span> <span class='ocrx_word' id='word_1_289' title='bbox 3659 2105 3878 2159; x_wconf 86' lang='lat' dir='ltr'><strong>vivilico</strong></span> 
     </span>
    </p>
   </div>
   <div class='ocr_carea' id='block_1_44' title="bbox 2299 2196 3848 2269">
    <p class='ocr_par' dir='ltr' id='par_1_44' title="bbox 2299 2196 3848 2269">
     <span class='ocr_line' id='line_1_44' title="bbox 2299 2196 3848 2269; baseline -0.003 -16"><span class='ocrx_word' id='word_1_290' title='bbox 2299 2199 2506 2269; x_wconf 89' lang='lat' dir='ltr'><strong>Spiritu</strong></span> <span class='ocrx_word' id='word_1_291' title='bbox 2537 2237 2552 2264; x_wconf 94' lang='lat'><strong>,</strong></span> <span class='ocrx_word' id='word_1_292' title='bbox 2590 2214 2736 2254; x_wconf 90' lang='lat' dir='ltr'><strong>nunc</strong></span> <span class='ocrx_word' id='word_1_293' title='bbox 2774 2209 2829 2254; x_wconf 89' lang='lat' dir='ltr'><strong>et</strong></span> <span class='ocrx_word' id='word_1_294' title='bbox 2855 2215 3092 2268; x_wconf 83' lang='lat' dir='ltr'><strong>semper,</strong></span> <span class='ocrx_word' id='word_1_295' title='bbox 3125 2208 3178 2255; x_wconf 89' lang='lat' dir='ltr'><strong>et</strong></span> <span class='ocrx_word' id='word_1_296' title='bbox 3209 2201 3261 2253; x_wconf 91' lang='lat' dir='ltr'><strong>in</strong></span> <span class='ocrx_word' id='word_1_297' title='bbox 3289 2198 3490 2256; x_wconf 76' lang='lat' dir='ltr'><strong>saecula</strong></span> <span class='ocrx_word' id='word_1_298' title='bbox 3521 2196 3848 2259; x_wconf 62' lang='lat' dir='ltr'><strong>saeculorum</strong></span> 
     </span>
    </p>
   </div>
   <div class='ocr_carea' id='block_1_45' title="bbox 2300 2291 2493 2348">
    <p class='ocr_par' dir='ltr' id='par_1_45' title="bbox 2300 2291 2493 2348">
     <span class='ocr_line' id='line_1_45' title="bbox 2300 2291 2493 2348; baseline 0.016 -3"><span class='ocrx_word' id='word_1_299' title='bbox 2300 2291 2493 2348; x_wconf 85' lang='lat' dir='ltr'><strong>Amen.</strong></span> 
     </span>
    </p>
   </div>
   <div class='ocr_carea' id='block_1_46' title="bbox 1685 2632 2814 2696">
    <p class='ocr_par' dir='ltr' id='par_1_46' title="bbox 1685 2632 2814 2696">
     <span class='ocr_line' id='line_1_46' title="bbox 1685 2632 2814 2696; baseline 0.001 -2"><span class='ocrx_word' id='word_1_300' title='bbox 1685 2634 2109 2696; x_wconf 84' lang='lat' dir='ltr'><strong>EPILOGUS</strong></span> <span class='ocrx_word' id='word_1_301' title='bbox 2164 2632 2276 2695; x_wconf 89' lang='lat' dir='ltr'><em>AD</em></span> <span class='ocrx_word' id='word_1_302' title='bbox 2326 2632 2486 2696; x_wconf 87' lang='lat' dir='ltr'><strong>LEC</strong></span> <span class='ocrx_word' id='word_1_303' title='bbox 2501 2633 2814 2696; x_wconf 82' lang='lat' dir='ltr'><strong>TOREM.</strong></span> 
     </span>
    </p>
   </div>
   <div class='ocr_carea' id='block_1_47' title="bbox 693 2942 2197 3011">
    <p class='ocr_par' dir='ltr' id='par_1_47' title="bbox 693 2942 2197 3011">
     <span class='ocr_line' id='line_1_47' title="bbox 693 2942 2197 3011; baseline 0.002 -14"><span class='ocrx_word' id='word_1_304' title='bbox 693 2943 970 2998; x_wconf 89' lang='lat' dir='ltr'><strong>Laudetur</strong></span> <span class='ocrx_word' id='word_1_305' title='bbox 1008 2942 1172 3005; x_wconf 89' lang='lat' dir='ltr'><strong>Deus,</strong></span> <span class='ocrx_word' id='word_1_306' title='bbox 1217 2943 1311 3011; x_wconf 89' lang='lat' dir='ltr'><strong>qui</strong></span> <span class='ocrx_word' id='word_1_307' title='bbox 1343 2943 1472 2997; x_wconf 89' lang='lat' dir='ltr'><strong>huic</strong></span> <span class='ocrx_word' id='word_1_308' title='bbox 1507 2942 1678 2998; x_wconf 86' lang='lat' dir='ltr'><strong>labori</strong></span> <span class='ocrx_word' id='word_1_309' title='bbox 1717 2945 1876 2999; x_wconf 78' lang='lat' dir='ltr'><strong>finem</strong></span> <span class='ocrx_word' id='word_1_310' title='bbox 1921 2946 2087 3000; x_wconf 84' lang='lat' dir='ltr'><strong>dedit.</strong></span> <span class='ocrx_word' id='word_1_311' title='bbox 2129 2945 2197 3000; x_wconf 81' lang='lat' dir='ltr'><strong>At</strong></span> 
     </span>
    </p>
   </div>
   <div class='ocr_carea' id='block_1_48' title="bbox 626 3033 2195 3103">
    <p class='ocr_par' dir='ltr' id='par_1_48' title="bbox 626 3033 2195 3103">
     <span class='ocr_line' id='line_1_48' title="bbox 626 3033 2195 3103; baseline 0.003 -16"><span class='ocrx_word' id='word_1_312' title='bbox 626 3046 704 3100; x_wconf 87' lang='lat' dir='ltr'><strong>tu,</strong></span> <span class='ocrx_word' id='word_1_313' title='bbox 740 3037 932 3099; x_wconf 90' lang='lat' dir='ltr'><strong>lector,</strong></span> <span class='ocrx_word' id='word_1_314' title='bbox 961 3034 1054 3103; x_wconf 92' lang='lat' dir='ltr'><strong>qui</strong></span> <span class='ocrx_word' id='word_1_315' title='bbox 1099 3033 1151 3088; x_wconf 89' lang='lat' dir='ltr'><strong>in</strong></span> <span class='ocrx_word' id='word_1_316' title='bbox 1189 3037 1334 3088; x_wconf 82' lang='lat' dir='ltr'><strong>hunc</strong></span> <span class='ocrx_word' id='word_1_317' title='bbox 1365 3035 1563 3089; x_wconf 89' lang='lat' dir='ltr'><strong>librum</strong></span> <span class='ocrx_word' id='word_1_318' title='bbox 1597 3035 1881 3100; x_wconf 88' lang='lat' dir='ltr'><strong>incideris,</strong></span> <span class='ocrx_word' id='word_1_319' title='bbox 1915 3047 2097 3091; x_wconf 89' lang='lat' dir='ltr'><strong>mente</strong></span> <span class='ocrx_word' id='word_1_320' title='bbox 2126 3037 2195 3091; x_wconf 83' lang='lat' dir='ltr'><strong>ab</strong></span> 
     </span>
    </p>
   </div>
   <div class='ocr_carea' id='block_1_49' title="bbox 2305 2940 3883 3010">
    <p class='ocr_par' dir='ltr' id='par_1_49' title="bbox 2305 2940 3883 3010">
     <span class='ocr_line' id='line_1_49' title="bbox 2305 2940 3883 3010; baseline -0.001 -10"><span class='ocrx_word' id='word_1_321' title='bbox 2305 2947 2516 3010; x_wconf 78' lang='lat' dir='ltr'><strong>vivens,</strong></span> <span class='ocrx_word' id='word_1_322' title='bbox 2561 2945 2757 3000; x_wconf 67' lang='lat' dir='ltr'><strong>animae</strong></span> <span class='ocrx_word' id='word_1_323' title='bbox 2805 2952 2910 2998; x_wconf 74' lang='lat' dir='ltr'><strong>tuae</strong></span> <span class='ocrx_word' id='word_1_324' title='bbox 2950 2949 3161 2997; x_wconf 59' lang='lat' dir='ltr'><strong>atatem</strong></span> <span class='ocrx_word' id='word_1_325' title='bbox 3198 2943 3337 2995; x_wconf 90' lang='lat' dir='ltr'><strong>ultra</strong></span> <span class='ocrx_word' id='word_1_326' title='bbox 3373 2940 3641 3010; x_wconf 69' lang='lat' dir='ltr'><strong>phmnicis</strong></span> <span class='ocrx_word' id='word_1_327' title='bbox 3675 2942 3883 2998; x_wconf 75' lang='lat' dir='ltr'><strong>saecula</strong></span> 
     </span>
    </p>
   </div>
   <div class='ocr_carea' id='block_1_50' title="bbox 2305 3031 3878 3106">
    <p class='ocr_par' dir='ltr' id='par_1_50' title="bbox 2305 3031 3878 3106">
     <span class='ocr_line' id='line_1_50' title="bbox 2305 3031 3878 3106; baseline -0.003 -16"><span class='ocrx_word' id='word_1_328' title='bbox 2305 3037 2554 3106; x_wconf 79' lang='lat' dir='ltr'><strong>augebis,</strong></span> <span class='ocrx_word' id='word_1_329' title='bbox 2601 3036 2777 3090; x_wconf 89' lang='lat' dir='ltr'><strong>donec</strong></span> <span class='ocrx_word' id='word_1_330' title='bbox 2828 3036 2909 3087; x_wconf 88' lang='lat' dir='ltr'><strong>vir</strong></span> <span class='ocrx_word' id='word_1_331' title='bbox 2948 3032 3056 3101; x_wconf 87' lang='lat' dir='ltr'><strong>jam</strong></span> <span class='ocrx_word' id='word_1_332' title='bbox 3106 3031 3405 3101; x_wconf 82' lang='lat' dir='ltr'><strong>perfectus,</strong></span> <span class='ocrx_word' id='word_1_333' title='bbox 3447 3031 3512 3085; x_wconf 93' lang='lat' dir='ltr'><strong>ad</strong></span> <span class='ocrx_word' id='word_1_334' title='bbox 3562 3047 3878 3086; x_wconf 86' lang='lat' dir='ltr'><strong>mensuram</strong></span> 
     </span>
    </p>
   </div>
   <div class='ocr_carea' id='block_1_51' title="bbox 621 3107 3878 3194">
    <p class='ocr_par' dir='ltr' id='par_1_51' title="bbox 621 3107 3878 3194">
     <span class='ocr_line' id='line_1_51' title="bbox 621 3107 3878 3194; baseline -0.002 -12"><span class='ocrx_word' id='word_1_335' title='bbox 621 3127 770 3182; x_wconf 80' lang='lat' dir='ltr'><strong>Omni</strong></span> <span class='ocrx_word' id='word_1_336' title='bbox 798 3139 932 3180; x_wconf 90' lang='lat' dir='ltr'><strong>cura</strong></span> <span class='ocrx_word' id='word_1_337' title='bbox 959 3125 1124 3194; x_wconf 88' lang='lat' dir='ltr'><strong>hujus</strong></span> <span class='ocrx_word' id='word_1_338' title='bbox 1151 3125 1339 3180; x_wconf 90' lang='lat' dir='ltr'><strong>mundi</strong></span> <span class='ocrx_word' id='word_1_339' title='bbox 1372 3139 1600 3190; x_wconf 85' lang='lat' dir='ltr'><strong>vacuus,</strong></span> <span class='ocrx_word' id='word_1_340' title='bbox 1628 3133 1686 3180; x_wconf 92' lang='lat' dir='ltr'><strong>ut</strong></span> <span class='ocrx_word' id='word_1_341' title='bbox 1719 3125 1894 3191; x_wconf 89' lang='lat' dir='ltr'><strong>decet,</strong></span> <span class='ocrx_word' id='word_1_342' title='bbox 1922 3136 1974 3182; x_wconf 88' lang='lat' dir='ltr'><strong>te</strong></span> <span class='ocrx_word' id='word_1_343' title='bbox 2002 3128 2198 3183; x_wconf 87' lang='lat' dir='ltr'><strong>adhibe</strong></span> <span class='ocrx_word' id='word_1_344' title='bbox 2225 3107 2270 3170; x_wconf 65' lang='grc' dir='ltr'><strong>(ἶ</strong></span> <span class='ocrx_word' id='word_1_345' title='bbox 2305 3130 2492 3185; x_wconf 85' lang='lat' dir='ltr'><strong>venias</strong></span> <span class='ocrx_word' id='word_1_346' title='bbox 2527 3127 2727 3189; x_wconf 65' lang='lat' dir='ltr'><strong>aetatis,</strong></span> <span class='ocrx_word' id='word_1_347' title='bbox 2780 3140 2886 3194; x_wconf 91' lang='lat' dir='ltr'><strong>qua</strong></span> <span class='ocrx_word' id='word_1_348' title='bbox 2941 3126 3111 3180; x_wconf 80' lang='lat' dir='ltr'><strong>fuisse</strong></span> <span class='ocrx_word' id='word_1_349' title='bbox 3162 3123 3449 3178; x_wconf 89' lang='lat' dir='ltr'><strong>Dominum</strong></span> <span class='ocrx_word' id='word_1_350' title='bbox 3486 3131 3722 3177; x_wconf 84' lang='lat' dir='ltr'><strong>constat.</strong></span> <span class='ocrx_word' id='word_1_351' title='bbox 3774 3122 3878 3177; x_wconf 87' lang='lat' dir='ltr'><strong>Ubi</strong></span> 
     </span>
    </p>
   </div>
   <div class='ocr_carea' id='block_1_52' title="bbox 624 3217 2196 3286">
    <p class='ocr_par' dir='ltr' id='par_1_52' title="bbox 624 3217 2196 3286">
     <span class='ocr_line' id='line_1_52' title="bbox 624 3217 2196 3286; baseline 0.001 -12"><span class='ocrx_word' id='word_1_352' title='bbox 624 3218 976 3274; x_wconf 81' lang='lat' dir='ltr'><strong>sermonibus</strong></span> <span class='ocrx_word' id='word_1_353' title='bbox 1011 3217 1154 3282; x_wconf 88' lang='lat' dir='ltr'><strong>istis,</strong></span> <span class='ocrx_word' id='word_1_354' title='bbox 1187 3233 1326 3286; x_wconf 81' lang='lat' dir='ltr'><strong>quos</strong></span> <span class='ocrx_word' id='word_1_355' title='bbox 1369 3219 1554 3274; x_wconf 88' lang='lat' dir='ltr'><strong>studio</strong></span> <span class='ocrx_word' id='word_1_356' title='bbox 1594 3227 1648 3273; x_wconf 89' lang='lat' dir='ltr'><strong>et</strong></span> <span class='ocrx_word' id='word_1_357' title='bbox 1709 3219 1896 3283; x_wconf 85' lang='lat' dir='ltr'><strong>labore</strong></span> <span class='ocrx_word' id='word_1_358' title='bbox 1927 3235 2027 3274; x_wconf 89' lang='lat' dir='ltr'><strong>suo</strong></span> <span class='ocrx_word' id='word_1_359' title='bbox 2061 3235 2196 3274; x_wconf 83' lang='lat' dir='ltr'><strong>eon-</strong></span> 
     </span>
    </p>
   </div>
   <div class='ocr_carea' id='block_1_53' title="bbox 627 3307 2195 3380">
    <p class='ocr_par' dir='ltr' id='par_1_53' title="bbox 627 3307 2195 3380">
     <span class='ocr_line' id='line_1_53' title="bbox 627 3307 2195 3380; baseline 0.001 -20"><span class='ocrx_word' id='word_1_360' title='bbox 627 3308 755 3362; x_wconf 80' lang='lat' dir='ltr'><strong>fecit</strong></span> <span class='ocrx_word' id='word_1_361' title='bbox 797 3308 1140 3362; x_wconf 87' lang='lat' dir='ltr'><strong>venerandus</strong></span> <span class='ocrx_word' id='word_1_362' title='bbox 1185 3307 1295 3370; x_wconf 79' lang='lat' dir='ltr'><strong>ille.</strong></span> <span class='ocrx_word' id='word_1_363' title='bbox 1351 3315 1406 3362; x_wconf 90' lang='lat' dir='ltr'><strong>et</strong></span> <span class='ocrx_word' id='word_1_364' title='bbox 1453 3308 1695 3378; x_wconf 86' lang='lat' dir='ltr'><strong>inclytus</strong></span> <span class='ocrx_word' id='word_1_365' title='bbox 1729 3308 1890 3363; x_wconf 81' lang='lat' dir='ltr'><strong>Pater</strong></span> <span class='ocrx_word' id='word_1_366' title='bbox 1933 3308 2195 3380; x_wconf 89' lang='lat' dir='ltr'><strong>Symeon,</strong></span> 
     </span>
    </p>
   </div>
   <div class='ocr_carea' id='block_1_54' title="bbox 625 3397 2198 3470">
    <p class='ocr_par' dir='ltr' id='par_1_54' title="bbox 625 3397 2198 3470">
     <span class='ocr_line' id='line_1_54' title="bbox 625 3397 2198 3470; baseline 0.004 -19"><span class='ocrx_word' id='word_1_367' title='bbox 625 3401 717 3468; x_wconf 90' lang='lat' dir='ltr'><strong>qui</strong></span> <span class='ocrx_word' id='word_1_368' title='bbox 750 3400 1086 3453; x_wconf 87' lang='lat' dir='ltr'><strong>monasterio</strong></span> <span class='ocrx_word' id='word_1_369' title='bbox 1110 3399 1175 3452; x_wconf 90' lang='lat' dir='ltr'><strong>ad</strong></span> <span class='ocrx_word' id='word_1_370' title='bbox 1206 3397 1563 3470; x_wconf 80' lang='lat' dir='ltr'><strong>Xylocercum</strong></span> <span class='ocrx_word' id='word_1_371' title='bbox 1599 3401 1840 3470; x_wconf 74' lang='lat' dir='ltr'><strong>praefuit.</strong></span> <span class='ocrx_word' id='word_1_372' title='bbox 1860 3401 1926 3454; x_wconf 89' lang='lat' dir='ltr'><strong>Et</strong></span> <span class='ocrx_word' id='word_1_373' title='bbox 1948 3416 2074 3456; x_wconf 90' lang='lat' dir='ltr'><strong>cum</strong></span> <span class='ocrx_word' id='word_1_374' title='bbox 2101 3417 2198 3457; x_wconf 88' lang='lat' dir='ltr'><strong>eos</strong></span> 
     </span>
    </p>
   </div>
   <div class='ocr_carea' id='block_1_55' title="bbox 625 3483 2198 3563">
    <p class='ocr_par' dir='ltr' id='par_1_55' title="bbox 625 3483 2198 3563">
     <span class='ocr_line' id='line_1_55' title="bbox 625 3483 2198 3563; baseline 0.004 -20"><span class='ocrx_word' id='word_1_375' title='bbox 625 3493 832 3546; x_wconf 74' lang='lat' dir='ltr'><strong>videris</strong></span> <span class='ocrx_word' id='word_1_376' title='bbox 861 3506 982 3545; x_wconf 86' lang='lat' dir='ltr'><strong>esse</strong></span> <span class='ocrx_word' id='word_1_377' title='bbox 1021 3501 1130 3545; x_wconf 90' lang='lat' dir='ltr'><strong>tres</strong></span> <span class='ocrx_word' id='word_1_378' title='bbox 1172 3500 1224 3546; x_wconf 89' lang='lat' dir='ltr'><strong>et</strong></span> <span class='ocrx_word' id='word_1_379' title='bbox 1266 3493 1510 3560; x_wconf 85' lang='lat' dir='ltr'><strong>triginta,</strong></span> <span class='ocrx_word' id='word_1_380' title='bbox 1550 3491 1777 3546; x_wconf 90' lang='lat' dir='ltr'><strong>totidem</strong></span> <span class='ocrx_word' id='word_1_381' title='bbox 1822 3507 2018 3556; x_wconf 86' lang='lat' dir='ltr'><strong>annos,</strong></span> <span class='ocrx_word' id='word_1_382' title='bbox 2057 3483 2198 3563; x_wconf 86' lang='lat' dir='ltr'><strong>quos</strong></span> 
     </span>
    </p>
   </div>
   <div class='ocr_carea' id='block_1_56' title="bbox 630 3584 2198 3652">
    <p class='ocr_par' dir='ltr' id='par_1_56' title="bbox 630 3584 2198 3652">
     <span class='ocr_line' id='line_1_56' title="bbox 630 3584 2198 3652; baseline 0.003 -16"><span class='ocrx_word' id='word_1_383' title='bbox 630 3584 893 3639; x_wconf 79' lang='lat' dir='ltr'><strong>Dominus</strong></span> <span class='ocrx_word' id='word_1_384' title='bbox 925 3593 1112 3638; x_wconf 89' lang='lat' dir='ltr'><strong>noster</strong></span> <span class='ocrx_word' id='word_1_385' title='bbox 1141 3597 1370 3652; x_wconf 87' lang='lat' dir='ltr'><strong>corpore</strong></span> <span class='ocrx_word' id='word_1_386' title='bbox 1398 3584 1639 3638; x_wconf 86' lang='lat' dir='ltr'><strong>humano</strong></span> <span class='ocrx_word' id='word_1_387' title='bbox 1669 3587 1923 3648; x_wconf 72' lang='lat' dir='ltr'><strong>veStitns,</strong></span> <span class='ocrx_word' id='word_1_388' title='bbox 1961 3596 2020 3640; x_wconf 90' lang='lat' dir='ltr'><strong>ut</strong></span> <span class='ocrx_word' id='word_1_389' title='bbox 2051 3601 2198 3641; x_wconf 80' lang='lat' dir='ltr'><strong>mor-</strong></span> 
     </span>
    </p>
   </div>
   <div class='ocr_carea' id='block_1_57' title="bbox 625 3675 2197 3745">
    <p class='ocr_par' dir='ltr' id='par_1_57' title="bbox 625 3675 2197 3745">
     <span class='ocr_line' id='line_1_57' title="bbox 625 3675 2197 3745; baseline 0.001 -15"><span class='ocrx_word' id='word_1_390' title='bbox 625 3679 754 3732; x_wconf 86' lang='lat' dir='ltr'><strong>talis</strong></span> <span class='ocrx_word' id='word_1_391' title='bbox 778 3677 1064 3731; x_wconf 88' lang='lat' dir='ltr'><strong>nohiscum</strong></span> <span class='ocrx_word' id='word_1_392' title='bbox 1097 3675 1152 3729; x_wconf 92' lang='lat' dir='ltr'><strong>in</strong></span> <span class='ocrx_word' id='word_1_393' title='bbox 1187 3676 1348 3731; x_wconf 87' lang='lat' dir='ltr'><strong>terris</strong></span> <span class='ocrx_word' id='word_1_394' title='bbox 1375 3677 1526 3738; x_wconf 78' lang='lat' dir='ltr'><strong>vixit,</strong></span> <span class='ocrx_word' id='word_1_395' title='bbox 1549 3677 1751 3745; x_wconf 84' lang='lat' dir='ltr'><strong>cngita.</strong></span> <span class='ocrx_word' id='word_1_396' title='bbox 1790 3677 1857 3731; x_wconf 82' lang='lat' dir='ltr'><strong>Et</strong></span> <span class='ocrx_word' id='word_1_397' title='bbox 1895 3679 2000 3732; x_wconf 87' lang='lat' dir='ltr'><strong>hoc</strong></span> <span class='ocrx_word' id='word_1_398' title='bbox 2041 3693 2197 3732; x_wconf 83' lang='lat' dir='ltr'><strong>man-</strong></span> 
     </span>
    </p>
   </div>
   <div class='ocr_carea' id='block_1_58' title="bbox 627 3768 2202 3838">
    <p class='ocr_par' dir='ltr' id='par_1_58' title="bbox 627 3768 2202 3838">
     <span class='ocr_line' id='line_1_58' title="bbox 627 3768 2202 3838; baseline 0.001 -17"><span class='ocrx_word' id='word_1_399' title='bbox 627 3771 765 3822; x_wconf 74' lang='lat' dir='ltr'><strong>dans</strong></span> <span class='ocrx_word' id='word_1_400' title='bbox 795 3769 1001 3830; x_wconf 87' lang='lat' dir='ltr'><strong>animo,</strong></span> <span class='ocrx_word' id='word_1_401' title='bbox 1032 3768 1252 3833; x_wconf 82' lang='lat' dir='ltr'><strong>festina,</strong></span> <span class='ocrx_word' id='word_1_402' title='bbox 1278 3778 1336 3821; x_wconf 91' lang='lat' dir='ltr'><strong>ut</strong></span> <span class='ocrx_word' id='word_1_403' title='bbox 1360 3768 1630 3838; x_wconf 88' lang='lat' dir='ltr'><strong>spirituali</strong></span> <span class='ocrx_word' id='word_1_404' title='bbox 1668 3769 2030 3833; x_wconf 90' lang='lat' dir='ltr'><strong>incremento,</strong></span> <span class='ocrx_word' id='word_1_405' title='bbox 2056 3770 2202 3838; x_wconf 85' lang='lat' dir='ltr'><strong>quod</strong></span> 
     </span>
    </p>
   </div>
   <div class='ocr_carea' id='block_1_59' title="bbox 627 3857 2202 3926">
    <p class='ocr_par' dir='ltr' id='par_1_59' title="bbox 627 3857 2202 3926">
     <span class='ocr_line' id='line_1_59' title="bbox 627 3857 2202 3926; baseline 0.003 -16"><span class='ocrx_word' id='word_1_406' title='bbox 627 3857 768 3911; x_wconf 88' lang='lat' dir='ltr'><strong>liber</strong></span> <span class='ocrx_word' id='word_1_407' title='bbox 795 3859 881 3911; x_wconf 92' lang='lat' dir='ltr'><strong>hic</strong></span> <span class='ocrx_word' id='word_1_408' title='bbox 911 3860 1140 3926; x_wconf 81' lang='lat' dir='ltr'><strong>exponit</strong></span> <span class='ocrx_word' id='word_1_409' title='bbox 1174 3874 1237 3912; x_wconf 85' lang='lat' dir='ltr'><strong>ac</strong></span> <span class='ocrx_word' id='word_1_410' title='bbox 1265 3859 1528 3923; x_wconf 89' lang='lat' dir='ltr'><strong>declarat,</strong></span> <span class='ocrx_word' id='word_1_411' title='bbox 1563 3861 1814 3915; x_wconf 90' lang='lat' dir='ltr'><strong>celeriter</strong></span> <span class='ocrx_word' id='word_1_412' title='bbox 1841 3875 2017 3916; x_wconf 82' lang='lat' dir='ltr'><strong>annos</strong></span> <span class='ocrx_word' id='word_1_413' title='bbox 2054 3861 2202 3914; x_wconf 85' lang='lat' dir='ltr'><strong>illius</strong></span> 
     </span>
    </p>
   </div>
   <div class='ocr_carea' id='block_1_60' title="bbox 628 3951 2199 4020">
    <p class='ocr_par' dir='ltr' id='par_1_60' title="bbox 628 3951 2199 4020">
     <span class='ocr_line' id='line_1_60' title="bbox 628 3951 2199 4020; baseline 0.004 -19"><span class='ocrx_word' id='word_1_414' title='bbox 628 3964 906 4017; x_wconf 64' lang='lat' dir='ltr'><strong>exatqttes,</strong></span> <span class='ocrx_word' id='word_1_415' title='bbox 947 3964 1010 4002; x_wconf 79' lang='lat' dir='ltr'><strong>ex</strong></span> <span class='ocrx_word' id='word_1_416' title='bbox 1047 3951 1418 4013; x_wconf 87' lang='lat' dir='ltr'><strong>sermonibus,</strong></span> <span class='ocrx_word' id='word_1_417' title='bbox 1458 3951 1702 4020; x_wconf 87' lang='lat' dir='ltr'><strong>inquam,</strong></span> <span class='ocrx_word' id='word_1_418' title='bbox 1743 3951 1883 4006; x_wconf 88' lang='lat' dir='ltr'><strong>haud</strong></span> <span class='ocrx_word' id='word_1_419' title='bbox 1925 3953 2199 4017; x_wconf 90' lang='lat' dir='ltr'><strong>obscuris,</strong></span> 
     </span>
    </p>
   </div>
   <div class='ocr_carea' id='block_1_61' title="bbox 629 4039 2198 4112">
    <p class='ocr_par' dir='ltr' id='par_1_61' title="bbox 629 4039 2198 4112">
     <span class='ocr_line' id='line_1_61' title="bbox 629 4039 2198 4112; baseline 0.004 -20"><span class='ocrx_word' id='word_1_420' title='bbox 629 4047 683 4092; x_wconf 89' lang='lat' dir='ltr'><strong>et</strong></span> <span class='ocrx_word' id='word_1_421' title='bbox 720 4039 944 4094; x_wconf 88' lang='lat' dir='ltr'><strong>totidem</strong></span> <span class='ocrx_word' id='word_1_422' title='bbox 974 4057 1202 4094; x_wconf 90' lang='lat' dir='ltr'><strong>numero</strong></span> <span class='ocrx_word' id='word_1_423' title='bbox 1231 4041 1408 4097; x_wconf 85' lang='lat' dir='ltr'><strong>Patris</strong></span> <span class='ocrx_word' id='word_1_424' title='bbox 1437 4044 1621 4112; x_wconf 83' lang='lat' dir='ltr'><strong>hujus.</strong></span> <span class='ocrx_word' id='word_1_425' title='bbox 1651 4042 1799 4109; x_wconf 89' lang='lat' dir='ltr'><strong>Quos</strong></span> <span class='ocrx_word' id='word_1_426' title='bbox 1826 4058 1949 4097; x_wconf 91' lang='lat' dir='ltr'><strong>cum</strong></span> <span class='ocrx_word' id='word_1_427' title='bbox 2005 4043 2198 4112; x_wconf 84' lang='lat' dir='ltr'><strong>legeris</strong></span> 
     </span>
    </p>
   </div>
   <div class='ocr_carea' id='block_1_62' title="bbox 629 4131 2198 4201">
    <p class='ocr_par' dir='ltr' id='par_1_62' title="bbox 629 4131 2198 4201">
     <span class='ocr_line' id='line_1_62' title="bbox 629 4131 2198 4201; baseline 0.004 -19"><span class='ocrx_word' id='word_1_428' title='bbox 629 4139 684 4182; x_wconf 91' lang='lat' dir='ltr'><strong>et</strong></span> <span class='ocrx_word' id='word_1_429' title='bbox 719 4131 1051 4200; x_wconf 85' lang='lat' dir='ltr'><strong>perceperis,</strong></span> <span class='ocrx_word' id='word_1_430' title='bbox 1085 4133 1548 4201; x_wconf 84' lang='lat' dir='ltr'><strong>quemadmodum</strong></span> <span class='ocrx_word' id='word_1_431' title='bbox 1599 4136 1696 4190; x_wconf 86' lang='lat' dir='ltr'><strong>tibi</strong></span> <span class='ocrx_word' id='word_1_432' title='bbox 1746 4136 1854 4189; x_wconf 90' lang='lat' dir='ltr'><strong>vita</strong></span> <span class='ocrx_word' id='word_1_433' title='bbox 1896 4136 2198 4190; x_wconf 89' lang='lat' dir='ltr'><strong>secundum</strong></span> 
     </span>
    </p>
   </div>
   <div class='ocr_carea' id='block_1_63' title="bbox 632 4219 2201 4296">
    <p class='ocr_par' dir='ltr' id='par_1_63' title="bbox 632 4219 2201 4296">
     <span class='ocr_line' id='line_1_63' title="bbox 632 4219 2201 4296; baseline 0.003 -24"><span class='ocrx_word' id='word_1_434' title='bbox 632 4219 804 4273; x_wconf 88' lang='lat' dir='ltr'><strong>Deum</strong></span> <span class='ocrx_word' id='word_1_435' title='bbox 838 4220 1178 4276; x_wconf 89' lang='lat' dir='ltr'><strong>instituenda</strong></span> <span class='ocrx_word' id='word_1_436' title='bbox 1213 4226 1309 4287; x_wconf 88' lang='lat' dir='ltr'><strong>sit,</strong></span> <span class='ocrx_word' id='word_1_437' title='bbox 1351 4239 1673 4296; x_wconf 86' lang='lat' dir='ltr'><strong>cognosces,</strong></span> <span class='ocrx_word' id='word_1_438' title='bbox 1717 4232 1772 4280; x_wconf 93' lang='lat' dir='ltr'><strong>et</strong></span> <span class='ocrx_word' id='word_1_439' title='bbox 1814 4240 1940 4280; x_wconf 91' lang='lat' dir='ltr'><strong>cum</strong></span> <span class='ocrx_word' id='word_1_440' title='bbox 1979 4225 2201 4279; x_wconf 88' lang='lat' dir='ltr'><strong>Christo</strong></span> 
     </span>
    </p>
   </div>
   <div class='ocr_carea' id='block_1_64' title="bbox 699 4399 1178 4470">
    <p class='ocr_par' dir='ltr' id='par_1_64' title="bbox 699 4399 1178 4470">
     <span class='ocr_line' id='line_1_64' title="bbox 699 4399 1178 4470; baseline 0.004 -15"><span class='ocrx_word' id='word_1_441' title='bbox 699 4400 723 4432; x_wconf 84' lang='grc'><strong>⁸</strong></span> <span class='ocrx_word' id='word_1_442' title='bbox 742 4399 898 4456; x_wconf 79' lang='lat' dir='ltr'><strong>Joan.</strong></span> <span class='ocrx_word' id='word_1_443' title='bbox 927 4417 1058 4470; x_wconf 82' lang='lat' dir='ltr'><strong>xvu,</strong></span> <span class='ocrx_word' id='word_1_444' title='bbox 1087 4403 1178 4458; x_wconf 72' lang='grc'><strong>24.</strong></span> 
     </span>
    </p>
   </div>
   <div class='ocr_carea' id='block_1_65' title="bbox 643 4574 2508 4601">
    <p class='ocr_par' dir='ltr' id='par_1_65' title="bbox 643 4574 2508 4601">
     <span class='ocr_line' id='line_1_65' title="bbox 643 4574 2508 4601; baseline -0.001 -4"><span class='ocrx_word' id='word_1_445' title='bbox 643 4574 2508 4601; x_wconf 45' lang='grc' dir='ltr'><strong>Μαι-</strong></span> 
     </span>
    </p>
   </div>
   <div class='ocr_carea' id='block_1_66' title="bbox 2304 3215 3883 3283">
    <p class='ocr_par' dir='ltr' id='par_1_66' title="bbox 2304 3215 3883 3283">
     <span class='ocr_line' id='line_1_66' title="bbox 2304 3215 3883 3283; baseline -0.007 -8"><span class='ocrx_word' id='word_1_446' title='bbox 2304 3235 2412 3275; x_wconf 89' lang='lat' dir='ltr'><strong>una</strong></span> <span class='ocrx_word' id='word_1_447' title='bbox 2443 3235 2567 3273; x_wconf 88' lang='lat' dir='ltr'><strong>eum</strong></span> <span class='ocrx_word' id='word_1_448' title='bbox 2595 3217 2817 3273; x_wconf 88' lang='lat' dir='ltr'><strong>Christo</strong></span> <span class='ocrx_word' id='word_1_449' title='bbox 2847 3218 2928 3271; x_wconf 91' lang='lat' dir='ltr'><strong>sic</strong></span> <span class='ocrx_word' id='word_1_450' title='bbox 2960 3216 3164 3274; x_wconf 84' lang='lat' dir='ltr'><strong>vixeris</strong></span> <span class='ocrx_word' id='word_1_451' title='bbox 3193 3231 3257 3268; x_wconf 77' lang='lat' dir='ltr'><strong>es</strong></span> <span class='ocrx_word' id='word_1_452' title='bbox 3295 3216 3500 3274; x_wconf 88' lang='lat' dir='ltr'><strong>animo.</strong></span> <span class='ocrx_word' id='word_1_453' title='bbox 3534 3225 3586 3268; x_wconf 91' lang='lat' dir='ltr'><strong>et</strong></span> <span class='ocrx_word' id='word_1_454' title='bbox 3618 3215 3883 3283; x_wconf 83' lang='lat' dir='ltr'><strong>spiritua-</strong></span> 
     </span>
    </p>
   </div>
   <div class='ocr_carea' id='block_1_67' title="bbox 2303 3307 3883 3377">
    <p class='ocr_par' dir='ltr' id='par_1_67' title="bbox 2303 3307 3883 3377">
     <span class='ocr_line' id='line_1_67' title="bbox 2303 3307 3883 3377; baseline -0.007 -11"><span class='ocrx_word' id='word_1_455' title='bbox 2303 3314 2450 3377; x_wconf 86' lang='lat' dir='ltr'><strong>liter,</strong></span> <span class='ocrx_word' id='word_1_456' title='bbox 2493 3311 2679 3364; x_wconf 89' lang='lat' dir='ltr'><strong>unitus</strong></span> <span class='ocrx_word' id='word_1_457' title='bbox 2724 3312 2772 3363; x_wconf 91' lang='lat' dir='ltr'><strong>ei</strong></span> <span class='ocrx_word' id='word_1_458' title='bbox 2814 3317 3080 3377; x_wconf 90' lang='lat' dir='ltr'><strong>quantum</strong></span> <span class='ocrx_word' id='word_1_459' title='bbox 3131 3308 3278 3369; x_wconf 83' lang='lat' dir='ltr'><strong>licet,</strong></span> <span class='ocrx_word' id='word_1_460' title='bbox 3331 3308 3495 3360; x_wconf 80' lang='lat' dir='ltr'><strong>etiam</strong></span> <span class='ocrx_word' id='word_1_461' title='bbox 3539 3320 3663 3358; x_wconf 88' lang='lat' dir='ltr'><strong>cum</strong></span> <span class='ocrx_word' id='word_1_462' title='bbox 3700 3319 3764 3356; x_wconf 94' lang='lat' dir='ltr'><strong>co</strong></span> <span class='ocrx_word' id='word_1_463' title='bbox 3810 3307 3883 3355; x_wconf 78' lang='lat' dir='ltr'><strong>de</strong></span> 
     </span>
    </p>
   </div>
   <div class='ocr_carea' id='block_1_68' title="bbox 2303 3395 3882 3465">
    <p class='ocr_par' dir='ltr' id='par_1_68' title="bbox 2303 3395 3882 3465">
     <span class='ocr_line' id='line_1_68' title="bbox 2303 3395 3882 3465; baseline -0.005 -8"><span class='ocrx_word' id='word_1_464' title='bbox 2303 3412 2447 3458; x_wconf 79' lang='lat' dir='ltr'><strong>terra</strong></span> <span class='ocrx_word' id='word_1_465' title='bbox 2485 3406 2726 3457; x_wconf 79' lang='lat' dir='ltr'><strong>exaltato</strong></span> <span class='ocrx_word' id='word_1_466' title='bbox 2774 3395 3046 3465; x_wconf 87' lang='lat' dir='ltr'><strong>sublatus,</strong></span> <span class='ocrx_word' id='word_1_467' title='bbox 3102 3402 3166 3452; x_wconf 87' lang='lat' dir='ltr'><strong>ad</strong></span> <span class='ocrx_word' id='word_1_468' title='bbox 3225 3402 3402 3453; x_wconf 88' lang='lat' dir='ltr'><strong>locum</strong></span> <span class='ocrx_word' id='word_1_469' title='bbox 3443 3399 3532 3452; x_wconf 91' lang='lat' dir='ltr'><strong>ubi</strong></span> <span class='ocrx_word' id='word_1_470' title='bbox 3574 3398 3661 3451; x_wconf 91' lang='lat' dir='ltr'><strong>ille</strong></span> <span class='ocrx_word' id='word_1_471' title='bbox 3693 3407 3882 3450; x_wconf 82' lang='lat' dir='ltr'><strong>manet</strong></span> 
     </span>
    </p>
   </div>
   <div class='ocr_carea' id='block_1_69' title="bbox 2305 3491 3879 3567">
    <p class='ocr_par' dir='ltr' id='par_1_69' title="bbox 2305 3491 3879 3567">
     <span class='ocr_line' id='line_1_69' title="bbox 2305 3491 3879 3567; baseline -0.005 -17"><span class='ocrx_word' id='word_1_472' title='bbox 2305 3497 2610 3567; x_wconf 86' lang='lat' dir='ltr'><strong>pervenies.</strong></span> <span class='ocrx_word' id='word_1_473' title='bbox 2639 3493 2830 3547; x_wconf 88' lang='lat' dir='ltr'><strong>Trahit</strong></span> <span class='ocrx_word' id='word_1_474' title='bbox 2851 3495 2996 3547; x_wconf 89' lang='lat' dir='ltr'><strong>enim</strong></span> <span class='ocrx_word' id='word_1_475' title='bbox 3032 3495 3084 3546; x_wconf 89' lang='lat' dir='ltr'><strong>in</strong></span> <span class='ocrx_word' id='word_1_476' title='bbox 3113 3491 3314 3547; x_wconf 85' lang='lat' dir='ltr'><strong>Sancta</strong></span> <span class='ocrx_word' id='word_1_477' title='bbox 3339 3499 3657 3546; x_wconf 88' lang='lat' dir='ltr'><strong>sanctorum</strong></span> <span class='ocrx_word' id='word_1_478' title='bbox 3681 3503 3879 3546; x_wconf 85' lang='lat' dir='ltr'><strong>omnes</strong></span> 
     </span>
    </p>
   </div>
   <div class='ocr_carea' id='block_1_70' title="bbox 2307 3579 3882 3656">
    <p class='ocr_par' dir='ltr' id='par_1_70' title="bbox 2307 3579 3882 3656">
     <span class='ocr_line' id='line_1_70' title="bbox 2307 3579 3882 3656; baseline -0.004 -18"><span class='ocrx_word' id='word_1_479' title='bbox 2307 3588 2399 3656; x_wconf 84' lang='lat' dir='ltr'><strong>qui</strong></span> <span class='ocrx_word' id='word_1_480' title='bbox 2433 3586 2625 3639; x_wconf 88' lang='lat' dir='ltr'><strong>volunt</strong></span> <span class='ocrx_word' id='word_1_481' title='bbox 2659 3585 2712 3637; x_wconf 92' lang='lat' dir='ltr'><strong>in</strong></span> <span class='ocrx_word' id='word_1_482' title='bbox 2741 3584 2861 3653; x_wconf 84' lang='lat' dir='ltr'><strong>ejus</strong></span> <span class='ocrx_word' id='word_1_483' title='bbox 2895 3585 3106 3638; x_wconf 86' lang='lat' dir='ltr'><strong>semitis</strong></span> <span class='ocrx_word' id='word_1_484' title='bbox 3149 3582 3373 3651; x_wconf 88' lang='lat' dir='ltr'><strong>vestigia</strong></span> <span class='ocrx_word' id='word_1_485' title='bbox 3411 3595 3633 3650; x_wconf 84' lang='lat' dir='ltr'><strong>ponere,</strong></span> <span class='ocrx_word' id='word_1_486' title='bbox 3681 3579 3882 3647; x_wconf 89' lang='lat' dir='ltr'><strong>quibus</strong></span> 
     </span>
    </p>
   </div>
   <div class='ocr_carea' id='block_1_71' title="bbox 2307 3669 3888 3747">
    <p class='ocr_par' dir='ltr' id='par_1_71' title="bbox 2307 3669 3888 3747">
     <span class='ocr_line' id='line_1_71' title="bbox 2307 3669 3888 3747; baseline -0.004 -20"><span class='ocrx_word' id='word_1_487' title='bbox 2307 3691 2405 3747; x_wconf 86' lang='lat' dir='ltr'><strong>pro</strong></span> <span class='ocrx_word' id='word_1_488' title='bbox 2458 3675 2618 3730; x_wconf 90' lang='lat' dir='ltr'><strong>nobis</strong></span> <span class='ocrx_word' id='word_1_489' title='bbox 2667 3677 2817 3743; x_wconf 87' lang='lat' dir='ltr'><strong>prior</strong></span> <span class='ocrx_word' id='word_1_490' title='bbox 2864 3675 2978 3743; x_wconf 88' lang='lat' dir='ltr'><strong>ipse</strong></span> <span class='ocrx_word' id='word_1_491' title='bbox 3027 3673 3273 3736; x_wconf 88' lang='lat' dir='ltr'><strong>incessit,</strong></span> <span class='ocrx_word' id='word_1_492' title='bbox 3320 3683 3581 3740; x_wconf 81' lang='lat' dir='ltr'><strong>tanquam</strong></span> <span class='ocrx_word' id='word_1_493' title='bbox 3616 3669 3888 3724; x_wconf 82' lang='lat' dir='ltr'><strong>Mediator</strong></span> 
     </span>
    </p>
   </div>
   <div class='ocr_carea' id='block_1_72' title="bbox 2303 3761 3882 3834">
    <p class='ocr_par' dir='ltr' id='par_1_72' title="bbox 2303 3761 3882 3834">
     <span class='ocr_line' id='line_1_72' title="bbox 2303 3761 3882 3834; baseline -0.007 -12"><span class='ocrx_word' id='word_1_494' title='bbox 2303 3767 2536 3831; x_wconf 80' lang='lat' dir='ltr'><strong>scilicet,</strong></span> <span class='ocrx_word' id='word_1_495' title='bbox 2581 3776 2633 3821; x_wconf 92' lang='lat' dir='ltr'><strong>et</strong></span> <span class='ocrx_word' id='word_1_496' title='bbox 2670 3781 2899 3834; x_wconf 88' lang='lat' dir='ltr'><strong>magnus</strong></span> <span class='ocrx_word' id='word_1_497' title='bbox 2945 3773 3131 3818; x_wconf 79' lang='lat' dir='ltr'><strong>noster</strong></span> <span class='ocrx_word' id='word_1_498' title='bbox 3181 3761 3454 3818; x_wconf 72' lang='lat' dir='ltr'><strong>l’0ntifex.</strong></span> <span class='ocrx_word' id='word_1_499' title='bbox 3504 3762 3671 3817; x_wconf 82' lang='lat' dir='ltr'><strong>Nemo</strong></span> <span class='ocrx_word' id='word_1_500' title='bbox 3705 3761 3882 3827; x_wconf 81' lang='lat' dir='ltr'><strong>enim,</strong></span> 
     </span>
    </p>
   </div>
   <div class='ocr_carea' id='block_1_73' title="bbox 2302 3853 3882 3928">
    <p class='ocr_par' dir='ltr' id='par_1_73' title="bbox 2302 3853 3882 3928">
     <span class='ocr_line' id='line_1_73' title="bbox 2302 3853 3882 3928; baseline -0.006 -14"><span class='ocrx_word' id='word_1_501' title='bbox 2302 3859 2410 3914; x_wconf 88' lang='lat' dir='ltr'><strong>nisi</strong></span> <span class='ocrx_word' id='word_1_502' title='bbox 2462 3875 2555 3928; x_wconf 84' lang='lat' dir='ltr'><strong>per</strong></span> <span class='ocrx_word' id='word_1_503' title='bbox 2601 3874 2725 3912; x_wconf 91' lang='lat' dir='ltr'><strong>cum</strong></span> <span class='ocrx_word' id='word_1_504' title='bbox 2776 3856 2842 3912; x_wconf 82' lang='lat' dir='ltr'><strong>ad</strong></span> <span class='ocrx_word' id='word_1_505' title='bbox 2886 3855 3101 3910; x_wconf 85' lang='lat' dir='ltr'><strong>Patrem</strong></span> <span class='ocrx_word' id='word_1_506' title='bbox 3155 3857 3352 3918; x_wconf 89' lang='lat' dir='ltr'><strong>veniet,</strong></span> <span class='ocrx_word' id='word_1_507' title='bbox 3409 3853 3882 3923; x_wconf 81' lang='lat' dir='ltr'><strong>quemadmodum</strong></span> 
     </span>
    </p>
   </div>
   <div class='ocr_carea' id='block_1_74' title="bbox 2303 3941 3881 4018">
    <p class='ocr_par' dir='ltr' id='par_1_74' title="bbox 2303 3941 3881 4018">
     <span class='ocr_line' id='line_1_74' title="bbox 2303 3941 3881 4018; baseline -0.008 -13"><span class='ocrx_word' id='word_1_508' title='bbox 2303 3951 2422 4018; x_wconf 89' lang='lat' dir='ltr'><strong>ipse</strong></span> <span class='ocrx_word' id='word_1_509' title='bbox 2453 3949 2761 4002; x_wconf 82' lang='lat' dir='ltr'><strong>allirmavit.</strong></span> <span class='ocrx_word' id='word_1_510' title='bbox 2811 3947 2986 4014; x_wconf 85' lang='lat' dir='ltr'><strong>Cujus</strong></span> <span class='ocrx_word' id='word_1_511' title='bbox 3033 3947 3224 3999; x_wconf 89' lang='lat' dir='ltr'><strong>ethoc</strong></span> <span class='ocrx_word' id='word_1_512' title='bbox 3274 3947 3497 4004; x_wconf 77' lang='lat' dir='ltr'><strong>verbum</strong></span> <span class='ocrx_word' id='word_1_513' title='bbox 3537 3954 3619 3998; x_wconf 65' lang='lat' dir='ltr'><strong>est</strong></span> <span class='ocrx_word' id='word_1_514' title='bbox 3667 3959 3680 3994; x_wconf 88' lang='lat'><strong>:</strong></span> <span class='ocrx_word' id='word_1_515' title='bbox 3728 3941 3881 4005; x_wconf 72' lang='lat' dir='ltr'><strong>Volo,</strong></span> 
     </span>
    </p>
   </div>
   <div class='ocr_carea' id='block_1_75' title="bbox 2305 4035 3882 4108">
    <p class='ocr_par' dir='ltr' id='par_1_75' title="bbox 2305 4035 3882 4108">
     <span class='ocr_line' id='line_1_75' title="bbox 2305 4035 3882 4108; baseline -0.005 -17"><span class='ocrx_word' id='word_1_516' title='bbox 2305 4039 2489 4105; x_wconf 83' lang='lat' dir='ltr'><strong>Pater,</strong></span> <span class='ocrx_word' id='word_1_517' title='bbox 2518 4055 2646 4108; x_wconf 87' lang='lat' dir='ltr'><strong>quos</strong></span> <span class='ocrx_word' id='word_1_518' title='bbox 2680 4038 2874 4091; x_wconf 75' lang='lat' dir='ltr'><strong>dedisti</strong></span> <span class='ocrx_word' id='word_1_519' title='bbox 2908 4038 3052 4099; x_wconf 75' lang='lat' dir='ltr'><strong>mihi,</strong></span> <span class='ocrx_word' id='word_1_520' title='bbox 3084 4046 3140 4088; x_wconf 82' lang='lat' dir='ltr'><strong>ut</strong></span> <span class='ocrx_word' id='word_1_521' title='bbox 3174 4051 3370 4088; x_wconf 75' lang='lat' dir='ltr'><strong>merum</strong></span> <span class='ocrx_word' id='word_1_522' title='bbox 3402 4036 3528 4099; x_wconf 78' lang='lat' dir='ltr'><strong>sint,</strong></span> <span class='ocrx_word' id='word_1_523' title='bbox 3573 4045 3620 4088; x_wconf 84' lang='lat' dir='ltr'><strong>et</strong></span> <span class='ocrx_word' id='word_1_524' title='bbox 3667 4035 3882 4087; x_wconf 75' lang='lat' dir='ltr'><strong>videant</strong></span> 
     </span>
    </p>
   </div>
   <div class='ocr_carea' id='block_1_76' title="bbox 2303 4128 3392 4202">
    <p class='ocr_par' dir='ltr' id='par_1_76' title="bbox 2303 4128 3392 4202">
     <span class='ocr_line' id='line_1_76' title="bbox 2303 4128 3392 4202; baseline -0.005 -17"><span class='ocrx_word' id='word_1_525' title='bbox 2303 4133 2531 4201; x_wconf 81' lang='lat' dir='ltr'><strong>gloriam</strong></span> <span class='ocrx_word' id='word_1_526' title='bbox 2568 4147 2759 4196; x_wconf 86' lang='lat' dir='ltr'><strong>meam,</strong></span> <span class='ocrx_word' id='word_1_527' title='bbox 2796 4146 2951 4202; x_wconf 82' lang='lat' dir='ltr'><strong>quam</strong></span> <span class='ocrx_word' id='word_1_528' title='bbox 2981 4128 3175 4182; x_wconf 78' lang='lat' dir='ltr'><strong>dedisti</strong></span> <span class='ocrx_word' id='word_1_529' title='bbox 3211 4128 3392 4180; x_wconf 78' lang='lat' dir='ltr'><strong>mihi‘.</strong></span> 
     </span>
    </p>
   </div>
   <div class='ocr_carea' id='block_1_77' title="bbox 2550 4581 2764 4595">
    <p class='ocr_par' dir='ltr' id='par_1_77' title="bbox 2550 4581 2764 4595">
     <span class='ocr_line' id='line_1_77' title="bbox 2550 4581 2764 4595; baseline -0.009 -1"><span class='ocrx_word' id='word_1_530' title='bbox 2550 4581 2764 4595; x_wconf 59' lang='lat' dir='ltr'><strong>m—</strong></span> 
     </span>
    </p>
   </div>
   <div class='ocr_carea' id='block_1_78' title="bbox 1266 4742 3243 4911">
    <p class='ocr_par' dir='ltr' id='par_1_78' title="bbox 1266 4742 3243 4911">
     <span class='ocr_line' id='line_1_78' title="bbox 1266 4742 3243 4911; baseline -0.005 -6"><span class='ocrx_word' id='word_1_531' title='bbox 1266 4753 2135 4911; x_wconf 87' lang='lat' dir='ltr'><strong>EJUSDEM</strong></span> <span class='ocrx_word' id='word_1_532' title='bbox 2257 4745 3054 4902; x_wconf 87' lang='lat' dir='ltr'><strong>SYMEON</strong></span> <span class='ocrx_word' id='word_1_533' title='bbox 3074 4742 3243 4895; x_wconf 85' lang='lat' dir='ltr'><strong>IS</strong></span> 
     </span>
    </p>
   </div>
   <div class='ocr_carea' id='block_1_79' title="bbox 2032 5024 2468 5081">
    <p class='ocr_par' dir='ltr' id='par_1_79' title="bbox 2032 5024 2468 5081">
     <span class='ocr_line' id='line_1_79' title="bbox 2032 5024 2468 5081; baseline 0 -1"><span class='ocrx_word' id='word_1_534' title='bbox 2032 5024 2468 5081; x_wconf 78' lang='lat' dir='ltr'><strong>PRESBYTERI</strong></span> 
     </span>
    </p>
   </div>
   <div class='ocr_carea' id='block_1_80' title="bbox 733 5176 3794 5263">
    <p class='ocr_par' dir='ltr' id='par_1_80' title="bbox 733 5176 3794 5263">
     <span class='ocr_line' id='line_1_80' title="bbox 733 5176 3794 5263; baseline -0.006 -7"><span class='ocrx_word' id='word_1_535' title='bbox 733 5195 1172 5256; x_wconf 77' lang='lat' dir='ltr'><strong>DIVINORUM</strong></span> <span class='ocrx_word' id='word_1_536' title='bbox 1202 5193 1556 5263; x_wconf 81' lang='lat' dir='ltr'><strong>AMORUM,</strong></span> <span class='ocrx_word' id='word_1_537' title='bbox 1597 5192 1766 5254; x_wconf 85' lang='lat' dir='ltr'><strong>SlVE</strong></span> <span class='ocrx_word' id='word_1_538' title='bbox 1805 5190 2214 5252; x_wconf 81' lang='lat' dir='ltr'><strong>SACRARUM</strong></span> <span class='ocrx_word' id='word_1_539' title='bbox 2252 5183 2992 5253; x_wconf 76' lang='lat' dir='ltr'><strong>COMMENTATIONUM,</strong></span> <span class='ocrx_word' id='word_1_540' title='bbox 3040 5181 3270 5241; x_wconf 81' lang='lat' dir='ltr'>LIBER</span> <span class='ocrx_word' id='word_1_541' title='bbox 3309 5176 3794 5239; x_wconf 80' lang='lat' dir='ltr'><strong>SINGULARIS.</strong></span> 
     </span>
    </p>
   </div>
   <div class='ocr_carea' id='block_1_81' title="bbox 1126 5487 1692 5544">
    <p class='ocr_par' dir='ltr' id='par_1_81' title="bbox 1126 5487 1692 5544">
     <span class='ocr_line' id='line_1_81' title="bbox 1126 5487 1692 5544; baseline 0.002 -4"><span class='ocrx_word' id='word_1_542' title='bbox 1126 5487 1355 5543; x_wconf 81' lang='lat' dir='ltr'><strong>CAPUT</strong></span> <span class='ocrx_word' id='word_1_543' title='bbox 1401 5488 1692 5544; x_wconf 72' lang='lat' dir='ltr'><strong>PRIMUM.</strong></span> 
     </span>
    </p>
   </div>
   <div class='ocr_carea' id='block_1_82' title="bbox 673 5573 2162 5646">
    <p class='ocr_par' dir='ltr' id='par_1_82' title="bbox 673 5573 2162 5646">
     <span class='ocr_line' id='line_1_82' title="bbox 673 5573 2162 5646; baseline 0.003 -19"><span class='ocrx_word' id='word_1_544' title='bbox 673 5573 916 5628; x_wconf 73' lang='lat' dir='ltr'><strong>Precatio</strong></span> <span class='ocrx_word' id='word_1_545' title='bbox 943 5578 1183 5643; x_wconf 78' lang='lat' dir='ltr'><strong>mystica,</strong></span> <span class='ocrx_word' id='word_1_546' title='bbox 1226 5596 1330 5646; x_wconf 88' lang='lat' dir='ltr'><strong>qua</strong></span> <span class='ocrx_word' id='word_1_547' title='bbox 1362 5577 1594 5646; x_wconf 81' lang='lat' dir='ltr'><strong>Spiritus</strong></span> <span class='ocrx_word' id='word_1_548' title='bbox 1625 5587 1837 5633; x_wconf 79' lang='lat' dir='ltr'><strong>sanctus</strong></span> <span class='ocrx_word' id='word_1_549' title='bbox 1868 5582 2162 5632; x_wconf 81' lang='lat' dir='ltr'><strong>invocatur.</strong></span> 
     </span>
    </p>
   </div>
   <div class='ocr_carea' id='block_1_83' title="bbox 715 5663 2200 5734">
    <p class='ocr_par' dir='ltr' id='par_1_83' title="bbox 715 5663 2200 5734">
     <span class='ocr_line' id='line_1_83' title="bbox 715 5663 2200 5734; baseline 0.005 -19"><span class='ocrx_word' id='word_1_550' title='bbox 715 5663 866 5724; x_wconf 76' lang='lat' dir='ltr'><strong>Veni,</strong></span> <span class='ocrx_word' id='word_1_551' title='bbox 913 5665 1121 5721; x_wconf 88' lang='lat' dir='ltr'><strong>Lumen</strong></span> <span class='ocrx_word' id='word_1_552' title='bbox 1173 5685 1380 5724; x_wconf 88' lang='lat' dir='ltr'><strong>verum.</strong></span> <span class='ocrx_word' id='word_1_553' title='bbox 1434 5669 1593 5734; x_wconf 77' lang='lat' dir='ltr'><strong>Veni,</strong></span> <span class='ocrx_word' id='word_1_554' title='bbox 1639 5671 1749 5724; x_wconf 89' lang='lat' dir='ltr'><strong>vita</strong></span> <span class='ocrx_word' id='word_1_555' title='bbox 1783 5679 2002 5724; x_wconf 64' lang='lat' dir='ltr'><strong>attenta.</strong></span> <span class='ocrx_word' id='word_1_556' title='bbox 2044 5671 2200 5733; x_wconf 87' lang='lat' dir='ltr'><strong>Veni,</strong></span> 
     </span>
    </p>
   </div>
   <div class='ocr_carea' id='block_1_84' title="bbox 648 5753 2203 5827">
    <p class='ocr_par' dir='ltr' id='par_1_84' title="bbox 648 5753 2203 5827">
     <span class='ocr_line' id='line_1_84' title="bbox 648 5753 2203 5827; baseline 0.01 -25"><span class='ocrx_word' id='word_1_557' title='bbox 648 5753 1022 5811; x_wconf 80' lang='lat' dir='ltr'><strong>absconditum</strong></span> <span class='ocrx_word' id='word_1_558' title='bbox 1070 5762 1410 5827; x_wconf 75' lang='lat' dir='ltr'><strong>mysterium.</strong></span> <span class='ocrx_word' id='word_1_559' title='bbox 1471 5761 1628 5827; x_wconf 83' lang='lat' dir='ltr'><strong>Vetti,</strong></span> <span class='ocrx_word' id='word_1_560' title='bbox 1683 5761 1960 5817; x_wconf 76' lang='lat' dir='ltr'><strong>Thesauro</strong></span> <span class='ocrx_word' id='word_1_561' title='bbox 2007 5778 2203 5818; x_wconf 82' lang='lat' dir='ltr'><strong>carens</strong></span> 
     </span>
    </p>
   </div>
   <div class='ocr_carea' id='block_1_85' title="bbox 2311 5471 3878 5547">
    <p class='ocr_par' dir='ltr' id='par_1_85' title="bbox 2311 5471 3878 5547">
     <span class='ocr_line' id='line_1_85' title="bbox 2311 5471 3878 5547; baseline -0.01 -7"><span class='ocrx_word' id='word_1_562' title='bbox 2311 5485 2553 5540; x_wconf 86' lang='lat' dir='ltr'><strong>nomine.</strong></span> <span class='ocrx_word' id='word_1_563' title='bbox 2609 5483 2763 5547; x_wconf 89' lang='lat' dir='ltr'><strong>Veni,</strong></span> <span class='ocrx_word' id='word_1_564' title='bbox 2815 5498 2902 5536; x_wconf 80' lang='lat' dir='ltr'><strong>res</strong></span> <span class='ocrx_word' id='word_1_565' title='bbox 2945 5478 3256 5536; x_wconf 75' lang='lat' dir='ltr'><strong>ineffabilis.</strong></span> <span class='ocrx_word' id='word_1_566' title='bbox 3307 5475 3460 5537; x_wconf 81' lang='lat' dir='ltr'><strong>Veni,</strong></span> <span class='ocrx_word' id='word_1_567' title='bbox 3503 5485 3734 5542; x_wconf 90' lang='lat' dir='ltr'><strong>persona</strong></span> <span class='ocrx_word' id='word_1_568' title='bbox 3778 5471 3878 5525; x_wconf 81' lang='lat' dir='ltr'><strong>hu-</strong></span> 
     </span>
    </p>
   </div>
   <div class='ocr_carea' id='block_1_86' title="bbox 2312 5564 3876 5645">
    <p class='ocr_par' dir='ltr' id='par_1_86' title="bbox 2312 5564 3876 5645">
     <span class='ocr_line' id='line_1_86' title="bbox 2312 5564 3876 5645; baseline -0.01 -13"><span class='ocrx_word' id='word_1_569' title='bbox 2312 5594 2528 5632; x_wconf 76' lang='lat' dir='ltr'><strong>manum</strong></span> <span class='ocrx_word' id='word_1_570' title='bbox 2595 5576 3002 5645; x_wconf 78' lang='lat' dir='ltr'><strong>intelligentiam</strong></span> <span class='ocrx_word' id='word_1_571' title='bbox 3090 5572 3326 5639; x_wconf 79' lang='lat' dir='ltr'><strong>fugiens.</strong></span> <span class='ocrx_word' id='word_1_572' title='bbox 3403 5567 3558 5632; x_wconf 70' lang='lat' dir='ltr'><strong>Veni,</strong></span> <span class='ocrx_word' id='word_1_573' title='bbox 3621 5564 3876 5633; x_wconf 78' lang='lat' dir='ltr'><strong>perennis</strong></span> 
     </span>
    </p>
   </div>
   <div class='ocr_carea' id='block_1_87' title="bbox 2312 5654 3876 5731">
    <p class='ocr_par' dir='ltr' id='par_1_87' title="bbox 2312 5654 3876 5731">
     <span class='ocr_line' id='line_1_87' title="bbox 2312 5654 3876 5731; baseline -0.013 -5"><span class='ocrx_word' id='word_1_574' title='bbox 2312 5671 2625 5726; x_wconf 81' lang='lat' dir='ltr'><strong>exsultatio.</strong></span> <span class='ocrx_word' id='word_1_575' title='bbox 2666 5668 2818 5731; x_wconf 90' lang='lat' dir='ltr'><strong>\‘cui,</strong></span> <span class='ocrx_word' id='word_1_576' title='bbox 2859 5666 3064 5721; x_wconf 86' lang='lat' dir='ltr'><strong>Lumen</strong></span> <span class='ocrx_word' id='word_1_577' title='bbox 3106 5676 3384 5731; x_wconf 88' lang='lat' dir='ltr'><strong>nunquam</strong></span> <span class='ocrx_word' id='word_1_578' title='bbox 3415 5659 3690 5712; x_wconf 87' lang='lat' dir='ltr'><strong>occidens.</strong></span> <span class='ocrx_word' id='word_1_579' title='bbox 3719 5654 3876 5714; x_wconf 85' lang='lat' dir='ltr'><strong>Veni.</strong></span> 
     </span>
    </p>
   </div>
   <div class='ocr_carea' id='block_1_88' title="bbox 2317 5745 3872 5820">
    <p class='ocr_par' dir='ltr' id='par_1_88' title="bbox 2317 5745 3872 5820">
     <span class='ocr_line' id='line_1_88' title="bbox 2317 5745 3872 5820; baseline -0.014 -1"><span class='ocrx_word' id='word_1_580' title='bbox 2317 5763 2558 5818; x_wconf 85' lang='lat' dir='ltr'><strong>omnium</strong></span> <span class='ocrx_word' id='word_1_581' title='bbox 2634 5758 3014 5815; x_wconf 63' lang='lat' dir='ltr'><strong>salvandorum</strong></span> <span class='ocrx_word' id='word_1_582' title='bbox 3081 5771 3207 5811; x_wconf 84' lang='lat' dir='ltr'><strong>vera</strong></span> <span class='ocrx_word' id='word_1_583' title='bbox 3278 5749 3636 5820; x_wconf 59' lang='lat' dir='ltr'><strong>exspectatio.</strong></span> <span class='ocrx_word' id='word_1_584' title='bbox 3719 5745 3872 5810; x_wconf 78' lang='lat' dir='ltr'><strong>chi,</strong></span> 
     </span>
    </p>
   </div>
  </div>
