4156 6340
244 372 356 436 509

1345 389 1776 457 DIVINORUM
1811 398 2140 463 AMORUM
2182 406 2435 467 LIBER.

3388 415 3503 478 510

246 497 596 592 mortuorum
646 499 1017 592 resuscitatio.
1064 505 1216 572 Veni,
1255 521 1463 577 potens,
1500 513 1592 582 qui
1639 515 1818 568 omnia
1849 519 1893 577 Î‘
1927 517 2016 572 Sic
2053 535 2144 574 ero
2185 522 2476 590 quibusvis
2519 522 2738 591 regibus
2784 523 3094 592 opulentior
3128 542 3141 580 :
3175 533 3227 580 et
3258 530 3488 588 mandu-

241 594 467 652 semper
496 586 616 640 solo
647 597 784 645 nutu
821 591 976 658 facis,
1015 595 1294 663 immotas,
1325 610 1382 656 et
1419 605 1620 660 varias.
1660 606 1815 672 Veni,

242 675 471 766 penitus
553 678 985 752 inaspectabilis,
1065 689 1348 765 intactilis,
1431 696 1814 766 itnpalpabilis.

245 762 409 828 Veni.
447 784 662 840 semper
697 789 923 833 manens
958 763 1274 849 immobilis,
1319 762 1521 856 quique
1567 762 1618 843 in
1654 790 1817 846 horas

238 863 398 946 totus
428 867 846 934 transmoveris,
875 879 928 922 et
960 870 1026 925 ad
1057 889 1156 929 nos
1184 877 1341 932 venis
1366 878 1612 946 jacentes
1647 881 1701 934 in
1731 857 1818 935 in-

238 945 404 1017 feris,
431 953 519 1022 qui
551 972 714 1026 supra
745 974 935 1016 omnes
960 965 1128 1020 caelos
1157 966 1390 1022 habitas.
1418 953 1554 1024 Veni
1578 1011 1592 1036 ,
1620 988 1813 1027 nomen

234 1047 744 1115 exoptatissimum,
792 1062 845 1106 et
887 1056 1519 1124 celebratissimum,"de
1566 1079 1674 1132 quo
1715 1065 1814 1119 fari

234 1135 376 1228 quid
434 1138 530 1203 sis,
590 1150 684 1194 aut
736 1150 1157 1228 nossequalis,
1214 1165 1309 1206 aut
1361 1154 1662 1223 cujusmodi
1715 1157 1816 1224 sis,

232 1227 404 1284 nobis
449 1245 675 1299 prorsus
724 1247 976 1307 negatum
1027 1250 1131 1296 est.
1178 1243 1336 1309 Veni,
1384 1246 1572 1300 laetitia
1610 1249 1810 1317 sempi-

233 1323 418 1372 terna.
457 1320 610 1388 Veni,
650 1342 853 1383 corona
889 1330 1386 1391 immarcescibilis.
1425 1335 1584 1400 Veni,
1630 1340 1811 1406 magni

234 1408 334 1464 Dei
366 1424 420 1464 et
466 1412 818 1484 Imperatoris
842 1426 1016 1479 nostri
1046 1442 1311 1495 purpura.
1344 1428 1506 1494 Veni,
1533 1446 1669 1484 zona
1700 1431 1810 1500 (17)

229 1512 303 1557 ut
339 1509 631 1576 crystallus
679 1513 881 1579 lucida,
926 1527 978 1571 et
1034 1521 1267 1588 gemmis
1307 1523 1607 1591 variegata.
1652 1522 1808 1585 Veni,

227 1593 508 1663 refugium
563 1601 929 1662 inaccessum.
983 1606 1140 1675 Veni,
1196 1612 1395 1682 regalis
1444 1629 1705 1682 purpura,
1759 1623 1811 1666 et

229 1696 483 1754 augustae
537 1693 846 1761 majestatis
889 1697 1132 1754 dextera.
1185 1699 1344 1766 Veni,
1401 1718 1558 1771 quem
1613 1705 1809 1757 misera

227 1777 416 1832 anima
464 1795 584 1834 mea
632 1782 984 1853 desideravit,
1031 1798 1083 1842 et
1119 1790 1412 1848 desiderat.
1451 1792 1584 1847 Veni
1613 1833 1626 1855 ,
1666 1795 1805 1860 sole,

226 1867 298 1920 ad
344 1871 560 1937 solum;
613 1889 739 1928 sum
785 1878 927 1931 enim
973 1883 1146 1943 solus,
1191 1886 1267 1937 uti
1304 1885 1476 1959 vides.
1510 1887 1669 1953 Veni,
1711 1895 1803 1957 qui

228 1974 316 2014 me
345 1967 640 2031 separasti,
678 1976 729 2022 et
751 1970 927 2026 solum
965 1988 1088 2029 esse
1122 1976 1176 2029 in
1212 1984 1356 2030 terra
1395 1973 1594 2034 fecisti.
1641 1980 1802 2046 Veni,

224 2055 319 2121 qui
357 2051 540 2110 factus
570 2072 630 2112 es
665 2059 998 2117 desiderium
1028 2081 1230 2130 meum,
1260 2067 1546 2140 fecistique
1580 2081 1638 2126 ut
1664 2074 1804 2129 desi-

226 2143 485 2199 derarem
523 2159 594 2212 te,
626 2151 691 2210 ad
721 2169 879 2220 quem
918 2157 1163 2225 aspirare
1196 2160 1379 2216 nullus
1414 2171 1609 2231 potest.
1645 2163 1802 2232 Veni,

225 2235 434 2291 halitus
468 2251 520 2294 et
558 2242 664 2296 vita
695 2259 835 2300 mea.
867 2247 1024 2313 Veni,
1061 2251 1412 2321 despicabilis
1448 2256 1643 2312 animae
1672 2260 1803 2313 mete

225 2331 558 2387 consolatio.
613 2333 769 2403 Veni,
824 2343 1106 2408 gaudium,
1155 2356 1208 2398 et
1259 2348 1455 2416 gloria,
1500 2357 1553 2402 et
1594 2349 1803 2404 deliciae

223 2417 359 2475 mete
394 2425 651 2481 assiduae.
702 2429 919 2490 Gratias
961 2448 1062 2502 ago
1107 2436 1224 2500 tibi,
1260 2439 1478 2506 quando
1508 2456 1650 2495 unus
1674 2458 1802 2501 ,me-

223 2524 351 2565 eunt
383 2515 614 2584 spiritus
645 2519 783 2574 citra
818 2523 1221 2591 confusionem,
1252 2529 1688 2588 immutationem
1745 2542 1799 2587 et

223 2609 649 2664 conversionem
689 2610 870 2669 factus
906 2632 985 2682 es,
1022 2620 1112 2686 qui
1160 2634 1282 2672 cum
1328 2622 1404 2676 sis
1457 2621 1597 2678 Deus
1634 2640 1800 2694 super

221 2699 431 2761 omnia,
463 2701 594 2755 mihi
628 2706 810 2759 omnia
843 2707 1019 2764 factus
1043 2726 1103 2766 es
1132 2712 1182 2764 in
1214 2715 1492 2767 omnibtts.
1525 2714 1798 2769 Alimouia

221 2787 656 2861 inexplicabilis,
690 2813 810 2866 quae
847 2800 1061 2854 absumi
1097 2804 1412 2870 neutiquam
1443 2813 1618 2870 potes,
1652 2823 1800 2874 quae-

220 2896 329 2950 que
385 2884 557 2940 labris
606 2889 802 2943 animae
856 2906 987 2946 meae
1024 2893 1230 2962 jug'ter
1279 2894 1598 2960 amtnderis,
1642 2906 1697 2949 et
1747 2899 1796 2949 in

222 2975 381 3029 fonte
437 2978 620 3034 cordis
674 2982 777 3035 mei
835 2983 1065 3038 ubertim
1114 2987 1369 3040 scaturis.
1415 2987 1794 3042 ludumentum

225 3066 538 3137 fulgurans,
593 3079 647 3126 et
699 3073 1287 3136 dmmonasadttreus.
1347 3065 1650 3142 Lustratio,
1703 3097 1798 3147 per

1924 621 2080 672 cans,
2110 624 2178 662 ac
2208 611 2401 666 bibens
2435 623 2505 674 te,
2542 621 2597 665 et
2625 612 2678 664 in
2715 612 2878 668 horas
2905 615 3149 682 singulas
3178 616 3410 674 induens
3438 629 3490 674 te

1924 696 2080 750 fruar
2118 701 2384 756 bonorum
2425 703 2640 758 deliciis
2685 705 3170 761 inenarrabilibus.
3219 708 3487 772 Quoniam

1923 796 1978 840 tu
2022 801 2185 842 omne
2219 790 2441 858 bonum,
2475 799 2530 848 et
2567 807 2729 846 omne
2761 792 2951 858 decus,
2993 801 3046 847 et
3068 810 3226 850 omne
3252 799 3492 852 delecta-

1921 885 2167 931 rnentum
2215 892 2296 941 es,
2343 892 2394 934 et
2437 890 2488 935 te
2529 881 2684 936 decet
2732 883 2926 953 gloria,
2972 894 3215 938 sanctam
3257 896 3312 940 et
3352 902 3492 941 con-

1920 969 2341 1026 substantialem
2376 974 2716 1040 Trinitatem,
2750 991 2871 1044 quae
2914 962 2974 1030 in
3017 975 3198 1042 Patre,
3236 978 3294 1033 et
3323 978 3487 1042 Filio,

1916 1068 1970 1112 et
1997 1060 2202 1131 Spiritu
2239 1072 2431 1116 sancto
2463 1064 2780 1130 honoratur,
2820 1076 2874 1121 et
2904 1069 3244 1136 agnoscitur,
3273 1077 3327 1122 et
3359 1071 3490 1124 ado-

1917 1162 2092 1216 ratur,
2135 1163 2186 1207 et
2233 1156 2436 1208 colitur
2475 1156 2544 1209 ab
2583 1159 2941 1223 universitate
2987 1158 3226 1213 fidelium
3259 1175 3405 1214 nunc
3434 1169 3490 1214 ct

1917 1258 2153 1314 semper,
2188 1255 2240 1300 et
2278 1262 2375 1316 per
2411 1248 2732 1301 infinitatem
2771 1250 3117 1304 saeculorum.
3149 1252 3342 1305 Amen.

2532 1381 2759 1438 CAPUT
2798 1383 2866 1440 ll.

1918 1491 1993 1545 I)e
2040 1493 2217 1547 divina
2295 1497 2649 1550 illustrations
2703 1508 2750 1551 et
2806 1498 3197 1551 illuminatione
3254 1498 3484 1563 Spiritus

1987 1567 2178 1617 sancti.
2212 1563 2382 1636 Unum
2417 1583 2528 1618 esse
2555 1567 2723 1618 locum
2754 1567 2938 1631 Deum,
2973 1568 3026 1618 in
3057 1585 3159 1633 quo
3189 1578 3304 1636 post
3346 1586 3485 1618 mor-

1989 1644 2087 1704 tem
2115 1635 2285 1686 sancti
2312 1650 2488 1686 omnes
2517 1637 2841 1702 requiescunt
2865 1652 2883 1687 .'
2909 1648 2954 1688 et
2979 1638 3068 1704 qui
3093 1635 3256 1689 Deum
3282 1639 3481 1701 amisit,

1988 1701 2092 1753 alio
2142 1705 2192 1755 in
2239 1703 2351 1756 loco
2397 1705 2446 1756 iu
2492 1704 2675 1771 futura
2731 1706 2836 1756 vita
2889 1701 3114 1757 reattiem
3155 1722 3256 1758 non
3304 1707 3489 1759 inreuâ€”

1985 1779 2180 1826 turum.

1988 1881 2145 1947 Hem,
2169 1884 2316 1952 quod
2350 1885 2495 1939 istud
2530 1893 2641 1937 tam
2673 1884 3043 1939 venerandum
3071 1889 3392 1957 mysterium
3428 1887 3487 1940 in

1914 1986 2000 2026 me
2047 1976 2332 2041 patratur?
2379 1976 2525 2045 quod
2564 1992 2664 2030 nec
2707 1978 2888 2046 lingua
2936 1977 3107 2042 effari,
3150 1994 3250 2033 nec
3287 1995 3484 2033 manus

1916 2061 2129 2115 inï¬rma
2182 2066 2380 2122 litteris
2424 2081 2658 2121 exarare
2688 2077 2890 2135 potest,
2916 2070 2989 2123 ad
3031 2069 3242 2124 laudem
3278 2079 3331 2124 et
3361 2069 3479 2138 ÎºÎ¹Î¿Î‡

1914 2153 2050 2205 riam
2108 2154 2256 2210 illius
2304 2158 2391 2211 cui
2436 2173 2626 2212 revera
2679 2174 2776 2228 par
2818 2161 2962 2224 laus,
3009 2169 3060 2214 et
3111 2163 3290 2213 oratio
3328 2160 3483 2214 nulla

1914 2247 2138 2312 reperiri
2180 2259 2364 2316 queat.
2419 2248 2522 2303 Sed
2554 2251 2598 2303 si
2631 2265 2751 2320 quae
2787 2267 2932 2304 nunc
2979 2252 3031 2304 in
3078 2267 3164 2306 me
3202 2252 3482 2320 deplorato

1913 2344 2171 2403 aguntur,
2230 2339 2522 2394 ineffabilia
2580 2350 2636 2395 et
2695 2343 3100 2412 inexplicabilia
3163 2355 3311 2408 sunt,
3371 2357 3483 2411 quo

1913 2427 2127 2480 tandem
2163 2439 2319 2494 pacto
2350 2429 2418 2494 is,
2452 2432 2543 2498 qui
2575 2433 2699 2485 talia
2761 2434 2994 2502 largitur
3041 2441 3094 2486 et
3134 2433 3298 2486 efiicit
3323 2471 3336 2495 ,
3384 2447 3480 2486 no-

1910 2518 2040 2570 stris
2071 2521 2335 2574 encomiis
2395 2531 2448 2574 et
2472 2523 2948 2590 prazdicatiouibus
2984 2524 3247 2593 indigebit
3275 2523 3482 2577 ?Certe

1911 2622 2015 2660 non
2049 2610 2470 2678 glorificabitur,
2502 2617 2592 2682 qui
2620 2622 2702 2668 est
2731 2614 3061 2681 glorificatus
3090 2633 3102 2669 :
3129 2615 3479 2683 quemadmo-

1910 2698 2037 2754 dum
2077 2718 2176 2756 nec
2207 2703 2593 2768 illustrabitur,
2635 2721 2735 2760 nec
2765 2708 2943 2760 lumen
2990 2721 3018 2758 a
3064 2709 3220 2761 nobis
3252 2713 3471 2759 mutua-

1911 2794 2059 2846 bitnr
2091 2795 2176 2846 hic
2209 2795 2312 2860 sol,
2354 2811 2511 2865 quem
2544 2800 2597 2850 iu
2639 2799 2778 2852 coelo
2829 2799 3117 2870 fulgentem
3154 2799 3475 2867 aspicimus.

1910 2885 2209 2952 il!uminat,
2259 2904 2360 2942 non
2397 2891 2757 2954 illuminatur,
2791 2892 2967 2944 lucem
3000 2889 3196 2954 fundit,
3242 2905 3346 2944 non
3385 2906 3478 2944 re-

1912 2981 2042 3049 cipit
2072 2999 2083 3033 :
2116 2983 2275 3036 habet
2306 2983 2598 3050 siquidem,
2623 2997 2781 3050 quam
2808 2982 2854 3035 ei
2884 2997 2909 3033 a
2938 2982 3204 3051 principio
3225 2982 3481 3034 conditor

1910 3082 1992 3127 cst
2050 3075 2376 3141 impertitus.
2436 3073 2489 3126 Si
2537 3089 2666 3142 ergo
2717 3074 2806 3141 qui
2849 3073 3013 3127 solem
3064 3073 3186 3126 fecit
3231 3074 3476 3126 omnium

222 3159 518 3214 continuas
549 3169 604 3214 et
640 3173 856 3218 sanctas
887 3165 1180 3236 lacrymas,
1217 3184 1352 3237 quas
1391 3170 1676 3237 praesentia
1710 3181 1797 3224 tua
1828 3191 1870 3248 Î¿
1908 3172 2228 3234 procreator
2277 3164 2440 3226 Deus,
2486 3167 2557 3217 ita
2611 3164 2760 3230 fecit,
2813 3174 2869 3218 ut
2917 3167 3119 3219 luceret
3177 3164 3478 3218 abundanti

222 3249 292 3303 iis
323 3252 392 3305 ad
424 3267 561 3321 quos
592 3255 745 3310 venis
784 3257 1028 3326 largitur,
1063 3261 1252 3317 eluens
1294 3277 1402 3316 me.
1436 3262 1654 3319 Gratias
1698 3278 1800 3332 ago

219 3340 345 3405 tibi,
400 3346 657 3412 quoniam
711 3348 826 3402 dies
873 3351 991 3405 sine
1049 3368 1279 3421 vespera
1334 3353 1464 3407 mihi
1500 3357 1680 3409 factus
1717 3371 1799 3419 es,

218 3444 275 3490 et
307 3436 391 3490 sol
419 3440 558 3492 citra
581 3455 837 3495 occasum
869 3462 880 3495 :
912 3445 1004 3511 qtti
1039 3459 1144 3497 non
1177 3446 1342 3499 babes
1379 3447 1465 3500 ubi
1498 3458 1547 3500 te
1573 3447 1801 3502 abscon-

217 3527 347 3591 das,
391 3531 596 3598 quique
628 3533 798 3602 gloria
845 3543 934 3588 tua
968 3537 1160 3600 imples
1198 3538 1472 3591 universa.
1507 3537 1794 3609 Nunquam

218 3631 279 3676 Î¹Î¹Î¹
319 3621 390 3676 ab
423 3622 532 3676 ullo
567 3635 618 3679 te
659 3625 1021 3692 abscondisti,
1066 3644 1253 3682 verum
1291 3645 1390 3684 nos
1418 3645 1633 3700 semper
1665 3648 1795 3686 nos-

220 3724 336 3768 met
367 3729 397 3768 a
432 3724 484 3769 te
512 3717 925 3778 abscondimus.
961 3721 1086 3772 dum
1114 3720 1177 3771 ad
1216 3729 1267 3773 te
1295 3723 1480 3776 venire
1517 3726 1794 3778 nolumus.

223 3805 326 3863 Ubi
379 3809 524 3862 enim
573 3818 625 3863 te
666 3810 1059 3876 absconderes,
1104 3813 1192 3866 cui
1230 3815 1601 3881 requiescendi
1641 3817 1797 3870 locus

217 3915 501 3969 nusquam
533 3904 657 3956 est?
682 3906 788 3956 Aut
824 3918 922 3956 cur
952 3912 1003 3958 te
1033 3905 1424 3968 absconderes,
1458 3908 1548 3976 qui
1586 3923 1649 3960 ex
1682 3923 1798 3961 om-

214 3993 386 4047 nibus
445 3995 716 4048 aversaris
781 3995 1074 4059 nemincm,
1144 3999 1411 4051 revereris
1476 3999 1796 4052 neminem?

216 4084 377 4139 Nunc
412 4086 600 4156 igitur,
632 4088 717 4156 pie
756 4087 1006 4150 Domine,
1040 4088 1458 4144 tabernaculum
1487 4090 1540 4143 in
1584 4107 1668 4146 me
1699 4092 1793 4145 tibi

218 4180 346 4250 ï¬ge,
377 4189 434 4233 et
460 4178 643 4252 habit'a
675 4181 728 4234 in
757 4195 865 4244 me,
895 4190 947 4235 et
978 4197 1145 4252 usque
1178 4182 1243 4236 ad
1276 4183 1482 4236 obitum
1515 4198 1689 4235 meum
1729 4201 1795 4237 ne

215 4271 527 4335 divellaris,
570 4287 666 4326 nec
698 4273 972 4341 separeris
1009 4288 1039 4326 a
1068 4289 1152 4326 tne
1188 4288 1346 4328 servo
1383 4282 1496 4338 tuo,
1527 4283 1663 4327 utet
1693 4290 1792 4340 ego

219 4366 274 4417 in
329 4365 482 4417 exitu
528 4379 666 4428 meo,
720 4375 773 4418 et
823 4375 944 4435 post
993 4367 1199 4418 exitum
1246 4367 1297 4418 in
1340 4378 1391 4421 te
1432 4367 1698 4429 inveniar,
1739 4380 1793 4422 et

216 4469 441 4524 regnem
474 4459 694 4519 (tecum,
741 4459 833 4522 qui
880 4471 1096 4522 regnas,
1149 4455 1314 4521 Deus,
1369 4472 1533 4524 super
1585 4461 1788 4512 omnia.

1910 3259 2138 3325 lumine,
2171 3277 2269 3314 nec
2296 3275 2432 3327 Opus
2465 3260 2688 3314 haberet
2716 3261 2825 3313 ullo
2850 3260 3009 3313 modo
3044 3259 3265 3312 aliunde
3295 3259 3474 3324 maius

1910 3363 2116 3422 petere,
2171 3357 2440 3422 Quomodo
2517 3369 2546 3408 a
2602 3369 2684 3407 me
2733 3353 2822 3406 vili
2879 3352 3196 3421 abjectoque
3244 3351 3472 3421 gloriam

1909 3446 2139 3514 accipiet
2176 3446 2474 3499 fabricator
2497 3446 2651 3508 solis,
2684 3445 2767 3498 cui
2803 3446 2948 3497 nulla
2980 3446 3204 3496 omnino
3237 3458 3294 3495 re
3336 3458 3473 3512 opus

1905 3545 2010 3596 cst,
2067 3547 2118 3588 et
2168 3537 2260 3602 qui
2305 3542 2439 3587 nutu
2483 3549 2544 3586 ac
2593 3533 2870 3587 voluntate
2899 3534 3068 3600 (solus
3107 3533 3249 3586 enim
3281 3541 3472 3600 potens

1906 3628 2010 3695 est)
2047 3628 2201 3680 bouis
2240 3627 2495 3682 omnibus
2542 3627 2731 3697 implet
2761 3627 2985 3680 omnia?
3016 3627 3233 3679 Interim
3274 3635 3326 3678 et
3367 3626 3472 3677 lin-

1905 3735 2008 3789 gua
2042 3735 2157 3773 mea
2191 3720 2390 3790 ingenti
2421 3721 2714 3774 verborum
2745 3727 2982 3789 egestate
3011 3719 3242 3782 laborat,
3269 3727 3320 3771 et
3349 3732 3469 3785 qua:

1906 3812 1957 3864 in
1998 3829 2080 3863 tne
2124 3821 2383 3879 aguntur,
2432 3827 2586 3866 mens
2627 3827 2744 3864 mea
2790 3812 2933 3869 videt
2972 3811 3058 3862 illa
3094 3809 3338 3878 quidem,
3375 3808 3469 3863 sed

1903 3919 2176 3970 exponere
2228 3918 2332 3954 non
2378 3904 2538 3955 valet.
2582 3902 2812 3970 ASpicit,
2869 3910 2924 3955 et
2971 3903 3154 3970 eloqui
3183 3903 3319 3962 vult,
3375 3903 3468 3955 sed

1904 4013 2012 4064 quo
2037 4011 2289 4050 sermone
2324 3995 2375 4048 id
2401 3994 2586 4057 faciat,
2613 4009 2719 4046 non
2748 3993 2973 4046 invenit.
3002 3991 3242 4046 lntuetur
3265 3993 3466 4062 quippe

1903 4086 2341 4156 inaspectabilia,
2367 4095 2421 4139 ct
2450 4087 2628 4140 omnis
2661 4086 2842 4154 ï¬gura:
2878 4084 3238 4153 uudequaque
3268 4099 3466 4151 exper-

1903 4182 2000 4241 tia,
2049 4179 2318 4247 simplicia
2365 4189 2615 4248 prorsus,
2669 4195 2774 4230 nou
2809 4178 3132 4245 composita,
3169 4186 3221 4230 et
3255 4178 3466 4243 magni-

1905 4270 2091 4324 tudine
2143 4270 2377 4324 infiuita.
2418 4267 2531 4323 Nec
2575 4271 2719 4323 enim
2763 4269 3092 4338 principium
3132 4269 3321 4330 ullum,
3366 4284 3465 4322 nec

1902 4362 2061 4415 finem
2099 4364 2382 4431 perspicit,
2408 4371 2461 4415 et
2491 4364 2724 4415 medium
2759 4363 2915 4428 plane
2955 4361 3182 4428 ignorat,
3212 4375 3309 4414 nec
3336 4361 3462 4426 scit,

1901 4456 2121 4522 quinam
2177 4454 2386 4516 ederat,
2439 4455 2579 4523 quod
2635 4455 2795 4506 videt.
2840 4452 3030 4505 Totum
3078 4453 3351 4521 quoddam
3409 4454 3461 4504 in

214 4545 394 4608 Mane,
425 4543 671 4609 Domine,
723 4555 775 4599 et
824 4562 890 4600 ne
933 4563 1018 4600 me
1054 4547 1227 4601 solum
1273 4550 1539 4617 relinque,
1579 4560 1635 4603 ttt
1667 4566 1788 4604 cum
1821 4537 1871 4596 D
1901 4560 2132 4607 summa,
2181 4555 2238 4598 ut
2289 4546 2547 4608 arbitror.
2600 4553 2650 4598 ct
2701 4545 3017 4611 neutiquam
3061 4543 3177 4612 ipsa
3223 4545 3461 4597 essentia

217 4639 476 4692 venerint
510 4637 714 4690 inimici
755 4639 880 4703 mei,
914 4639 1007 4707 qui
1039 4644 1387 4694 continenter
1416 4652 1667 4710 ancrunt
1696 4644 1790 4697 de-

213 4746 414 4785 rorare
465 4731 703 4784 animam
751 4746 943 4796 meam,
976 4743 1135 4800 teque
1178 4733 1317 4785 intra
1353 4751 1438 4786 me
1482 4745 1788 4788 manentem

217 4824 549 4891 repererint,
581 4823 798 4890 penitus
832 4824 1161 4893 penitusque
1196 4825 1485 4893 refugiant,
1520 4843 1617 4880 nec
1654 4844 1791 4895 prte-

214 4917 436 4967 valcant
492 4916 645 4976 mihi,
679 4931 801 4968 cunt
831 4924 882 4968 te
917 4916 1191 4969 fortiorem
1226 4919 1482 4970 omnibus
1530 4919 1677 4972 intus
1735 4921 1784 4971 iu

218 5007 499 5061 domicilio
526 5007 751 5059 humilis
775 5008 966 5060 anima:
991 5024 1120 5061 mea:
1143 5009 1466 5061 residentem
1494 5023 1792 5076 c0uspexe-

214 5106 348 5156 rint.
397 5102 559 5162 Sane,
612 5108 670 5152 ut
724 5115 929 5151 memor
974 5100 1119 5152 fuisti
1169 5102 1296 5166 mei,
1361 5101 1609 5164 Domine,
1665 5119 1786 5155 cum

213 5197 269 5248 in
309 5193 515 5246 mundo
545 5207 746 5254 essem,
781 5199 832 5244 et
867 5208 948 5244 me
989 5192 1162 5246 inscio
1199 5195 1311 5262 ipse
1347 5184 1558 5261 elegisti
1595 5210 1697 5255 me,
1734 5205 1785 5246 et

215 5300 242 5337 a
275 5283 482 5337 mundo
516 5283 821 5345 removisti,
861 5291 1024 5350 atque
1058 5292 1182 5336 ante
1227 5284 1417 5337 faciem
1457 5284 1641 5352 glorite
1681 5296 1784 5339 tuae

213 5374 588 5431 constituisti:
622 5375 701 5428 sic
731 5375 892 5427 etiam
922 5377 1079 5427 modo
1111 5376 1253 5428 intus
1288 5392 1368 5427 me
1392 5376 1779 5440 constitutum,

215 5483 434 5537 semper
463 5467 818 5524 immobilem.
854 5481 1072 5535 propter
1110 5479 1251 5522 tuam
1287 5470 1338 5521 in
1376 5485 1458 5522 me
1490 5469 1783 5522 habitatio-

216 5575 338 5613 nem
381 5560 620 5623 custodi,
656 5566 713 5610 Î¹Î¹Î¹
754 5559 995 5625 quotidie
1036 5561 1254 5613 intuens
1292 5573 1340 5612 te
1375 5575 1474 5629 ego
1509 5572 1780 5627 mortuus,

215 5651 418 5714 vivam,
454 5651 741 5718 possidens
771 5663 821 5705 te
852 5666 946 5720 ego
979 5667 1204 5720 pauper,
1234 5667 1449 5720 semper
1475 5653 1622 5706 dives
1651 5655 1770 5706 sim.

291 5819 404 5887 (Î¹Ï„)
438 5818 564 5874 (Î¾Î¿Î»,
611 5822 790 5874 tit-(n.1,

831 5822 1101 5891 á¿¥Ï€á½·Î¿Î·Î¼Î½,
1138 5821 1237 5890 lt-g.
1287 5821 1554 5891 á½“Ï€á½¸Î´Î´ÏÎ±.

1899 4653 1998 4689 sua
2027 4678 2039 4699 ,
2083 4637 2176 4690 sed
2229 4638 2642 4706 participatione
2679 4638 2909 4690 videtur.
2963 4636 3175 4690 Etenim
3211 4653 3277 4690 ex
3341 4639 3466 4707 igne

1900 4731 2074 4797 ignem
2110 4731 2390 4793 arcendis,
2438 4740 2490 4784 et
2527 4737 2696 4783 totum
2733 4730 2877 4799 quod
2913 4738 2996 4783 est
3039 4731 3179 4797 ignis
3210 4733 3412 4800 accipis
3446 4751 3458 4786 :

1895 4823 2012 4890 ipsa
2069 4831 2248 4874 tamen
2289 4833 2484 4874 natura
2524 4823 2663 4889 ignis
2712 4838 2814 4874 non
2859 4822 3058 4885 deficit,
3108 4831 3158 4873 et
3201 4823 3457 4884 indivisa,

1896 4926 1953 4966 Î¹Î¹Î¹.
1990 4923 2135 4978 ante,
2186 4925 2480 4984 permanet.
2520 4913 2924 4978 Verumtamen,
2972 4915 3117 4982 quod
3156 4917 3459 4968 communi-

1903 5017 2082 5070 catur,
2135 5023 2161 5058 a
2218 5015 2392 5075 primo
2450 5017 2784 5075 separatur:
2841 5018 2894 5058 et
2944 5007 3069 5075 quia
3106 5017 3454 5075 corporatum

1902 5099 2162 5164 quiddam
2203 5107 2304 5161 est,
2359 5099 2410 5150 in
2456 5097 2729 5165 lampadas
2761 5098 3071 5165 complures
3113 5097 3453 5163 dispertitur.

1898 5189 2030 5242 illud
2076 5199 2255 5244 autem
2291 5190 2571 5258 spirituale
2607 5199 2708 5252 est,
2754 5189 3204 5256 divisionetuque,
3252 5191 3454 5243 sectio-

1897 5270 2039 5343 nem,
2090 5285 2484 5350 scparationem
2533 5295 2756 5348 prorsus
2789 5281 2990 5332 trullam
3033 5281 3290 5334 admittit.
3334 5280 3450 5334 Non

1884 5375 2025 5427 enim
2075 5375 2326 5441 quoniam
2391 5373 2856 5434 communicatur,
2915 5373 3120 5425 idcirco
3176 5375 3225 5424 in
3279 5377 3450 5427 inuita

1893 5467 2219 5528 secernitur,
2276 5463 2367 5516 sed
2416 5463 2705 5514 iudivisum
2755 5471 3085 5530 perseverat,
3141 5473 3193 5515 ct
3253 5463 3305 5515 iu
3367 5479 3452 5515 me

1891 5570 1992 5620 ÎµÎµÎ¹,
2026 5571 2076 5612 et
2107 5560 2158 5610 iu
2196 5573 2277 5610 me
2311 5558 2455 5609 intus
2487 5556 2540 5607 in
2590 5554 2789 5607 misero
2841 5556 3001 5606 corde.
3041 5569 3159 5607 meo
3195 5563 3447 5623 tanquam

1892 5652 1994 5717 sol,
2040 5657 2130 5704 aut
2156 5650 2342 5705 discus
2383 5649 2514 5704 solis
2551 5647 2735 5717 hujus,
2774 5649 3065 5716 rotundus,
3113 5648 3216 5702 luci
3257 5648 3451 5703 similis
