  <div class='ocr_page' id='page_1' title='image "/cluster/home/n/w/nwhite01/storage/ocr_20150623/120/pst.000005714353/263.png"; bbox 0 0 4156 6340; ppageno 0'>
   <div class='ocr_carea' id='block_1_1' title="bbox 656 399 774 470">
    <p class='ocr_par' dir='ltr' id='par_1_1' title="bbox 656 399 774 470">
     <span class='ocr_line' id='line_1_1' title="bbox 656 399 774 470; baseline 0.017 -2"><span class='ocrx_word' id='word_1_1' title='bbox 656 399 774 470; x_wconf 65' lang='lat' dir='ltr'><strong>illi</strong></span> 
     </span>
    </p>
   </div>
   <div class='ocr_carea' id='block_1_2' title="bbox 1905 405 2687 469">
    <p class='ocr_par' dir='ltr' id='par_1_2' title="bbox 1905 405 2687 469">
     <span class='ocr_line' id='line_1_2' title="bbox 1905 405 2687 469; baseline 0.003 -2"><span class='ocrx_word' id='word_1_2' title='bbox 1905 406 2204 467; x_wconf 73' lang='lat' dir='ltr'><strong>SYMEON</strong></span> <span class='ocrx_word' id='word_1_3' title='bbox 2217 405 2286 468; x_wconf 82' lang='lat' dir='ltr'><strong>IS</strong></span> <span class='ocrx_word' id='word_1_4' title='bbox 2319 406 2687 469; x_wconf 81' lang='lat' dir='ltr'><strong>JUNIORIS</strong></span> 
     </span>
    </p>
   </div>
   <div class='ocr_carea' id='block_1_3' title="bbox 3803 402 3913 467">
    <p class='ocr_par' dir='ltr' id='par_1_3' title="bbox 3803 402 3913 467">
     <span class='ocr_line' id='line_1_3' title="bbox 3803 402 3913 467; baseline -0.018 0"><span class='ocrx_word' id='word_1_5' title='bbox 3803 402 3913 467; x_wconf 66' lang='lat'><strong>512</strong></span> 
     </span>
    </p>
   </div>
   <div class='ocr_carea' id='block_1_4' title="bbox 671 514 3918 589">
    <p class='ocr_par' dir='ltr' id='par_1_4' title="bbox 671 514 3918 589">
     <span class='ocr_line' id='line_1_4' title="bbox 671 514 3918 589; baseline 0 -17"><span class='ocrx_word' id='word_1_6' title='bbox 671 531 818 588; x_wconf 68' lang='lat' dir='ltr'><strong>tuam</strong></span> <span class='ocrx_word' id='word_1_7' title='bbox 863 522 918 570; x_wconf 92' lang='lat' dir='ltr'><strong>et</strong></span> <span class='ocrx_word' id='word_1_8' title='bbox 961 514 1054 570; x_wconf 83' lang='lat' dir='ltr'><strong>lux</strong></span> <span class='ocrx_word' id='word_1_9' title='bbox 1083 515 1188 587; x_wconf 90' lang='lat' dir='ltr'><strong>est)</strong></span> <span class='ocrx_word' id='word_1_10' title='bbox 1219 515 1486 575; x_wconf 74' lang='lat' dir='ltr'><strong>exoritur.</strong></span> <span class='ocrx_word' id='word_1_11' title='bbox 1511 515 1728 584; x_wconf 86' lang='lat' dir='ltr'><strong>Nescio,</strong></span> <span class='ocrx_word' id='word_1_12' title='bbox 1755 525 1816 573; x_wconf 93' lang='lat' dir='ltr'><strong>ut</strong></span> <span class='ocrx_word' id='word_1_13' title='bbox 1842 518 2076 584; x_wconf 81' lang='lat' dir='ltr'><strong>aiebam,</strong></span> <span class='ocrx_word' id='word_1_14' title='bbox 2104 517 2232 587; x_wconf 87' lang='lat' dir='ltr'><strong>quid</strong></span> <span class='ocrx_word' id='word_1_15' title='bbox 2265 521 2310 577; x_wconf 85' lang='grc' dir='ltr'><strong>Δ</strong></span> <span class='ocrx_word' id='word_1_16' title='bbox 2340 517 2459 574; x_wconf 77' lang='lat' dir='ltr'><strong>Non</strong></span> <span class='ocrx_word' id='word_1_17' title='bbox 2489 519 2636 575; x_wconf 89' lang='lat' dir='ltr'><strong>enim</strong></span> <span class='ocrx_word' id='word_1_18' title='bbox 2676 521 3140 589; x_wconf 79' lang='lat' dir='ltr'><strong>quemadmodum</strong></span> <span class='ocrx_word' id='word_1_19' title='bbox 3173 531 3322 572; x_wconf 86' lang='lat' dir='ltr'><strong>nunc</strong></span> <span class='ocrx_word' id='word_1_20' title='bbox 3350 516 3407 572; x_wconf 89' lang='lat' dir='ltr'><strong>in</strong></span> <span class='ocrx_word' id='word_1_21' title='bbox 3432 516 3615 583; x_wconf 91' lang='lat' dir='ltr'><strong>terris,</strong></span> <span class='ocrx_word' id='word_1_22' title='bbox 3643 516 3722 571; x_wconf 89' lang='lat' dir='ltr'><strong>sic</strong></span> <span class='ocrx_word' id='word_1_23' title='bbox 3747 517 3918 573; x_wconf 84' lang='lat' dir='ltr'><strong>etiam</strong></span> 
     </span>
    </p>
   </div>
   <div class='ocr_carea' id='block_1_5' title="bbox 667 607 2238 682">
    <p class='ocr_par' dir='ltr' id='par_1_5' title="bbox 667 607 2238 682">
     <span class='ocr_line' id='line_1_5' title="bbox 667 607 2238 682; baseline 0.002 -18"><span class='ocrx_word' id='word_1_24' title='bbox 667 611 737 664; x_wconf 86' lang='lat' dir='ltr'><strong>de</strong></span> <span class='ocrx_word' id='word_1_25' title='bbox 761 623 827 663; x_wconf 89' lang='lat' dir='ltr'><strong>eo</strong></span> <span class='ocrx_word' id='word_1_26' title='bbox 856 607 1058 664; x_wconf 89' lang='lat' dir='ltr'><strong>dicam.</strong></span> <span class='ocrx_word' id='word_1_27' title='bbox 1086 607 1151 664; x_wconf 86' lang='lat' dir='ltr'><strong>Et</strong></span> <span class='ocrx_word' id='word_1_28' title='bbox 1183 610 1427 665; x_wconf 70' lang='lat' dir='ltr'><strong>volebam</strong></span> <span class='ocrx_word' id='word_1_29' title='bbox 1461 619 1664 677; x_wconf 90' lang='lat' dir='ltr'><strong>tacere,</strong></span> <span class='ocrx_word' id='word_1_30' title='bbox 1696 612 1844 682; x_wconf 90' lang='lat' dir='ltr'><strong>quod</strong></span> <span class='ocrx_word' id='word_1_31' title='bbox 1874 613 2083 666; x_wconf 78' lang='lat' dir='ltr'><strong>utinam</strong></span> <span class='ocrx_word' id='word_1_32' title='bbox 2113 626 2238 681; x_wconf 52' lang='lat' dir='ltr'><strong>pose</strong></span> 
     </span>
    </p>
   </div>
   <div class='ocr_carea' id='block_1_6' title="bbox 667 699 2240 769">
    <p class='ocr_par' dir='ltr' id='par_1_6' title="bbox 667 699 2240 769">
     <span class='ocr_line' id='line_1_6' title="bbox 667 699 2240 769; baseline -0.001 -17"><span class='ocrx_word' id='word_1_33' title='bbox 667 711 782 753; x_wconf 85' lang='lat' dir='ltr'><strong>sem</strong></span> <span class='ocrx_word' id='word_1_34' title='bbox 835 715 849 752; x_wconf 89' lang='lat'>:</span> <span class='ocrx_word' id='word_1_35' title='bbox 895 699 990 753; x_wconf 80' lang='lat' dir='ltr'><strong>sed</strong></span> <span class='ocrx_word' id='word_1_36' title='bbox 1042 699 1371 754; x_wconf 88' lang='lat' dir='ltr'><strong>miraculum</strong></span> <span class='ocrx_word' id='word_1_37' title='bbox 1412 699 1785 754; x_wconf 76' lang='lat' dir='ltr'><strong>venerationis</strong></span> <span class='ocrx_word' id='word_1_38' title='bbox 1825 701 2049 769; x_wconf 86' lang='lat' dir='ltr'><strong>plenum</strong></span> <span class='ocrx_word' id='word_1_39' title='bbox 2083 699 2240 755; x_wconf 53' lang='lat' dir='ltr'><strong>solli.</strong></span> 
     </span>
    </p>
   </div>
   <div class='ocr_carea' id='block_1_7' title="bbox 666 788 2236 858">
    <p class='ocr_par' dir='ltr' id='par_1_7' title="bbox 666 788 2236 858">
     <span class='ocr_line' id='line_1_7' title="bbox 666 788 2236 858; baseline 0.001 -16"><span class='ocrx_word' id='word_1_40' title='bbox 666 788 802 842; x_wconf 82' lang='lat' dir='ltr'><strong>citat</strong></span> <span class='ocrx_word' id='word_1_41' title='bbox 861 788 1129 854; x_wconf 88' lang='lat' dir='ltr'><strong>animum,</strong></span> <span class='ocrx_word' id='word_1_42' title='bbox 1191 799 1244 843; x_wconf 90' lang='lat' dir='ltr'><strong>ct</strong></span> <span class='ocrx_word' id='word_1_43' title='bbox 1295 797 1505 844; x_wconf 81' lang='lat' dir='ltr'><strong>reserat</strong></span> <span class='ocrx_word' id='word_1_44' title='bbox 1556 789 1835 858; x_wconf 90' lang='lat' dir='ltr'><strong>impurum</strong></span> <span class='ocrx_word' id='word_1_45' title='bbox 1891 805 1954 845; x_wconf 89' lang='lat' dir='ltr'><strong>os</strong></span> <span class='ocrx_word' id='word_1_46' title='bbox 2005 804 2236 843; x_wconf 87' lang='lat' dir='ltr'><strong>meum:</strong></span> 
     </span>
    </p>
   </div>
   <div class='ocr_carea' id='block_1_8' title="bbox 667 880 2238 951">
    <p class='ocr_par' dir='ltr' id='par_1_8' title="bbox 667 880 2238 951">
     <span class='ocr_line' id='line_1_8' title="bbox 667 880 2238 951; baseline 0.004 -21"><span class='ocrx_word' id='word_1_47' title='bbox 667 881 873 949; x_wconf 84' lang='lat' dir='ltr'><strong>quique</strong></span> <span class='ocrx_word' id='word_1_48' title='bbox 914 897 1058 935; x_wconf 92' lang='lat' dir='ltr'><strong>nunc</strong></span> <span class='ocrx_word' id='word_1_49' title='bbox 1103 882 1156 935; x_wconf 91' lang='lat' dir='ltr'><strong>in</strong></span> <span class='ocrx_word' id='word_1_50' title='bbox 1193 880 1361 937; x_wconf 88' lang='lat' dir='ltr'><strong>corde</strong></span> <span class='ocrx_word' id='word_1_51' title='bbox 1400 897 1523 936; x_wconf 89' lang='lat' dir='ltr'><strong>meo</strong></span> <span class='ocrx_word' id='word_1_52' title='bbox 1559 882 1855 938; x_wconf 88' lang='lat' dir='ltr'><strong>tenebroso</strong></span> <span class='ocrx_word' id='word_1_53' title='bbox 1887 892 2066 939; x_wconf 89' lang='lat' dir='ltr'><strong>ortum</strong></span> <span class='ocrx_word' id='word_1_54' title='bbox 2114 897 2238 951; x_wconf 90' lang='lat' dir='ltr'><strong>pro-</strong></span> 
     </span>
    </p>
   </div>
   <div class='ocr_carea' id='block_1_9' title="bbox 666 973 2236 1046">
    <p class='ocr_par' dir='ltr' id='par_1_9' title="bbox 666 973 2236 1046">
     <span class='ocr_line' id='line_1_9' title="bbox 666 973 2236 1046; baseline 0.002 -21"><span class='ocrx_word' id='word_1_55' title='bbox 666 973 816 1035; x_wconf 90' lang='lat' dir='ltr'><strong>tulit,</strong></span> <span class='ocrx_word' id='word_1_56' title='bbox 858 973 924 1026; x_wconf 87' lang='lat' dir='ltr'><strong>ad</strong></span> <span class='ocrx_word' id='word_1_57' title='bbox 977 973 1334 1042; x_wconf 87' lang='lat' dir='ltr'><strong>loquendum,</strong></span> <span class='ocrx_word' id='word_1_58' title='bbox 1383 974 1851 1046; x_wconf 86' lang='lat' dir='ltr'><strong>scribendumque</strong></span> <span class='ocrx_word' id='word_1_59' title='bbox 1890 974 1976 1031; x_wconf 90' lang='lat' dir='ltr'><strong>vel</strong></span> <span class='ocrx_word' id='word_1_60' title='bbox 2009 975 2236 1030; x_wconf 85' lang='lat' dir='ltr'><strong>invitum</strong></span> 
     </span>
    </p>
   </div>
   <div class='ocr_carea' id='block_1_10' title="bbox 666 1065 1078 1134">
    <p class='ocr_par' dir='ltr' id='par_1_10' title="bbox 666 1065 1078 1134">
     <span class='ocr_line' id='line_1_10' title="bbox 666 1065 1078 1134; baseline 0.002 -16"><span class='ocrx_word' id='word_1_61' title='bbox 666 1066 752 1119; x_wconf 85' lang='lat' dir='ltr'><strong>me</strong></span> <span class='ocrx_word' id='word_1_62' title='bbox 783 1065 1078 1134; x_wconf 85' lang='lat' dir='ltr'><strong>compellit.</strong></span> 
     </span>
    </p>
   </div>
   <div class='ocr_carea' id='block_1_11' title="bbox 737 1157 2236 1230">
    <p class='ocr_par' dir='ltr' id='par_1_11' title="bbox 737 1157 2236 1230">
     <span class='ocr_line' id='line_1_11' title="bbox 737 1157 2236 1230; baseline 0.001 -18"><span class='ocrx_word' id='word_1_63' title='bbox 737 1157 846 1226; x_wconf 85' lang='lat' dir='ltr'><strong>Qui</strong></span> <span class='ocrx_word' id='word_1_64' title='bbox 880 1159 1013 1213; x_wconf 89' lang='lat' dir='ltr'><strong>mihi</strong></span> <span class='ocrx_word' id='word_1_65' title='bbox 1044 1159 1447 1214; x_wconf 79' lang='lat' dir='ltr'><strong>demonstravit</strong></span> <span class='ocrx_word' id='word_1_66' title='bbox 1485 1160 1782 1224; x_wconf 75' lang='lat' dir='ltr'><strong>mirabilia,</strong></span> <span class='ocrx_word' id='word_1_67' title='bbox 1812 1176 1932 1230; x_wconf 75' lang='lat' dir='ltr'><strong>qua:</strong></span> <span class='ocrx_word' id='word_1_68' title='bbox 1956 1160 2099 1214; x_wconf 92' lang='lat' dir='ltr'><strong>oculi</strong></span> <span class='ocrx_word' id='word_1_69' title='bbox 2129 1174 2236 1214; x_wconf 91' lang='lat' dir='ltr'><strong>non</strong></span> 
     </span>
    </p>
   </div>
   <div class='ocr_carea' id='block_1_12' title="bbox 665 1250 2238 1318">
    <p class='ocr_par' dir='ltr' id='par_1_12' title="bbox 665 1250 2238 1318">
     <span class='ocr_line' id='line_1_12' title="bbox 665 1250 2238 1318; baseline 0.002 -17"><span class='ocrx_word' id='word_1_70' title='bbox 665 1250 1034 1316; x_wconf 82' lang='lat' dir='ltr'><strong>viderunt,qui</strong></span> <span class='ocrx_word' id='word_1_71' title='bbox 1076 1251 1130 1304; x_wconf 88' lang='lat' dir='ltr'><strong>in</strong></span> <span class='ocrx_word' id='word_1_72' title='bbox 1161 1266 1245 1304; x_wconf 90' lang='lat' dir='ltr'><strong>me</strong></span> <span class='ocrx_word' id='word_1_73' title='bbox 1277 1257 1336 1306; x_wconf 88' lang='lat' dir='ltr'><strong>ut</strong></span> <span class='ocrx_word' id='word_1_74' title='bbox 1388 1262 1719 1318; x_wconf 84' lang='lat' dir='ltr'><strong>postremum</strong></span> <span class='ocrx_word' id='word_1_75' title='bbox 1748 1268 1813 1307; x_wconf 93' lang='lat' dir='ltr'><strong>ac</strong></span> <span class='ocrx_word' id='word_1_76' title='bbox 1842 1252 2087 1306; x_wconf 83' lang='lat' dir='ltr'><strong>infimum</strong></span> <span class='ocrx_word' id='word_1_77' title='bbox 2118 1267 2238 1304; x_wconf 85' lang='lat' dir='ltr'><strong>om-</strong></span> 
     </span>
    </p>
   </div>
   <div class='ocr_carea' id='block_1_13' title="bbox 665 1340 2237 1412">
    <p class='ocr_par' dir='ltr' id='par_1_13' title="bbox 665 1340 2237 1412">
     <span class='ocr_line' id='line_1_13' title="bbox 665 1340 2237 1412; baseline 0.003 -19"><span class='ocrx_word' id='word_1_78' title='bbox 665 1341 815 1394; x_wconf 88' lang='lat' dir='ltr'><strong>nium</strong></span> <span class='ocrx_word' id='word_1_79' title='bbox 851 1355 910 1395; x_wconf 87' lang='lat' dir='ltr'><strong>se</strong></span> <span class='ocrx_word' id='word_1_80' title='bbox 937 1340 1176 1396; x_wconf 80' lang='lat' dir='ltr'><strong>demisit.</strong></span> <span class='ocrx_word' id='word_1_81' title='bbox 1207 1341 1311 1406; x_wconf 86' lang='lat' dir='ltr'><strong>Qui</strong></span> <span class='ocrx_word' id='word_1_82' title='bbox 1347 1343 1625 1412; x_wconf 81' lang='lat' dir='ltr'><strong>apostolos</strong></span> <span class='ocrx_word' id='word_1_83' title='bbox 1653 1342 1972 1412; x_wconf 73' lang='lat' dir='ltr'><strong>discipulos,</strong></span> <span class='ocrx_word' id='word_1_84' title='bbox 2005 1352 2060 1396; x_wconf 93' lang='lat' dir='ltr'><strong>et</strong></span> <span class='ocrx_word' id='word_1_85' title='bbox 2097 1342 2237 1398; x_wconf 82' lang='lat' dir='ltr'><strong>lilios</strong></span> 
     </span>
    </p>
   </div>
   <div class='ocr_carea' id='block_1_14' title="bbox 664 1430 2240 1506">
    <p class='ocr_par' dir='ltr' id='par_1_14' title="bbox 664 1430 2240 1506">
     <span class='ocr_line' id='line_1_14' title="bbox 664 1430 2240 1506; baseline 0.003 -24"><span class='ocrx_word' id='word_1_86' title='bbox 664 1430 925 1486; x_wconf 87' lang='lat' dir='ltr'><strong>reddidit.</strong></span> <span class='ocrx_word' id='word_1_87' title='bbox 954 1431 1011 1489; x_wconf 85' lang='lat' dir='ltr'><strong>in</strong></span> <span class='ocrx_word' id='word_1_88' title='bbox 1044 1449 1152 1500; x_wconf 89' lang='lat' dir='ltr'><strong>me,</strong></span> <span class='ocrx_word' id='word_1_89' title='bbox 1180 1433 1424 1506; x_wconf 88' lang='lat' dir='ltr'><strong>inquam,</strong></span> <span class='ocrx_word' id='word_1_90' title='bbox 1455 1452 1617 1506; x_wconf 89' lang='lat' dir='ltr'><strong>quem</strong></span> <span class='ocrx_word' id='word_1_91' title='bbox 1646 1436 1949 1498; x_wconf 89' lang='lat' dir='ltr'><strong>horribilis,</strong></span> <span class='ocrx_word' id='word_1_92' title='bbox 1985 1445 2038 1489; x_wconf 90' lang='lat' dir='ltr'><strong>ct</strong></span> <span class='ocrx_word' id='word_1_93' title='bbox 2067 1436 2240 1490; x_wconf 90' lang='lat' dir='ltr'><strong>inter-</strong></span> 
     </span>
    </p>
   </div>
   <div class='ocr_carea' id='block_1_15' title="bbox 667 1518 2238 1597">
    <p class='ocr_par' dir='ltr' id='par_1_15' title="bbox 667 1518 2238 1597">
     <span class='ocr_line' id='line_1_15' title="bbox 667 1518 2238 1597; baseline 0.004 -25"><span class='ocrx_word' id='word_1_94' title='bbox 667 1518 840 1574; x_wconf 89' lang='lat' dir='ltr'><strong>fector</strong></span> <span class='ocrx_word' id='word_1_95' title='bbox 881 1521 1165 1578; x_wconf 87' lang='lat' dir='ltr'><strong>hominum</strong></span> <span class='ocrx_word' id='word_1_96' title='bbox 1201 1525 1368 1580; x_wconf 88' lang='lat' dir='ltr'><strong>draco</strong></span> <span class='ocrx_word' id='word_1_97' title='bbox 1420 1528 1660 1590; x_wconf 89' lang='lat' dir='ltr'><strong>tenebat,</strong></span> <span class='ocrx_word' id='word_1_98' title='bbox 1702 1527 1854 1597; x_wconf 87' lang='lat' dir='ltr'><strong>prius</strong></span> <span class='ocrx_word' id='word_1_99' title='bbox 1900 1527 2080 1581; x_wconf 90' lang='lat' dir='ltr'><strong>omnis</strong></span> <span class='ocrx_word' id='word_1_100' title='bbox 2128 1525 2238 1580; x_wconf 89' lang='lat' dir='ltr'><strong>ini-</strong></span> 
     </span>
    </p>
   </div>
   <div class='ocr_carea' id='block_1_16' title="bbox 662 1612 2237 1689">
    <p class='ocr_par' dir='ltr' id='par_1_16' title="bbox 662 1612 2237 1689">
     <span class='ocr_line' id='line_1_16' title="bbox 662 1612 2237 1689; baseline 0.005 -25"><span class='ocrx_word' id='word_1_101' title='bbox 662 1612 894 1680; x_wconf 85' lang='lat' dir='ltr'><strong>quitatis</strong></span> <span class='ocrx_word' id='word_1_102' title='bbox 947 1615 1261 1671; x_wconf 90' lang='lat' dir='ltr'><strong>ministrum</strong></span> <span class='ocrx_word' id='word_1_103' title='bbox 1290 1657 1306 1680; x_wconf 97' lang='lat'><strong>,</strong></span> <span class='ocrx_word' id='word_1_104' title='bbox 1357 1627 1412 1673; x_wconf 90' lang='lat' dir='ltr'><strong>et</strong></span> <span class='ocrx_word' id='word_1_105' title='bbox 1457 1619 1794 1684; x_wconf 86' lang='lat' dir='ltr'><strong>operarium.</strong></span> <span class='ocrx_word' id='word_1_106' title='bbox 1838 1618 1930 1671; x_wconf 84' lang='lat' dir='ltr'><strong>Sol</strong></span> <span class='ocrx_word' id='word_1_107' title='bbox 1979 1618 2091 1683; x_wconf 90' lang='lat' dir='ltr'><strong>ille,</strong></span> <span class='ocrx_word' id='word_1_108' title='bbox 2142 1619 2237 1689; x_wconf 87' lang='lat' dir='ltr'><strong>qui</strong></span> 
     </span>
    </p>
   </div>
   <div class='ocr_carea' id='block_1_17' title="bbox 660 1704 2239 1782">
    <p class='ocr_par' dir='ltr' id='par_1_17' title="bbox 660 1704 2239 1782">
     <span class='ocr_line' id='line_1_17' title="bbox 660 1704 2239 1782; baseline 0.007 -26"><span class='ocrx_word' id='word_1_109' title='bbox 660 1704 875 1780; x_wconf 64' lang='lat' dir='ltr'><strong>castitit</strong></span> <span class='ocrx_word' id='word_1_110' title='bbox 905 1714 1033 1760; x_wconf 86' lang='lat' dir='ltr'><strong>ante</strong></span> <span class='ocrx_word' id='word_1_111' title='bbox 1067 1708 1334 1779; x_wconf 76' lang='lat' dir='ltr'><strong>originem</strong></span> <span class='ocrx_word' id='word_1_112' title='bbox 1369 1711 1722 1777; x_wconf 64' lang='lat' dir='ltr'><strong>saeculorum,</strong></span> <span class='ocrx_word' id='word_1_113' title='bbox 1757 1719 1812 1766; x_wconf 89' lang='lat' dir='ltr'><strong>et</strong></span> <span class='ocrx_word' id='word_1_114' title='bbox 1850 1712 1942 1782; x_wconf 81' lang='lat' dir='ltr'><strong>qui</strong></span> <span class='ocrx_word' id='word_1_115' title='bbox 1975 1713 2116 1780; x_wconf 91' lang='lat' dir='ltr'><strong>apud</strong></span> <span class='ocrx_word' id='word_1_116' title='bbox 2153 1713 2239 1767; x_wconf 89' lang='lat' dir='ltr'><strong>in-</strong></span> 
     </span>
    </p>
   </div>
   <div class='ocr_carea' id='block_1_18' title="bbox 663 1793 2234 1864">
    <p class='ocr_par' dir='ltr' id='par_1_18' title="bbox 663 1793 2234 1864">
     <span class='ocr_line' id='line_1_18' title="bbox 663 1793 2234 1864; baseline 0.008 -19"><span class='ocrx_word' id='word_1_117' title='bbox 663 1793 808 1848; x_wconf 83' lang='lat' dir='ltr'><strong>feros</strong></span> <span class='ocrx_word' id='word_1_118' title='bbox 841 1797 1198 1864; x_wconf 83' lang='lat' dir='ltr'><strong>resplenduit,</strong></span> <span class='ocrx_word' id='word_1_119' title='bbox 1223 1809 1276 1854; x_wconf 91' lang='lat' dir='ltr'><strong>et</strong></span> <span class='ocrx_word' id='word_1_120' title='bbox 1310 1801 1527 1854; x_wconf 85' lang='lat' dir='ltr'><strong>tandem</strong></span> <span class='ocrx_word' id='word_1_121' title='bbox 1555 1801 1873 1856; x_wconf 90' lang='lat' dir='ltr'><strong>collustrata</strong></span> <span class='ocrx_word' id='word_1_122' title='bbox 1904 1803 2088 1856; x_wconf 87' lang='lat' dir='ltr'><strong>anima</strong></span> <span class='ocrx_word' id='word_1_123' title='bbox 2116 1819 2234 1856; x_wconf 88' lang='lat' dir='ltr'><strong>mea</strong></span> 
     </span>
    </p>
   </div>
   <div class='ocr_carea' id='block_1_19' title="bbox 661 1885 2234 1964">
    <p class='ocr_par' dir='ltr' id='par_1_19' title="bbox 661 1885 2234 1964">
     <span class='ocr_line' id='line_1_19' title="bbox 661 1885 2234 1964; baseline 0.008 -27"><span class='ocrx_word' id='word_1_124' title='bbox 661 1885 906 1941; x_wconf 83' lang='lat' dir='ltr'><strong>tenebris</strong></span> <span class='ocrx_word' id='word_1_125' title='bbox 968 1888 1215 1958; x_wconf 84' lang='lat' dir='ltr'><strong>oppleta.</strong></span> <span class='ocrx_word' id='word_1_126' title='bbox 1275 1890 1418 1945; x_wconf 90' lang='lat' dir='ltr'><strong>diem</strong></span> <span class='ocrx_word' id='word_1_127' title='bbox 1477 1887 1610 1948; x_wconf 89' lang='lat' dir='ltr'><strong>mihi</strong></span> <span class='ocrx_word' id='word_1_128' title='bbox 1666 1909 1892 1964; x_wconf 87' lang='lat' dir='ltr'><strong>vespera</strong></span> <span class='ocrx_word' id='word_1_129' title='bbox 1953 1904 2234 1950; x_wconf 84' lang='lat' dir='ltr'><strong>carentem</strong></span> 
     </span>
    </p>
   </div>
   <div class='ocr_carea' id='block_1_20' title="bbox 662 1977 2232 2048">
    <p class='ocr_par' dir='ltr' id='par_1_20' title="bbox 662 1977 2232 2048">
     <span class='ocr_line' id='line_1_20' title="bbox 662 1977 2232 2048; baseline 0.011 -21"><span class='ocrx_word' id='word_1_130' title='bbox 662 1977 887 2048; x_wconf 87' lang='lat' dir='ltr'><strong>largitus</strong></span> <span class='ocrx_word' id='word_1_131' title='bbox 920 1989 1025 2036; x_wconf 88' lang='lat' dir='ltr'><strong>est.</strong></span> <span class='ocrx_word' id='word_1_132' title='bbox 1060 1981 1165 2048; x_wconf 87' lang='lat' dir='ltr'><strong>Qui</strong></span> <span class='ocrx_word' id='word_1_133' title='bbox 1208 1986 1612 2042; x_wconf 85' lang='lat' dir='ltr'><strong>mendicitatem</strong></span> <span class='ocrx_word' id='word_1_134' title='bbox 1645 2004 1819 2043; x_wconf 88' lang='lat' dir='ltr'><strong>meam</strong></span> <span class='ocrx_word' id='word_1_135' title='bbox 1856 1991 2016 2047; x_wconf 89' lang='lat' dir='ltr'><strong>bonis</strong></span> <span class='ocrx_word' id='word_1_136' title='bbox 2055 1993 2232 2045; x_wconf 83' lang='lat' dir='ltr'><strong>omni-</strong></span> 
     </span>
    </p>
   </div>
   <div class='ocr_carea' id='block_1_21' title="bbox 662 2069 2233 2147">
    <p class='ocr_par' dir='ltr' id='par_1_21' title="bbox 662 2069 2233 2147">
     <span class='ocr_line' id='line_1_21' title="bbox 662 2069 2233 2147; baseline 0.011 -26"><span class='ocrx_word' id='word_1_137' title='bbox 662 2069 766 2124; x_wconf 89' lang='lat' dir='ltr'><strong>bus</strong></span> <span class='ocrx_word' id='word_1_138' title='bbox 798 2073 1112 2138; x_wconf 90' lang='lat' dir='ltr'><strong>cumulasti,</strong></span> <span class='ocrx_word' id='word_1_139' title='bbox 1148 2081 1202 2129; x_wconf 93' lang='lat' dir='ltr'><strong>tu</strong></span> <span class='ocrx_word' id='word_1_140' title='bbox 1251 2092 1563 2134; x_wconf 74' lang='lat' dir='ltr'><strong>sermonem</strong></span> <span class='ocrx_word' id='word_1_141' title='bbox 1597 2082 1740 2135; x_wconf 92' lang='lat' dir='ltr'><strong>dona</strong></span> <span class='ocrx_word' id='word_1_142' title='bbox 1770 2121 1786 2147; x_wconf 86' lang='lat'><strong>,</strong></span> <span class='ocrx_word' id='word_1_143' title='bbox 1819 2090 1876 2137; x_wconf 89' lang='lat' dir='ltr'><strong>et</strong></span> <span class='ocrx_word' id='word_1_144' title='bbox 1901 2083 2063 2139; x_wconf 87' lang='lat' dir='ltr'><strong>verba</strong></span> <span class='ocrx_word' id='word_1_145' title='bbox 2102 2085 2233 2139; x_wconf 89' lang='lat' dir='ltr'><strong>mihi</strong></span> 
     </span>
    </p>
   </div>
   <div class='ocr_carea' id='block_1_22' title="bbox 658 2163 2232 2239">
    <p class='ocr_par' dir='ltr' id='par_1_22' title="bbox 658 2163 2232 2239">
     <span class='ocr_line' id='line_1_22' title="bbox 658 2163 2232 2239; baseline 0.01 -27"><span class='ocrx_word' id='word_1_146' title='bbox 658 2173 908 2229; x_wconf 85' lang='lat' dir='ltr'><strong>suggere,</strong></span> <span class='ocrx_word' id='word_1_147' title='bbox 934 2163 1001 2217; x_wconf 91' lang='lat' dir='ltr'><strong>ad</strong></span> <span class='ocrx_word' id='word_1_148' title='bbox 1023 2168 1395 2221; x_wconf 88' lang='lat' dir='ltr'><strong>enarrandum</strong></span> <span class='ocrx_word' id='word_1_149' title='bbox 1431 2169 1707 2225; x_wconf 81' lang='lat' dir='ltr'><strong>universis</strong></span> <span class='ocrx_word' id='word_1_150' title='bbox 1738 2187 1902 2239; x_wconf 86' lang='lat' dir='ltr'><strong>opera</strong></span> <span class='ocrx_word' id='word_1_151' title='bbox 1934 2181 2026 2226; x_wconf 89' lang='lat' dir='ltr'><strong>tua</strong></span> <span class='ocrx_word' id='word_1_152' title='bbox 2062 2174 2232 2227; x_wconf 85' lang='lat' dir='ltr'><strong>mira-</strong></span> 
     </span>
    </p>
   </div>
   <div class='ocr_carea' id='block_1_23' title="bbox 658 2249 2236 2332">
    <p class='ocr_par' dir='ltr' id='par_1_23' title="bbox 658 2249 2236 2332">
     <span class='ocr_line' id='line_1_23' title="bbox 658 2249 2236 2332; baseline 0.01 -30"><span class='ocrx_word' id='word_1_153' title='bbox 658 2249 807 2316; x_wconf 89' lang='lat' dir='ltr'><strong>bilia,</strong></span> <span class='ocrx_word' id='word_1_154' title='bbox 841 2269 962 2321; x_wconf 69' lang='lat' dir='ltr'><strong>quae</strong></span> <span class='ocrx_word' id='word_1_155' title='bbox 989 2256 1150 2310; x_wconf 83' lang='lat' dir='ltr'><strong>hodie</strong></span> <span class='ocrx_word' id='word_1_156' title='bbox 1186 2273 1402 2327; x_wconf 88' lang='lat' dir='ltr'><strong>quoque</strong></span> <span class='ocrx_word' id='word_1_157' title='bbox 1430 2269 1661 2328; x_wconf 68' lang='lat' dir='ltr'><strong>praestas</strong></span> <span class='ocrx_word' id='word_1_158' title='bbox 1699 2278 1828 2332; x_wconf 91' lang='lat' dir='ltr'><strong>erga</strong></span> <span class='ocrx_word' id='word_1_159' title='bbox 1864 2278 1965 2316; x_wconf 88' lang='lat' dir='ltr'><strong>nos</strong></span> <span class='ocrx_word' id='word_1_160' title='bbox 2003 2265 2236 2318; x_wconf 84' lang='lat' dir='ltr'><strong>famulos</strong></span> 
     </span>
    </p>
   </div>
   <div class='ocr_carea' id='block_1_24' title="bbox 657 2348 2232 2420">
    <p class='ocr_par' dir='ltr' id='par_1_24' title="bbox 657 2348 2232 2420">
     <span class='ocr_line' id='line_1_24' title="bbox 657 2348 2232 2420; baseline 0.009 -24"><span class='ocrx_word' id='word_1_161' title='bbox 657 2354 782 2399; x_wconf 91' lang='lat' dir='ltr'><strong>tuos</strong></span> <span class='ocrx_word' id='word_1_162' title='bbox 819 2363 832 2399; x_wconf 93' lang='lat'>:</span> <span class='ocrx_word' id='word_1_163' title='bbox 865 2356 923 2399; x_wconf 81' lang='grc' dir='ltr'><strong>ιιι</strong></span> <span class='ocrx_word' id='word_1_164' title='bbox 949 2357 1003 2401; x_wconf 90' lang='lat' dir='ltr'><strong>et</strong></span> <span class='ocrx_word' id='word_1_165' title='bbox 1029 2348 1123 2417; x_wconf 92' lang='lat' dir='ltr'><strong>qui</strong></span> <span class='ocrx_word' id='word_1_166' title='bbox 1173 2348 1227 2402; x_wconf 93' lang='lat' dir='ltr'><strong>in</strong></span> <span class='ocrx_word' id='word_1_167' title='bbox 1281 2352 1522 2408; x_wconf 89' lang='lat' dir='ltr'><strong>tenebris</strong></span> <span class='ocrx_word' id='word_1_168' title='bbox 1559 2354 1824 2408; x_wconf 68' lang='lat' dir='ltr'><strong>socordia:</strong></span> <span class='ocrx_word' id='word_1_169' title='bbox 1869 2355 2232 2420; x_wconf 89' lang='lat' dir='ltr'><strong>dormientes,</strong></span> 
     </span>
    </p>
   </div>
   <div class='ocr_carea' id='block_1_25' title="bbox 654 2445 2233 2512">
    <p class='ocr_par' dir='ltr' id='par_1_25' title="bbox 654 2445 2233 2512">
     <span class='ocr_line' id='line_1_25' title="bbox 654 2445 2233 2512; baseline 0.009 -25"><span class='ocrx_word' id='word_1_170' title='bbox 654 2448 912 2492; x_wconf 85' lang='lat' dir='ltr'><strong>asserunt</strong></span> <span class='ocrx_word' id='word_1_171' title='bbox 957 2447 1274 2509; x_wconf 68' lang='lat' dir='ltr'><strong>peccatores</strong></span> <span class='ocrx_word' id='word_1_172' title='bbox 1326 2457 1434 2496; x_wconf 87' lang='lat' dir='ltr'><strong>non</strong></span> <span class='ocrx_word' id='word_1_173' title='bbox 1493 2458 1656 2512; x_wconf 86' lang='lat' dir='ltr'><strong>posse</strong></span> <span class='ocrx_word' id='word_1_174' title='bbox 1703 2445 1928 2510; x_wconf 82' lang='lat' dir='ltr'><strong>salvari,</strong></span> <span class='ocrx_word' id='word_1_175' title='bbox 1967 2461 2031 2500; x_wconf 91' lang='lat' dir='ltr'><strong>ac</strong></span> <span class='ocrx_word' id='word_1_176' title='bbox 2063 2448 2233 2502; x_wconf 88' lang='lat' dir='ltr'><strong>veluti</strong></span> 
     </span>
    </p>
   </div>
   <div class='ocr_carea' id='block_1_26' title="bbox 659 2526 2235 2606">
    <p class='ocr_par' dir='ltr' id='par_1_26' title="bbox 659 2526 2235 2606">
     <span class='ocr_line' id='line_1_26' title="bbox 659 2526 2235 2606; baseline 0.008 -28"><span class='ocrx_word' id='word_1_177' title='bbox 659 2526 904 2595; x_wconf 86' lang='lat' dir='ltr'><strong>Petrum,</strong></span> <span class='ocrx_word' id='word_1_178' title='bbox 954 2541 1294 2602; x_wconf 62' lang='lat' dir='ltr'><strong>ceterosque</strong></span> <span class='ocrx_word' id='word_1_179' title='bbox 1348 2534 1629 2602; x_wconf 81' lang='lat' dir='ltr'><strong>apostolos</strong></span> <span class='ocrx_word' id='word_1_180' title='bbox 1681 2545 1904 2591; x_wconf 88' lang='lat' dir='ltr'><strong>sanctos</strong></span> <span class='ocrx_word' id='word_1_181' title='bbox 1935 2546 1990 2590; x_wconf 90' lang='lat' dir='ltr'><strong>et</strong></span> <span class='ocrx_word' id='word_1_182' title='bbox 2033 2537 2235 2606; x_wconf 89' lang='lat' dir='ltr'><strong>justos,</strong></span> 
     </span>
    </p>
   </div>
   <div class='ocr_carea' id='block_1_27' title="bbox 657 2618 2232 2695">
    <p class='ocr_par' dir='ltr' id='par_1_27' title="bbox 657 2618 2232 2695">
     <span class='ocr_line' id='line_1_27' title="bbox 657 2618 2232 2695; baseline 0.01 -27"><span class='ocrx_word' id='word_1_183' title='bbox 657 2618 810 2685; x_wconf 87' lang='lat' dir='ltr'><strong>ipsos</strong></span> <span class='ocrx_word' id='word_1_184' title='bbox 838 2620 1092 2676; x_wconf 87' lang='lat' dir='ltr'><strong>similiter</strong></span> <span class='ocrx_word' id='word_1_185' title='bbox 1126 2623 1558 2678; x_wconf 90' lang='lat' dir='ltr'><strong>misericordiam</strong></span> <span class='ocrx_word' id='word_1_186' title='bbox 1590 2626 1844 2695; x_wconf 87' lang='lat' dir='ltr'><strong>adipisci,</strong></span> <span class='ocrx_word' id='word_1_187' title='bbox 1894 2628 1947 2682; x_wconf 92' lang='lat' dir='ltr'><strong>id</strong></span> <span class='ocrx_word' id='word_1_188' title='bbox 1998 2629 2232 2683; x_wconf 83' lang='lat' dir='ltr'><strong>bonitati</strong></span> 
     </span>
    </p>
   </div>
   <div class='ocr_carea' id='block_1_28' title="bbox 655 2709 2235 2788">
    <p class='ocr_par' dir='ltr' id='par_1_28' title="bbox 655 2709 2235 2788">
     <span class='ocr_line' id='line_1_28' title="bbox 655 2709 2235 2788; baseline 0.007 -24"><span class='ocrx_word' id='word_1_189' title='bbox 655 2719 761 2764; x_wconf 80' lang='lat' dir='ltr'><strong>tua:</strong></span> <span class='ocrx_word' id='word_1_190' title='bbox 799 2709 955 2765; x_wconf 77' lang='lat' dir='ltr'><strong>facile</strong></span> <span class='ocrx_word' id='word_1_191' title='bbox 998 2712 1183 2778; x_wconf 81' lang='lat' dir='ltr'><strong>fuisse,</strong></span> <span class='ocrx_word' id='word_1_192' title='bbox 1217 2730 1359 2778; x_wconf 89' lang='lat' dir='ltr'><strong>esse,</strong></span> <span class='ocrx_word' id='word_1_193' title='bbox 1403 2725 1458 2769; x_wconf 92' lang='lat' dir='ltr'><strong>et</strong></span> <span class='ocrx_word' id='word_1_194' title='bbox 1493 2716 1610 2772; x_wconf 85' lang='lat' dir='ltr'><strong>fore</strong></span> <span class='ocrx_word' id='word_1_195' title='bbox 1635 2729 1994 2788; x_wconf 82' lang='lat' dir='ltr'><strong>cognoscant,</strong></span> <span class='ocrx_word' id='word_1_196' title='bbox 2047 2731 2100 2776; x_wconf 91' lang='lat' dir='ltr'><strong>et</strong></span> <span class='ocrx_word' id='word_1_197' title='bbox 2152 2722 2235 2775; x_wconf 87' lang='lat' dir='ltr'><strong>in-</strong></span> 
     </span>
    </p>
   </div>
   <div class='ocr_carea' id='block_1_29' title="bbox 659 2801 2234 2878">
    <p class='ocr_par' dir='ltr' id='par_1_29' title="bbox 659 2801 2234 2878">
     <span class='ocr_line' id='line_1_29' title="bbox 659 2801 2234 2878; baseline 0.006 -22"><span class='ocrx_word' id='word_1_198' title='bbox 659 2801 908 2872; x_wconf 79' lang='lat' dir='ltr'><strong>telligant</strong></span> <span class='ocrx_word' id='word_1_199' title='bbox 945 2823 957 2857; x_wconf 88' lang='lat'><strong>:</strong></span> <span class='ocrx_word' id='word_1_200' title='bbox 988 2814 1041 2858; x_wconf 93' lang='lat' dir='ltr'><strong>et</strong></span> <span class='ocrx_word' id='word_1_201' title='bbox 1071 2807 1162 2874; x_wconf 77' lang='lat' dir='ltr'><strong>qui</strong></span> <span class='ocrx_word' id='word_1_202' title='bbox 1197 2822 1254 2862; x_wconf 89' lang='lat' dir='ltr'><strong>se</strong></span> <span class='ocrx_word' id='word_1_203' title='bbox 1285 2807 1580 2876; x_wconf 85' lang='lat' dir='ltr'><strong>epinantur</strong></span> <span class='ocrx_word' id='word_1_204' title='bbox 1626 2811 1909 2878; x_wconf 89' lang='lat' dir='ltr'><strong>possidere</strong></span> <span class='ocrx_word' id='word_1_205' title='bbox 1953 2821 2004 2866; x_wconf 91' lang='lat' dir='ltr'><strong>te</strong></span> <span class='ocrx_word' id='word_1_206' title='bbox 2051 2812 2234 2866; x_wconf 90' lang='lat' dir='ltr'><strong>lumen</strong></span> 
     </span>
    </p>
   </div>
   <div class='ocr_carea' id='block_1_30' title="bbox 655 2892 2232 2961">
    <p class='ocr_par' dir='ltr' id='par_1_30' title="bbox 655 2892 2232 2961">
     <span class='ocr_line' id='line_1_30' title="bbox 655 2892 2232 2961; baseline 0.007 -22"><span class='ocrx_word' id='word_1_207' title='bbox 655 2892 806 2946; x_wconf 81' lang='lat' dir='ltr'><strong>urbis</strong></span> <span class='ocrx_word' id='word_1_208' title='bbox 846 2903 1138 2957; x_wconf 85' lang='lat' dir='ltr'><strong>terrarum,</strong></span> <span class='ocrx_word' id='word_1_209' title='bbox 1193 2910 1293 2949; x_wconf 89' lang='lat' dir='ltr'><strong>nec</strong></span> <span class='ocrx_word' id='word_1_210' title='bbox 1329 2906 1508 2949; x_wconf 88' lang='lat' dir='ltr'><strong>tamen</strong></span> <span class='ocrx_word' id='word_1_211' title='bbox 1545 2903 1597 2949; x_wconf 95' lang='lat' dir='ltr'><strong>te</strong></span> <span class='ocrx_word' id='word_1_212' title='bbox 1644 2896 1827 2950; x_wconf 88' lang='lat' dir='ltr'><strong>videre</strong></span> <span class='ocrx_word' id='word_1_213' title='bbox 1860 2897 2074 2961; x_wconf 88' lang='lat' dir='ltr'><strong>dicunt,</strong></span> <span class='ocrx_word' id='word_1_214' title='bbox 2123 2913 2232 2952; x_wconf 91' lang='lat' dir='ltr'><strong>non</strong></span> 
     </span>
    </p>
   </div>
   <div class='ocr_carea' id='block_1_31' title="bbox 657 2983 2232 3056">
    <p class='ocr_par' dir='ltr' id='par_1_31' title="bbox 657 2983 2232 3056">
     <span class='ocr_line' id='line_1_31' title="bbox 657 2983 2232 3056; baseline 0.004 -21"><span class='ocrx_word' id='word_1_215' title='bbox 657 2983 840 3038; x_wconf 82' lang='lat' dir='ltr'><strong>\ivere</strong></span> <span class='ocrx_word' id='word_1_216' title='bbox 885 2985 937 3037; x_wconf 92' lang='lat' dir='ltr'><strong>in</strong></span> <span class='ocrx_word' id='word_1_217' title='bbox 971 2984 1197 3050; x_wconf 87' lang='lat' dir='ltr'><strong>lumine,</strong></span> <span class='ocrx_word' id='word_1_218' title='bbox 1232 3000 1342 3039; x_wconf 89' lang='lat' dir='ltr'><strong>non</strong></span> <span class='ocrx_word' id='word_1_219' title='bbox 1385 2986 1706 3050; x_wconf 86' lang='lat' dir='ltr'><strong>illuminari,</strong></span> <span class='ocrx_word' id='word_1_220' title='bbox 1749 3002 1858 3041; x_wconf 90' lang='lat' dir='ltr'><strong>non</strong></span> <span class='ocrx_word' id='word_1_221' title='bbox 1901 2989 2232 3056; x_wconf 87' lang='lat' dir='ltr'><strong>perspicere,</strong></span> 
     </span>
    </p>
   </div>
   <div class='ocr_carea' id='block_1_32' title="bbox 657 3073 2236 3142">
    <p class='ocr_par' dir='ltr' id='par_1_32' title="bbox 657 3073 2236 3142">
     <span class='ocr_line' id='line_1_32' title="bbox 657 3073 2236 3142; baseline 0.005 -18"><span class='ocrx_word' id='word_1_222' title='bbox 657 3083 708 3126; x_wconf 87' lang='lat' dir='ltr'><strong>te</strong></span> <span class='ocrx_word' id='word_1_223' title='bbox 732 3073 953 3141; x_wconf 60' lang='lat' dir='ltr'><strong>jugiter,</strong></span> <span class='ocrx_word' id='word_1_224' title='bbox 983 3074 1054 3127; x_wconf 89' lang='lat' dir='ltr'><strong>mi</strong></span> <span class='ocrx_word' id='word_1_225' title='bbox 1091 3073 1365 3138; x_wconf 80' lang='lat' dir='ltr'><strong>Salvator,</strong></span> <span class='ocrx_word' id='word_1_226' title='bbox 1412 3077 1616 3142; x_wconf 91' lang='lat' dir='ltr'><strong>norint,</strong></span> <span class='ocrx_word' id='word_1_227' title='bbox 1647 3085 1702 3130; x_wconf 92' lang='lat' dir='ltr'><strong>te</strong></span> <span class='ocrx_word' id='word_1_228' title='bbox 1737 3079 1791 3132; x_wconf 89' lang='lat' dir='ltr'><strong>in</strong></span> <span class='ocrx_word' id='word_1_229' title='bbox 1823 3080 2098 3134; x_wconf 88' lang='lat' dir='ltr'><strong>mentibus</strong></span> <span class='ocrx_word' id='word_1_230' title='bbox 2141 3095 2236 3132; x_wconf 88' lang='lat' dir='ltr'><strong>co-</strong></span> 
     </span>
    </p>
   </div>
   <div class='ocr_carea' id='block_1_33' title="bbox 2342 606 3920 677">
    <p class='ocr_par' dir='ltr' id='par_1_33' title="bbox 2342 606 3920 677">
     <span class='ocr_line' id='line_1_33' title="bbox 2342 606 3920 677; baseline -0.003 -14"><span class='ocrx_word' id='word_1_231' title='bbox 2342 618 2474 664; x_wconf 91' lang='lat' dir='ltr'><strong>tunc</strong></span> <span class='ocrx_word' id='word_1_232' title='bbox 2513 608 2756 663; x_wconf 85' lang='lat' dir='ltr'><strong>futurum</strong></span> <span class='ocrx_word' id='word_1_233' title='bbox 2791 619 2897 664; x_wconf 85' lang='lat' dir='ltr'><strong>est.</strong></span> <span class='ocrx_word' id='word_1_234' title='bbox 2946 606 3104 662; x_wconf 83' lang='lat' dir='ltr'><strong>Nunc</strong></span> <span class='ocrx_word' id='word_1_235' title='bbox 3152 607 3355 676; x_wconf 91' lang='lat' dir='ltr'><strong>quippe</strong></span> <span class='ocrx_word' id='word_1_236' title='bbox 3403 607 3495 677; x_wconf 88' lang='lat' dir='ltr'><strong>qui</strong></span> <span class='ocrx_word' id='word_1_237' title='bbox 3550 616 3602 663; x_wconf 91' lang='lat' dir='ltr'><strong>te</strong></span> <span class='ocrx_word' id='word_1_238' title='bbox 3641 607 3920 672; x_wconf 84' lang='lat' dir='ltr'><strong>nesciunt,</strong></span> 
     </span>
    </p>
   </div>
   <div class='ocr_carea' id='block_1_34' title="bbox 2342 697 3918 768">
    <p class='ocr_par' dir='ltr' id='par_1_34' title="bbox 2342 697 3918 768">
     <span class='ocr_line' id='line_1_34' title="bbox 2342 697 3918 768; baseline -0.001 -15"><span class='ocrx_word' id='word_1_239' title='bbox 2342 699 2430 754; x_wconf 90' lang='lat' dir='ltr'><strong>hic</strong></span> <span class='ocrx_word' id='word_1_240' title='bbox 2477 700 2533 754; x_wconf 92' lang='lat' dir='ltr'><strong>in</strong></span> <span class='ocrx_word' id='word_1_241' title='bbox 2578 700 2811 766; x_wconf 90' lang='lat' dir='ltr'><strong>deliciis,</strong></span> <span class='ocrx_word' id='word_1_242' title='bbox 2854 708 2907 755; x_wconf 89' lang='lat' dir='ltr'><strong>et</strong></span> <span class='ocrx_word' id='word_1_243' title='bbox 2949 699 3324 768; x_wconf 87' lang='lat' dir='ltr'><strong>voluptatibus</strong></span> <span class='ocrx_word' id='word_1_244' title='bbox 3367 697 3649 766; x_wconf 89' lang='lat' dir='ltr'><strong>corporeis</strong></span> <span class='ocrx_word' id='word_1_245' title='bbox 3699 705 3918 753; x_wconf 66' lang='lat' dir='ltr'><strong>aetatem</strong></span> 
     </span>
    </p>
   </div>
   <div class='ocr_carea' id='block_1_35' title="bbox 2340 778 3922 860">
    <p class='ocr_par' dir='ltr' id='par_1_35' title="bbox 2340 778 3922 860">
     <span class='ocr_line' id='line_1_35' title="bbox 2340 778 3922 860; baseline -0.004 -15"><span class='ocrx_word' id='word_1_246' title='bbox 2340 792 2590 860; x_wconf 76' lang='lat' dir='ltr'><strong>exigunt.</strong></span> <span class='ocrx_word' id='word_1_247' title='bbox 2627 793 2716 846; x_wconf 89' lang='lat' dir='ltr'><strong>hic</strong></span> <span class='ocrx_word' id='word_1_248' title='bbox 2749 792 3050 855; x_wconf 80' lang='lat' dir='ltr'><strong>exsultant,</strong></span> <span class='ocrx_word' id='word_1_249' title='bbox 3075 797 3128 844; x_wconf 95' lang='lat' dir='ltr'><strong>et</strong></span> <span class='ocrx_word' id='word_1_250' title='bbox 3154 791 3330 844; x_wconf 87' lang='lat' dir='ltr'><strong>instar</strong></span> <span class='ocrx_word' id='word_1_251' title='bbox 3354 789 3636 844; x_wconf 88' lang='lat' dir='ltr'><strong>brutarum</strong></span> <span class='ocrx_word' id='word_1_252' title='bbox 3670 778 3868 841; x_wconf 72' lang='lat' dir='ltr'><strong>anima:</strong></span> <span class='ocrx_word' id='word_1_253' title='bbox 3891 813 3922 830; x_wconf 76' lang='grc' dir='ltr'><strong><em>ο</em></strong></span> 
     </span>
    </p>
   </div>
   <div class='ocr_carea' id='block_1_36' title="bbox 2342 880 3916 961">
    <p class='ocr_par' dir='ltr' id='par_1_36' title="bbox 2342 880 3916 961">
     <span class='ocr_line' id='line_1_36' title="bbox 2342 880 3916 961; baseline -0.002 -25"><span class='ocrx_word' id='word_1_254' title='bbox 2342 883 2475 961; x_wconf 83' lang='lat' dir='ltr'><strong>lium</strong></span> <span class='ocrx_word' id='word_1_255' title='bbox 2510 882 2739 937; x_wconf 87' lang='lat' dir='ltr'><strong>saltibus</strong></span> <span class='ocrx_word' id='word_1_256' title='bbox 2781 881 3095 936; x_wconf 91' lang='lat' dir='ltr'><strong>lasciviunt.</strong></span> <span class='ocrx_word' id='word_1_257' title='bbox 3133 880 3265 946; x_wconf 69' lang='lat' dir='ltr'><strong>Qum</strong></span> <span class='ocrx_word' id='word_1_258' title='bbox 3296 880 3364 935; x_wconf 88' lang='lat' dir='ltr'><strong>ad</strong></span> <span class='ocrx_word' id='word_1_259' title='bbox 3395 895 3556 935; x_wconf 89' lang='lat' dir='ltr'><strong>usum</strong></span> <span class='ocrx_word' id='word_1_260' title='bbox 3587 887 3641 934; x_wconf 89' lang='lat' dir='ltr'><strong>et</strong></span> <span class='ocrx_word' id='word_1_261' title='bbox 3670 892 3916 934; x_wconf 81' lang='lat' dir='ltr'><strong>commo-</strong></span> 
     </span>
    </p>
   </div>
   <div class='ocr_carea' id='block_1_37' title="bbox 2339 969 3918 1044">
    <p class='ocr_par' dir='ltr' id='par_1_37' title="bbox 2339 969 3918 1044">
     <span class='ocr_line' id='line_1_37' title="bbox 2339 969 3918 1044; baseline -0.003 -16"><span class='ocrx_word' id='word_1_262' title='bbox 2339 972 2570 1028; x_wconf 80' lang='lat' dir='ltr'><strong>ditatem</strong></span> <span class='ocrx_word' id='word_1_263' title='bbox 2606 973 2732 1026; x_wconf 71' lang='lat' dir='ltr'><strong>vita:</strong></span> <span class='ocrx_word' id='word_1_264' title='bbox 2773 973 2998 1044; x_wconf 81' lang='lat' dir='ltr'><strong>agendae</strong></span> <span class='ocrx_word' id='word_1_265' title='bbox 3029 969 3254 1036; x_wconf 88' lang='lat' dir='ltr'><strong>dedisti,</strong></span> <span class='ocrx_word' id='word_1_266' title='bbox 3285 986 3348 1027; x_wconf 86' lang='lat' dir='ltr'><strong>ea</strong></span> <span class='ocrx_word' id='word_1_267' title='bbox 3381 972 3487 1028; x_wconf 90' lang='lat' dir='ltr'><strong>sibi</strong></span> <span class='ocrx_word' id='word_1_268' title='bbox 3525 970 3750 1034; x_wconf 88' lang='lat' dir='ltr'><strong>habent,</strong></span> <span class='ocrx_word' id='word_1_269' title='bbox 3780 981 3833 1024; x_wconf 93' lang='lat' dir='ltr'><strong>et</strong></span> <span class='ocrx_word' id='word_1_270' title='bbox 3863 971 3918 1024; x_wconf 91' lang='lat' dir='ltr'><strong>in</strong></span> 
     </span>
    </p>
   </div>
   <div class='ocr_carea' id='block_1_38' title="bbox 2339 1066 3919 1138">
    <p class='ocr_par' dir='ltr' id='par_1_38' title="bbox 2339 1066 3919 1138">
     <span class='ocr_line' id='line_1_38' title="bbox 2339 1066 3919 1138; baseline -0.001 -18"><span class='ocrx_word' id='word_1_271' title='bbox 2339 1067 2408 1121; x_wconf 91' lang='lat' dir='ltr'><strong>iis</strong></span> <span class='ocrx_word' id='word_1_272' title='bbox 2447 1068 2582 1122; x_wconf 88' lang='lat' dir='ltr'><strong>solis</strong></span> <span class='ocrx_word' id='word_1_273' title='bbox 2616 1066 3268 1138; x_wconf 81' lang='lat' dir='ltr'><strong>deilxi,postdiscessum</strong></span> <span class='ocrx_word' id='word_1_274' title='bbox 3301 1082 3367 1122; x_wconf 77' lang='lat' dir='ltr'><strong>ex</strong></span> <span class='ocrx_word' id='word_1_275' title='bbox 3403 1068 3505 1122; x_wconf 91' lang='lat' dir='ltr'><strong>hac</strong></span> <span class='ocrx_word' id='word_1_276' title='bbox 3536 1067 3656 1120; x_wconf 86' lang='lat' dir='ltr'><strong>lucc</strong></span> <span class='ocrx_word' id='word_1_277' title='bbox 3684 1066 3919 1121; x_wconf 85' lang='lat' dir='ltr'><strong>similem</strong></span> 
     </span>
    </p>
   </div>
   <div class='ocr_carea' id='block_1_39' title="bbox 2339 1158 3927 1224">
    <p class='ocr_par' dir='ltr' id='par_1_39' title="bbox 2339 1158 3927 1224">
     <span class='ocr_line' id='line_1_39' title="bbox 2339 1158 3927 1224; baseline -0.001 -12"><span class='ocrx_word' id='word_1_278' title='bbox 2339 1159 2538 1212; x_wconf 71' lang='lat' dir='ltr'><strong>animae</strong></span> <span class='ocrx_word' id='word_1_279' title='bbox 2570 1167 2775 1213; x_wconf 90' lang='lat' dir='ltr'><strong>statum</strong></span> <span class='ocrx_word' id='word_1_280' title='bbox 2835 1159 2952 1213; x_wconf 92' lang='lat' dir='ltr'><strong>fore</strong></span> <span class='ocrx_word' id='word_1_281' title='bbox 2998 1158 3338 1216; x_wconf 79' lang='lat' dir='ltr'><strong>existimant.</strong></span> <span class='ocrx_word' id='word_1_282' title='bbox 3386 1159 3491 1214; x_wconf 86' lang='lat' dir='ltr'><strong>Sed</strong></span> <span class='ocrx_word' id='word_1_283' title='bbox 3547 1158 3688 1212; x_wconf 87' lang='lat' dir='ltr'><strong>male</strong></span> <span class='ocrx_word' id='word_1_284' title='bbox 3736 1158 3927 1224; x_wconf 87' lang='lat' dir='ltr'><strong>conje-</strong></span> 
     </span>
    </p>
   </div>
   <div class='ocr_carea' id='block_1_40' title="bbox 2338 1245 3922 1321">
    <p class='ocr_par' dir='ltr' id='par_1_40' title="bbox 2338 1245 3922 1321">
     <span class='ocr_line' id='line_1_40' title="bbox 2338 1245 3922 1321; baseline 0.001 -19"><span class='ocrx_word' id='word_1_285' title='bbox 2338 1259 2510 1315; x_wconf 80' lang='lat' dir='ltr'><strong>ctam,</strong></span> <span class='ocrx_word' id='word_1_286' title='bbox 2539 1250 2679 1306; x_wconf 86' lang='lat' dir='ltr'><strong>male</strong></span> <span class='ocrx_word' id='word_1_287' title='bbox 2698 1254 2939 1320; x_wconf 88' lang='lat' dir='ltr'><strong>sapiunt,</strong></span> <span class='ocrx_word' id='word_1_288' title='bbox 2960 1251 3054 1321; x_wconf 90' lang='lat' dir='ltr'><strong>qui</strong></span> <span class='ocrx_word' id='word_1_289' title='bbox 3079 1245 3145 1307; x_wconf 86' lang='lat' dir='ltr'><strong>se</strong></span> <span class='ocrx_word' id='word_1_290' title='bbox 3167 1267 3277 1308; x_wconf 92' lang='lat' dir='ltr'><strong>non</strong></span> <span class='ocrx_word' id='word_1_291' title='bbox 3310 1260 3515 1316; x_wconf 87' lang='lat' dir='ltr'><strong>tecum,</strong></span> <span class='ocrx_word' id='word_1_292' title='bbox 3539 1258 3922 1305; x_wconf 87' lang='lat' dir='ltr'><strong>verumtamen</strong></span> 
     </span>
    </p>
   </div>
   <div class='ocr_carea' id='block_1_41' title="bbox 2339 1341 3912 1413">
    <p class='ocr_par' dir='ltr' id='par_1_41' title="bbox 2339 1341 3912 1413">
     <span class='ocr_line' id='line_1_41' title="bbox 2339 1341 3912 1413; baseline -0.001 -17"><span class='ocrx_word' id='word_1_293' title='bbox 2339 1341 2395 1396; x_wconf 88' lang='lat' dir='ltr'><strong>in</strong></span> <span class='ocrx_word' id='word_1_294' title='bbox 2443 1344 2628 1413; x_wconf 79' lang='lat' dir='ltr'><strong>requie</strong></span> <span class='ocrx_word' id='word_1_295' title='bbox 2662 1343 2880 1398; x_wconf 91' lang='lat' dir='ltr'><strong>futuros</strong></span> <span class='ocrx_word' id='word_1_296' title='bbox 2908 1353 3217 1408; x_wconf 90' lang='lat' dir='ltr'><strong>autumant,</strong></span> <span class='ocrx_word' id='word_1_297' title='bbox 3245 1346 3332 1398; x_wconf 91' lang='lat' dir='ltr'><strong>cui</strong></span> <span class='ocrx_word' id='word_1_298' title='bbox 3363 1345 3541 1397; x_wconf 79' lang='lat' dir='ltr'><strong>locum</strong></span> <span class='ocrx_word' id='word_1_299' title='bbox 3574 1344 3866 1412; x_wconf 81' lang='lat' dir='ltr'><strong>quemdam</strong></span> <span class='ocrx_word' id='word_1_300' title='bbox 3895 1383 3912 1406; x_wconf 92' lang='lat'><strong>,</strong></span> 
     </span>
    </p>
   </div>
   <div class='ocr_carea' id='block_1_42' title="bbox 2337 1431 3918 1504">
    <p class='ocr_par' dir='ltr' id='par_1_42' title="bbox 2337 1431 3918 1504">
     <span class='ocr_line' id='line_1_42' title="bbox 2337 1431 3918 1504; baseline -0.001 -17"><span class='ocrx_word' id='word_1_301' title='bbox 2337 1447 2371 1487; x_wconf 90' lang='grc' dir='ltr'>ο</span> <span class='ocrx_word' id='word_1_302' title='bbox 2400 1431 2726 1488; x_wconf 88' lang='lat' dir='ltr'><strong>dementiam</strong></span> <span class='ocrx_word' id='word_1_303' title='bbox 2751 1472 2767 1495; x_wconf 88' lang='lat'><strong>.</strong></span> <span class='ocrx_word' id='word_1_304' title='bbox 2804 1443 2958 1488; x_wconf 82' lang='lat' dir='ltr'><strong>extra</strong></span> <span class='ocrx_word' id='word_1_305' title='bbox 3009 1449 3236 1504; x_wconf 87' lang='lat' dir='ltr'><strong>regnum</strong></span> <span class='ocrx_word' id='word_1_306' title='bbox 3272 1449 3335 1489; x_wconf 91' lang='lat' dir='ltr'><strong>ac</strong></span> <span class='ocrx_word' id='word_1_307' title='bbox 3365 1434 3690 1497; x_wconf 87' lang='lat' dir='ltr'><strong>thalamum,</strong></span> <span class='ocrx_word' id='word_1_308' title='bbox 3746 1447 3774 1485; x_wconf 91' lang='lat' dir='ltr'><strong>a</strong></span> <span class='ocrx_word' id='word_1_309' title='bbox 3822 1447 3918 1503; x_wconf 85' lang='lat' dir='ltr'><strong>ge-</strong></span> 
     </span>
    </p>
   </div>
   <div class='ocr_carea' id='block_1_43' title="bbox 2339 1522 3920 1594">
    <p class='ocr_par' dir='ltr' id='par_1_43' title="bbox 2339 1522 3920 1594">
     <span class='ocr_line' id='line_1_43' title="bbox 2339 1522 3920 1594; baseline 0.001 -18"><span class='ocrx_word' id='word_1_310' title='bbox 2339 1522 2520 1578; x_wconf 90' lang='lat' dir='ltr'><strong>henna</strong></span> <span class='ocrx_word' id='word_1_311' title='bbox 2560 1533 2614 1578; x_wconf 94' lang='lat' dir='ltr'><strong>et</strong></span> <span class='ocrx_word' id='word_1_312' title='bbox 2647 1524 2788 1593; x_wconf 88' lang='lat' dir='ltr'><strong>ignis</strong></span> <span class='ocrx_word' id='word_1_313' title='bbox 2813 1524 3088 1594; x_wconf 89' lang='lat' dir='ltr'><strong>supplicio</strong></span> <span class='ocrx_word' id='word_1_314' title='bbox 3130 1533 3425 1589; x_wconf 82' lang='lat' dir='ltr'><strong>semotum,</strong></span> <span class='ocrx_word' id='word_1_315' title='bbox 3476 1539 3576 1579; x_wconf 90' lang='lat' dir='ltr'><strong>nec</strong></span> <span class='ocrx_word' id='word_1_316' title='bbox 3617 1539 3740 1577; x_wconf 91' lang='lat' dir='ltr'><strong>eum</strong></span> <span class='ocrx_word' id='word_1_317' title='bbox 3776 1523 3920 1577; x_wconf 89' lang='lat' dir='ltr'><strong>luci-</strong></span> 
     </span>
    </p>
   </div>
   <div class='ocr_carea' id='block_1_44' title="bbox 2337 1615 3915 1684">
    <p class='ocr_par' dir='ltr' id='par_1_44' title="bbox 2337 1615 3915 1684">
     <span class='ocr_line' id='line_1_44' title="bbox 2337 1615 3915 1684; baseline -0.002 -13"><span class='ocrx_word' id='word_1_318' title='bbox 2337 1615 2491 1681; x_wconf 89' lang='lat' dir='ltr'><strong>dum,</strong></span> <span class='ocrx_word' id='word_1_319' title='bbox 2524 1631 2587 1670; x_wconf 91' lang='lat' dir='ltr'><strong>ac</strong></span> <span class='ocrx_word' id='word_1_320' title='bbox 2616 1615 2856 1671; x_wconf 83' lang='lat' dir='ltr'><strong>tenebris</strong></span> <span class='ocrx_word' id='word_1_321' title='bbox 2901 1627 3187 1670; x_wconf 86' lang='lat' dir='ltr'><strong>vacantem</strong></span> <span class='ocrx_word' id='word_1_322' title='bbox 3238 1615 3607 1680; x_wconf 85' lang='lat' dir='ltr'><strong>constituunt,</strong></span> <span class='ocrx_word' id='word_1_323' title='bbox 3661 1615 3710 1669; x_wconf 90' lang='lat' dir='ltr'><strong>in</strong></span> <span class='ocrx_word' id='word_1_324' title='bbox 3751 1629 3915 1684; x_wconf 90' lang='lat' dir='ltr'><strong>quem</strong></span> 
     </span>
    </p>
   </div>
   <div class='ocr_carea' id='block_1_45' title="bbox 2341 1706 3920 1777">
    <p class='ocr_par' dir='ltr' id='par_1_45' title="bbox 2341 1706 3920 1777">
     <span class='ocr_line' id='line_1_45' title="bbox 2341 1706 3920 1777; baseline -0.001 -16"><span class='ocrx_word' id='word_1_325' title='bbox 2341 1707 2592 1762; x_wconf 62' lang='lat' dir='ltr'><strong>infelices</strong></span> <span class='ocrx_word' id='word_1_326' title='bbox 2625 1707 2702 1760; x_wconf 83' lang='lat' dir='ltr'><strong>illi</strong></span> <span class='ocrx_word' id='word_1_327' title='bbox 2735 1706 2994 1762; x_wconf 88' lang='lat' dir='ltr'><strong>devenire</strong></span> <span class='ocrx_word' id='word_1_328' title='bbox 3024 1715 3237 1776; x_wconf 82' lang='lat' dir='ltr'><strong>Optant,</strong></span> <span class='ocrx_word' id='word_1_329' title='bbox 3273 1723 3377 1760; x_wconf 91' lang='lat' dir='ltr'><strong>non</strong></span> <span class='ocrx_word' id='word_1_330' title='bbox 3421 1721 3580 1777; x_wconf 88' lang='lat' dir='ltr'><strong>egere</strong></span> <span class='ocrx_word' id='word_1_331' title='bbox 3623 1722 3680 1761; x_wconf 87' lang='lat' dir='ltr'><strong>se</strong></span> <span class='ocrx_word' id='word_1_332' title='bbox 3714 1715 3920 1760; x_wconf 59' lang='lat' dir='ltr'><strong>eterna</strong></span> 
     </span>
    </p>
   </div>
   <div class='ocr_carea' id='block_1_46' title="bbox 2341 1795 3923 1869">
    <p class='ocr_par' dir='ltr' id='par_1_46' title="bbox 2341 1795 3923 1869">
     <span class='ocr_line' id='line_1_46' title="bbox 2341 1795 3923 1869; baseline -0.003 -15"><span class='ocrx_word' id='word_1_333' title='bbox 2341 1809 2434 1854; x_wconf 89' lang='lat' dir='ltr'><strong>tua</strong></span> <span class='ocrx_word' id='word_1_334' title='bbox 2463 1800 2657 1869; x_wconf 79' lang='lat' dir='ltr'><strong>gloria,</strong></span> <span class='ocrx_word' id='word_1_335' title='bbox 2689 1808 2784 1852; x_wconf 91' lang='lat' dir='ltr'><strong>aut</strong></span> <span class='ocrx_word' id='word_1_336' title='bbox 2813 1799 3077 1853; x_wconf 73' lang='lat' dir='ltr'><strong>cmlorum</strong></span> <span class='ocrx_word' id='word_1_337' title='bbox 3111 1813 3300 1867; x_wconf 82' lang='lat' dir='ltr'><strong>regno,</strong></span> <span class='ocrx_word' id='word_1_338' title='bbox 3341 1799 3433 1852; x_wconf 88' lang='lat' dir='ltr'><strong>sed</strong></span> <span class='ocrx_word' id='word_1_339' title='bbox 3478 1798 3529 1850; x_wconf 93' lang='lat' dir='ltr'><strong>in</strong></span> <span class='ocrx_word' id='word_1_340' title='bbox 3575 1797 3766 1866; x_wconf 90' lang='lat' dir='ltr'><strong>requie</strong></span> <span class='ocrx_word' id='word_1_341' title='bbox 3792 1795 3923 1849; x_wconf 64' lang='lat' dir='ltr'><strong>fore</strong></span> 
     </span>
    </p>
   </div>
   <div class='ocr_carea' id='block_1_47' title="bbox 2342 1889 3920 1960">
    <p class='ocr_par' dir='ltr' id='par_1_47' title="bbox 2342 1889 3920 1960">
     <span class='ocr_line' id='line_1_47' title="bbox 2342 1889 3920 1960; baseline -0.004 -14"><span class='ocrx_word' id='word_1_342' title='bbox 2342 1894 2693 1947; x_wconf 85' lang='lat' dir='ltr'><strong>arbitrantes.</strong></span> <span class='ocrx_word' id='word_1_343' title='bbox 2725 1891 2866 1945; x_wconf 78' lang='lat' dir='ltr'><strong>Proh</strong></span> <span class='ocrx_word' id='word_1_344' title='bbox 2893 1893 3122 1946; x_wconf 91' lang='lat' dir='ltr'><strong>istorum</strong></span> <span class='ocrx_word' id='word_1_345' title='bbox 3150 1892 3467 1960; x_wconf 80' lang='lat' dir='ltr'><strong>caligineml</strong></span> <span class='ocrx_word' id='word_1_346' title='bbox 3495 1890 3632 1957; x_wconf 86' lang='lat' dir='ltr'><strong>proh</strong></span> <span class='ocrx_word' id='word_1_347' title='bbox 3667 1889 3920 1956; x_wconf 82' lang='lat' dir='ltr'><strong>ignoran-</strong></span> 
     </span>
    </p>
   </div>
   <div class='ocr_carea' id='block_1_48' title="bbox 2342 1980 3913 2054">
    <p class='ocr_par' dir='ltr' id='par_1_48' title="bbox 2342 1980 3913 2054">
     <span class='ocr_line' id='line_1_48' title="bbox 2342 1980 3913 2054; baseline -0.006 -13"><span class='ocrx_word' id='word_1_348' title='bbox 2342 1987 2497 2042; x_wconf 90' lang='lat' dir='ltr'><strong>tiaml</strong></span> <span class='ocrx_word' id='word_1_349' title='bbox 2528 1987 2664 2054; x_wconf 87' lang='lat' dir='ltr'><strong>proh</strong></span> <span class='ocrx_word' id='word_1_350' title='bbox 2702 1985 2977 2042; x_wconf 88' lang='lat' dir='ltr'><strong>miseriam</strong></span> <span class='ocrx_word' id='word_1_351' title='bbox 3003 1997 3054 2038; x_wconf 92' lang='lat' dir='ltr'><strong>et</strong></span> <span class='ocrx_word' id='word_1_352' title='bbox 3079 2000 3205 2054; x_wconf 87' lang='lat' dir='ltr'><strong>spes</strong></span> <span class='ocrx_word' id='word_1_353' title='bbox 3239 1985 3432 2038; x_wconf 89' lang='lat' dir='ltr'><strong>inanes</strong></span> <span class='ocrx_word' id='word_1_354' title='bbox 3458 1985 3471 2033; x_wconf 93' lang='lat' dir='ltr'><strong>l</strong></span> <span class='ocrx_word' id='word_1_355' title='bbox 3499 1995 3770 2049; x_wconf 87' lang='lat' dir='ltr'><strong>nusquam</strong></span> <span class='ocrx_word' id='word_1_356' title='bbox 3807 1980 3913 2033; x_wconf 89' lang='lat' dir='ltr'><strong>hoc</strong></span> 
     </span>
    </p>
   </div>
   <div class='ocr_carea' id='block_1_49' title="bbox 2341 2073 3923 2148">
    <p class='ocr_par' dir='ltr' id='par_1_49' title="bbox 2341 2073 3923 2148">
     <span class='ocr_line' id='line_1_49' title="bbox 2341 2073 3923 2148; baseline -0.006 -13"><span class='ocrx_word' id='word_1_357' title='bbox 2341 2081 2606 2148; x_wconf 88' lang='lat' dir='ltr'><strong>scriptum</strong></span> <span class='ocrx_word' id='word_1_358' title='bbox 2644 2087 2822 2133; x_wconf 78' lang='lat' dir='ltr'><strong>exstat</strong></span> <span class='ocrx_word' id='word_1_359' title='bbox 2854 2120 2868 2145; x_wconf 93' lang='lat'><strong>,</strong></span> <span class='ocrx_word' id='word_1_360' title='bbox 2899 2093 3168 2147; x_wconf 84' lang='lat' dir='ltr'><strong>nusquam</strong></span> <span class='ocrx_word' id='word_1_361' title='bbox 3198 2077 3302 2131; x_wconf 90' lang='lat' dir='ltr'><strong>hoc</strong></span> <span class='ocrx_word' id='word_1_362' title='bbox 3336 2081 3441 2130; x_wconf 90' lang='lat' dir='ltr'><strong>erit</strong></span> <span class='ocrx_word' id='word_1_363' title='bbox 3474 2093 3487 2129; x_wconf 88' lang='lat'><strong>:</strong></span> <span class='ocrx_word' id='word_1_364' title='bbox 3525 2089 3712 2128; x_wconf 89' lang='lat' dir='ltr'><strong>verum</strong></span> <span class='ocrx_word' id='word_1_365' title='bbox 3753 2075 3804 2126; x_wconf 92' lang='lat' dir='ltr'><strong>in</strong></span> <span class='ocrx_word' id='word_1_366' title='bbox 3839 2073 3923 2125; x_wconf 85' lang='lat' dir='ltr'><strong>lu-</strong></span> 
     </span>
    </p>
   </div>
   <div class='ocr_carea' id='block_1_50' title="bbox 2342 2167 3914 2241">
    <p class='ocr_par' dir='ltr' id='par_1_50' title="bbox 2342 2167 3914 2241">
     <span class='ocr_line' id='line_1_50' title="bbox 2342 2167 3914 2241; baseline -0.003 -15"><span class='ocrx_word' id='word_1_367' title='bbox 2342 2173 2488 2227; x_wconf 89' lang='lat' dir='ltr'><strong>mine</strong></span> <span class='ocrx_word' id='word_1_368' title='bbox 2517 2172 2865 2234; x_wconf 90' lang='lat' dir='ltr'><strong>felicitatum,</strong></span> <span class='ocrx_word' id='word_1_369' title='bbox 2897 2171 2986 2241; x_wconf 93' lang='lat' dir='ltr'><strong>qui</strong></span> <span class='ocrx_word' id='word_1_370' title='bbox 3020 2182 3210 2225; x_wconf 89' lang='lat' dir='ltr'><strong>sancta</strong></span> <span class='ocrx_word' id='word_1_371' title='bbox 3241 2181 3294 2224; x_wconf 85' lang='lat' dir='ltr'><strong>et</strong></span> <span class='ocrx_word' id='word_1_372' title='bbox 3322 2171 3501 2224; x_wconf 81' lang='lat' dir='ltr'><strong>divina</strong></span> <span class='ocrx_word' id='word_1_373' title='bbox 3533 2167 3829 2238; x_wconf 79' lang='lat' dir='ltr'><strong>gesserint,</strong></span> <span class='ocrx_word' id='word_1_374' title='bbox 3860 2167 3914 2221; x_wconf 90' lang='lat' dir='ltr'><strong>in</strong></span> 
     </span>
    </p>
   </div>
   <div class='ocr_carea' id='block_1_51' title="bbox 2340 2258 3922 2330">
    <p class='ocr_par' dir='ltr' id='par_1_51' title="bbox 2340 2258 3922 2330">
     <span class='ocr_line' id='line_1_51' title="bbox 2340 2258 3922 2330; baseline -0.003 -15"><span class='ocrx_word' id='word_1_375' title='bbox 2340 2262 2582 2316; x_wconf 86' lang='lat' dir='ltr'><strong>tenebris</strong></span> <span class='ocrx_word' id='word_1_376' title='bbox 2633 2269 2815 2315; x_wconf 91' lang='lat' dir='ltr'><strong>autem</strong></span> <span class='ocrx_word' id='word_1_377' title='bbox 2870 2276 3155 2330; x_wconf 65' lang='lat' dir='ltr'><strong>pinnarum</strong></span> <span class='ocrx_word' id='word_1_378' title='bbox 3207 2271 3390 2322; x_wconf 88' lang='lat' dir='ltr'><strong>erunt,</strong></span> <span class='ocrx_word' id='word_1_379' title='bbox 3444 2260 3535 2328; x_wconf 90' lang='lat' dir='ltr'><strong>qui</strong></span> <span class='ocrx_word' id='word_1_380' title='bbox 3608 2258 3922 2325; x_wconf 87' lang='lat' dir='ltr'><strong>iniquitatis</strong></span> 
     </span>
    </p>
   </div>
   <div class='ocr_carea' id='block_1_52' title="bbox 2338 2351 3925 2422">
    <p class='ocr_par' dir='ltr' id='par_1_52' title="bbox 2338 2351 3925 2422">
     <span class='ocr_line' id='line_1_52' title="bbox 2338 2351 3925 2422; baseline -0.003 -15"><span class='ocrx_word' id='word_1_381' title='bbox 2338 2355 2576 2422; x_wconf 87' lang='lat' dir='ltr'><strong>operarii</strong></span> <span class='ocrx_word' id='word_1_382' title='bbox 2614 2353 2840 2408; x_wconf 82' lang='lat' dir='ltr'><strong>fuerint.</strong></span> <span class='ocrx_word' id='word_1_383' title='bbox 2879 2355 2936 2406; x_wconf 83' lang='lat' dir='ltr'><strong>in</strong></span> <span class='ocrx_word' id='word_1_384' title='bbox 2971 2353 3152 2407; x_wconf 85' lang='lat' dir='ltr'><strong>medio</strong></span> <span class='ocrx_word' id='word_1_385' title='bbox 3191 2360 3371 2405; x_wconf 75' lang='lat' dir='ltr'><strong>autem</strong></span> <span class='ocrx_word' id='word_1_386' title='bbox 3405 2354 3586 2405; x_wconf 86' lang='lat' dir='ltr'><strong>hiatus</strong></span> <span class='ocrx_word' id='word_1_387' title='bbox 3617 2360 3700 2405; x_wconf 71' lang='lat' dir='ltr'><strong>est</strong></span> <span class='ocrx_word' id='word_1_388' title='bbox 3734 2351 3925 2403; x_wconf 82' lang='lat' dir='ltr'><strong>formi-</strong></span> 
     </span>
    </p>
   </div>
   <div class='ocr_carea' id='block_1_53' title="bbox 2338 2440 3925 2512">
    <p class='ocr_par' dir='ltr' id='par_1_53' title="bbox 2338 2440 3925 2512">
     <span class='ocr_line' id='line_1_53' title="bbox 2338 2440 3925 2512; baseline -0.005 -12"><span class='ocrx_word' id='word_1_389' title='bbox 2338 2446 2560 2511; x_wconf 87' lang='lat' dir='ltr'><strong>dabilis,</strong></span> <span class='ocrx_word' id='word_1_390' title='bbox 2613 2448 2801 2500; x_wconf 89' lang='lat' dir='ltr'><strong>ambos</strong></span> <span class='ocrx_word' id='word_1_391' title='bbox 2849 2461 3172 2505; x_wconf 86' lang='lat' dir='ltr'><strong>secernens,</strong></span> <span class='ocrx_word' id='word_1_392' title='bbox 3226 2440 3585 2512; x_wconf 77' lang='lat' dir='ltr'><strong>quomodo&#39;tu</strong></span> <span class='ocrx_word' id='word_1_393' title='bbox 3636 2446 3776 2511; x_wconf 85' lang='lat' dir='ltr'><strong>ipse,</strong></span> <span class='ocrx_word' id='word_1_394' title='bbox 3820 2440 3925 2492; x_wconf 85' lang='lat' dir='ltr'><strong>Do—</strong></span> 
     </span>
    </p>
   </div>
   <div class='ocr_carea' id='block_1_54' title="bbox 2339 2533 3925 2604">
    <p class='ocr_par' dir='ltr' id='par_1_54' title="bbox 2339 2533 3925 2604">
     <span class='ocr_line' id='line_1_54' title="bbox 2339 2533 3925 2604; baseline -0.002 -16"><span class='ocrx_word' id='word_1_395' title='bbox 2339 2537 2504 2599; x_wconf 90' lang='lat' dir='ltr'><strong>mine,</strong></span> <span class='ocrx_word' id='word_1_396' title='bbox 2540 2537 2851 2600; x_wconf 90' lang='lat' dir='ltr'><strong>docuisti&quot;,</strong></span> <span class='ocrx_word' id='word_1_397' title='bbox 2900 2537 2994 2604; x_wconf 91' lang='lat' dir='ltr'><strong>qui</strong></span> <span class='ocrx_word' id='word_1_398' title='bbox 3041 2536 3154 2588; x_wconf 60' lang='lat' dir='ltr'><strong>haec</strong></span> <span class='ocrx_word' id='word_1_399' title='bbox 3203 2535 3542 2602; x_wconf 64' lang='lat' dir='ltr'><strong>praeparasti.</strong></span> <span class='ocrx_word' id='word_1_400' title='bbox 3589 2533 3698 2586; x_wconf 85' lang='lat' dir='ltr'><strong>lloc</strong></span> <span class='ocrx_word' id='word_1_401' title='bbox 3751 2534 3925 2585; x_wconf 80' lang='lat' dir='ltr'><strong>inter-</strong></span> 
     </span>
    </p>
   </div>
   <div class='ocr_carea' id='block_1_55' title="bbox 2338 2613 3920 2698">
    <p class='ocr_par' dir='ltr' id='par_1_55' title="bbox 2338 2613 3920 2698">
     <span class='ocr_line' id='line_1_55' title="bbox 2338 2613 3920 2698; baseline -0.004 -18"><span class='ocrx_word' id='word_1_402' title='bbox 2338 2629 2537 2681; x_wconf 91' lang='lat' dir='ltr'><strong>vallum</strong></span> <span class='ocrx_word' id='word_1_403' title='bbox 2577 2629 2786 2682; x_wconf 86' lang='lat' dir='ltr'><strong>homini</strong></span> <span class='ocrx_word' id='word_1_404' title='bbox 2821 2629 2873 2681; x_wconf 93' lang='lat' dir='ltr'><strong>in</strong></span> <span class='ocrx_word' id='word_1_405' title='bbox 2928 2630 3108 2698; x_wconf 92' lang='lat' dir='ltr'><strong>ipsum</strong></span> <span class='ocrx_word' id='word_1_406' title='bbox 3149 2613 3420 2680; x_wconf 81' lang='lat' dir='ltr'><strong>delabenti</strong></span> <span class='ocrx_word' id='word_1_407' title='bbox 3459 2625 3608 2679; x_wconf 91' lang='lat' dir='ltr'><strong>omni</strong></span> <span class='ocrx_word' id='word_1_408' title='bbox 3642 2635 3920 2678; x_wconf 83' lang='lat' dir='ltr'><strong>tormento</strong></span> 
     </span>
    </p>
   </div>
   <div class='ocr_carea' id='block_1_56' title="bbox 2339 2715 3920 2789">
    <p class='ocr_par' dir='ltr' id='par_1_56' title="bbox 2339 2715 3920 2789">
     <span class='ocr_line' id='line_1_56' title="bbox 2339 2715 3920 2789; baseline -0.004 -15"><span class='ocrx_word' id='word_1_409' title='bbox 2339 2737 2402 2774; x_wconf 73' lang='lat' dir='ltr'><strong>an</strong></span> <span class='ocrx_word' id='word_1_410' title='bbox 2434 2719 2706 2789; x_wconf 84' lang='lat' dir='ltr'><strong>supplicio</strong></span> <span class='ocrx_word' id='word_1_411' title='bbox 2738 2720 2915 2773; x_wconf 90' lang='lat' dir='ltr'><strong>dirius</strong></span> <span class='ocrx_word' id='word_1_412' title='bbox 2963 2721 3084 2781; x_wconf 87' lang='lat' dir='ltr'><strong>erit,</strong></span> <span class='ocrx_word' id='word_1_413' title='bbox 3123 2720 3174 2771; x_wconf 93' lang='lat' dir='ltr'><strong>iu</strong></span> <span class='ocrx_word' id='word_1_414' title='bbox 3213 2721 3470 2788; x_wconf 77' lang='lat' dir='ltr'><strong>abyssum</strong></span> <span class='ocrx_word' id='word_1_415' title='bbox 3507 2731 3833 2785; x_wconf 78' lang='lat' dir='ltr'><strong>poenarum,</strong></span> <span class='ocrx_word' id='word_1_416' title='bbox 3867 2715 3920 2767; x_wconf 89' lang='lat' dir='ltr'><strong>in</strong></span> 
     </span>
    </p>
   </div>
   <div class='ocr_carea' id='block_1_57' title="bbox 2339 2804 3920 2878">
    <p class='ocr_par' dir='ltr' id='par_1_57' title="bbox 2339 2804 3920 2878">
     <span class='ocr_line' id='line_1_57' title="bbox 2339 2804 3920 2878; baseline -0.005 -12"><span class='ocrx_word' id='word_1_417' title='bbox 2339 2811 2508 2866; x_wconf 86' lang='lat' dir='ltr'><strong>chaos</strong></span> <span class='ocrx_word' id='word_1_418' title='bbox 2544 2809 2872 2878; x_wconf 86' lang='lat' dir='ltr'><strong>perditionis</strong></span> <span class='ocrx_word' id='word_1_419' title='bbox 2925 2824 3020 2877; x_wconf 90' lang='lat' dir='ltr'><strong>per</strong></span> <span class='ocrx_word' id='word_1_420' title='bbox 3055 2817 3218 2876; x_wconf 75' lang='lat' dir='ltr'><strong>caput</strong></span> <span class='ocrx_word' id='word_1_421' title='bbox 3258 2806 3547 2860; x_wconf 83' lang='lat' dir='ltr'><strong>infeliciter</strong></span> <span class='ocrx_word' id='word_1_422' title='bbox 3582 2821 3641 2860; x_wconf 89' lang='lat' dir='ltr'><strong>se</strong></span> <span class='ocrx_word' id='word_1_423' title='bbox 3672 2804 3920 2874; x_wconf 78' lang='lat' dir='ltr'><strong>praecipi-</strong></span> 
     </span>
    </p>
   </div>
   <div class='ocr_carea' id='block_1_58' title="bbox 2340 2898 3922 2969">
    <p class='ocr_par' dir='ltr' id='par_1_58' title="bbox 2340 2898 3922 2969">
     <span class='ocr_line' id='line_1_58' title="bbox 2340 2898 3922 2969; baseline -0.003 -15"><span class='ocrx_word' id='word_1_424' title='bbox 2340 2902 2518 2963; x_wconf 88' lang='lat' dir='ltr'><strong>tanti.</strong></span> <span class='ocrx_word' id='word_1_425' title='bbox 2553 2901 2870 2968; x_wconf 81' lang='lat' dir='ltr'><strong>rucutique,</strong></span> <span class='ocrx_word' id='word_1_426' title='bbox 2903 2915 3013 2968; x_wconf 89' lang='lat' dir='ltr'><strong>quo</strong></span> <span class='ocrx_word' id='word_1_427' title='bbox 3055 2899 3139 2953; x_wconf 91' lang='lat' dir='ltr'><strong>his</strong></span> <span class='ocrx_word' id='word_1_428' title='bbox 3180 2899 3270 2969; x_wconf 89' lang='lat' dir='ltr'><strong>qui</strong></span> <span class='ocrx_word' id='word_1_429' title='bbox 3307 2898 3359 2950; x_wconf 94' lang='lat' dir='ltr'><strong>in</strong></span> <span class='ocrx_word' id='word_1_430' title='bbox 3400 2898 3647 2952; x_wconf 89' lang='lat' dir='ltr'><strong>cruciatu</strong></span> <span class='ocrx_word' id='word_1_431' title='bbox 3692 2911 3922 2951; x_wconf 88' lang='lat' dir='ltr'><strong>versan-</strong></span> 
     </span>
    </p>
   </div>
   <div class='ocr_carea' id='block_1_59' title="bbox 2341 2989 3918 3058">
    <p class='ocr_par' dir='ltr' id='par_1_59' title="bbox 2341 2989 3918 3058">
     <span class='ocr_line' id='line_1_59' title="bbox 2341 2989 3918 3058; baseline -0.003 -11"><span class='ocrx_word' id='word_1_432' title='bbox 2341 3006 2450 3057; x_wconf 89' lang='lat' dir='ltr'><strong>tur,</strong></span> <span class='ocrx_word' id='word_1_433' title='bbox 2487 2993 2706 3046; x_wconf 79' lang='lat' dir='ltr'><strong>diﬂicilc</strong></span> <span class='ocrx_word' id='word_1_434' title='bbox 2737 2999 2820 3046; x_wconf 88' lang='lat' dir='ltr'><strong>est</strong></span> <span class='ocrx_word' id='word_1_435' title='bbox 2849 2991 3146 3046; x_wconf 80' lang='lat' dir='ltr'><strong>ascendere</strong></span> <span class='ocrx_word' id='word_1_436' title='bbox 3172 3029 3186 3051; x_wconf 86' lang='lat'><strong>.</strong></span> <span class='ocrx_word' id='word_1_437' title='bbox 3214 3002 3266 3043; x_wconf 80' lang='lat' dir='ltr'><strong>et</strong></span> <span class='ocrx_word' id='word_1_438' title='bbox 3301 2989 3364 3042; x_wconf 84' lang='lat' dir='ltr'><strong>ad</strong></span> <span class='ocrx_word' id='word_1_439' title='bbox 3402 2998 3606 3042; x_wconf 76' lang='lat' dir='ltr'><strong>terram</strong></span> <span class='ocrx_word' id='word_1_440' title='bbox 3639 2989 3918 3058; x_wconf 89' lang='lat' dir='ltr'><strong>justorum</strong></span> 
     </span>
    </p>
   </div>
   <div class='ocr_carea' id='block_1_60' title="bbox 2342 3078 3920 3152">
    <p class='ocr_par' dir='ltr' id='par_1_60' title="bbox 2342 3078 3920 3152">
     <span class='ocr_line' id='line_1_60' title="bbox 2342 3078 3920 3152; baseline -0.004 -15"><span class='ocrx_word' id='word_1_441' title='bbox 2342 3095 2700 3138; x_wconf 88' lang='lat' dir='ltr'><strong>transmeare.</strong></span> <span class='ocrx_word' id='word_1_442' title='bbox 2745 3085 2950 3138; x_wconf 83' lang='lat' dir='ltr'><strong>Malunt</strong></span> <span class='ocrx_word' id='word_1_443' title='bbox 3002 3081 3270 3152; x_wconf 88' lang='lat' dir='ltr'><strong>siquidem</strong></span> <span class='ocrx_word' id='word_1_444' title='bbox 3306 3082 3357 3134; x_wconf 93' lang='lat' dir='ltr'><strong>in</strong></span> <span class='ocrx_word' id='word_1_445' title='bbox 3395 3081 3516 3149; x_wconf 81' lang='lat' dir='ltr'><strong>igne</strong></span> <span class='ocrx_word' id='word_1_446' title='bbox 3544 3096 3665 3133; x_wconf 87' lang='lat' dir='ltr'><strong>cum</strong></span> <span class='ocrx_word' id='word_1_447' title='bbox 3705 3078 3920 3133; x_wconf 87' lang='lat' dir='ltr'><strong>acerbi-</strong></span> 
     </span>
    </p>
   </div>
   <div class='ocr_carea' id='block_1_61' title="bbox 657 3167 3914 3242">
    <p class='ocr_par' dir='ltr' id='par_1_61' title="bbox 657 3167 3914 3242">
     <span class='ocr_line' id='line_1_61' title="bbox 657 3167 3914 3242; baseline 0.002 -25"><span class='ocrx_word' id='word_1_448' title='bbox 657 3180 778 3218; x_wconf 91' lang='lat' dir='ltr'><strong>rum</strong></span> <span class='ocrx_word' id='word_1_449' title='bbox 832 3181 936 3218; x_wconf 89' lang='lat' dir='ltr'><strong>non</strong></span> <span class='ocrx_word' id='word_1_450' title='bbox 1009 3167 1248 3233; x_wconf 80' lang='lat' dir='ltr'><strong>fulsisse,</strong></span> <span class='ocrx_word' id='word_1_451' title='bbox 1305 3184 1404 3222; x_wconf 86' lang='lat' dir='ltr'><strong>nec</strong></span> <span class='ocrx_word' id='word_1_452' title='bbox 1453 3170 1754 3226; x_wconf 90' lang='lat' dir='ltr'><strong>incoluisse</strong></span> <span class='ocrx_word' id='word_1_453' title='bbox 1804 3187 1997 3226; x_wconf 89' lang='lat' dir='ltr'><strong>eorum</strong></span> <span class='ocrx_word' id='word_1_454' title='bbox 2063 3175 2227 3228; x_wconf 89' lang='lat' dir='ltr'><strong>corda</strong></span> <span class='ocrx_word' id='word_1_455' title='bbox 2260 3181 2302 3237; x_wconf 66' lang='grc' dir='ltr'><strong>(ς</strong></span> <span class='ocrx_word' id='word_1_456' title='bbox 2341 3183 2452 3230; x_wconf 89' lang='lat' dir='ltr'><strong>tate</strong></span> <span class='ocrx_word' id='word_1_457' title='bbox 2484 3176 2537 3229; x_wconf 93' lang='lat' dir='ltr'><strong>in</strong></span> <span class='ocrx_word' id='word_1_458' title='bbox 2567 3175 2809 3229; x_wconf 83' lang='lat' dir='ltr'><strong>cinerem</strong></span> <span class='ocrx_word' id='word_1_459' title='bbox 2849 3174 3038 3242; x_wconf 85' lang='lat' dir='ltr'><strong>redigi,</strong></span> <span class='ocrx_word' id='word_1_460' title='bbox 3073 3187 3238 3241; x_wconf 91' lang='lat' dir='ltr'><strong>quam</strong></span> <span class='ocrx_word' id='word_1_461' title='bbox 3294 3172 3348 3224; x_wconf 93' lang='lat' dir='ltr'><strong>in</strong></span> <span class='ocrx_word' id='word_1_462' title='bbox 3392 3171 3557 3223; x_wconf 85' lang='lat' dir='ltr'><strong>chaos</strong></span> <span class='ocrx_word' id='word_1_463' title='bbox 3583 3169 3914 3223; x_wconf 88' lang='lat' dir='ltr'><strong>horrendum</strong></span> 
     </span>
    </p>
   </div>
   <div class='ocr_carea' id='block_1_62' title="bbox 656 3257 2230 3333">
    <p class='ocr_par' dir='ltr' id='par_1_62' title="bbox 656 3257 2230 3333">
     <span class='ocr_line' id='line_1_62' title="bbox 656 3257 2230 3333; baseline 0.005 -22"><span class='ocrx_word' id='word_1_464' title='bbox 656 3257 903 3318; x_wconf 83' lang='lat' dir='ltr'><strong>sordida,</strong></span> <span class='ocrx_word' id='word_1_465' title='bbox 941 3257 1260 3329; x_wconf 88' lang='lat' dir='ltr'><strong>frustraque</strong></span> <span class='ocrx_word' id='word_1_466' title='bbox 1303 3276 1398 3316; x_wconf 89' lang='lat' dir='ltr'><strong>eos</strong></span> <span class='ocrx_word' id='word_1_467' title='bbox 1447 3276 1586 3316; x_wconf 89' lang='lat' dir='ltr'><strong>vana</strong></span> <span class='ocrx_word' id='word_1_468' title='bbox 1623 3278 1718 3333; x_wconf 88' lang='lat' dir='ltr'><strong>spe</strong></span> <span class='ocrx_word' id='word_1_469' title='bbox 1764 3264 2063 3326; x_wconf 78' lang='lat' dir='ltr'><strong>exsultare,</strong></span> <span class='ocrx_word' id='word_1_470' title='bbox 2101 3265 2230 3319; x_wconf 92' lang='lat' dir='ltr'><strong>dum</strong></span> 
     </span>
    </p>
   </div>
   <div class='ocr_carea' id='block_1_63' title="bbox 657 3351 2235 3422">
    <p class='ocr_par' dir='ltr' id='par_1_63' title="bbox 657 3351 2235 3422">
     <span class='ocr_line' id='line_1_63' title="bbox 657 3351 2235 3422; baseline 0.009 -22"><span class='ocrx_word' id='word_1_471' title='bbox 657 3366 718 3402; x_wconf 78' lang='lat' dir='ltr'><strong>se</strong></span> <span class='ocrx_word' id='word_1_472' title='bbox 749 3360 871 3418; x_wconf 82' lang='lat' dir='ltr'><strong>post</strong></span> <span class='ocrx_word' id='word_1_473' title='bbox 908 3351 1068 3405; x_wconf 81' lang='lat' dir='ltr'><strong>finem</strong></span> <span class='ocrx_word' id='word_1_474' title='bbox 1107 3353 1267 3422; x_wconf 85' lang='lat' dir='ltr'><strong>hujus</strong></span> <span class='ocrx_word' id='word_1_475' title='bbox 1308 3354 1433 3409; x_wconf 74' lang='lat' dir='ltr'><strong>vita:</strong></span> <span class='ocrx_word' id='word_1_476' title='bbox 1481 3356 1664 3410; x_wconf 89' lang='lat' dir='ltr'><strong>lumen</strong></span> <span class='ocrx_word' id='word_1_477' title='bbox 1692 3366 1844 3412; x_wconf 91' lang='lat' dir='ltr'><strong>tuum</strong></span> <span class='ocrx_word' id='word_1_478' title='bbox 1884 3359 2106 3414; x_wconf 82' lang='lat' dir='ltr'><strong>visuros</strong></span> <span class='ocrx_word' id='word_1_479' title='bbox 2145 3376 2235 3414; x_wconf 92' lang='lat' dir='ltr'><strong>ar-</strong></span> 
     </span>
    </p>
   </div>
   <div class='ocr_carea' id='block_1_64' title="bbox 655 3441 2231 3517">
    <p class='ocr_par' dir='ltr' id='par_1_64' title="bbox 655 3441 2231 3517">
     <span class='ocr_line' id='line_1_64' title="bbox 655 3441 2231 3517; baseline 0.006 -23"><span class='ocrx_word' id='word_1_480' title='bbox 655 3442 949 3496; x_wconf 88' lang='lat' dir='ltr'><strong>bitrantur.</strong></span> <span class='ocrx_word' id='word_1_481' title='bbox 979 3441 1112 3496; x_wconf 88' lang='lat' dir='ltr'><strong>Nam</strong></span> <span class='ocrx_word' id='word_1_482' title='bbox 1147 3444 1365 3513; x_wconf 82' lang='lat' dir='ltr'><strong>pignus,</strong></span> <span class='ocrx_word' id='word_1_483' title='bbox 1400 3456 1453 3501; x_wconf 91' lang='lat' dir='ltr'><strong>et</strong></span> <span class='ocrx_word' id='word_1_484' title='bbox 1488 3447 1724 3517; x_wconf 85' lang='lat' dir='ltr'><strong>sigillum</strong></span> <span class='ocrx_word' id='word_1_485' title='bbox 1752 3490 1767 3514; x_wconf 93' lang='lat'><strong>,</strong></span> <span class='ocrx_word' id='word_1_486' title='bbox 1800 3465 1895 3505; x_wconf 89' lang='lat' dir='ltr'><strong>seu</strong></span> <span class='ocrx_word' id='word_1_487' title='bbox 1925 3462 2131 3506; x_wconf 87' lang='lat' dir='ltr'><strong>tessera</strong></span> <span class='ocrx_word' id='word_1_488' title='bbox 2167 3451 2231 3504; x_wconf 90' lang='lat' dir='ltr'><strong>ad</strong></span> 
     </span>
    </p>
   </div>
   <div class='ocr_carea' id='block_1_65' title="bbox 656 3535 2232 3611">
    <p class='ocr_par' dir='ltr' id='par_1_65' title="bbox 656 3535 2232 3611">
     <span class='ocr_line' id='line_1_65' title="bbox 656 3535 2232 3611; baseline 0.011 -28"><span class='ocrx_word' id='word_1_489' title='bbox 656 3535 937 3589; x_wconf 77' lang='lat' dir='ltr'><strong>dexteram</strong></span> <span class='ocrx_word' id='word_1_490' title='bbox 973 3535 1310 3592; x_wconf 87' lang='lat' dir='ltr'><strong>collocandis</strong></span> <span class='ocrx_word' id='word_1_491' title='bbox 1340 3540 1537 3595; x_wconf 90' lang='lat' dir='ltr'><strong>ovibus</strong></span> <span class='ocrx_word' id='word_1_492' title='bbox 1569 3541 1730 3611; x_wconf 89' lang='lat' dir='ltr'><strong>plane</strong></span> <span class='ocrx_word' id='word_1_493' title='bbox 1764 3543 1851 3598; x_wconf 88' lang='lat' dir='ltr'><strong>hic</strong></span> <span class='ocrx_word' id='word_1_494' title='bbox 1875 3543 1999 3598; x_wconf 89' lang='lat' dir='ltr'><strong>data</strong></span> <span class='ocrx_word' id='word_1_495' title='bbox 2038 3554 2142 3600; x_wconf 89' lang='lat' dir='ltr'><strong>est.</strong></span> <span class='ocrx_word' id='word_1_496' title='bbox 2175 3547 2232 3600; x_wconf 91' lang='lat' dir='ltr'><strong>Si</strong></span> 
     </span>
    </p>
   </div>
   <div class='ocr_carea' id='block_1_66' title="bbox 653 3626 2237 3695">
    <p class='ocr_par' dir='ltr' id='par_1_66' title="bbox 653 3626 2237 3695">
     <span class='ocr_line' id='line_1_66' title="bbox 653 3626 2237 3695; baseline 0.008 -17"><span class='ocrx_word' id='word_1_497' title='bbox 653 3626 800 3679; x_wconf 76' lang='lat' dir='ltr'><strong>enim</strong></span> <span class='ocrx_word' id='word_1_498' title='bbox 845 3629 1219 3695; x_wconf 84' lang='lat' dir='ltr'><strong>unusquisque</strong></span> <span class='ocrx_word' id='word_1_499' title='bbox 1252 3643 1480 3686; x_wconf 89' lang='lat' dir='ltr'><strong>mortem</strong></span> <span class='ocrx_word' id='word_1_500' title='bbox 1514 3633 1568 3687; x_wconf 93' lang='lat' dir='ltr'><strong>in</strong></span> <span class='ocrx_word' id='word_1_501' title='bbox 1598 3649 1657 3689; x_wconf 92' lang='lat' dir='ltr'><strong>se</strong></span> <span class='ocrx_word' id='word_1_502' title='bbox 1690 3635 1959 3691; x_wconf 89' lang='lat' dir='ltr'><strong>inclusam</strong></span> <span class='ocrx_word' id='word_1_503' title='bbox 1999 3638 2237 3691; x_wconf 83' lang='lat' dir='ltr'><strong>circum-</strong></span> 
     </span>
    </p>
   </div>
   <div class='ocr_carea' id='block_1_67' title="bbox 658 3716 2234 3796">
    <p class='ocr_par' dir='ltr' id='par_1_67' title="bbox 658 3716 2234 3796">
     <span class='ocr_line' id='line_1_67' title="bbox 658 3716 2234 3796; baseline 0.01 -27"><span class='ocrx_word' id='word_1_504' title='bbox 658 3716 782 3782; x_wconf 72' lang='lat' dir='ltr'><strong>forti,</strong></span> <span class='ocrx_word' id='word_1_505' title='bbox 814 3726 869 3772; x_wconf 92' lang='lat' dir='ltr'><strong>et</strong></span> <span class='ocrx_word' id='word_1_506' title='bbox 913 3728 1038 3785; x_wconf 87' lang='lat' dir='ltr'><strong>post</strong></span> <span class='ocrx_word' id='word_1_507' title='bbox 1089 3729 1318 3776; x_wconf 89' lang='lat' dir='ltr'><strong>mortem</strong></span> <span class='ocrx_word' id='word_1_508' title='bbox 1370 3723 1628 3779; x_wconf 90' lang='lat' dir='ltr'><strong>omnibus</strong></span> <span class='ocrx_word' id='word_1_509' title='bbox 1679 3741 1744 3780; x_wconf 83' lang='lat' dir='ltr'><strong>ex</strong></span> <span class='ocrx_word' id='word_1_510' title='bbox 1789 3741 1944 3796; x_wconf 79' lang='lat' dir='ltr'><strong>aequo</strong></span> <span class='ocrx_word' id='word_1_511' title='bbox 2001 3727 2234 3784; x_wconf 87' lang='lat' dir='ltr'><strong>facultas</strong></span> 
     </span>
    </p>
   </div>
   <div class='ocr_carea' id='block_1_68' title="bbox 655 3807 2233 3888">
    <p class='ocr_par' dir='ltr' id='par_1_68' title="bbox 655 3807 2233 3888">
     <span class='ocr_line' id='line_1_68' title="bbox 655 3807 2233 3888; baseline 0.013 -34"><span class='ocrx_word' id='word_1_512' title='bbox 655 3807 920 3874; x_wconf 78' lang='lat' dir='ltr'><strong>nperandi</strong></span> <span class='ocrx_word' id='word_1_513' title='bbox 953 3809 1148 3874; x_wconf 89' lang='lat' dir='ltr'><strong>deerit,</strong></span> <span class='ocrx_word' id='word_1_514' title='bbox 1174 3820 1227 3865; x_wconf 94' lang='lat' dir='ltr'><strong>et</strong></span> <span class='ocrx_word' id='word_1_515' title='bbox 1258 3828 1420 3866; x_wconf 92' lang='lat' dir='ltr'><strong>nemo</strong></span> <span class='ocrx_word' id='word_1_516' title='bbox 1453 3829 1548 3870; x_wconf 90' lang='lat' dir='ltr'><strong>seu</strong></span> <span class='ocrx_word' id='word_1_517' title='bbox 1579 3816 1729 3882; x_wconf 86' lang='lat' dir='ltr'><strong>boni,</strong></span> <span class='ocrx_word' id='word_1_518' title='bbox 1759 3833 1856 3873; x_wconf 86' lang='lat' dir='ltr'><strong>seu</strong></span> <span class='ocrx_word' id='word_1_519' title='bbox 1904 3820 2028 3872; x_wconf 87' lang='lat' dir='ltr'><strong>ntali</strong></span> <span class='ocrx_word' id='word_1_520' title='bbox 2065 3820 2233 3888; x_wconf 86' lang='lat' dir='ltr'><strong>quid-</strong></span> 
     </span>
    </p>
   </div>
   <div class='ocr_carea' id='block_1_69' title="bbox 656 3898 2226 3976">
    <p class='ocr_par' dir='ltr' id='par_1_69' title="bbox 656 3898 2226 3976">
     <span class='ocr_line' id='line_1_69' title="bbox 656 3898 2226 3976; baseline 0.012 -29"><span class='ocrx_word' id='word_1_521' title='bbox 656 3898 799 3962; x_wconf 76' lang='lat' dir='ltr'><strong>p’am</strong></span> <span class='ocrx_word' id='word_1_522' title='bbox 826 3912 988 3966; x_wconf 80' lang='lat' dir='ltr'><strong>agere</strong></span> <span class='ocrx_word' id='word_1_523' title='bbox 1021 3901 1240 3967; x_wconf 89' lang='lat' dir='ltr'><strong>poterit,</strong></span> <span class='ocrx_word' id='word_1_524' title='bbox 1268 3903 1494 3971; x_wconf 89' lang='lat' dir='ltr'><strong>quilibet</strong></span> <span class='ocrx_word' id='word_1_525' title='bbox 1523 3905 1734 3976; x_wconf 89' lang='lat' dir='ltr'><strong>utique,</strong></span> <span class='ocrx_word' id='word_1_526' title='bbox 1775 3909 1956 3976; x_wconf 83' lang='lat' dir='ltr'><strong>qualis</strong></span> <span class='ocrx_word' id='word_1_527' title='bbox 1987 3919 2101 3964; x_wconf 91' lang='lat' dir='ltr'><strong>tum</strong></span> <span class='ocrx_word' id='word_1_528' title='bbox 2144 3913 2226 3966; x_wconf 87' lang='lat' dir='ltr'><strong>in-</strong></span> 
     </span>
    </p>
   </div>
   <div class='ocr_carea' id='block_1_70' title="bbox 657 3986 2230 4069">
    <p class='ocr_par' dir='ltr' id='par_1_70' title="bbox 657 3986 2230 4069">
     <span class='ocr_line' id='line_1_70' title="bbox 657 3986 2230 4069; baseline 0.011 -32"><span class='ocrx_word' id='word_1_529' title='bbox 657 3997 852 4040; x_wconf 72' lang='lat' dir='ltr'><strong>ventus</strong></span> <span class='ocrx_word' id='word_1_530' title='bbox 886 3986 1070 4054; x_wconf 89' lang='lat' dir='ltr'><strong>fuerit,</strong></span> <span class='ocrx_word' id='word_1_531' title='bbox 1113 3990 1237 4044; x_wconf 89' lang='lat' dir='ltr'><strong>talis</strong></span> <span class='ocrx_word' id='word_1_532' title='bbox 1271 3991 1395 4044; x_wconf 86' lang='lat' dir='ltr'><strong>erit.</strong></span> <span class='ocrx_word' id='word_1_533' title='bbox 1433 3990 1580 4048; x_wconf 87' lang='lat' dir='ltr'><strong>Istud</strong></span> <span class='ocrx_word' id='word_1_534' title='bbox 1623 4005 1731 4060; x_wconf 89' lang='lat' dir='ltr'><strong>est,</strong></span> <span class='ocrx_word' id='word_1_535' title='bbox 1781 3994 2032 4060; x_wconf 88' lang='lat' dir='ltr'><strong>Domine.</strong></span> <span class='ocrx_word' id='word_1_536' title='bbox 2083 4001 2230 4069; x_wconf 92' lang='lat' dir='ltr'><strong>quod</strong></span> 
     </span>
    </p>
   </div>
   <div class='ocr_carea' id='block_1_71' title="bbox 657 4076 2231 4153">
    <p class='ocr_par' dir='ltr' id='par_1_71' title="bbox 657 4076 2231 4153">
     <span class='ocr_line' id='line_1_71' title="bbox 657 4076 2231 4153; baseline 0.011 -25"><span class='ocrx_word' id='word_1_537' title='bbox 657 4076 791 4130; x_wconf 86' lang='lat' dir='ltr'><strong>mihi</strong></span> <span class='ocrx_word' id='word_1_538' title='bbox 839 4084 1103 4132; x_wconf 89' lang='lat' dir='ltr'><strong>terrorem</strong></span> <span class='ocrx_word' id='word_1_539' title='bbox 1141 4088 1550 4153; x_wconf 84' lang='lat' dir='ltr'><strong>tremoremque</strong></span> <span class='ocrx_word' id='word_1_540' title='bbox 1600 4087 1815 4142; x_wconf 89' lang='lat' dir='ltr'><strong>incutit.</strong></span> <span class='ocrx_word' id='word_1_541' title='bbox 1854 4089 2003 4143; x_wconf 84' lang='lat' dir='ltr'><strong>istud</strong></span> <span class='ocrx_word' id='word_1_542' title='bbox 2039 4105 2231 4148; x_wconf 91' lang='lat' dir='ltr'><strong>omnes</strong></span> 
     </span>
    </p>
   </div>
   <div class='ocr_carea' id='block_1_72' title="bbox 652 4173 2226 4248">
    <p class='ocr_par' dir='ltr' id='par_1_72' title="bbox 652 4173 2226 4248">
     <span class='ocr_line' id='line_1_72' title="bbox 652 4173 2226 4248; baseline 0.01 -26"><span class='ocrx_word' id='word_1_543' title='bbox 652 4184 851 4225; x_wconf 84' lang='lat' dir='ltr'><strong>sensus</strong></span> <span class='ocrx_word' id='word_1_544' title='bbox 883 4187 1034 4226; x_wconf 88' lang='lat' dir='ltr'><strong>meos</strong></span> <span class='ocrx_word' id='word_1_545' title='bbox 1065 4173 1346 4230; x_wconf 85' lang='lat' dir='ltr'><strong>tabefacit.</strong></span> <span class='ocrx_word' id='word_1_546' title='bbox 1381 4177 1551 4232; x_wconf 83' lang='lat' dir='ltr'><strong>Sicuti</strong></span> <span class='ocrx_word' id='word_1_547' title='bbox 1608 4194 1786 4235; x_wconf 72' lang='lat' dir='ltr'><strong>cazcus</strong></span> <span class='ocrx_word' id='word_1_548' title='bbox 1829 4181 1941 4236; x_wconf 85' lang='lat' dir='ltr'><strong>fato</strong></span> <span class='ocrx_word' id='word_1_549' title='bbox 1984 4182 2226 4248; x_wconf 91' lang='lat' dir='ltr'><strong>functus,</strong></span> 
     </span>
    </p>
   </div>
   <div class='ocr_carea' id='block_1_73' title="bbox 651 4261 2231 4336">
    <p class='ocr_par' dir='ltr' id='par_1_73' title="bbox 651 4261 2231 4336">
     <span class='ocr_line' id='line_1_73' title="bbox 651 4261 2231 4336; baseline 0.012 -26"><span class='ocrx_word' id='word_1_550' title='bbox 651 4269 707 4312; x_wconf 82' lang='lat' dir='ltr'><strong>et</strong></span> <span class='ocrx_word' id='word_1_551' title='bbox 740 4261 867 4316; x_wconf 85' lang='lat' dir='ltr'><strong>illuc</strong></span> <span class='ocrx_word' id='word_1_552' title='bbox 894 4266 1213 4330; x_wconf 83' lang='lat' dir='ltr'><strong>translatus,</strong></span> <span class='ocrx_word' id='word_1_553' title='bbox 1253 4283 1530 4336; x_wconf 88' lang='lat' dir='ltr'><strong>nunquam</strong></span> <span class='ocrx_word' id='word_1_554' title='bbox 1565 4271 1733 4326; x_wconf 91' lang='lat' dir='ltr'><strong>solem</strong></span> <span class='ocrx_word' id='word_1_555' title='bbox 1771 4272 1916 4327; x_wconf 91' lang='lat' dir='ltr'><strong>hunc</strong></span> <span class='ocrx_word' id='word_1_556' title='bbox 1942 4289 2103 4328; x_wconf 89' lang='lat' dir='ltr'><strong>sensu</strong></span> <span class='ocrx_word' id='word_1_557' title='bbox 2147 4278 2231 4328; x_wconf 85' lang='lat' dir='ltr'><strong>vi-</strong></span> 
     </span>
    </p>
   </div>
   <div class='ocr_carea' id='block_1_74' title="bbox 654 4350 2226 4428">
    <p class='ocr_par' dir='ltr' id='par_1_74' title="bbox 654 4350 2226 4428">
     <span class='ocr_line' id='line_1_74' title="bbox 654 4350 2226 4428; baseline 0.011 -28"><span class='ocrx_word' id='word_1_558' title='bbox 654 4350 813 4402; x_wconf 89' lang='lat' dir='ltr'><strong>vendi</strong></span> <span class='ocrx_word' id='word_1_559' title='bbox 850 4355 1179 4420; x_wconf 89' lang='lat' dir='ltr'><strong>usurpavit,</strong></span> <span class='ocrx_word' id='word_1_560' title='bbox 1217 4357 1468 4424; x_wconf 82' lang='lat' dir='ltr'><strong>quamvis</strong></span> <span class='ocrx_word' id='word_1_561' title='bbox 1516 4360 1643 4412; x_wconf 91' lang='lat' dir='ltr'><strong>olim</strong></span> <span class='ocrx_word' id='word_1_562' title='bbox 1685 4362 1740 4413; x_wconf 89' lang='lat' dir='ltr'><strong>in</strong></span> <span class='ocrx_word' id='word_1_563' title='bbox 1790 4363 1954 4414; x_wconf 91' lang='lat' dir='ltr'><strong>vitam</strong></span> <span class='ocrx_word' id='word_1_564' title='bbox 1989 4362 2226 4428; x_wconf 88' lang='lat' dir='ltr'><strong>rediens,</strong></span> 
     </span>
    </p>
   </div>
   <div class='ocr_carea' id='block_1_75' title="bbox 653 4439 2226 4517">
    <p class='ocr_par' dir='ltr' id='par_1_75' title="bbox 653 4439 2226 4517">
     <span class='ocr_line' id='line_1_75' title="bbox 653 4439 2226 4517; baseline 0.01 -26"><span class='ocrx_word' id='word_1_565' title='bbox 653 4439 860 4493; x_wconf 88' lang='lat' dir='ltr'><strong>lumina</strong></span> <span class='ocrx_word' id='word_1_566' title='bbox 898 4445 1164 4511; x_wconf 71' lang='lat' dir='ltr'><strong>receperit</strong></span> <span class='ocrx_word' id='word_1_567' title='bbox 1195 4460 1210 4498; x_wconf 89' lang='lat'><strong>:</strong></span> <span class='ocrx_word' id='word_1_568' title='bbox 1248 4445 1319 4498; x_wconf 89' lang='lat' dir='ltr'><strong>ita</strong></span> <span class='ocrx_word' id='word_1_569' title='bbox 1359 4462 1532 4516; x_wconf 88' lang='lat' dir='ltr'><strong>neque</strong></span> <span class='ocrx_word' id='word_1_570' title='bbox 1570 4449 1815 4517; x_wconf 85' lang='lat' dir='ltr'><strong>quicum</strong></span> <span class='ocrx_word' id='word_1_571' title='bbox 1854 4461 2035 4506; x_wconf 91' lang='lat' dir='ltr'><strong>mente</strong></span> <span class='ocrx_word' id='word_1_572' title='bbox 2085 4469 2226 4506; x_wconf 64' lang='lat' dir='ltr'><strong>caeca</strong></span> 
     </span>
    </p>
   </div>
   <div class='ocr_carea' id='block_1_76' title="bbox 651 4530 2226 4608">
    <p class='ocr_par' dir='ltr' id='par_1_76' title="bbox 651 4530 2226 4608">
     <span class='ocr_line' id='line_1_76' title="bbox 651 4530 2226 4608; baseline 0.01 -26"><span class='ocrx_word' id='word_1_573' title='bbox 651 4530 794 4582; x_wconf 88' lang='lat' dir='ltr'><strong>diem</strong></span> <span class='ocrx_word' id='word_1_574' title='bbox 819 4540 1122 4586; x_wconf 82' lang='lat' dir='ltr'><strong>extremum</strong></span> <span class='ocrx_word' id='word_1_575' title='bbox 1159 4536 1376 4601; x_wconf 90' lang='lat' dir='ltr'><strong>obierit,</strong></span> <span class='ocrx_word' id='word_1_576' title='bbox 1414 4545 1466 4592; x_wconf 86' lang='lat' dir='ltr'><strong>te</strong></span> <span class='ocrx_word' id='word_1_577' title='bbox 1497 4539 1697 4604; x_wconf 88' lang='lat' dir='ltr'><strong>solem,</strong></span> <span class='ocrx_word' id='word_1_578' title='bbox 1723 4540 2096 4608; x_wconf 73' lang='lat' dir='ltr'><strong>intelligentia:</strong></span> <span class='ocrx_word' id='word_1_579' title='bbox 2123 4545 2226 4598; x_wconf 91' lang='lat' dir='ltr'><strong>soli</strong></span> 
     </span>
    </p>
   </div>
   <div class='ocr_carea' id='block_1_77' title="bbox 653 4624 2226 4702">
    <p class='ocr_par' dir='ltr' id='par_1_77' title="bbox 653 4624 2226 4702">
     <span class='ocr_line' id='line_1_77' title="bbox 653 4624 2226 4702; baseline 0.011 -29"><span class='ocrx_word' id='word_1_580' title='bbox 653 4631 965 4689; x_wconf 87' lang='lat' dir='ltr'><strong>parentem,</strong></span> <span class='ocrx_word' id='word_1_581' title='bbox 1007 4624 1147 4678; x_wconf 84' lang='lat' dir='ltr'><strong>Deus</strong></span> <span class='ocrx_word' id='word_1_582' title='bbox 1187 4642 1361 4691; x_wconf 88' lang='lat' dir='ltr'><strong>meus,</strong></span> <span class='ocrx_word' id='word_1_583' title='bbox 1397 4629 1723 4695; x_wconf 85' lang='lat' dir='ltr'><strong>intuebitur,</strong></span> <span class='ocrx_word' id='word_1_584' title='bbox 1771 4630 1866 4684; x_wconf 86' lang='lat' dir='ltr'><strong>sed</strong></span> <span class='ocrx_word' id='word_1_585' title='bbox 1903 4647 2165 4702; x_wconf 86' lang='lat' dir='ltr'><strong>egressus</strong></span> <span class='ocrx_word' id='word_1_586' title='bbox 2196 4652 2226 4690; x_wconf 88' lang='lat' dir='ltr'><strong>e</strong></span> 
     </span>
    </p>
   </div>
   <div class='ocr_carea' id='block_1_78' title="bbox 651 4713 2225 4790">
    <p class='ocr_par' dir='ltr' id='par_1_78' title="bbox 651 4713 2225 4790">
     <span class='ocr_line' id='line_1_78' title="bbox 651 4713 2225 4790; baseline 0.01 -27"><span class='ocrx_word' id='word_1_587' title='bbox 651 4713 891 4767; x_wconf 88' lang='lat' dir='ltr'><strong>tenebris</strong></span> <span class='ocrx_word' id='word_1_588' title='bbox 922 4714 1187 4770; x_wconf 88' lang='lat' dir='ltr'><strong>habitabit</strong></span> <span class='ocrx_word' id='word_1_589' title='bbox 1214 4718 1266 4770; x_wconf 91' lang='lat' dir='ltr'><strong>in</strong></span> <span class='ocrx_word' id='word_1_590' title='bbox 1294 4721 1554 4785; x_wconf 85' lang='lat' dir='ltr'><strong>tenebris,</strong></span> <span class='ocrx_word' id='word_1_591' title='bbox 1589 4729 1751 4790; x_wconf 87' lang='lat' dir='ltr'><strong>atque</strong></span> <span class='ocrx_word' id='word_1_592' title='bbox 1776 4723 1828 4776; x_wconf 92' lang='lat' dir='ltr'><strong>in</strong></span> <span class='ocrx_word' id='word_1_593' title='bbox 1858 4738 2021 4778; x_wconf 90' lang='lat' dir='ltr'><strong>omne</strong></span> <span class='ocrx_word' id='word_1_594' title='bbox 2050 4742 2225 4780; x_wconf 56' lang='lat' dir='ltr'><strong>aevum</strong></span> 
     </span>
    </p>
   </div>
   <div class='ocr_carea' id='block_1_79' title="bbox 649 4807 2227 4879">
    <p class='ocr_par' dir='ltr' id='par_1_79' title="bbox 649 4807 2227 4879">
     <span class='ocr_line' id='line_1_79' title="bbox 649 4807 2227 4879; baseline 0.01 -24"><span class='ocrx_word' id='word_1_595' title='bbox 649 4818 680 4855; x_wconf 90' lang='lat' dir='ltr'><strong>a</strong></span> <span class='ocrx_word' id='word_1_596' title='bbox 713 4811 765 4856; x_wconf 85' lang='lat' dir='ltr'><strong>te</strong></span> <span class='ocrx_word' id='word_1_597' title='bbox 799 4807 1160 4872; x_wconf 88' lang='lat' dir='ltr'><strong>separabitur.</strong></span> <span class='ocrx_word' id='word_1_598' title='bbox 1205 4807 1375 4863; x_wconf 84' lang='lat' dir='ltr'><strong>Nemo</strong></span> <span class='ocrx_word' id='word_1_599' title='bbox 1429 4811 1710 4864; x_wconf 86' lang='lat' dir='ltr'><strong>hominum</strong></span> <span class='ocrx_word' id='word_1_600' title='bbox 1739 4856 1754 4879; x_wconf 93' lang='lat'><strong>,</strong></span> <span class='ocrx_word' id='word_1_601' title='bbox 1795 4812 2044 4879; x_wconf 84' lang='lat' dir='ltr'><strong>Domine,</strong></span> <span class='ocrx_word' id='word_1_602' title='bbox 2079 4818 2132 4870; x_wconf 93' lang='lat' dir='ltr'><strong>in</strong></span> <span class='ocrx_word' id='word_1_603' title='bbox 2176 4827 2227 4872; x_wconf 88' lang='lat' dir='ltr'><strong>te</strong></span> 
     </span>
    </p>
   </div>
   <div class='ocr_carea' id='block_1_80' title="bbox 649 4895 2223 4974">
    <p class='ocr_par' dir='ltr' id='par_1_80' title="bbox 649 4895 2223 4974">
     <span class='ocr_line' id='line_1_80' title="bbox 649 4895 2223 4974; baseline 0.009 -27"><span class='ocrx_word' id='word_1_604' title='bbox 649 4895 1012 4960; x_wconf 87' lang='lat' dir='ltr'><strong>credentium,</strong></span> <span class='ocrx_word' id='word_1_605' title='bbox 1076 4914 1236 4954; x_wconf 90' lang='lat' dir='ltr'><strong>nemo</strong></span> <span class='ocrx_word' id='word_1_606' title='bbox 1291 4902 1343 4955; x_wconf 92' lang='lat' dir='ltr'><strong>in</strong></span> <span class='ocrx_word' id='word_1_607' title='bbox 1405 4907 1626 4957; x_wconf 86' lang='lat' dir='ltr'><strong>nomine</strong></span> <span class='ocrx_word' id='word_1_608' title='bbox 1651 4912 1746 4958; x_wconf 87' lang='lat' dir='ltr'><strong>tuo</strong></span> <span class='ocrx_word' id='word_1_609' title='bbox 1801 4905 2223 4974; x_wconf 86' lang='lat' dir='ltr'><strong>baptizatorum,</strong></span> 
     </span>
    </p>
   </div>
   <div class='ocr_carea' id='block_1_81' title="bbox 651 4989 2220 5065">
    <p class='ocr_par' dir='ltr' id='par_1_81' title="bbox 651 4989 2220 5065">
     <span class='ocr_line' id='line_1_81' title="bbox 651 4989 2220 5065; baseline 0.009 -26"><span class='ocrx_word' id='word_1_610' title='bbox 651 5003 907 5056; x_wconf 81' lang='lat' dir='ltr'><strong>magnum</strong></span> <span class='ocrx_word' id='word_1_611' title='bbox 939 4989 1043 5044; x_wconf 83' lang='lat' dir='ltr'><strong>hoc</strong></span> <span class='ocrx_word' id='word_1_612' title='bbox 1075 5000 1128 5045; x_wconf 91' lang='lat' dir='ltr'><strong>et</strong></span> <span class='ocrx_word' id='word_1_613' title='bbox 1174 4992 1419 5051; x_wconf 82' lang='lat' dir='ltr'><strong>horroris</strong></span> <span class='ocrx_word' id='word_1_614' title='bbox 1455 4997 1672 5065; x_wconf 88' lang='lat' dir='ltr'><strong>plenum</strong></span> <span class='ocrx_word' id='word_1_615' title='bbox 1723 5013 1864 5052; x_wconf 89' lang='lat' dir='ltr'><strong>onus</strong></span> <span class='ocrx_word' id='word_1_616' title='bbox 1909 5002 2220 5063; x_wconf 88' lang='lat' dir='ltr'><strong>sustinebit,</strong></span> 
     </span>
    </p>
   </div>
   <div class='ocr_carea' id='block_1_82' title="bbox 653 5084 2221 5156">
    <p class='ocr_par' dir='ltr' id='par_1_82' title="bbox 653 5084 2221 5156">
     <span class='ocr_line' id='line_1_82' title="bbox 653 5084 2221 5156; baseline 0.009 -24"><span class='ocrx_word' id='word_1_617' title='bbox 653 5090 711 5132; x_wconf 94' lang='lat' dir='ltr'><strong>ut</strong></span> <span class='ocrx_word' id='word_1_618' title='bbox 738 5084 835 5135; x_wconf 88' lang='lat' dir='ltr'><strong>abs</strong></span> <span class='ocrx_word' id='word_1_619' title='bbox 871 5089 923 5135; x_wconf 91' lang='lat' dir='ltr'><strong>te</strong></span> <span class='ocrx_word' id='word_1_620' title='bbox 958 5094 1265 5151; x_wconf 88' lang='lat' dir='ltr'><strong>separetur.</strong></span> <span class='ocrx_word' id='word_1_621' title='bbox 1308 5085 1429 5139; x_wconf 90' lang='lat' dir='ltr'><strong>Dira</strong></span> <span class='ocrx_word' id='word_1_622' title='bbox 1474 5098 1561 5142; x_wconf 88' lang='lat' dir='ltr'><strong>est</strong></span> <span class='ocrx_word' id='word_1_623' title='bbox 1596 5090 1741 5144; x_wconf 90' lang='lat' dir='ltr'><strong>enim</strong></span> <span class='ocrx_word' id='word_1_624' title='bbox 1768 5090 1882 5144; x_wconf 84' lang='lat' dir='ltr'><strong>ista</strong></span> <span class='ocrx_word' id='word_1_625' title='bbox 1918 5093 2221 5156; x_wconf 88' lang='lat' dir='ltr'><strong>tribu!atio,</strong></span> 
     </span>
    </p>
   </div>
   <div class='ocr_carea' id='block_1_83' title="bbox 652 5169 2220 5248">
    <p class='ocr_par' dir='ltr' id='par_1_83' title="bbox 652 5169 2220 5248">
     <span class='ocr_line' id='line_1_83' title="bbox 652 5169 2220 5248; baseline 0.01 -25"><span class='ocrx_word' id='word_1_626' title='bbox 652 5169 794 5233; x_wconf 90' lang='lat' dir='ltr'><strong>dira,</strong></span> <span class='ocrx_word' id='word_1_627' title='bbox 837 5179 890 5226; x_wconf 84' lang='lat' dir='ltr'><strong>et</strong></span> <span class='ocrx_word' id='word_1_628' title='bbox 937 5173 1304 5238; x_wconf 86' lang='lat' dir='ltr'><strong>intoleranda,</strong></span> <span class='ocrx_word' id='word_1_629' title='bbox 1339 5187 1392 5230; x_wconf 77' lang='lat' dir='ltr'><strong>et</strong></span> <span class='ocrx_word' id='word_1_630' title='bbox 1440 5190 1640 5233; x_wconf 77' lang='lat' dir='ltr'><strong>:eterna</strong></span> <span class='ocrx_word' id='word_1_631' title='bbox 1696 5183 2036 5236; x_wconf 72' lang='lat' dir='ltr'><strong>mmstitttdo.</strong></span> <span class='ocrx_word' id='word_1_632' title='bbox 2081 5184 2220 5248; x_wconf 88' lang='lat' dir='ltr'><strong>Quid</strong></span> 
     </span>
    </p>
   </div>
   <div class='ocr_carea' id='block_1_84' title="bbox 658 5265 2224 5343">
    <p class='ocr_par' dir='ltr' id='par_1_84' title="bbox 658 5265 2224 5343">
     <span class='ocr_line' id='line_1_84' title="bbox 658 5265 2224 5343; baseline 0.01 -29"><span class='ocrx_word' id='word_1_633' title='bbox 658 5277 910 5330; x_wconf 88' lang='lat' dir='ltr'><strong>namque,</strong></span> <span class='ocrx_word' id='word_1_634' title='bbox 953 5265 1201 5320; x_wconf 87' lang='lat' dir='ltr'><strong>Salvator</strong></span> <span class='ocrx_word' id='word_1_635' title='bbox 1235 5270 1327 5333; x_wconf 91' lang='lat' dir='ltr'><strong>mi,</strong></span> <span class='ocrx_word' id='word_1_636' title='bbox 1366 5270 1515 5338; x_wconf 70' lang='lat' dir='ltr'><strong>pejus</strong></span> <span class='ocrx_word' id='word_1_637' title='bbox 1543 5287 1666 5326; x_wconf 90' lang='lat' dir='ltr'><strong>esse</strong></span> <span class='ocrx_word' id='word_1_638' title='bbox 1703 5283 1901 5342; x_wconf 89' lang='lat' dir='ltr'><strong>potest,</strong></span> <span class='ocrx_word' id='word_1_639' title='bbox 1931 5289 2095 5343; x_wconf 89' lang='lat' dir='ltr'><strong>quam</strong></span> <span class='ocrx_word' id='word_1_640' title='bbox 2126 5277 2224 5330; x_wconf 91' lang='lat' dir='ltr'><strong>abs</strong></span> 
     </span>
    </p>
   </div>
   <div class='ocr_carea' id='block_1_85' title="bbox 658 5354 2223 5436">
    <p class='ocr_par' dir='ltr' id='par_1_85' title="bbox 658 5354 2223 5436">
     <span class='ocr_line' id='line_1_85' title="bbox 658 5354 2223 5436; baseline 0.01 -30"><span class='ocrx_word' id='word_1_641' title='bbox 658 5362 708 5406; x_wconf 90' lang='lat' dir='ltr'><strong>te</strong></span> <span class='ocrx_word' id='word_1_642' title='bbox 727 5354 932 5418; x_wconf 76' lang='lat' dir='ltr'><strong>divelli,</strong></span> <span class='ocrx_word' id='word_1_643' title='bbox 959 5367 1120 5426; x_wconf 87' lang='lat' dir='ltr'><strong>atque</strong></span> <span class='ocrx_word' id='word_1_644' title='bbox 1144 5359 1394 5431; x_wconf 85' lang='lat' dir='ltr'><strong>sejungi?</strong></span> <span class='ocrx_word' id='word_1_645' title='bbox 1421 5364 1551 5431; x_wconf 87' lang='lat' dir='ltr'><strong>quid</strong></span> <span class='ocrx_word' id='word_1_646' title='bbox 1592 5365 1969 5431; x_wconf 86' lang='lat' dir='ltr'><strong>cruciabilius,</strong></span> <span class='ocrx_word' id='word_1_647' title='bbox 2004 5382 2164 5436; x_wconf 90' lang='lat' dir='ltr'><strong>quam</strong></span> <span class='ocrx_word' id='word_1_648' title='bbox 2194 5383 2223 5422; x_wconf 88' lang='lat' dir='ltr'><strong>a</strong></span> 
     </span>
    </p>
   </div>
   <div class='ocr_carea' id='block_1_86' title="bbox 654 5444 2216 5527">
    <p class='ocr_par' dir='ltr' id='par_1_86' title="bbox 654 5444 2216 5527">
     <span class='ocr_line' id='line_1_86' title="bbox 654 5444 2216 5527; baseline 0.014 -36"><span class='ocrx_word' id='word_1_649' title='bbox 654 5445 762 5497; x_wconf 83' lang='lat' dir='ltr'><strong>vita</strong></span> <span class='ocrx_word' id='word_1_650' title='bbox 797 5444 1134 5514; x_wconf 87' lang='lat' dir='ltr'><strong>disjunctum</strong></span> <span class='ocrx_word' id='word_1_651' title='bbox 1171 5450 1280 5504; x_wconf 88' lang='lat' dir='ltr'><strong>illic</strong></span> <span class='ocrx_word' id='word_1_652' title='bbox 1317 5453 1503 5509; x_wconf 86' lang='lat' dir='ltr'><strong>vivere</strong></span> <span class='ocrx_word' id='word_1_653' title='bbox 1535 5456 1712 5510; x_wconf 86' lang='lat' dir='ltr'><strong>instar</strong></span> <span class='ocrx_word' id='word_1_654' title='bbox 1751 5458 1952 5511; x_wconf 72' lang='lat' dir='ltr'><strong>mortui</strong></span> <span class='ocrx_word' id='word_1_655' title='bbox 1980 5497 1995 5521; x_wconf 90' lang='lat'><strong>,</strong></span> <span class='ocrx_word' id='word_1_656' title='bbox 2029 5460 2216 5527; x_wconf 84' lang='lat' dir='ltr'><strong>priva-</strong></span> 
     </span>
    </p>
   </div>
   <div class='ocr_carea' id='block_1_87' title="bbox 656 5537 2218 5608">
    <p class='ocr_par' dir='ltr' id='par_1_87' title="bbox 656 5537 2218 5608">
     <span class='ocr_line' id='line_1_87' title="bbox 656 5537 2218 5608; baseline 0.012 -23"><span class='ocrx_word' id='word_1_657' title='bbox 656 5542 879 5603; x_wconf 90' lang='lat' dir='ltr'><strong>tumque</strong></span> <span class='ocrx_word' id='word_1_658' title='bbox 919 5537 1048 5601; x_wconf 93' lang='lat' dir='ltr'><strong>vita,</strong></span> <span class='ocrx_word' id='word_1_659' title='bbox 1087 5541 1289 5608; x_wconf 87' lang='lat' dir='ltr'><strong>privari</strong></span> <span class='ocrx_word' id='word_1_660' title='bbox 1325 5545 1486 5598; x_wconf 88' lang='lat' dir='ltr'><strong>simul</strong></span> <span class='ocrx_word' id='word_1_661' title='bbox 1529 5546 1687 5602; x_wconf 88' lang='lat' dir='ltr'><strong>bonis</strong></span> <span class='ocrx_word' id='word_1_662' title='bbox 1733 5549 2050 5604; x_wconf 82' lang='lat' dir='ltr'><strong>universis?</strong></span> <span class='ocrx_word' id='word_1_663' title='bbox 2082 5547 2218 5605; x_wconf 86' lang='lat' dir='ltr'><strong>Nam</strong></span> 
     </span>
    </p>
   </div>
   <div class='ocr_carea' id='block_1_88' title="bbox 655 5624 2222 5711">
    <p class='ocr_par' dir='ltr' id='par_1_88' title="bbox 655 5624 2222 5711">
     <span class='ocr_line' id='line_1_88' title="bbox 655 5624 2222 5711; baseline 0.013 -33"><span class='ocrx_word' id='word_1_664' title='bbox 655 5624 751 5696; x_wconf 89' lang='lat' dir='ltr'><strong>qui</strong></span> <span class='ocrx_word' id='word_1_665' title='bbox 783 5625 880 5682; x_wconf 88' lang='lat' dir='ltr'><strong>abs</strong></span> <span class='ocrx_word' id='word_1_666' title='bbox 909 5633 962 5682; x_wconf 89' lang='lat' dir='ltr'><strong>te</strong></span> <span class='ocrx_word' id='word_1_667' title='bbox 988 5640 1295 5700; x_wconf 85' lang='lat' dir='ltr'><strong>separatur,</strong></span> <span class='ocrx_word' id='word_1_668' title='bbox 1321 5638 1501 5692; x_wconf 85' lang='lat' dir='ltr'><strong>omnis</strong></span> <span class='ocrx_word' id='word_1_669' title='bbox 1523 5639 1647 5695; x_wconf 88' lang='lat' dir='ltr'><strong>boui</strong></span> <span class='ocrx_word' id='word_1_670' title='bbox 1665 5641 1935 5711; x_wconf 87' lang='lat' dir='ltr'><strong>jacturam</strong></span> <span class='ocrx_word' id='word_1_671' title='bbox 1962 5642 2222 5700; x_wconf 89' lang='lat' dir='ltr'><strong>incurrit.</strong></span> 
     </span>
    </p>
   </div>
   <div class='ocr_carea' id='block_1_89' title="bbox 771 5807 1217 5878">
    <p class='ocr_par' dir='ltr' id='par_1_89' title="bbox 771 5807 1217 5878">
     <span class='ocr_line' id='line_1_89' title="bbox 771 5807 1217 5878; baseline 0.002 -16"><span class='ocrx_word' id='word_1_672' title='bbox 771 5810 793 5843; x_wconf 87' lang='lat'><strong>&#39;</strong></span> <span class='ocrx_word' id='word_1_673' title='bbox 827 5807 959 5866; x_wconf 85' lang='lat' dir='ltr'><strong>Luc.</strong></span> <span class='ocrx_word' id='word_1_674' title='bbox 985 5824 1100 5878; x_wconf 77' lang='lat' dir='ltr'><strong>xvr,</strong></span> <span class='ocrx_word' id='word_1_675' title='bbox 1129 5811 1217 5866; x_wconf 77' lang='grc'><strong>26.</strong></span> 
     </span>
    </p>
   </div>
   <div class='ocr_carea' id='block_1_90' title="bbox 2339 3263 3914 3334">
    <p class='ocr_par' dir='ltr' id='par_1_90' title="bbox 2339 3263 3914 3334">
     <span class='ocr_line' id='line_1_90' title="bbox 2339 3263 3914 3334; baseline -0.005 -11"><span class='ocrx_word' id='word_1_676' title='bbox 2339 3283 2400 3323; x_wconf 90' lang='lat' dir='ltr'><strong>se</strong></span> <span class='ocrx_word' id='word_1_677' title='bbox 2432 3266 2719 3334; x_wconf 87' lang='lat' dir='ltr'><strong>projicere.</strong></span> <span class='ocrx_word' id='word_1_678' title='bbox 2753 3265 2856 3330; x_wconf 86' lang='lat' dir='ltr'><strong>Qui</strong></span> <span class='ocrx_word' id='word_1_679' title='bbox 2888 3279 3020 3334; x_wconf 91' lang='lat' dir='ltr'><strong>ergo</strong></span> <span class='ocrx_word' id='word_1_680' title='bbox 3064 3263 3176 3317; x_wconf 90' lang='lat' dir='ltr'><strong>illic</strong></span> <span class='ocrx_word' id='word_1_681' title='bbox 3211 3274 3332 3333; x_wconf 91' lang='lat' dir='ltr'><strong>post</strong></span> <span class='ocrx_word' id='word_1_682' title='bbox 3364 3275 3594 3316; x_wconf 89' lang='lat' dir='ltr'><strong>mortem</strong></span> <span class='ocrx_word' id='word_1_683' title='bbox 3627 3278 3750 3318; x_wconf 82' lang='lat' dir='ltr'><strong>esse</strong></span> <span class='ocrx_word' id='word_1_684' title='bbox 3781 3278 3914 3316; x_wconf 84' lang='lat' dir='ltr'><strong>con-</strong></span> 
     </span>
    </p>
   </div>
   <div class='ocr_carea' id='block_1_91' title="bbox 2337 3355 3920 3427">
    <p class='ocr_par' dir='ltr' id='par_1_91' title="bbox 2337 3355 3920 3427">
     <span class='ocr_line' id='line_1_91' title="bbox 2337 3355 3920 3427; baseline -0.004 -13"><span class='ocrx_word' id='word_1_685' title='bbox 2337 3360 2653 3427; x_wconf 84' lang='lat' dir='ltr'><strong>Cupiscunt,</strong></span> <span class='ocrx_word' id='word_1_686' title='bbox 2687 3357 2877 3412; x_wconf 86' lang='lat' dir='ltr'><strong>multis</strong></span> <span class='ocrx_word' id='word_1_687' title='bbox 2906 3357 3161 3425; x_wconf 85' lang='lat' dir='ltr'><strong>lacrymis</strong></span> <span class='ocrx_word' id='word_1_688' title='bbox 3195 3365 3248 3409; x_wconf 88' lang='lat' dir='ltr'><strong>et</strong></span> <span class='ocrx_word' id='word_1_689' title='bbox 3281 3356 3535 3409; x_wconf 80' lang='lat' dir='ltr'><strong>lamentis</strong></span> <span class='ocrx_word' id='word_1_690' title='bbox 3561 3355 3708 3425; x_wconf 88' lang='lat' dir='ltr'><strong>digni</strong></span> <span class='ocrx_word' id='word_1_691' title='bbox 3745 3362 3871 3409; x_wconf 86' lang='lat' dir='ltr'><strong>sunt</strong></span> <span class='ocrx_word' id='word_1_692' title='bbox 3901 3372 3920 3408; x_wconf 85' lang='lat'><strong>:</strong></span> 
     </span>
    </p>
   </div>
   <div class='ocr_carea' id='block_1_92' title="bbox 2339 3445 3924 3518">
    <p class='ocr_par' dir='ltr' id='par_1_92' title="bbox 2339 3445 3924 3518">
     <span class='ocr_line' id='line_1_92' title="bbox 2339 3445 3924 3518; baseline -0.003 -15"><span class='ocrx_word' id='word_1_693' title='bbox 2339 3451 2596 3518; x_wconf 87' lang='lat' dir='ltr'><strong>quoniam</strong></span> <span class='ocrx_word' id='word_1_694' title='bbox 2626 3457 2684 3502; x_wconf 92' lang='lat' dir='ltr'><strong>ut</strong></span> <span class='ocrx_word' id='word_1_695' title='bbox 2715 3449 2959 3517; x_wconf 80' lang='lat' dir='ltr'><strong>iumenta</strong></span> <span class='ocrx_word' id='word_1_696' title='bbox 2991 3447 3220 3500; x_wconf 86' lang='lat' dir='ltr'><strong>rationis</strong></span> <span class='ocrx_word' id='word_1_697' title='bbox 3247 3447 3518 3515; x_wconf 84' lang='lat' dir='ltr'><strong>expertia,</strong></span> <span class='ocrx_word' id='word_1_698' title='bbox 3543 3447 3760 3515; x_wconf 89' lang='lat' dir='ltr'><strong>penitus</strong></span> <span class='ocrx_word' id='word_1_699' title='bbox 3785 3445 3924 3499; x_wconf 85' lang='lat' dir='ltr'><strong>nihil</strong></span> 
     </span>
    </p>
   </div>
   <div class='ocr_carea' id='block_1_93' title="bbox 2338 3537 3920 3612">
    <p class='ocr_par' dir='ltr' id='par_1_93' title="bbox 2338 3537 3920 3612">
     <span class='ocr_line' id='line_1_93' title="bbox 2338 3537 3920 3612; baseline -0.004 -15"><span class='ocrx_word' id='word_1_700' title='bbox 2338 3544 2580 3612; x_wconf 87' lang='lat' dir='ltr'><strong>sapiunt,</strong></span> <span class='ocrx_word' id='word_1_701' title='bbox 2625 3542 2845 3596; x_wconf 88' lang='lat' dir='ltr'><strong>sibimet</strong></span> <span class='ocrx_word' id='word_1_702' title='bbox 2879 3549 3083 3611; x_wconf 90' lang='lat' dir='ltr'><strong>pestem</strong></span> <span class='ocrx_word' id='word_1_703' title='bbox 3106 3538 3717 3607; x_wconf 80' lang='lat' dir='ltr'><strong>imprecantur,seipsos</strong></span> <span class='ocrx_word' id='word_1_704' title='bbox 3748 3537 3920 3593; x_wconf 88' lang='lat' dir='ltr'><strong>sedu-</strong></span> 
     </span>
    </p>
   </div>
   <div class='ocr_carea' id='block_1_94' title="bbox 2338 3643 2493 3688">
    <p class='ocr_par' dir='ltr' id='par_1_94' title="bbox 2338 3643 2493 3688">
     <span class='ocr_line' id='line_1_94' title="bbox 2338 3643 2493 3688; baseline -0.013 0"><span class='ocrx_word' id='word_1_705' title='bbox 2338 3643 2493 3688; x_wconf 75' lang='lat' dir='ltr'><strong>Clllil.</strong></span> 
     </span>
    </p>
   </div>
   <div class='ocr_carea' id='block_1_95' title="bbox 2406 3723 3920 3796">
    <p class='ocr_par' dir='ltr' id='par_1_95' title="bbox 2406 3723 3920 3796">
     <span class='ocr_line' id='line_1_95' title="bbox 2406 3723 3920 3796; baseline -0.001 -17"><span class='ocrx_word' id='word_1_706' title='bbox 2406 3727 2484 3779; x_wconf 86' lang='lat' dir='ltr'><strong>Tu</strong></span> <span class='ocrx_word' id='word_1_707' title='bbox 2521 3741 2746 3796; x_wconf 82' lang='lat' dir='ltr'><strong>regnum</strong></span> <span class='ocrx_word' id='word_1_708' title='bbox 2778 3726 3069 3786; x_wconf 60' lang='lat' dir='ltr'><strong>caelorum,</strong></span> <span class='ocrx_word' id='word_1_709' title='bbox 3102 3723 3342 3787; x_wconf 83' lang='lat' dir='ltr'><strong>Christe,</strong></span> <span class='ocrx_word' id='word_1_710' title='bbox 3371 3732 3428 3777; x_wconf 91' lang='lat' dir='ltr'><strong>tu</strong></span> <span class='ocrx_word' id='word_1_711' title='bbox 3481 3732 3624 3778; x_wconf 87' lang='lat' dir='ltr'><strong>terra</strong></span> <span class='ocrx_word' id='word_1_712' title='bbox 3682 3730 3920 3777; x_wconf 82' lang='lat' dir='ltr'><strong>lllllium.</strong></span> 
     </span>
    </p>
   </div>
   <div class='ocr_carea' id='block_1_96' title="bbox 2337 3814 3922 3884">
    <p class='ocr_par' dir='ltr' id='par_1_96' title="bbox 2337 3814 3922 3884">
     <span class='ocr_line' id='line_1_96' title="bbox 2337 3814 3922 3884; baseline -0.003 -14"><span class='ocrx_word' id='word_1_713' title='bbox 2337 3818 2416 3870; x_wconf 90' lang='lat' dir='ltr'><strong>Tn</strong></span> <span class='ocrx_word' id='word_1_714' title='bbox 2451 3819 2634 3870; x_wconf 90' lang='lat' dir='ltr'><strong>virens</strong></span> <span class='ocrx_word' id='word_1_715' title='bbox 2670 3816 2980 3884; x_wconf 87' lang='lat' dir='ltr'><strong>paradisus.</strong></span> <span class='ocrx_word' id='word_1_716' title='bbox 3011 3814 3090 3867; x_wconf 88' lang='lat' dir='ltr'><strong>Tu</strong></span> <span class='ocrx_word' id='word_1_717' title='bbox 3119 3815 3394 3870; x_wconf 89' lang='lat' dir='ltr'><strong>thalamus</strong></span> <span class='ocrx_word' id='word_1_718' title='bbox 3423 3815 3663 3876; x_wconf 84' lang='lat' dir='ltr'><strong>divinus,</strong></span> <span class='ocrx_word' id='word_1_719' title='bbox 3691 3822 3746 3868; x_wconf 89' lang='lat' dir='ltr'><strong>et</strong></span> <span class='ocrx_word' id='word_1_720' title='bbox 3777 3815 3922 3867; x_wconf 84' lang='lat' dir='ltr'><strong>inef-</strong></span> 
     </span>
    </p>
   </div>
   <div class='ocr_carea' id='block_1_97' title="bbox 2337 3905 3920 3975">
    <p class='ocr_par' dir='ltr' id='par_1_97' title="bbox 2337 3905 3920 3975">
     <span class='ocr_line' id='line_1_97' title="bbox 2337 3905 3920 3975; baseline -0.002 -11"><span class='ocrx_word' id='word_1_721' title='bbox 2337 3909 2538 3964; x_wconf 78' lang='lat' dir='ltr'><strong>fabilis.</strong></span> <span class='ocrx_word' id='word_1_722' title='bbox 2585 3909 2666 3962; x_wconf 83' lang='lat' dir='ltr'><strong>Tu</strong></span> <span class='ocrx_word' id='word_1_723' title='bbox 2721 3923 2908 3961; x_wconf 88' lang='lat' dir='ltr'><strong>mensa</strong></span> <span class='ocrx_word' id='word_1_724' title='bbox 2955 3907 3264 3961; x_wconf 85' lang='lat' dir='ltr'><strong>communis</strong></span> <span class='ocrx_word' id='word_1_725' title='bbox 3312 3905 3580 3961; x_wconf 85' lang='lat' dir='ltr'><strong>omnium.</strong></span> <span class='ocrx_word' id='word_1_726' title='bbox 3631 3907 3709 3959; x_wconf 86' lang='lat' dir='ltr'><strong>Tu</strong></span> <span class='ocrx_word' id='word_1_727' title='bbox 3761 3907 3920 3975; x_wconf 87' lang='lat' dir='ltr'><strong>panis</strong></span> 
     </span>
    </p>
   </div>
   <div class='ocr_carea' id='block_1_98' title="bbox 2339 3995 3916 4068">
    <p class='ocr_par' dir='ltr' id='par_1_98' title="bbox 2339 3995 3916 4068">
     <span class='ocr_line' id='line_1_98' title="bbox 2339 3995 3916 4068; baseline -0.001 -17"><span class='ocrx_word' id='word_1_728' title='bbox 2339 4003 2482 4054; x_wconf 64' lang='lat' dir='ltr'><strong>t&#39;itre.</strong></span> <span class='ocrx_word' id='word_1_729' title='bbox 2519 3999 2597 4052; x_wconf 85' lang='lat' dir='ltr'><strong>Tu</strong></span> <span class='ocrx_word' id='word_1_730' title='bbox 2632 4008 2790 4068; x_wconf 83' lang='lat' dir='ltr'><strong>potus</strong></span> <span class='ocrx_word' id='word_1_731' title='bbox 2822 3997 3056 4051; x_wconf 79' lang='lat' dir='ltr'><strong>maxime</strong></span> <span class='ocrx_word' id='word_1_732' title='bbox 3098 4013 3293 4052; x_wconf 88' lang='lat' dir='ltr'><strong>novus.</strong></span> <span class='ocrx_word' id='word_1_733' title='bbox 3325 3995 3407 4051; x_wconf 90' lang='lat' dir='ltr'><strong>Tu</strong></span> <span class='ocrx_word' id='word_1_734' title='bbox 3443 3997 3697 4065; x_wconf 88' lang='lat' dir='ltr'><strong>poculum</strong></span> <span class='ocrx_word' id='word_1_735' title='bbox 3735 4012 3916 4066; x_wconf 61' lang='lat' dir='ltr'><strong>aquae,</strong></span> 
     </span>
    </p>
   </div>
   <div class='ocr_carea' id='block_1_99' title="bbox 2334 4088 3921 4159">
    <p class='ocr_par' dir='ltr' id='par_1_99' title="bbox 2334 4088 3921 4159">
     <span class='ocr_line' id='line_1_99' title="bbox 2334 4088 3921 4159; baseline -0.002 -15"><span class='ocrx_word' id='word_1_736' title='bbox 2334 4093 2414 4146; x_wconf 89' lang='lat' dir='ltr'><strong>Tu</strong></span> <span class='ocrx_word' id='word_1_737' title='bbox 2448 4106 2587 4159; x_wconf 89' lang='lat' dir='ltr'><strong>aqua</strong></span> <span class='ocrx_word' id='word_1_738' title='bbox 2623 4091 2764 4143; x_wconf 75' lang='lat' dir='ltr'><strong>vitm.</strong></span> <span class='ocrx_word' id='word_1_739' title='bbox 2801 4088 2882 4143; x_wconf 84' lang='lat' dir='ltr'><strong>Tu</strong></span> <span class='ocrx_word' id='word_1_740' title='bbox 2917 4090 3186 4159; x_wconf 86' lang='lat' dir='ltr'><strong>cujusque</strong></span> <span class='ocrx_word' id='word_1_741' title='bbox 3216 4098 3533 4144; x_wconf 90' lang='lat' dir='ltr'><strong>sanctorum</strong></span> <span class='ocrx_word' id='word_1_742' title='bbox 3569 4089 3797 4142; x_wconf 83' lang='lat' dir='ltr'><strong>lucerna</strong></span> <span class='ocrx_word' id='word_1_743' title='bbox 3835 4090 3921 4141; x_wconf 83' lang='lat' dir='ltr'><strong>in-</strong></span> 
     </span>
    </p>
   </div>
   <div class='ocr_carea' id='block_1_100' title="bbox 2332 4183 3911 4245">
    <p class='ocr_par' dir='ltr' id='par_1_100' title="bbox 2332 4183 3911 4245">
     <span class='ocr_line' id='line_1_100' title="bbox 2332 4183 3911 4245; baseline -0.004 -5"><span class='ocrx_word' id='word_1_744' title='bbox 2332 4185 2627 4240; x_wconf 82' lang='lat' dir='ltr'><strong>exstincta.</strong></span> <span class='ocrx_word' id='word_1_745' title='bbox 2656 4184 2733 4236; x_wconf 86' lang='lat' dir='ltr'><strong>Tu</strong></span> <span class='ocrx_word' id='word_1_746' title='bbox 2781 4194 2834 4237; x_wconf 92' lang='lat' dir='ltr'><strong>et</strong></span> <span class='ocrx_word' id='word_1_747' title='bbox 2869 4183 3073 4245; x_wconf 90' lang='lat' dir='ltr'><strong>tunica,</strong></span> <span class='ocrx_word' id='word_1_748' title='bbox 3107 4190 3161 4236; x_wconf 90' lang='lat' dir='ltr'><strong>et</strong></span> <span class='ocrx_word' id='word_1_749' title='bbox 3200 4197 3423 4245; x_wconf 91' lang='lat' dir='ltr'><strong>corona,</strong></span> <span class='ocrx_word' id='word_1_750' title='bbox 3474 4191 3530 4236; x_wconf 91' lang='lat' dir='ltr'><strong>et</strong></span> <span class='ocrx_word' id='word_1_751' title='bbox 3576 4196 3911 4235; x_wconf 86' lang='lat' dir='ltr'><strong>coronarum</strong></span> 
     </span>
    </p>
   </div>
   <div class='ocr_carea' id='block_1_101' title="bbox 2333 4271 3918 4342">
    <p class='ocr_par' dir='ltr' id='par_1_101' title="bbox 2333 4271 3918 4342">
     <span class='ocr_line' id='line_1_101' title="bbox 2333 4271 3918 4342; baseline -0.001 -13"><span class='ocrx_word' id='word_1_752' title='bbox 2333 4275 2676 4330; x_wconf 86' lang='lat' dir='ltr'><strong>distributor.</strong></span> <span class='ocrx_word' id='word_1_753' title='bbox 2722 4273 2803 4327; x_wconf 89' lang='lat' dir='ltr'><strong>Tu</strong></span> <span class='ocrx_word' id='word_1_754' title='bbox 2845 4272 3126 4342; x_wconf 85' lang='lat' dir='ltr'><strong>gaudium,</strong></span> <span class='ocrx_word' id='word_1_755' title='bbox 3156 4280 3210 4326; x_wconf 89' lang='lat' dir='ltr'><strong>et</strong></span> <span class='ocrx_word' id='word_1_756' title='bbox 3241 4274 3482 4341; x_wconf 89' lang='lat' dir='ltr'><strong>requies.</strong></span> <span class='ocrx_word' id='word_1_757' title='bbox 3514 4271 3594 4324; x_wconf 89' lang='lat' dir='ltr'><strong>Tu</strong></span> <span class='ocrx_word' id='word_1_758' title='bbox 3629 4273 3823 4340; x_wconf 85' lang='lat' dir='ltr'><strong>gloria,</strong></span> <span class='ocrx_word' id='word_1_759' title='bbox 3861 4283 3918 4327; x_wconf 87' lang='lat' dir='ltr'><strong>et</strong></span> 
     </span>
    </p>
   </div>
   <div class='ocr_carea' id='block_1_102' title="bbox 2334 4361 3923 4432">
    <p class='ocr_par' dir='ltr' id='par_1_102' title="bbox 2334 4361 3923 4432">
     <span class='ocr_line' id='line_1_102' title="bbox 2334 4361 3923 4432; baseline -0.002 -13"><span class='ocrx_word' id='word_1_760' title='bbox 2334 4363 2666 4419; x_wconf 75' lang='lat' dir='ltr'><strong>delicim.Tu</strong></span> <span class='ocrx_word' id='word_1_761' title='bbox 2698 4363 3011 4419; x_wconf 82' lang='lat' dir='ltr'><strong>exsultatio.</strong></span> <span class='ocrx_word' id='word_1_762' title='bbox 3034 4361 3115 4416; x_wconf 92' lang='lat' dir='ltr'><strong>Tu</strong></span> <span class='ocrx_word' id='word_1_763' title='bbox 3136 4364 3446 4417; x_wconf 90' lang='lat' dir='ltr'><strong>animorum</strong></span> <span class='ocrx_word' id='word_1_764' title='bbox 3477 4363 3818 4432; x_wconf 77' lang='lat' dir='ltr'><strong>iucunditas.</strong></span> <span class='ocrx_word' id='word_1_765' title='bbox 3855 4363 3923 4416; x_wconf 83' lang='lat' dir='ltr'><strong>Et</strong></span> 
     </span>
    </p>
   </div>
   <div class='ocr_carea' id='block_1_103' title="bbox 2332 4454 3922 4526">
    <p class='ocr_par' dir='ltr' id='par_1_103' title="bbox 2332 4454 3922 4526">
     <span class='ocr_line' id='line_1_103' title="bbox 2332 4454 3922 4526; baseline -0.002 -15"><span class='ocrx_word' id='word_1_766' title='bbox 2332 4458 2534 4513; x_wconf 76' lang='lat' dir='ltr'><strong>lucebit</strong></span> <span class='ocrx_word' id='word_1_767' title='bbox 2564 4458 2731 4526; x_wconf 81' lang='lat' dir='ltr'><strong>gratia</strong></span> <span class='ocrx_word' id='word_1_768' title='bbox 2767 4456 2942 4510; x_wconf 89' lang='lat' dir='ltr'><strong>sancti</strong></span> <span class='ocrx_word' id='word_1_769' title='bbox 2978 4455 3217 4522; x_wconf 90' lang='lat' dir='ltr'><strong>Spiritus</strong></span> <span class='ocrx_word' id='word_1_770' title='bbox 3247 4458 3346 4518; x_wconf 92' lang='lat' dir='ltr'><strong>tui,</strong></span> <span class='ocrx_word' id='word_1_771' title='bbox 3379 4454 3518 4511; x_wconf 91' lang='lat' dir='ltr'><strong>Deus</strong></span> <span class='ocrx_word' id='word_1_772' title='bbox 3550 4455 3922 4521; x_wconf 79' lang='lat' dir='ltr'><strong>meus,instar</strong></span> 
     </span>
    </p>
   </div>
   <div class='ocr_carea' id='block_1_104' title="bbox 2336 4545 3916 4605">
    <p class='ocr_par' dir='ltr' id='par_1_104' title="bbox 2336 4545 3916 4605">
     <span class='ocr_line' id='line_1_104' title="bbox 2336 4545 3916 4605; baseline -0.004 0"><span class='ocrx_word' id='word_1_773' title='bbox 2336 4551 2468 4605; x_wconf 90' lang='lat' dir='ltr'><strong>solis</strong></span> <span class='ocrx_word' id='word_1_774' title='bbox 2501 4549 2554 4603; x_wconf 91' lang='lat' dir='ltr'><strong>in</strong></span> <span class='ocrx_word' id='word_1_775' title='bbox 2587 4549 2845 4604; x_wconf 88' lang='lat' dir='ltr'><strong>omnibus</strong></span> <span class='ocrx_word' id='word_1_776' title='bbox 2883 4548 3092 4603; x_wconf 88' lang='lat' dir='ltr'><strong>sanctis</strong></span> <span class='ocrx_word' id='word_1_777' title='bbox 3129 4547 3256 4601; x_wconf 92' lang='lat' dir='ltr'><strong>tuis.</strong></span> <span class='ocrx_word' id='word_1_778' title='bbox 3289 4545 3351 4599; x_wconf 84' lang='lat' dir='ltr'><strong>Et</strong></span> <span class='ocrx_word' id='word_1_779' title='bbox 3383 4547 3596 4603; x_wconf 88' lang='lat' dir='ltr'><strong>lucebis</strong></span> <span class='ocrx_word' id='word_1_780' title='bbox 3635 4549 3688 4601; x_wconf 91' lang='lat' dir='ltr'><strong>in</strong></span> <span class='ocrx_word' id='word_1_781' title='bbox 3724 4563 3916 4601; x_wconf 80' lang='lat' dir='ltr'><strong>eorum</strong></span> 
     </span>
    </p>
   </div>
   <div class='ocr_carea' id='block_1_105' title="bbox 2335 4641 3909 4710">
    <p class='ocr_par' dir='ltr' id='par_1_105' title="bbox 2335 4641 3909 4710">
     <span class='ocr_line' id='line_1_105' title="bbox 2335 4641 3909 4710; baseline -0.004 -12"><span class='ocrx_word' id='word_1_782' title='bbox 2335 4643 2536 4706; x_wconf 86' lang='lat' dir='ltr'><strong>medio,</strong></span> <span class='ocrx_word' id='word_1_783' title='bbox 2567 4641 2658 4696; x_wconf 92' lang='lat' dir='ltr'><strong>Sol</strong></span> <span class='ocrx_word' id='word_1_784' title='bbox 2699 4642 3038 4706; x_wconf 90' lang='lat' dir='ltr'><strong>inaccessus,</strong></span> <span class='ocrx_word' id='word_1_785' title='bbox 3063 4655 3360 4710; x_wconf 89' lang='lat' dir='ltr'><strong>omnesque</strong></span> <span class='ocrx_word' id='word_1_786' title='bbox 3384 4642 3731 4710; x_wconf 90' lang='lat' dir='ltr'><strong>proportione</strong></span> <span class='ocrx_word' id='word_1_787' title='bbox 3773 4641 3909 4704; x_wconf 60' lang='lat' dir='ltr'><strong>fidei,</strong></span> 
     </span>
    </p>
   </div>
   <div class='ocr_carea' id='block_1_106' title="bbox 2335 4731 3911 4804">
    <p class='ocr_par' dir='ltr' id='par_1_106' title="bbox 2335 4731 3911 4804">
     <span class='ocr_line' id='line_1_106' title="bbox 2335 4731 3911 4804; baseline -0.003 -14"><span class='ocrx_word' id='word_1_788' title='bbox 2335 4750 2585 4804; x_wconf 88' lang='lat' dir='ltr'><strong>operum,</strong></span> <span class='ocrx_word' id='word_1_789' title='bbox 2627 4735 2766 4801; x_wconf 88' lang='lat' dir='ltr'><strong>spei,</strong></span> <span class='ocrx_word' id='word_1_790' title='bbox 2792 4733 3102 4792; x_wconf 88' lang='lat' dir='ltr'><strong>charitatis,</strong></span> <span class='ocrx_word' id='word_1_791' title='bbox 3136 4732 3390 4801; x_wconf 90' lang='lat' dir='ltr'><strong>puritatis</strong></span> <span class='ocrx_word' id='word_1_792' title='bbox 3419 4740 3475 4785; x_wconf 90' lang='lat' dir='ltr'><strong>et</strong></span> <span class='ocrx_word' id='word_1_793' title='bbox 3505 4731 3911 4795; x_wconf 87' lang='lat' dir='ltr'><strong>illustrationis,</strong></span> 
     </span>
    </p>
   </div>
   <div class='ocr_carea' id='block_1_107' title="bbox 2336 4821 3905 4892">
    <p class='ocr_par' dir='ltr' id='par_1_107' title="bbox 2336 4821 3905 4892">
     <span class='ocr_line' id='line_1_107' title="bbox 2336 4821 3905 4892; baseline -0.003 -15"><span class='ocrx_word' id='word_1_794' title='bbox 2336 4840 2398 4877; x_wconf 78' lang='lat' dir='ltr'><strong>ex</strong></span> <span class='ocrx_word' id='word_1_795' title='bbox 2428 4822 2630 4892; x_wconf 90' lang='lat' dir='ltr'><strong>Spiritu</strong></span> <span class='ocrx_word' id='word_1_796' title='bbox 2669 4833 2783 4885; x_wconf 87' lang='lat' dir='ltr'><strong>tuo,</strong></span> <span class='ocrx_word' id='word_1_797' title='bbox 2815 4823 3294 4876; x_wconf 88' lang='lat' dir='ltr'><strong>illuminabuntur.</strong></span> <span class='ocrx_word' id='word_1_798' title='bbox 3333 4821 3475 4876; x_wconf 86' lang='lat' dir='ltr'><strong>Deus</strong></span> <span class='ocrx_word' id='word_1_799' title='bbox 3507 4823 3621 4875; x_wconf 91' lang='lat' dir='ltr'><strong>sole</strong></span> <span class='ocrx_word' id='word_1_800' title='bbox 3656 4823 3905 4889; x_wconf 81' lang='lat' dir='ltr'><strong>longani-</strong></span> 
     </span>
    </p>
   </div>
   <div class='ocr_carea' id='block_1_108' title="bbox 2339 4913 3915 4983">
    <p class='ocr_par' dir='ltr' id='par_1_108' title="bbox 2339 4913 3915 4983">
     <span class='ocr_line' id='line_1_108' title="bbox 2339 4913 3915 4983; baseline 0 -17"><span class='ocrx_word' id='word_1_801' title='bbox 2339 4915 2464 4977; x_wconf 87' lang='lat' dir='ltr'><strong>mis,</strong></span> <span class='ocrx_word' id='word_1_802' title='bbox 2489 4922 2541 4966; x_wconf 91' lang='lat' dir='ltr'><strong>et</strong></span> <span class='ocrx_word' id='word_1_803' title='bbox 2561 4913 2726 4983; x_wconf 79' lang='lat' dir='ltr'><strong>judcx</strong></span> <span class='ocrx_word' id='word_1_804' title='bbox 2753 4915 3018 4976; x_wconf 90' lang='lat' dir='ltr'><strong>omnium,</strong></span> <span class='ocrx_word' id='word_1_805' title='bbox 3051 4913 3136 4968; x_wconf 89' lang='lat' dir='ltr'><strong>his</strong></span> <span class='ocrx_word' id='word_1_806' title='bbox 3166 4915 3258 4982; x_wconf 91' lang='lat' dir='ltr'><strong>qui</strong></span> <span class='ocrx_word' id='word_1_807' title='bbox 3292 4914 3610 4967; x_wconf 85' lang='lat' dir='ltr'><strong>mansiones</strong></span> <span class='ocrx_word' id='word_1_808' title='bbox 3637 4913 3915 4980; x_wconf 85' lang='lat' dir='ltr'><strong>diversas,</strong></span> 
     </span>
    </p>
   </div>
   <div class='ocr_carea' id='block_1_109' title="bbox 2335 4996 3914 5068">
    <p class='ocr_par' dir='ltr' id='par_1_109' title="bbox 2335 4996 3914 5068">
     <span class='ocr_line' id='line_1_109' title="bbox 2335 4996 3914 5068; baseline -0.001 -9"><span class='ocrx_word' id='word_1_809' title='bbox 2335 5012 2390 5059; x_wconf 92' lang='lat' dir='ltr'><strong>et</strong></span> <span class='ocrx_word' id='word_1_810' title='bbox 2420 5004 2536 5058; x_wconf 90' lang='lat' dir='ltr'><strong>loca</strong></span> <span class='ocrx_word' id='word_1_811' title='bbox 2564 5005 3358 5068; x_wconf 77' lang='lat' dir='ltr'><strong>cummiuiscuntur,&#39;mensura</strong></span> <span class='ocrx_word' id='word_1_812' title='bbox 3385 4996 3668 5059; x_wconf 86' lang='lat' dir='ltr'><strong>ebarilatis</strong></span> <span class='ocrx_word' id='word_1_813' title='bbox 3692 5020 3914 5058; x_wconf 86' lang='lat' dir='ltr'><strong>rursum</strong></span> 
     </span>
    </p>
   </div>
   <div class='ocr_carea' id='block_1_110' title="bbox 2337 5095 3916 5165">
    <p class='ocr_par' dir='ltr' id='par_1_110' title="bbox 2337 5095 3916 5165">
     <span class='ocr_line' id='line_1_110' title="bbox 2337 5095 3916 5165; baseline -0.001 -13"><span class='ocrx_word' id='word_1_814' title='bbox 2337 5099 2442 5152; x_wconf 92' lang='lat' dir='ltr'><strong>erit</strong></span> <span class='ocrx_word' id='word_1_815' title='bbox 2485 5112 2741 5151; x_wconf 87' lang='lat' dir='ltr'><strong>mensura</strong></span> <span class='ocrx_word' id='word_1_816' title='bbox 2769 5096 3034 5150; x_wconf 87' lang='lat' dir='ltr'><strong>claritatis</strong></span> <span class='ocrx_word' id='word_1_817' title='bbox 3066 5097 3336 5165; x_wconf 88' lang='lat' dir='ltr'><strong>ipsorum,</strong></span> <span class='ocrx_word' id='word_1_818' title='bbox 3365 5105 3419 5149; x_wconf 90' lang='lat' dir='ltr'><strong>et</strong></span> <span class='ocrx_word' id='word_1_819' title='bbox 3446 5111 3698 5149; x_wconf 90' lang='lat' dir='ltr'><strong>mensura</strong></span> <span class='ocrx_word' id='word_1_820' title='bbox 3738 5095 3916 5151; x_wconf 79' lang='lat' dir='ltr'><strong>visio-</strong></span> 
     </span>
    </p>
   </div>
   <div class='ocr_carea' id='block_1_111' title="bbox 2337 5187 3913 5256">
    <p class='ocr_par' dir='ltr' id='par_1_111' title="bbox 2337 5187 3913 5256">
     <span class='ocr_line' id='line_1_111' title="bbox 2337 5187 3913 5256; baseline -0.001 -15"><span class='ocrx_word' id='word_1_821' title='bbox 2337 5190 2422 5246; x_wconf 91' lang='lat' dir='ltr'><strong>nis</strong></span> <span class='ocrx_word' id='word_1_822' title='bbox 2459 5199 2588 5250; x_wconf 68' lang='lat' dir='ltr'><strong>tum,</strong></span> <span class='ocrx_word' id='word_1_823' title='bbox 2620 5190 2722 5242; x_wconf 89' lang='lat' dir='ltr'><strong>erit</strong></span> <span class='ocrx_word' id='word_1_824' title='bbox 2754 5191 2948 5242; x_wconf 86' lang='lat' dir='ltr'><strong>iterum</strong></span> <span class='ocrx_word' id='word_1_825' title='bbox 2979 5190 3159 5256; x_wconf 84' lang='lat' dir='ltr'><strong>portio</strong></span> <span class='ocrx_word' id='word_1_826' title='bbox 3191 5187 3610 5255; x_wconf 66' lang='lat' dir='ltr'><strong>magnificentiae</strong></span> <span class='ocrx_word' id='word_1_827' title='bbox 3651 5187 3866 5240; x_wconf 87' lang='lat' dir='ltr'><strong>illorum</strong></span> <span class='ocrx_word' id='word_1_828' title='bbox 3899 5227 3913 5250; x_wconf 91' lang='lat'><strong>,</strong></span> 
     </span>
    </p>
   </div>
   <div class='ocr_carea' id='block_1_112' title="bbox 2334 5275 3895 5344">
    <p class='ocr_par' dir='ltr' id='par_1_112' title="bbox 2334 5275 3895 5344">
     <span class='ocr_line' id='line_1_112' title="bbox 2334 5275 3895 5344; baseline -0.004 -11"><span class='ocrx_word' id='word_1_829' title='bbox 2334 5280 2531 5340; x_wconf 87' lang='lat' dir='ltr'><strong>honor,</strong></span> <span class='ocrx_word' id='word_1_830' title='bbox 2560 5278 2792 5340; x_wconf 64' lang='lat' dir='ltr'><strong>deliciae,</strong></span> <span class='ocrx_word' id='word_1_831' title='bbox 2821 5286 2875 5331; x_wconf 89' lang='lat' dir='ltr'><strong>et</strong></span> <span class='ocrx_word' id='word_1_832' title='bbox 2909 5278 3103 5344; x_wconf 80' lang='lat' dir='ltr'><strong>gloria,</strong></span> <span class='ocrx_word' id='word_1_833' title='bbox 3148 5275 3215 5329; x_wconf 91' lang='lat' dir='ltr'><strong>ad</strong></span> <span class='ocrx_word' id='word_1_834' title='bbox 3245 5276 3675 5330; x_wconf 84' lang='lat' dir='ltr'><strong>distributiones</strong></span> <span class='ocrx_word' id='word_1_835' title='bbox 3728 5278 3895 5329; x_wconf 86' lang='lat' dir='ltr'><strong>domo</strong></span> 
     </span>
    </p>
   </div>
   <div class='ocr_carea' id='block_1_113' title="bbox 2336 5365 3914 5434">
    <p class='ocr_par' dir='ltr' id='par_1_113' title="bbox 2336 5365 3914 5434">
     <span class='ocr_line' id='line_1_113' title="bbox 2336 5365 3914 5434; baseline -0.003 -10"><span class='ocrx_word' id='word_1_836' title='bbox 2336 5385 2476 5434; x_wconf 90' lang='lat' dir='ltr'><strong>rum,</strong></span> <span class='ocrx_word' id='word_1_837' title='bbox 2505 5378 2558 5424; x_wconf 82' lang='lat' dir='ltr'><strong>et</strong></span> <span class='ocrx_word' id='word_1_838' title='bbox 2588 5371 2937 5423; x_wconf 89' lang='lat' dir='ltr'><strong>mansionum</strong></span> <span class='ocrx_word' id='word_1_839' title='bbox 2973 5367 3436 5423; x_wconf 90' lang='lat' dir='ltr'><strong>admirandarum.</strong></span> <span class='ocrx_word' id='word_1_840' title='bbox 3484 5365 3600 5420; x_wconf 82' lang='lat' dir='ltr'><strong>iloc</strong></span> <span class='ocrx_word' id='word_1_841' title='bbox 3650 5367 3914 5420; x_wconf 84' lang='lat' dir='ltr'><strong>taberna-</strong></span> 
     </span>
    </p>
   </div>
   <div class='ocr_carea' id='block_1_114' title="bbox 2334 5458 3913 5526">
    <p class='ocr_par' dir='ltr' id='par_1_114' title="bbox 2334 5458 3913 5526">
     <span class='ocr_line' id='line_1_114' title="bbox 2334 5458 3913 5526; baseline -0.001 -11"><span class='ocrx_word' id='word_1_842' title='bbox 2334 5462 2458 5515; x_wconf 90' lang='lat' dir='ltr'><strong>cula</strong></span> <span class='ocrx_word' id='word_1_843' title='bbox 2485 5463 2722 5522; x_wconf 84' lang='lat' dir='ltr'><strong>diversa,</strong></span> <span class='ocrx_word' id='word_1_844' title='bbox 2755 5463 2855 5514; x_wconf 88' lang='lat' dir='ltr'><strong>hoc</strong></span> <span class='ocrx_word' id='word_1_845' title='bbox 2882 5461 3064 5513; x_wconf 65' lang='lat' dir='ltr'><strong>multis</strong></span> <span class='ocrx_word' id='word_1_846' title='bbox 3093 5461 3314 5522; x_wconf 87' lang='lat' dir='ltr'><strong>domus,</strong></span> <span class='ocrx_word' id='word_1_847' title='bbox 3345 5463 3448 5513; x_wconf 89' lang='lat' dir='ltr'><strong>hoc</strong></span> <span class='ocrx_word' id='word_1_848' title='bbox 3478 5459 3633 5513; x_wconf 67' lang='lat' dir='ltr'><strong>stolae</strong></span> <span class='ocrx_word' id='word_1_849' title='bbox 3666 5458 3913 5526; x_wconf 79' lang='lat' dir='ltr'><strong>splendi-</strong></span> 
     </span>
    </p>
   </div>
   <div class='ocr_carea' id='block_1_115' title="bbox 2338 5550 3911 5622">
    <p class='ocr_par' dir='ltr' id='par_1_115' title="bbox 2338 5550 3911 5622">
     <span class='ocr_line' id='line_1_115' title="bbox 2338 5550 3911 5622; baseline 0.001 -17"><span class='ocrx_word' id='word_1_850' title='bbox 2338 5552 2577 5607; x_wconf 66' lang='lat' dir='ltr'><strong>dissitas:</strong></span> <span class='ocrx_word' id='word_1_851' title='bbox 2605 5555 2898 5606; x_wconf 86' lang='lat' dir='ltr'><strong>multarum</strong></span> <span class='ocrx_word' id='word_1_852' title='bbox 2923 5554 3275 5622; x_wconf 87' lang='lat' dir='ltr'><strong>dignitatum,</strong></span> <span class='ocrx_word' id='word_1_853' title='bbox 3295 5561 3350 5604; x_wconf 92' lang='lat' dir='ltr'><strong>et</strong></span> <span class='ocrx_word' id='word_1_854' title='bbox 3371 5566 3588 5606; x_wconf 75' lang='lat' dir='ltr'><strong>corona:</strong></span> <span class='ocrx_word' id='word_1_855' title='bbox 3612 5550 3911 5614; x_wconf 69' lang='lat' dir='ltr'><strong>distinctae,</strong></span> 
     </span>
    </p>
   </div>
   <div class='ocr_carea' id='block_1_116' title="bbox 2336 5641 3906 5714">
    <p class='ocr_par' dir='ltr' id='par_1_116' title="bbox 2336 5641 3906 5714">
     <span class='ocr_line' id='line_1_116' title="bbox 2336 5641 3906 5714; baseline -0.001 -16"><span class='ocrx_word' id='word_1_856' title='bbox 2336 5643 2528 5714; x_wconf 88' lang='lat' dir='ltr'><strong>lapilli,</strong></span> <span class='ocrx_word' id='word_1_857' title='bbox 2577 5644 2908 5714; x_wconf 78' lang='lat' dir='ltr'><strong>margaritae,</strong></span> <span class='ocrx_word' id='word_1_858' title='bbox 2962 5651 3015 5698; x_wconf 91' lang='lat' dir='ltr'><strong>et</strong></span> <span class='ocrx_word' id='word_1_859' title='bbox 3066 5641 3227 5700; x_wconf 82' lang='lat' dir='ltr'><strong>ﬂores</strong></span> <span class='ocrx_word' id='word_1_860' title='bbox 3289 5643 3650 5707; x_wconf 86' lang='lat' dir='ltr'><strong>immortales,</strong></span> <span class='ocrx_word' id='word_1_861' title='bbox 3711 5656 3906 5697; x_wconf 83' lang='lat' dir='ltr'><strong>novam</strong></span> 
     </span>
    </p>
   </div>
  </div>
