4128 6338
228 396 335 459 513

1280 414 1720 478 ΒΙΥΙΝΟΒΗΜ
1763 418 2093 481 AMORUM
2126 424 2375 484 LIBER.

3364 439 3469 503 5H

230 504 495 564 habentes
526 512 783 581 speciem,
832 514 933 570 hoc
962 516 1107 583 iecii,
1141 524 1394 593 stragula:
1415 537 1612 591 vestes,
1652 544 1803 581 men-
1833 531 1877 587 Α
1908 526 2146 598 Spiritus
2207 536 2550 593 sermonibus
2604 539 2937 598 incredulus.
2994 544 3050 600 ln
3095 550 3244 604 omni
3281 554 3472 623 utique

230 612 285 623 --
348 601 526 623 ..____g
616 606 823 623 ..
908 608 959 623 ..
1048 609 1059 623 .
1164 614 1177 623 .
1460 616 1523 623 ,ν
1651 619 1679 623 _,
1966 621 1974 623 μ

228 612 313 666 sa,
348 601 570 665 throni,
606 613 661 659 et
696 606 959 677 quidquid
994 609 1060 662 ad
1095 614 1425 683 voluptatem
1453 616 1802 685 quundisst.

227 706 376 748 muni
402 707 501 760 est,
531 706 668 761 erat,
690 710 773 755 est
797 711 847 753 et
868 704 991 767 erit,
1019 710 1070 759 te
1096 706 1504 762 solumintueri.
1525 709 1584 763 Si
1614 710 1799 781 igitur,

229 793 291 837 ut
313 801 475 853 supra
501 788 841 852 dicebamus.
873 807 981 845 non
1010 792 1255 849 videntes
1282 797 1457 851 lumen
1488 808 1664 865 tuum,
1698 814 1800 852 nec

228 874 331 927 abs
356 884 426 945 .te
452 878 577 943 visi,
610 878 703 931 sed
739 883 998 949 separati,
1032 885 1245 939 visione
1279 896 1369 941 tua
1392 926 1407 950 ,
1444 891 1625 942 omnia
1659 889 1798 943 bona

229 966 629 1033 complectente
677 970 990 1041 privantur,
1028 975 1249 1029 ubinam
1284 980 1523 1046 requiem
1546 1020 1561 1044 ,
1593 981 1683 1033 ubi
1718 980 1800 1032 lo-

227 1067 352 1107 cum
389 1056 577 1111 dolore
611 1073 840 1113 vacumn
879 1063 1191 1118 invenient?
1224 1067 1313 1120 ubi
1371 1069 1717 1131 habitabunt,
1752 1070 1796 1123 si

227 1145 365 1197 ret-ti
413 1162 518 1201 non
570 1150 809 1204 fuerint?
858 1154 1061 1207 etenim
1108 1154 1259 1210 Recti
1314 1158 1626 1214 habitabant
1680 1168 1797 1214 tam

227 1236 377 1308 cuitu
404 1247 490 1290 tuo
512 1239 552 1291 ⁸.
578 1238 866 1297 Formatus
883 1257 941 1297 es
965 1246 1105 1298 enim
1141 1247 1193 1299 in
1216 1261 1417 1301 eorum
1434 1259 1583 1304 recto
1610 1252 1795 1315 corde,

215 1334 281 1379 et
323 1328 568 1383 habitant
610 1347 732 1385 cum
773 1333 944 1387 forma
974 1344 1064 1387 tua
1108 1337 1160 1388 in
1192 1345 1263 1401 te,
1295 1337 1511 1393 Christe
1548 1358 1721 1395 meus.

298 1416 344 1472 0
380 1421 511 1473 mira
548 1436 656 1483 res,
700 1437 732 1476 ο
776 1424 1039 1480 bonitatis
1078 1426 1281 1481 donum
1335 1431 1688 1499 inopinabile,
1740 1434 1793 1486 in

228 1510 403 1564 forma
441 1511 531 1565 Dei
566 1528 687 1568 esse
724 1516 992 1579 homines,
1024 1527 1077 1570 et
1104 1517 1327 1571 formari
1357 1521 1408 1573 in
1452 1521 1603 1588 ipsis,
1630 1538 1792 1591 quem

224 1614 389 1653 nemo
429 1602 596 1671 capit,
631 1606 818 1669 Deum,
849 1608 1007 1676 cujus
1052 1620 1247 1663 natura
1302 1619 1386 1664 est
1436 1612 1792 1681 invariabilis,

224 1700 281 1746 et
321 1693 673 1750 immutabilis
695 1737 709 1759 ,
748 1699 839 1765 qui
884 1700 937 1753 in
971 1702 1226 1755 omnibus
1256 1718 1315 1757 se
1340 1702 1520 1773 dignis
1550 1706 1793 1761 habitare

224 1782 364 1845 vult,
389 1793 447 1837 ut
472 1787 699 1855 quilibet
725 1789 775 1841 in
812 1805 870 1843 se
890 1798 1063 1844 totum
1097 1807 1300 1861 regem,
1337 1796 1513 1862 ipsum
1540 1811 1788 1866 regnum,

220 1878 279 1926 et
311 1872 379 1926 ad
412 1888 634 1943 regnum
673 1878 997 1945 pertinentia
1020 1880 1234 1943 habeat,
1268 1890 1321 1936 et
1347 1883 1568 1951 fulgeat,
1602 1901 1761 1953 quem

223 1963 516 2017 admodum
562 1965 771 2021 refulsit
804 1969 1077 2023 redivivus
1114 1970 1252 2026 Deus
1282 1988 1460 2039 meus,
1493 1976 1783 2046 plusquam

224 2056 364 2109 radii
411 2057 539 2112 solis
580 2058 761 2127 hujus,
790 2076 951 2129 quem
1000 2064 1300 2119 cernimus.
1332 2065 1394 2119 Et
1442 2082 1565 2121 eum
1608 2070 1795 2125 astite-

224 2149 338 2199 rint
368 2148 417 2202 ei
444 2150 534 2217 qui
572 2150 653 2204 sic
675 2130 832 2219 ipsos
862 2152 1224 2221 glorificavit,
1262 2158 1642 2226 magnitudine
1678 2162 1792 2234 glo-

226 2239 430 2302 riaenet
460 2240 685 2294 assiduo
713 2242 907 2297 divina:
945 2243 1213 2301 claritatis
1240 2247 1582 2305 incremento
1613 2250 1790 2305 admi-

231 2332 446 2385 ratione
477 2333 692 2387 attoniti
741 2347 979 2389 manent.
1037 2335 1145 2391 Nec
1201 2340 1347 2394 enim
1401 2341 1527 2396 ullis
1558 2344 1793 2407 saeculis

221 2421 536 2492 proficiendi
558 2425 678 2479 linis
710 2427 813 2479 erit
844 2443 855 2478 :
890 2426 1157 2496 siquidem
1182 2431 1368 2493 statio,
1410 2447 1509 2486 seu
1555 2435 1793 2489 cessatio

220 2511 542 2573 incrementi
585 2516 762 2570 liniret
813 2516 869 2573 id
919 2519 1065 2589 quod
1132 2519 1273 2599 finiri
1306 2525 1534 2593 nequit,
1566 2535 1617 2580 et
1644 2541 1795 2579 com-

223 2605 641 2673 preheusionem
675 2623 899 2676 prorsus
935 2610 1558 2686 incomprehensibilia-
1582 2599 1794 2671 satieta-

220 2701 445 2762 temque
478 2695 763 2752 iii-luceret
795 2698 961 2765 illius,
996 2716 1103 2771 quo
1144 2704 1329 2757 satiari
1363 2707 1545 2760 nullus
1578 2716 1790 2776 potest:

221 2787 315 2838 sed
345 2786 619 2854 plenitudo
651 2788 793 2858 ejus,
820 2800 872 2844 et
902 2792 1072 2860 gloria
1107 2794 1243 2848 lucis
1270 2795 1501 2866 abyssus
1532 2799 1637 2852 erit
1670 2814 1789 2867 pro'

224 2876 258 2931 l‘c
282 2891 428 2941 ctus,
462 2890 513 2933 et
550 2879 668 2935 sine
698 2880 802 2936 line
824 2882 1177 2953 principium.
1206 2884 1269 2939 Et
1298 2887 1438 2940 sicut
1464 2889 1557 2958 qui
1594 2889 1791 2944 habent

218 2967 498 3023 Christum
553 2972 700 3027 intus
752 2972 1078 3038 formatum,
1112 2976 1291 3031 eidem
1315 3017 1329 3040 ,
1363 2994 1676 3049 quanquam
1716 2980 1790 3035 ita

223 3057 477 3132 fulgenti,
512 3072 570 3117 ut
602 3065 742 3119 adiri
780 3076 1235 3136 nequeat,astant
1267 3070 1621 3127 nihilominus
1660 3090 1673 3126 :
1711 3073 1791 3128 sic

1906 621 2069 675 etiam
2104 624 2156 677 hi
2195 633 2375 689 erunt,
2419 643 2602 685 revera
2656 643 2836 688 autem
2894 644 3047 691 extra
3096 641 3337 697 divinum
3383 621 3472 699 ﬁlu-

1904 726 2051 774 men,
2103 714 2391 787 ipsumque
2428 715 2625 778 Deum.
2658 724 2729 779 Ut
2768 727 2919 793 caci,
2977 729 3187 788 lucente
3220 736 3355 802 sole,
3414 746 3469 793 et

1905 801 2004 854 toti
2040 803 2360 861 circumfusi
2395 809 2618 879 lumine,
2652 823 2834 872 tamen
2866 829 3016 879 extra
3072 822 3253 879 lumen
3290 838 3415 881 sunt
3446 866 3463 891 ,

1904 892 2219 959 cOgnitioue
2269 912 2601 971 aspectuque
2643 906 2711 960 ab
2753 923 2817 963 eo
2858 910 3095 978 sejuncti
3131 929 3144 965 :
3182 916 3260 970 sic
3294 921 3461 973 estin

1902 986 2050 1038 omni
2094 987 2333 1043 divinum
2368 992 2651 1053 Trinitatis
2686 1001 2892 1067 lumen,
2943 1011 2995 1057 et
3026 1006 3079 1059 in
3131 1008 3306 1061 medio
3338 1021 3467 1066 sunt

1906 1087 2240 1143 peccatores,
2282 1084 2521 1140 tenebris
2556 1091 2860 1158 pra-pediti,
2892 1099 3185 1165 quominus
3210 1100 3456 1166 videant,

1903 1166 2179 1237 ullamque
2205 1169 2517 1231 Divinitatis
2545 1180 2821 1235 nationem
2848 1197 2911 1237 ac
2946 1200 3167 1240 sensum
3204 1187 3459 1243 habeant:

1901 1259 1995 1310 sed
2032 1261 2308 1327 ardentes,
2342 1273 2392 1317 et
2425 1281 2521 1320 sua
2554 1267 2796 1337 ipsorum
2840 1278 3171 1330 conscientia
3206 1281 3465 1335 condem-

1900 1349 2035 1411 nati,
2082 1350 2426 1410 aﬂlictionem
2476 1359 2936 1429 inexplicabilem,
2965 1374 3018 1418 et
3062 1367 3299 1424 dolorem
3343 1372 3463 1427 inc-

1900 1440 2229 1495 narrabilem
2261 1460 2355 1513 per
2380 1450 2576 1501 saecula
2613 1454 2945 1523 sempiterna
2980 1459 3355 1516 sustinebunt.

2493 1580 2720 1637 CAPUT
2771 1585 2863 1641 Ill.

1913 1704 2186 1789 Quomodo
2210 1709 2376 1793 Pater
2403 1715 2487 1768 hic
2506 1718 2835 1793 immutatus,
2866 1732 3244 1793 purgatusque,
3272 1727 3462 1780 arctis-

1972 1778 2103 1831 sime
2128 1796 2243 1861 cum
2278 1781 2386 1865 Deo
2425 1786 2732 1865 C?"jl¢_ﬂt‘fﬂt
2764 1778 2946 1865 sitiet
2970 1778 3150 1865 qualis.
3196 1778 3259 1849 es;
3292 1778 3461 1865 Saluati

1827 1852 1868 1907 Β
1962 1850 2208 1927 censeris,
2237 1852 2393 1904 verba
2422 1850 2535 1921 ejus
2567 1857 2629 1927 in,
2650 1856 2743 1927 hoc
2773 1850 2941 1927 capite
2968 1850 3034 1914 ad
3068 1861 3231 1915 Deum
3260 1850 3461 1918 amoris

1962 1915 2138 2001 plena.
2173 1915 2558 2001 demonstrant,
2600 1926 2696 2001 A_d_
2726 1915 3015 2001 extremum
3068 1915 3461 2001 theologrirewae

1965 1987 2163 2053 angelis
2196 1989 2426 2071 disserit.
2466 1991 2727 2071 Principio
2763 2000 3020 2052 orationis
3045 2038 3060 2063 ,
3096 1987 3455 2071 morevjusto-

1964 2069 2083 2106 rum
2103 2093 2119 2117 ,
2154 2061 2433 2111 accusator
2456 2063 2540 2114 sui
2572 2073 2667 2115 est.

1963 2160 2092 2226 Quae
2118 2172 2200 2219 est
2225 2168 2349 2229 ista,
2377 2166 2627 2225 Salvator
2660 2173 2753 2235 mi,
2789 2173 3049 2231 immensa
3079 2177 3453 2234 misericordia

1897 2252 2326 2317 tua?'Quomodo
2360 2272 2443 2312 me
2472 2258 2767 2329 impurum,
2794 2279 2877 2318 me
2908 2267 3202 2334 perditum,
3233 2284 3319 2324 nte
3342 2270 3457 2324 for-

1896 2343 2192 2412 nicarium,
2233 2346 2342 2401 ﬂeri
2386 2351 2685 2405 membrum
2718 2363 2867 2407 tuum
2899 2358 3457 2424 voluisti?Quomodo

1897 2452 1982 2491 me
2015 2438 2151 2491 stola
2190 2440 2545 2506 lucidissima,
2580 2444 2865 2512 splendore
2893 2447 3327 2505 immortalitatis
3355 2467 3450 2507 co-

1897 2540 2171 2590 ruscante,
2203 2537 2255 2581 et
2300 2530 2478 2583 omnia
2531 2534 2771 2587 membra
2803 2550 2920 2589 mea
2956 2537 3139 2591 lucida
3190 2541 3452 2595 reddente

1895 2618 2199 2672 vestivisti?
2221 2618 2429 2673 Etenim
2462 2636 2659 2689 corpus
2686 2633 2833 2677 tuum
2864 2627 3289 2694 immaculatum,
3321 2632 3455 2686 divi-

1894 2725 2153 2777 numque,
2189 2726 2293 2763 non
2321 2714 2688 2776 enmmistum,
2718 2726 2769 2768 et
2806 2720 3157 2772 commistum
3200 2721 3454 2776 inelIabi--

1895 2798 2039 2863 liter,
2063 2808 2231 2852 totum
2263 2801 2385 2868 igne
2411 2800 2714 2857 divinitatis
2742 2805 2993 2875 fulgurat.
3023 2806 3085 2863 Et
3115 2810 3216 2865 hoc
3237 2827 3452 2880 quoque

1893 2890 2107 2944 donasti
2142 2892 2294 2957 mihi,
2336 2892 2475 2947 Deus
2508 2909 2681 2949 meus.
2724 2894 2865 2951 Deus
2896 2913 3129 2967 namque
3172 2901 3296 2956 huic
3330 2918 3453 2957 sor-

1892 2981 2043 3048 dido,
2074 2991 2128 3036 et
2161 2984 2427 3039 interitui
2461 2987 2697 3040 obnoxio
2731 2990 3077 3045 tabernaculo
3108 3007 3229 3046 meo
3260 2994 3451 3048 unitur

1893 3071 2094 3140 corpus
2148 3084 2301 3127 tuum
2368 3077 3055 3143 iucontaminatissimum,
3108 3089 3160 3133 et
3226 3069 3451 3151 sanguis

219 3151 345 3210 fluis
381 3154 431 3205 in
461 3154 612 3223 ipsis,
634 3157 819 3225 gloria:
851 3168 935 3212 est
970 3160 1201 3216 initium.
1230 3164 1404 3231 Atque
1431 3173 1488 3217 ut
1526 3166 1619 3219 tibi
1652 3180 1783 3220 sen-
1811 3171 1856 3231 C
1893 3180 2046 3219 meus
2092 3166 2451 3235 permiscetur
2502 3170 2756 3235 sanguini
2806 3178 2923 3232 tuo,
2976 3180 3059 3224 sat
3092 3174 3227 3235 seio,
3264 3176 3448 3227 unitus

221 3258 340 3299 sum
375 3255 723 3316 mentemque
760 3264 933 3304 meam
965 3250 1258 3309 dilucidius
1286 3270 1572 3325 exponam,
1599 3257 1651 3311 in
1678 3258 1784 3314 line

220 3335 496 3391 habebunt
537 3339 886 3408 principium,
916 3349 970 3395 et
1008 3343 1059 3395 in
1099 3342 1366 3413 principio
1399 3344 1581 3399 linem.
1623 3347 1780 3401 Plus—

220 3441 383 3495 quam
436 3428 650 3495 plenum
702 3430 944 3500 intellige
976 3433 1131 3495 mihi,
1165 3443 1217 3487 et
1258 3436 1593 3491 accessionis
1637 3437 1781 3491 haud

220 3516 488 3585 indigum,
516 3525 567 3571 et
596 3521 685 3588 qui
714 3528 961 3586 currunt,
992 3538 1086 3576 eos
1123 3523 1282 3577 linem
1318 3526 1513 3580 infiniti
1548 3543 1657 3583 non
1694 3544 1787 3583 an-

219 3619 507 3663 tevertere.
555 3611 611 3663 Si
645 3627 882 3681 namque
912 3624 1154 3669 transeat
1186 3618 1385 3671 cmlum
1424 3619 1568 3673 istud
1590 3661 1604 3684 ,
1640 3622 1785 3691 quod

222 3701 468 3755 videmus
505 3710 557 3755 et
613 3712 778 3767 terra,
814 3712 866 3756 et
902 3720 1022 3774 quae
1053 3705 1106 3759 in
1139 3721 1201 3759 ea
1245 3718 1373 3761 sunt
1403 3712 1589 3763 omnia
1632 3712 1787 3780 (cou-

214 3792 356 3859 jccm
390 3794 532 3861 quod
569 3794 701 3860 dixi)
744 3796 849 3848 erit
883 3795 984 3849 loci
1016 3800 1461 3866 comprehensio,
1500 3802 1587 3855 ubi
1623 3802 1782 3858 linem

220 3884 489 3948 invenies,
527 3902 636 3939 non
669 3887 795 3940 dico
827 3902 1173 3958 corporeum,
1210 3891 1303 3945 sed
1334 3894 1517 3947 animo
1546 3895 1784 3963 plenitu-

218 3979 401 4034 dinem
456 3979 643 4033 mundi
700 3981 1006 4051 incorporei
1052 3984 1257 4051 poteris
1299 3987 1782 4055 comprehendere.

217 4070 333 4124 Non
365 4082 448 4125 est
488 4084 666 4126 autem
700 4074 958 4136 mundus,
985 4073 1080 4127 sed
1106 4090 1219 4137 aer,
1262 4075 1405 4128 sicut
1431 4086 1589 4131 antea
1633 4096 1646 4131 :
1682 4094 1782 4134 nec

216 4173 331 4225 aer,
357 4160 452 4214 sed
473 4162 857 4225 inenarrabilis
872 4160 1042 4232 (quod
1064 4162 1377 4218 universum
1396 4166 1614 4235 vocant)
1630 4169 1789 4239 abys-

217 4266 335 4316 sus,
369 4250 475 4305 line
507 4266 701 4306 carens
733 4254 973 4321 penitus,
997 4256 1281 4323 aequaliter
1314 4255 1553 4325 undique
1580 4264 1693 4311 tota
1720 4274 1785 4312 ex

219 4344 465 4411 partibus
500 4345 764 4413 utrisque.
811 4344 923 4401 Hoc
970 4361 1130 4401 omne
1183 4346 1473 4401 divinitate
1522 4350 1785 4415 repletum

219 4442 320 4489 est.
357 4433 463 4501 Qui
498 4449 627 4503 ergo
656 4434 777 4503 eius
808 4437 1105 4505 participes
1137 4444 1288 4501 sunt,
1318 4444 1372 4490 et
1404 4438 1456 4491 in
1496 4438 1615 4507 ipso
1639 4437 1787 4492 habi-

1888 3269 2008 3308 sum
2044 3254 2205 3309 etiam
2246 3254 2513 3308 divinitati
2549 3264 2673 3319 tute,
2722 3264 2774 3309 et
2820 3257 3044 3311 eﬂ‘ectus
3079 3274 3197 3312 sum
3250 3276 3445 3329 corpus

1887 3355 2036 3399 tuum
2057 3346 2490 3407 mundissimum,
2512 3347 2809 3401 membrum
2840 3346 3441 3416 fulgidum,membrum

1887 3452 2013 3491 vere
2065 3448 2342 3502 sanetum,
2386 3437 2685 3491 membrum
2740 3440 2897 3508 longe
2934 3438 3184 3502 rutilans,
3226 3440 3446 3508 pelluti-

1886 3529 2131 3593 dum,'et
2179 3528 2491 3597 splendens.
2524 3526 2695 3581 Video
2733 3527 3193 3596 pulchritudinem
3222 3567 3239 3592 ,
3285 3530 3443 3584 viden

1888 3619 2257 3689 splendorem,
2283 3619 2336 3672 in
2370 3620 2592 3688 speculo
2621 3620 2811 3687 gratiae
2840 3629 2944 3673 tua:
2977 3619 3156 3683 lumen
3203 3620 3445 3682 intueor,

1887 3720 1943 3766 et
1996 3711 2436 3778 inexplicabilem
2496 3709 2757 3779 fulgorem
2792 3712 3137 3779 obstupesco,
3171 3718 3226 3764 et
3272 3720 3449 3765 mente

1888 3803 2113 3863 excedo,
2167 3800 2294 3854 dum
2341 3802 2734 3863 animadverto,
2772 3800 2949 3867 qualis
2997 3800 3227 3863 fuerim,
3270 3801 3445 3871 qualis

1888 3894 2066 3946 factus
2101 3891 2201 3945 sim
2236 3891 2559 3944 mirabiliter
2592 3907 2607 3945 :
2642 3902 2693 3944 et
2726 3894 2905 3953 timeo,
2939 3901 2993 3943 et
3049 3906 3298 3945 revereor
3332 3907 3450 3949 meo

1890 3985 2066 4053 ipsum
2092 4021 2107 4047 ,
2136 3992 2190 4037 et
2222 3992 2475 4051 tanquam
2516 3991 2567 4035 te
2598 3996 2846 4036 revereor
2881 3997 2945 4036 ac
2992 3990 3192 4069 metuo,
3227 3989 3282 4035 et
3324 3995 3447 4051 pet-7

1887 4076 2080 4145 plexus
2117 4089 2258 4138 sum,
2285 4082 2339 4127 et
2368 4074 2591 4127 omnino
2621 4089 2810 4128 vereor
2847 4069 2932 4127 ubi
2956 4073 3197 4134 sedeam,
3229 4072 3314 4124 cui
3350 4084 3448 4140 ap-

1890 4167 2269 4237 propinquant,
2306 4172 2359 4218 et
2392 4164 2483 4218 ubi
2518 4163 2757 4216 membra
2790 4172 2880 4216 tua
2914 4162 3192 4224 reclinem,
3226 4161 3290 4213 ad
3328 4176 3448 4228 qua

1888 4272 2071 4327 opera,
2105 4267 2170 4311 au
2220 4270 2354 4323 quas
2402 4256 2646 4309 actiones
2688 4263 2795 4307 tam
2853 4254 3251 4307 venerabilibus
3298 4252 3442 4307 divi-

1890 4347 2087 4415 nisque
2122 4344 2383 4398 membris
2425 4344 2637 4396 tandem
2669 4343 2743 4395 uti
2772 4342 3020 4397 debeam.
3048 4341 3119 4393 Da
3152 4342 3278 4394 mihi
3324 4356 3444 4410 quze

1890 4437 2013 4492 dico
2040 4444 2092 4489 et
2124 4436 2293 4504 loqui,
2330 4443 2383 4489 et
2421 4434 2617 4497 facere,
2643 4448 2673 4486 ο
2714 4432 2931 4495 artifex,
2977 4442 3030 4485 et
3061 4432 3215 4487 lictor
3263 4447 3439 4485 meus.

219 4534 370 4588 tant,
412 4524 690 4594 quomodo
720 4534 892 4579 totum
921 4528 1376 4594 complectantur,
1413 4538 1472 4580 ut
1497 4529 1658 4581 etiam
1696 4542 1783 4581 sa-
1812 4516 1860 4574 ο
1889 4531 2044 4593 Nam,
2076 4528 2119 4581 si
2154 4542 2273 4595 quae
2304 4527 2514 4595 loquor,
2547 4524 2703 4579 factis
2734 4540 2841 4578 non
2872 4533 3088 4591 praesto,
3113 4522 3287 4576 factus
3316 4537 3439 4589 sum

218 4620 506 4671 inirentur?
535 4625 626 4670 aut
667 4615 963 4685 quomodo,
1009 4615 1097 4670 dic
1144 4617 1301 4680 mihi,
1359 4618 1518 4671 linem
1585 4618 1783 4671 inﬁniti

217 4706 478 4777 capient?
527 4705 910 4760 Difﬁcillimum
963 4708 1144 4775 plane,
1189 4717 1243 4761 et
1284 4708 1623 4777 impossibile
1679 4719 1783 4763 est.

218 4796 349 4851 Nam
385 4812 564 4866 neque
595 4798 682 4850 hic
719 4796 768 4850 in
800 4812 1031 4866 corpore
1060 4805 1279 4851 sanctos
1305 4798 1585 4867 degentes,
1612 4813 1785 4865 neque

220 4888 348 4943 illuc
374 4889 427 4942 in
458 4887 568 4942 Deo
588 4888 885 4942 translatos
919 4888 1041 4942 talis
1068 4890 1290 4941 omnino
1312 4889 1569 4956 cogitatio
1598 4889 1785 4942 subire

218 4988 418 5050 potest.
456 4978 796 5048 Obteguntur
828 4992 1071 5046 namque
1109 4976 1311 5030 lumine
1338 4978 1537 5032 divina:
1579 4978 1779 5047 gloria,

217 5070 619 5135 illuminantur,
649 5069 936 5129 etlucent,
966 5081 1018 5123 et
1052 5070 1404 5123 obiectantur
1462 5068 1516 5122 in
1563 5068 1672 5149 bis,
1728 5076 1783 5123 et

218 5165 400 5221 sciunt
432 5177 594 5226 vere,
631 5162 890 5231 omnique
918 5170 972 5215 et
996 5160 1155 5230 plena
1190 5160 1292 5214 lide
1316 5198 1331 5223 ,
1367 5158 1564 5214 horum
1609 5157 1787 5227 perle-

217 5256 458 5313 ctionem
482 5254 747 5308 inﬁnitam
782 5254 920 5308 fore.
948 5254 989 5307 Α
1023 5250 1131 5305 Deo
1151 5260 1331 5304 autem
1367 5251 1588 5319 abjecti,
1615 5250 1785 5305 miror

219 5348 307 5404 ubi
344 5348 687 5412 consistent,
729 5346 889 5414 longe
936 5344 1169 5412 sejuncti
1220 5342 1290 5396 ab
1333 5357 1398 5395 eo
1445 5342 1537 5412 qui
1584 5342 1784 5411 ubique

217 5445 319 5495 est.
357 5437 423 5492 Et
454 5451 606 5501 sane,
630 5435 850 5499 fratres,
888 5435 1211 5489 miraculum
1252 5432 1775 5502 obstupescendum,

217 5535 274 5588 et
326 5527 569 5597 adquod
604 5526 742 5583 bene
799 5524 1207 5595 intelligendum
1240 5532 1418 5576 mente
1470 5520 1776 5575 illuminata

217 5635 354 5691 opus
386 5619 479 5684 sit,
522 5626 582 5673 ut
616 5632 722 5675 non
762 5617 971 5673 incidas
1003 5616 1055 5672 in
1102 5612 1354 5668 haeresim
1401 5613 1560 5684 quasi
1609 5612 1775 5666 divini

1887 4636 1984 4680 aes,
2012 4627 2191 4683 acute,
2231 4625 2285 4671 et
2318 4615 2518 4669 frustra
2561 4616 2818 4678 tiuniens,
2848 4623 2899 4667 et
2932 4628 3127 4667 sonum
3175 4614 3435 4682 pulsunm

1888 4711 2028 4765 nihil
2054 4710 2296 4763 sentiens
2328 4706 2369 4761 '.
2404 4705 2508 4759 Sed
2545 4716 2599 4759 tu
2628 4707 2735 4759 noli
2764 4720 2848 4757 me
2879 4704 3177 4765 dimittere,
3206 4703 3314 4755 noli
3348 4701 3445 4754 de-

1892 4802 2236 4868 relinquere:
2263 4812 2397 4852 neve
2428 4797 2577 4851 sinas
2601 4796 2855 4849 aberrare
2879 4808 2964 4847 me
2988 4792 3236 4847 Salvator
3264 4808 3440 4853 meus,

1889 4908 1997 4954 me.
2038 4893 2284 4959 inquam,
2309 4889 2589 4949 miserum,
2623 4887 2953 4947 mendicum,
2980 4900 3043 4938 ac
3074 4886 3439 4954 peregrinum,

1885 4990 1939 5036 et
1970 4980 2156 5035 decem
2218 4978 2449 5031 millium
2497 4978 2821 5031 talentorum
2873 4977 2971 5029 tibi
3007 4976 3308 5029 debitorem
3346 4974 3388 5004 ¹⁶
3424 4990 3437 5026 :

1887 5086 2073 5128 verum
2108 5069 2250 5125 sicut
2278 5069 2427 5132 olim,
2463 5069 2534 5122 ita
2570 5076 2622 5122 et
2645 5083 2791 5122 nunc
2818 5066 3004 5121 facito.
3028 5066 3180 5119 Tunc
3208 5066 3352 5118 enim
3376 5065 3445 5118 ab

1887 5162 2223 5228 haereditate,
2256 5171 2478 5231 totaque
2507 5169 2652 5213 terra
2683 5159 2882 5227 patria,
2928 5165 3101 5227 patre,
3150 5157 3439 5221 fratribus,

1889 5265 2085 5319 matre,
2119 5254 2462 5315 domesticis,
2501 5252 2728 5317 alienis,
2774 5259 2827 5305 et
2866 5250 3116 5319 cognatis
3163 5249 3443 5309 omnibus,

1886 5356 1939 5401 et
1971 5345 2167 5399 amicis
2199 5360 2284 5398 me
2317 5352 2661 5413 peccatorem
2688 5380 2704 5406 ,
2743 5350 2798 5399 et
2832 5340 3089 5395 omnibus
3122 5340 3241 5393 istis
3286 5338 3445 5398 vilio-

1887 5451 2000 5491 rem
2026 5436 2316 5505 separasti,
2334 5435 2549 5504 tuisque
2569 5436 2712 5488 ulnis
2736 5428 3443 5505 mundissimiscomplesus

1886 5543 1968 5591 es,
2003 5528 2097 5595 qui
2134 5542 2220 5581 me
2251 5526 2513 5581 adversus
2555 5524 2813 5580 beneﬁcia
2846 5534 2939 5579 tua
2964 5523 3239 5593 ingratum
3282 5519 3443 5574 exhi-

1886 5619 2109 5674 bueram
2140 5634 2159 5670 τ
2195 5618 2275 5673 sic
2308 5619 2471 5674 etiam
2507 5632 2653 5671 nunc
2690 5626 2745 5671 tu
2781 5616 3097 5672 misericors
3130 5613 3443 5669 misericor-

286 5800 309 5833 '
345 5797 493 5855 Psal.
533 5811 754 5865 cxxxtx,
779 5798 865 5857 14.
939 5799 961 5832 ¹
989 5797 1011 5852 l
1037 5796 1165 5857 Cor.
1201 5798 1394 5863 sum.
1472 5800 1516 5881 ε’
1542 5797 1731 5853 Matth.
1776 5812 1931 5859 xvm.
1962 5797 2053 5851 2i.
