4156 6340
632 403 746 469 515

1896 404 2277 466 SYMEONIS
2320 405 2685 466 IUNIORIS

3785 393 3903 465 516

629 524 782 577 diam
817 521 948 575 mihi
985 519 1183 583 tribue,
1227 519 1326 579 sic,
1355 516 1604 587 inquam,
1641 516 1749 569 into
1785 531 1916 570 vero
1952 517 2148 583 magis,
2184 530 2216 568 o
2247 525 2289 578 Α
2321 516 2445 572 llaec
2496 517 2766 588 subjectio
2809 516 3054 573 omnium
3104 529 3223 583 qua:
3277 521 3497 583 aspectu
3555 510 3903 566 sentiuntur.

633 616 778 669 Deus
807 628 984 677 meus,
1019 621 1073 666 et
1101 613 1363 666 miserere
1390 609 1516 673 mei,
1546 616 1598 661 et
1631 608 1846 664 custodi
1882 623 1987 673 me,
2013 619 2067 661 et
2099 623 2206 661 non

630 716 816 763 rectos
850 705 1016 759 animi
1048 707 1149 758 mei
1184 705 1422 772 impetus
1464 717 1772 766 compesce,
1798 709 1852 755 et
1885 700 1948 753 ad
1979 685 2208 753 omnem

635 799 992 855 tentationem
1023 796 1438 864 molestiamque
1471 794 1592 847 vitre
1637 794 1824 861 hujus,
1864 799 1916 846 et
1961 804 2212 859 quaecun-

634 905 741 960 que
773 890 889 960 ipse
924 888 1054 942 mihi
1089 887 1253 942 stulte
1283 900 1431 948 creo,
1462 894 1516 938 et
1572 885 1622 937 in
1653 883 1857 953 quibus
1911 896 1996 935 me
2030 880 2210 933 invida

637 982 943 1037 Jazmonum
999 990 1194 1032 natura
1241 985 1434 1041 tentat,
1488 983 1543 1030 et
1596 990 1715 1044 qua:
1769 973 2070 1027 imbecilles
2117 970 2212 1024 isti

631 1069 834 1127 fratres
855 1071 956 1124 tnei
983 1071 1204 1139 pariunt
1230 1068 1361 1121 mihi
1394 1068 1573 1122 verbis
1604 1076 1655 1120 et
1683 1065 1862 1128 factis,
1895 1063 1954 1117 ad
1970 1063 2104 1126 hac,
2137 1063 2213 1115 in-

628 1179 824 1233 quam,
879 1162 1061 1215 omnia
1124 1160 1396 1230 patienter
1440 1157 1763 1229 perferenda
1817 1171 1903 1209 me
1954 1155 2212 1208 idoneum

638 1254 828 1309 redde.
861 1253 976 1307 Heu
1012 1266 1119 1315 me,
1151 1249 1276 1319 quia
1310 1250 1556 1302 membra
1589 1263 1705 1301 mea
1746 1253 2084 1300 consumunt
2125 1260 2212 1298 me

638 1354 802 1415 atque
831 1343 1148 1405 coniiciunt,
1193 1353 1244 1396 et
1281 1348 1506 1412 propter
1553 1339 1744 1391 eadem
1794 1350 2012 1389 rursum
2059 1333 2215 1388 doleo

629 1437 999 1505 trahorquea
1045 1433 1296 1504 pedibus,
1356 1433 1448 1501 qui
1503 1430 1677 1483 locum
1732 1427 1929 1496 capitis
1982 1427 2213 1480 sortitus

640 1543 783 1585 sum.
829 1526 1028 1581 lncedo
1064 1524 1226 1580 nudis
1259 1522 1508 1592 pedibus,
1539 1529 1596 1572 et
1635 1517 1810 1588 spinis
1847 1530 2211 1584 compungor,

639 1620 971 1689 cruciorque
1003 1617 1377 1681 vehementer,
1416 1628 1514 1668 nec
1544 1611 1848 1665 cruciatum
1891 1607 2029 1662 fero.
2063 1607 2216 1661 Alter

639 1714 838 1779 pedum
877 1723 1124 1765 meorum
1158 1721 1324 1778 porro
1351 1701 1618 1775 procedit,
1662 1701 1800 1753 alter
1832 1699 2028 1753 iterum
2060 1707 2212 1752 retro

638 1805 1001 1868 convertitur,
1035 1802 1142 1856 huc
1172 1800 1300 1855 illuc
1330 1800 1576 1859 trahunt,
1613 1801 1666 1848 et
1699 1791 1915 1860 rapiunt
1946 1803 2055 1854 me,
2081 1803 2215 1859 sup-

627 1898 876 1969 .plantor,
907 1903 960 1950 et
985 1894 1242 1949 deorsum
1274 1891 1428 1944 cado.
1468 1886 1671 1941 Omnes
1700 1885 1868 1956 igitur
1900 1883 2062 1953 sequi
2099 1896 2211 1937 non

642 2005 891 2060 possum.
917 1985 1112 2041 Jacere
1141 1983 1343 2037 malum
1369 1989 1474 2043 est,
1511 1988 1565 2033 et
1603 1977 1860 2031 incedere
1892 1976 1974 2030 sic
2008 1977 2222 2044 impro-

642 2083 765 2136 vide
787 2079 1031 2135 deterius
1057 2085 1163 2140 est,
1189 2089 1351 2144 quam
1373 2073 1580 2140 jacere,
1603 2071 1822 2138 quando
1853 2082 2047 2122 omnes
2079 2065 2220 2121 alias

641 2174 981 2229 calamitates
1015 2169 1203 2223 vincit.
1237 2166 1484 2230 Domine,
1513 2151 1712 2233 largire
1741 2162 1872 2216 mihi
1910 2162 2117 2215 luctum
2162 2166 2217 2212 et

640 2265 1148 2334 compunctionem,
1180 2265 1233 2315 et
1256 2259 1481 2326 dignare
1517 2271 1603 2308 me
1634 2254 1843 2308 servire
1877 2252 2000 2314 tibi,
2033 2261 2084 2306 te
2124 2265 2188 2304 co
2209 2277 2222 2289 -

642 2367 776 2429 lere,
804 2369 856 2416 et
887 2372 1105 2415 servare
1127 2364 1317 2410 sancta
1347 2351 1603 2407 mandata
1630 2358 1722 2402 tua
1746 2348 1801 2401 in
1831 2346 2070 2402 tenebris
2097 2344 2223 2398 vitae

644 2457 832 2527 hujus,
851 2454 978 2522 et;in
1011 2450 1214 2504 mundo
1239 2450 1365 2510 isto,
1389 2445 1480 2513 qui
1513 2443 1752 2498 tristitiae
1784 2442 1938 2495 locus
1962 2436 2225 2494 est.Gra-

645 2549 751 2604 tias
786 2548 882 2602 tibi
920 2560 1044 2613 ago,
1075 2557 1200 2598 cum
1226 2541 1392 2595 vitam
1427 2538 1558 2591 mihi
1594 2534 1863 2597 tribuisti,
1891 2533 2224 2599 donastique

645 2652 705 2697 nt
735 2654 1126 2712 cognoscerem
1152 2677 1166 2703 ,
1197 2646 1252 2691 et
1281 2635 1563 2690 adorarem
1599 2638 1671 2694 te,
1709 2630 1851 2682 Deus
1884 2641 2063 2681 meus.
2099 2623 2224 2677 llazc

645 2744 731 2793 est
761 2736 908 2790 enim
935 2735 1065 2795 vita,
1093 2741 1427 2798 cognoscere
1451 2734 1502 2778 te
1523 2723 1700 2778 solum
1733 2721 1923 2783 Deum,
1950 2726 2007 2773 et
2039 2716 2226 2770 condi-

646 2838 826 2884 torem
878 2826 1303 2891 eﬂ‘ectoremque
1355 2818 1622 2880 omnium,
1676 2830 1786 2870 non
1834 2824 2063 2888 natum‘,
2115 2826 2222 2865 non

646 2929 918 2984 creatum,
947 2911 1130 2972 solum
1165 2914 1373 2981 absque
1416 2909 1705 2979 principio,
1737 2915 1793 2959 et
1843 2903 2047 2956 Filium
2077 2915 2141 2954 ex
2174 2910 2224 2955 te

647 3010 894 3084 genitum
936 3008 1003 3072 “,
1034 3013 1089 3060 et
1137 3003 1520 3073 procedentem
1569 3012 1634 3051 ex
1675 3003 1906 3062 utroque
1958 2991 2225 3060 Spiritum

649 3103 1086 3162 sanctissimum,
1110 3095 1364 3152 omnibus
1386 3089 1821 3162 proscquendam
1843 3084 2097 3139 laudibus
2124 3084 2222 3136 tri-

650 3211 776 3250 nam
805 3194 1092 3254 unitatem,
1122 3203 1284 3258 quam
1325 3187 1555 3240 adorare
1588 3193 1644 3239 et
1677 3181 1763 3251 pie
1794 3181 1997 3244 colere,
2032 3192 2227 3247 quam-
2254 3189 2297 3246 ο

651 3290 736 3343 vis
767 3287 930 3339 aliam
965 3283 1194 3354 gloriam
1220 3297 1316 3336 seu
1344 3291 1639 3339 terrenam,
1672 3289 1771 3330 seu
1803 3276 2087 3328 cmlestem
2121 3284 2222 3321 an-

652 3383 885 3439 tecellit.

716 3473 865 3539 Quid
892 3471 1035 3525 enim
1066 3469 1421 3537 Angelorum,
1450 3463 1579 3533 quid
1607 3458 2096 3530 Archangelorum,
2124 3456 2228 3510 Do-

652 3566 1039 3626 minationum,
1073 3560 1394 3621 Cherubim,
1429 3566 1482 3612 et
1515 3554 1799 3624 Seraphim
1825 3593 1839 3617 ,
1875 3560 2230 3606 exterarum-

651 3674 761 3729 que
792 3658 1034 3712 omnium
1084 3643 1391 3710 cmlestium
1438 3651 1710 3720 legionum
1758 3647 1929 3718 gloria
1961 3653 2084 3706 est,
2123 3641 2225 3695 nisi

651 3749 836 3806 lumen
865 3746 1320 3807 immortalitatis,
1352 3741 1460 3796 nisi
1491 3739 1773 3810 gaudium,
1811 3735 1915 3791 nisi
1950 3735 2219 3787 illumina-

656 3842 735 3898 tio
775 3842 903 3894 vitae
952 3840 1019 3891 ab
1047 3839 1194 3889 omni
1233 3837 1349 3889 fece
1380 3848 1564 3888 rerum
1604 3833 1964 3885 humanarum
1997 3827 2228 3897 purissi-

653 3931 791 3984 ιηπῖ
838 3931 943 3984 nisi
977 3943 1145 3983 unum
1191 3914 1374 3981 lumen
1412 3934 1617 3980 sancta:
1647 3921 1937 3975 Trinitatis
1987 3920 2226 3974 divisum

655 4019 887 4074 indivise
919 4018 1224 4088 tripliciter,
1264 4015 1414 4085 quod
1463 4030 1630 4067 unum
1668 4021 1750 4066 est
1784 4012 1838 4066 in
1883 4012 2060 4065 tribus
2098 4011 2231 4064 cha~

660 4109 983 4172 racteribus,
1018 4105 1296 4176 incognite
1331 4103 1611 4177 cognitum
1641 4109 1906 4171 quantum
1937 4098 2094 4151 vult?
2120 4097 2230 4150 Nec

657 4204 803 4257 enim
837 4210 1086 4257 creatura
1120 4199 1435 4253 Creatorem
1477 4197 1559 4250 sic
1598 4203 1767 4249 totum
1806 4199 1987 4263 potest
2029 4206 2232 4261 cogno-

661 4308 836 4359 scere,
871 4303 930 4347 ut
959 4293 1076 4362 ipse
1111 4307 1170 4346 se
1200 4289 1502 4346 secundum
1538 4299 1786 4342 naturam
1826 4300 1980 4339 suam
2020 4299 2229 4353 cogno-

659 4389 812 4443 scit:
851 4386 944 4439 sed
1009 4400 1104 4454 per
1151 4384 1381 4453 gratiam
1435 4396 1627 4435 omnes
1677 4379 1876 4448 angeli,
1939 4379 2232 4444 omnisque

659 4489 844 4536 creata
878 4485 1073 4532 natura
1105 4491 1228 4530 eum
1263 4476 1447 4528 vident
1497 4484 1550 4528 et
1582 4472 1904 4541 intelligunt.
1937 4468 2047 4524 Nec
2083 4485 2232 4523 coin-

2316 610 2466 664 lianc
2513 610 2822 666 habuerunt
2874 607 3051 680 angeli
3092 615 3268 662 status
3325 607 3410 662 sui
3459 603 3846 659 firmitudinem
3880 643 3903 665 ,

2314 717 2438 756 cum
2466 701 2727 758 Satanam
2757 709 2812 756 et
2837 701 3020 756 socios
3046 698 3188 769 ejus,
3209 697 3466 768 Opinione
3497 698 3699 762 inﬂata,
3725 711 3903 766 quant

2314 796 2381 850 de
2417 807 2590 850 semet
2623 796 2896 850 habebant
2939 795 3223 860 seductos,
3257 794 3325 848 de
3365 793 3502 847 caelo
3534 792 3728 846 cadere
3763 805 3907 844 cer-

2316 890 2526 948 nentes,
2562 883 2875 951 cognitione
2939 892 2993 936 et
3031 883 3228 937 timore
3259 882 3405 936 aucti
3434 888 3590 935 sunt.
3621 880 3723 945 Qui
3748 879 3904 933 enim

2316 974 2483 1042 hujus
2525 983 2738 1028 tantum
2773 975 2927 1028 obliti
2969 983 3120 1032 sunt.
3164 975 3328 1028 etiam
3365 973 3603 1026 elatione
3641 972 3907 1024 volunta-

2316 1066 2398 1118 ria
2439 1065 2782 1120 deciderunt.
2819 1065 3048 1130 Contra,
3081 1067 3175 1135 qui
3224 1065 3369 1119 istud
3402 1072 3800 1134 cognoverunt,
3827 1063 3908 1115 ti-

2320 1158 2460 1212 mori
2503 1159 2870 1233 cltarita‘tique
2901 1157 3266 1220 adhaerentes,
3297 1158 3518 1212 exaltati
3553 1169 3703 1210 sunt.
3739 1153 3902 1209 Unde

2318 1250 2562 1319 cognitio
2618 1250 2915 1305 Dominica:
2967 1250 3253 1320 potestatis
3305 1250 3627 1303 charitatem
3677 1241 3905 1314 quoque

2319 1330 2694 1410 ampliﬁcavit,
2720 1342 2978 1412 quoniam
3010 1343 3200 1412 plures
3250 1340 3412 1395 etiam
3447 1353 3735 1393 coruscum
3772 1336 3910 1390 Tri-

2318 1434 2507 1491 nitatis
2532 1435 2796 1505 fulgorem
2823 1433 3171 1490 manifestius
3201 1431 3476 1493 videbant,
3515 1439 3569 1485 et
3600 1428 3747 1484 istud
3776 1443 3911 1482 rur-

2318 1542 2436 1581 sum
2475 1543 2692 1584 omnem
2729 1529 2890 1582 aliam
2934 1528 3320 1599 cogitationem
3373 1523 3740 1587 excludebat,
3798 1520 3915 1574 im—

2321 1621 2724 1692 mutabilesque
2768 1623 3004 1676 faciebat
3044 1635 3139 1676 eos
3170 1620 3264 1689 qui
3290 1619 3358 1674 ab
3390 1617 3548 1672 initio
3578 1612 3906 1670 mutabilem

2323 1718 2573 1765 naturam
2604 1719 2949 1784 acceperant,
2985 1713 3037 1767 in
3066 1710 3406 1770 sublimitate
3433 1705 3744 1764 cmlestium
3775 1717 3913 1774 per-

2320 1811 2625 1859 manentes.

2903 1915 3137 1972 CAPUT
3215 1916 3316 1972 IV.

2323 2031 2399 2087 De
2445 2047 2563 2087 vero
2593 2031 2853 2084 monacho
2898 2039 2946 2083 et
2976 2029 3093 2098 ejus
3126 2029 3313 2097 oﬁicio.
3345 2026 3428 2082 Ad
3461 2035 3718 2098 quantum
3769 2041 3913 2079 con-

2529 2100 2886 2168 templationis
2911 2099 3188 2169 fastigium
3218 2100 3328 2166 ipse
3368 2099 3688 2160 ascenderit.

2391 2193 2718 2267 Quicunque
2747 2192 3050 2248 monachUS
3076 2203 3182 2256 est,
3219 2191 3421 2247 mundo
3454 2205 3514 2247 se
3543 2205 3652 2244 non
3689 2189 3912 2254 miscet,

2323 2293 2376 2337 et
2406 2300 2531 2338 cum
2563 2286 2682 2339 solo
2719 2283 2828 2340 Deo
2864 2292 3127 2356 perpetuo
3157 2290 3429 2340 versatur.
3467 2281 3646 2346 Videt,
3666 2280 3910 2337 et‘vide-

2328 2387 2439 2441 tur,
2484 2387 2650 2442 amat,
2689 2386 2742 2432 et
2775 2386 3013 2432 amatur;
3041 2377 3128 2431 Fit
3157 2377 3361 2440 lumen,
3410 2376 3601 2430 lucens
3633 2383 3912 2443 quantum

2326 2471 2507 2525 verbis
2534 2469 2807 2524 declarari
2852 2486 2960 2525 non
3001 2477 3202 2541 potest.
3235 2468 3596 2529 Prmdicatus,
3630 2456 3800 2538 magis
3842 2482 3912 2522 se

2327 2562 2641 2617 mendicum
2696 2571 2935 2632 reputat,
2986 2573 3040 2618 et
3090 2563 3386 2618 conciliata
3445 2561 3549 2616 sibi
3605 2562 3912 2615 multorum

2327 2657 2595 2721 amicitia,
2634 2656 2808 2710 instar
2863 2655 3101 2726 hospitis
3153 2672 3217 2710 ac
3271 2654 3546 2726 peregrini
3601 2663 3704 2709 est.
3765 2651 3908 2707 Hem

2327 2763 2531 2801 novum
2578 2762 2830 2817 prorsus,
2881 2761 2935 2803 et
2973 2749 3120 2818 quod
3173 2764 3286 2803 non
3339 2749 3522 2817 possis
3575 2759 3661 2802 sat
3717 2747 3908 2815 eloqui

2331 2840 2685 2896 miraculum.
2735 2841 2792 2896 ln
2830 2843 3120 2898 immensis
3151 2843 3349 2913 opibus
3383 2857 3593 2911 pauper
3625 2856 3746 2896 sum
3779 2859 3792 2896 :
3847 2848 3915 2894 et.

2327 2947 2452 2987 cum
2488 2933 2801 3002 possideam
2829 2932 3085 3002 plurima,
3141 2933 3274 2986 nihil
3309 2933 3509 2988 habere
3544 2948 3628 2985 me
3661 2941 3811 3002 puto,
3847 2940 3915 2985 et

2330 3027 2382 3079 in
2415 3041 2683 3096 aquarum
2719 3027 2878 3096 copia
2911 3025 3066 3081 sitire
3099 3043 3184 3081 me
3209 3026 3494 3096 profiteor.
3531 3024 3596 3078 Et
3621 3025 3746 3095 quis
3767 3021 3913 3078 mihi

2330 3121 2720 3190 suppeditabit,
2758 3135 2866 3189 quo
2903 3120 3166 3176 abundo?
3206 3128 3261 3175 et
3293 3120 3387 3174 ubi
3416 3119 3712 3180 inveniam,
3736 3131 3910 3188 quem

2330 3214 2580 3284 quotidie
2612 3215 2830 3269 cerno?
2867 3223 2923 3269 et
2962 3215 3244 3284 quomodo
3292 3214 3475 3283 potiar
3508 3227 3572 3267 eo
3602 3210 3695 3281 qui
3731 3211 3784 3264 in
3816 3223 3914 3264 me

2330 3315 2383 3359 et
2405 3314 2562 3359 extra
2595 3307 2860 3360 mundum
2910 3307 3044 3362 est?
3083 3320 3313 3376 prorsus
3343 3305 3486 3358 enim
3520 3317 3631 3358 non
3666 3301 3910 3356 videtur.

2331 3398 2435 3463 Qui
2483 3399 2650 3453 habet
2699 3415 2864 3454 aures
2918 3400 3198 3467 audiendi,
3259 3399 3468 3465 audiat,
3521 3395 3690 3468 probe
3737 3391 3911 3450 verba

2330 3487 2601 3542 illitterati
2635 3489 2976 3559 intelligens.

2929 3602 3162 3660 CAPUT
3239 3603 3304 3659 V.

2335 3715 2588 3770 Doctrina
2632 3716 2702 3768 ad
2743 3718 3051 3782 monac/tos,
3118 3719 3208 3786 qui
3250 3731 3427 3769 recens
3472 3716 3691 3783 mundo,
3742 3727 3791 3771 et
3834 3716 3913 3772 iis

2442 3802 2520 3838 uae
2552 3786 2606 3837 in
2642 3787 2838 3841 munda
2886 3798 3034 3849 sunt,
3086 3788 3332 3842 nuntium
3373 3788 3706 3839 remiserunt.
3755 3787 3914 3851 Qua-

2427 3872 2506 3908 em
2542 3856 2699 3977 gdgm
2730 3858 2848 3924 quis
2879 3873 3006 3926 erga
3034 3855 3247 3910 Patrem
3273 3872 3424 3909 suum
3457 3855 3788 3924 spiritualem
3814 3871 3915 3925 ge-

2427 3941 2520 3977 'ere
2580 3941 2606 3977 e
2643 3935 2751 3977 eat.

2406 3941 2520 3978 rere
2542 3935 2751 3983 debeat.

2406 4015 2667 4071 Mundum
2695 4025 2895 4083 totum,
2933 4027 2987 4072 et
3011 4017 3262 4072 homines
3283 4017 3448 4087 hujus
3472 4017 3660 4072 mundi
3688 4017 3910 4084 desere,

2334 4110 2624 4180 solumque
2655 4091 2872 4165 beatum
2902 4111 3109 4165 luctum
3148 4126 3391 4170 assume.
3425 4120 3478 4164 et
3513 4116 3720 4163 tantum
3757 4121 3913 4162 com-

2337 4202 2505 4255 missa
2545 4204 2643 4256 abs
2673 4210 2726 4256 te
2755 4210 2984 4271 peccata
3020 4203 3320 4258 lamentare
3349 4219 3361 4253 :
3400 4201 3659 4271 quoniam
3717 4199 3819 4255 ista
3853 4206 3914 4255 te

2336 4295 2579 4349 omnium
2615 4296 2901 4349 conditore
2936 4293 3183 4358 Christo,
3207 4305 3260 4348 et
3296 4296 3563 4349 societate
3593 4303 3910 4348 sanctorum

2337 4385 2459 4454 ejus
2491 4387 2896 4462 spoliaverunt.
2936 4383 3142 4438 Praeter
3181 4384 3293 4438 haec
3327 4383 3465 4437 nihil
3501 4383 3601 4436 tibi
3636 4396 3781 4436 cura!
3811 4381 3910 4435 sit.

2340 4478 2482 4542 Quin
2516 4477 2679 4531 etiam
2716 4493 2922 4546 corpus
2959 4485 3112 4530 tuum
3163 4484 3223 4530 ut
3273 4475 3518 4546 ignotum
3568 4490 3630 4529 ac
3668 4472 3915 4544 peregri-

661 4569 1030 4642 prehendunt,
1063 4566 1156 4620 sed
1184 4563 1510 4631 intelligunt,
1535 4571 1803 4632 quatenus
1836 4562 2015 4614 lumen
2044 4560 2223 4626 cacis,

2338 4589 2469 4626 num
2507 4572 2729 4636 habeto,
2762 4581 2817 4626 et
2851 4572 3066 4634 oculos,
3099 4569 3268 4625 veluti
3300 4569 3721 4631 condemnatus,
3753 4573 3807 4621 et
3837 4565 3911 4620 ad

660 4671 756 4717 aut
788 4662 948 4717 etiam
987 4661 1144 4729 plane
1178 4657 1487 4712 videntibus
1530 4653 1869 4708 manifestari
1895 4690 1909 4715 ,
1962 4663 2017 4707 et
2058 4653 2126 4707 ab
2159 4653 2227 4707 iis

658 4751 915 4820 c0gnosci
961 4749 1214 4804 valuerit.
1253 4746 1386 4800 Nam
1427 4746 1613 4800 oculus
1637 4748 1843 4813 absque
1880 4745 2086 4798 lumine
2117 4758 2229 4797 non

661 4845 825 4906 videt,
851 4842 943 4897 sed
979 4851 1036 4895 ut
1065 4841 1229 4895 etiam
1256 4839 1456 4904 videat,
1482 4838 1735 4892 alumine
1764 4837 1982 4906 accipit,
2008 4836 2228 4905 quando

661 4935 730 4987 ab
782 4936 899 5002 ipso
943 4948 1162 5002 quoque
1199 4930 1498 4984 fabricatus
1545 4938 1650 4983 est.
1695 4927 1802 4983 Seu
1859 4942 2224 4997 corporeum,

663 5039 759 5076 seu
792 5023 1202 5092 incorporeum,
1239 5022 1424 5075 omnia
1454 5021 1595 5074 Deus
1625 5020 1773 5083 fecit,
1813 5035 1933 5089 qua:
1960 5019 2015 5071 in
2048 5020 2227 5082 CtPIiS,

662 5121 716 5166 ct
755 5127 877 5181 qua:
913 5113 964 5165 in
993 5111 1155 5166 terris
1189 5119 1242 5164 et
1267 5125 1386 5179 quae
1417 5110 1470 5163 in
1507 5110 1720 5179 abyssis
1751 5118 1903 5164 sunt.
1937 5108 2003 5162 Et
2033 5111 2226 5162 horum

662 5203 908 5255 omnium
963 5216 1070 5256 una
1119 5201 1227 5254 vita
1266 5210 1318 5253 et
1368 5201 1572 5270 gloria,
1626 5215 1792 5252 unum
1845 5199 2178 5254 desiderium
2216 5238 2231 5263 ,

667 5275 837 5344 unum
875 5306 1126 5358 regnttm,
1162 5291 1385 5354 divitiae,
1418 5289 1699 5359 gaudium,
1724 5303 1950 5355 corona,
1977 5289 2230 5354 victoria,

667 5397 796 5449 pax,
838 5389 892 5435 et
925 5382 1104 5434 omnis
1131 5381 1295 5435 decor
1331 5397 1440 5435 non
1473 5381 1611 5434 alius
1647 5392 1749 5444 est,
1783 5395 1948 5450 quam
1990 5382 2229 5450 cognitio

668 5470 922 5540 principii
958 5481 1011 5526 et
1042 5488 1224 5526 causa:
1252 5473 1392 5527 unde
1416 5472 1682 5541 producta
1713 5483 1767 5527 et
1796 5482 1916 5527 orta
1951 5483 2080 5528 sunt
2113 5489 2233 5527 om-

669 5565 781 5618 nia.
813 5563 934 5618 llaec
953 5575 1036 5619 est
1062 5567 1404 5635 superiorum
1443 5566 1874 5637 inferiorumque
1893 5569 2232 5636 conjunctio.

670 5655 795 5712 llaec
815 5655 952 5712 ordo
985 5659 1229 5712 omnium
1266 5674 1383 5727 qua:
1428 5659 1781 5731 intelligentia
1823 5661 2225 5729 percipiuntur.

743 5839 780 5868 ”
825 5835 978 5891 Juan.
1048 5835 1259 5898 “11,5.

2338 4673 2572 4718 mortem
2603 4662 2987 4731 excipiendam
3020 4662 3347 4730 procedens,
3402 4660 3553 4713 humi
3587 4659 3782 4728 dejice.
3822 4657 3911 4711 Ab

2340 4757 2449 4809 imo
2481 4763 2701 4825 pectore
2731 4756 2849 4809 duc‘
2872 4755 3107 4824 gemitus
3145 4752 3391 4816 assiduo,
3429 4763 3482 4807 et
3517 4751 3707 4806 faciem
3757 4759 3909 4805 tuam

2340 4847 2599 4918 lacrymis
2633 4846 2904 4900 duntaxat
2953 4845 3166 4914 prolue,
3217 4847 3408 4913 pedes,
3459 4845 3549 4914 qui
3586 4843 3652 4895 ad
3702 4843 3906 4896 malum

2338 4944 2745 5000 cucurrerunt,
2822 4935 3142 5004 neutiquam
3202 4933 3340 4988 velis
3400 4931 3697 5002 aliquando
3765 4947 3909 5002 aqua

2341 5030 2588 5082 abluere.
2625 5027 2769 5081 Sane
2812 5041 2940 5080 vero
2973 5027 3136 5079 etiam
3188 5041 3384 5078 manus
3438 5031 3562 5078 tuas
3593 5033 3908 5079 contractas

2341 5118 2499 5182 habe,
2549 5131 2753 5185 easque
2802 5117 3148 5185 impudenter
3201 5116 3268 5168 ad
3313 5114 3481 5168 Deum
3536 5129 3604 5168 ne
3650 5115 3908 5179 extende,

2335 5224 2475 5278 quas
2527 5209 2593 5264 ad
2627 5217 2909 5278 peccatum
2965 5221 3340 5277 saepenumero
3412 5206 3730 5263 extendisti.
3779 5207 3910 5261 Lin-

2336 5317 2500 5370 guam
2535 5301 2801 5355 lubricam
2841 5314 3035 5353 coerce
3069 5313 3167 5368 pro
3220 5297 3410 5352 virili:
3451 5307 3535 5354 est
3587 5300 3734 5353 enim
3791 5300 3907 5368 ipsa

2338 5395 2516 5450 facilis
2563 5395 2964 5464 adapeccatum,
3033 5404 3085 5447 et
3144 5409 3240 5463 per
3273 5393 3443 5462 ipsam
3500 5394 3673 5448 solam
3738 5393 3901 5445 etiam

2345 5487 2521 5550 multi,
2573 5495 2625 5552 et
2678 5486 2854 5554 magni
2908 5486 3009 5537 viri
3045 5500 3072 5538 a
3112 5495 3262 5539 recto
3316 5485 3512 5539 itinere
3563 5485 3905 5548 aberrantes,

2345 5592 2570 5645 regnum
2605 5577 2866 5629 caelorum
2921 5577 3296 5645 perdiderunt.
3340 5577 3445 5631 Sed
3479 5586 3604 5632 ante
3644 5580 3759 5647 scpi
3810 5595 3908 5631 au-

2345 5684 2429 5721 res
2473 5677 2614 5731 tuas,
2656 5678 2715 5722 ut
2746 5669 2880 5722 nihil
2935 5677 3092 5738 turpe
3123 5685 3186 5724 ac
3215 5683 3414 5724 vanum
3472 5669 3735 5726 audiant:
3790 5679 3901 5725 tum
