4128 6338
262 403 364 471 517

263 605 429 659 nibus
458 605 839 659 tantummodo
867 607 1136 672 ausculta,
1163 608 1212 662 ei
1243 611 1520 664 humiliter
1538 616 1826 682 responde,

264 703 320 749 ct
350 700 460 749 nun
496 711 657 750 secus
680 711 841 766 quam
871 696 983 752 Deo
1009 699 1241 768 cogitata
1275 702 1471 755 mentis
1499 709 1625 768 tute,
1659 720 1832 774 usque

265 785 336 855 ad
393 786 601 855 primos
663 797 844 844 motus
891 789 1101 860 detege,
1161 791 1296 846 nihil
1349 794 1504 849 illum
1546 798 1682 861 cela,
1733 815 1832 856 nec

268 875 472 945 aliquid
523 893 588 932 eo
625 879 842 933 nolente
894 882 1096 951 incipe,
1148 890 1283 938 neve
1313 902 1378 941 eo
1423 889 1595 945 invito
1630 892 1841 954 dormi,

268 981 407 1020 neve
455 967 702 1034 comede,
760 984 898 1023 neve
951 973 1092 1029 bibe.
1140 976 1273 1029 Cum
1330 980 1441 1032 haec
1493 981 1556 1034 ad
1620 987 1832 1051 tempus

269 1057 760 1125 praestiterismihil
793 1064 1048 1116 eximium
1085 1067 1407 1134 praestitisse
1425 1077 1492 1142 ,ιε
1526 1072 1826 1139 jutlicabis.

266 1146 325 1202 lu
385 1151 586 1205 sudore
650 1161 706 1206 tu
750 1154 991 1222 quidem,
1041 1165 1093 1211 et
1147 1159 1470 1216 lassitudine
1524 1166 1828 1232 seminasti,

268 1248 510 1296 nondum
551 1253 728 1299 tamen
761 1246 1009 1301 laborum
1063 1237 1280 1303 taurum
1315 1251 1559 1307 fructum
1601 1257 1830 1327 collegi-

267 1334 362 1389 sti.
390 1333 469 1390 Ne
496 1334 685 1390 fallare
711 1338 896 1407 igitur,
929 1349 1021 1393 aut
1045 1342 1189 1410 quod
1221 1345 1440 1413 quaeris,
1469 1354 1520 1399 te
1552 1348 1830 1404 invenisse

266 1427 481 1489 credas,
515 1429 832 1499 priusquam
886 1432 1203 1500 spirituales
1244 1437 1430 1490 oculos
1478 1439 1828 1506 acquisieris,

269 1523 325 1569 et
359 1531 520 1572 aures
557 1519 740 1574 cordis
771 1520 844 1572 tui
880 1521 1141 1592 lacrymis
1182 1527 1314 1584 tuis.
1357 1526 1520 1581 elutis
1548 1528 1672 1584 inde
1710 1546 1831 1585 sor-

271 1606 437 1662 dibus
489 1609 806 1677 purgaveris
852 1611 1316 1682 spiritualiterque
1355 1614 1564 1680 videas,
1624 1625 1677 1670 et
1730 1631 1829 1671 au-

267 1697 412 1761 dias,
442 1707 495 1752 ct
523 1700 774 1754 sensibus
811 1702 1028 1768 penitus
1073 1689 1346 1757 immutari
1384 1707 1631 1775 incipias.
1665 1706 1830 1764 Vide-

267 1786 358 1842 bis
406 1788 549 1842 enim
582 1791 885 1858 complura,
925 1807 1048 1861 quae
1097 1791 1276 1847 efferri
1309 1807 1610 1866 nequeunt,
1648 1806 1702 1852 et
1735 1814 1826 1852 au-

266 1878 388 1933 dies
447 1880 604 1948 longe
667 1882 843 1948 plura,
911 1897 1085 1949 eaque
1145 1885 1407 1954 ingentia,
1478 1871 1598 1957 quae
1645 1890 1830 1959 lingua

265 1969 579 2041 exprimere
607 1987 711 2024 non
746 1973 973 2040 poteris.
1007 1974 1139 2028 Mira
1179 1976 1366 2046 igitur,
1399 1979 1454 2032 et
1481 1980 1832 2035 veneratione

266 2062 430 2132 digna
497 2053 607 2127 res,
665 2063 1026 2134 spiritualiter
1078 2067 1296 2131 audire,
1359 2077 1414 2121 et
1474 2069 1833 2137 Spiritualiter

265 2155 489 2219 queque
516 2153 720 2215 videre,
749 2153 1136 2206 miraculorum
1167 2156 1486 2208 maximum.
1505 2153 1830 2212 ‘I‘alishomo

266 2237 409 2296 nihil
461 2257 580 2295 cum
626 2257 793 2298 carne
841 2246 1200 2316 conjunctum
1236 2260 1474 2314 unquam
1527 2248 1747 2314 cogitat,
1779 2257 1834 2302 et

268 2344 474 2387 terram
503 2335 701 2397 caleat,
736 2351 800 2390 ac
830 2337 874 2390 si
914 2352 1009 2406 per
1044 2352 1225 2391 aerem
1265 2339 1666 2405 ingrederetur,
1717 2324 1833 2392 om-

266 2426 472 2494 niaque
502 2427 565 2479 ad
603 2420 710 2479 ima
755 2426 985 2480 Tartara
1015 2442 1191 2496 usque
1221 2431 1419 2492 cernit,
1452 2436 1658 2497 etquae
1691 2414 1832 2484 facta

268 2524 424 2579 sunt,
473 2518 734 2586 perspicit
783 2519 987 2573 omnia.
1053 2519 1221 2574 Deum
1275 2521 1581 2587 cognoscit,
1640 2523 1833 2576 timore

267 2607 610 2673 percellitur.
661 2615 712 2660 et
749 2616 806 2661 ut
838 2607 1174 2663 conditorem
1210 2609 1462 2678 precibus
1518 2619 1828 2671 veneratur.

269 2705 437 2766 atque
454 2697 740 2769 glorificat.
769 2699 1018 2769 Magnum
1051 2708 1134 2755 est
1159 2716 1318 2769 porro
1338 2715 1516 2763 nosse,
1538 2716 1700 2769 quam
1727 2702 1834 2756 late

269 2796 480 2857 pateat,
515 2797 569 2843 et
599 2790 757 2858 quale
785 2790 856 2844 sit
903 2789 1026 2858 ejus
1082 2791 1408 2860 imperium:
1460 2791 1608 2860 quod
1657 2806 1836 2860 quan-

268 2894 437 2950 quam
487 2895 677 2935 omnes
724 2895 883 2936 nosse
934 2896 991 2936 se
1048 2881 1384 2948 existiment,
1421 2890 1606 2936 errant
1657 2892 1835 2937 tamen

271 2971 522 3042 plurimi,
555 2987 622 3026 ne
652 2973 862 3027 dubita.
922 2971 1034 3026 Soli
1073 2973 1364 3026 illuminati
1397 2974 1540 3028 istud
1580 2983 1786 3028 norunt
1817 2991 1832 3028 :

270 3063 472 3132 reliqui
501 3064 736 3117 universi
768 3063 820 3134 (ο
851 3064 1044 3119 ftedam
1078 3064 1437 3132 ignorantiam
1465 3067 1505 3133 l)
1537 3065 1669 3131 ipsis
1699 3081 1836 3134 quo-

270 3170 379 3226 que
403 3153 738 3223 daemonibus
772 3148 981 3222 majore
1018 3161 1307 3208 versantur
1342 3153 1394 3206 in
1431 3154 1688 3224 caligine.

341 3245 636 3310 Caeterum,
667 3260 698 3300 ο
735 3246 960 3299 Domine
993 3253 1046 3298 et
1072 3245 1292 3297 molitor
1323 3242 1589 3310 omnium,
1626 3245 1716 3312 qui
1750 3259 1835 3300 me

269 3351 303 3393 e
330 3344 475 3392 terra
505 3335 732 3390 mortale
769 3334 970 3388 animal
1005 3334 1283 3401 creavisti,
1319 3343 1373 3388 et
1403 3335 1575 3402 gratia
1610 3335 1836 3388 immor-

267 3425 370 3479 tali
405 3425 714 3488 honorasti,
746 3416 1054 3488 dedistique
1085 3423 1288 3487 vivere,
1325 3423 1494 3492 loqui,
1530 3431 1583 3476 et
1609 3424 1832 3488 moveri,

269 3522 330 3568 et
361 3513 641 3567 celebrare
672 3511 861 3565 laudes
892 3517 1015 3564 tuas
1043 3512 1424 3564 universorum
1452 3511 1693 3577 Domini,
1720 3515 1835 3580 ipse

271 3613 358 3670 tu,
405 3604 470 3657 da
502 3604 887 3660 mihimisero
919 3611 1044 3655 ante
1097 3610 1149 3655 te
1198 3603 1493 3670 prosterni,
1543 3611 1595 3654 et
1643 3618 1835 3670 rogare

270 3693 659 3750 conducentia.
711 3691 926 3744 Etenim
968 3693 1243 3758 quomodo
1276 3693 1326 3744 in
1374 3691 1519 3744 hunc
1570 3694 1832 3746 mundum

273 3787 576 3857 productus
625 3785 750 3848 sim,
802 3783 1025 3851 etquid
1082 3785 1184 3836 ista
1240 3783 1373 3845 sint,
1433 3798 1553 3850 qua:
1590 3785 1833 3837 homines

271 3891 400 3932 esse
437 3883 646 3941 rentur,
679 3888 780 3943 ego
815 3872 1020 3926 nescio.
1053 3870 1184 3937 Quae
1215 3873 1283 3925 sit
1309 3874 1440 3926 visio
1466 3888 1601 3936 mea,
1633 3888 1664 3925 ο
1692 3873 1832 3927 Deus

275 3983 452 4026 meus,
485 3965 616 4034 quid
660 3980 778 4032 qua)
818 3965 1178 4032 aspiciuntur,
1215 3964 1396 4017 dicere
1429 3978 1660 4032 nequeo.
1694 3963 1833 4028 Quid

273 4059 351 4112 ita
401 4056 689 4109 stultitiam
740 4054 1018 4106 induimus
1065 4055 1309 4106 homines
1355 4053 1619 4109 universi.
1667 4062 1719 4105 et
1767 4053 1833 4105 de

271 4148 442 4205 rebus
491 4145 800 4214 judicamus
853 4143 1185 4212 perperam?
1225 4142 1352 4195 Heri
1401 4142 1636 4211 primum
1688 4144 1830 4206 veni,

273 4253 403 4294 cras
432 4237 650 4300 recedo,
681 4243 736 4288 et
781 4249 866 4288 me
897 4234 986 4288 hic
1020 4233 1383 4286 immortalem
1422 4233 1538 4286 fore
1573 4232 1830 4286 arbitror.

276 4330 462 4384 Palam
497 4343 581 4382 me
613 4328 812 4380 habere
845 4333 897 4379 te
931 4326 1095 4379 Deum
1127 4324 1416 4388 conﬁteor,
1460 4322 1620 4378 factis
1650 4333 1832 4378 autem

272 4430 330 4475 te
358 4433 494 4487 nego
520 4416 763 4487 quotidie
796 4418 864 4469 ¹¹.-
915 4414 1089 4468 Doceo
1149 4424 1202 4468 te
1251 4425 1520 4468 auctorem
1553 4430 1676 4469 esse
1721 4429 1835 4468 om-

1160 476 1161 479 η
1327 410 1762 474 DIVINORUM
1793 412 2123 481 AMORUM
2143 418 2231 479 'Li
2243 419 2409 482 BER.

263 516 503 572 fortasse
538 525 590 571 et
622 515 748 570 huic
778 514 1098 584 imperabis.
1143 515 1323 574 Patris
1374 521 1454 576 tui
1495 522 1824 585 atlmonitio-
1855 537 1900 590 Α
1927 543 2056 582 num
2086 544 2237 600 gero,
2274 546 2337 586 ex
2391 530 2887 610 persecutionibus,
2928 545 2982 592 et
3036 538 3239 594 invidia
3293 555 3488 598 eorum

1857 1849 1905 1908 B

3385 428 3488 494 518

1932 620 2022 688 qui
2058 620 2110 674 in
2141 623 2341 676 exsilio
2374 622 2505 676 mihi
2540 625 2784 680 curando
2827 625 3151 697 tragoediam
3194 622 3486 698 quamdam

1931 711 2243 767 dederunt:
2286 724 2401 777 aut,
2435 725 2495 769 ut
2527 716 2715 771 verius
2754 717 2954 784 dicam,
2989 723 3484 789 benemerentium,

1933 803 2304 870 dominorum,
2337 818 2390 862 et
2421 823 2546 863 vere
2596 810 2894 864 amicorum
2945 827 3211 868 meorum.
3249 814 3486 880 Quibus,

1932 891 2148 948 Christe
2176 910 2352 958 meus,
2383 913 2481 966 pro
2511 898 2833 963 ntalisbona
2870 903 3106 969 repende
3131 907 3486 976 sempiterna,

1931 984 2085 1043 ditia,
2114 993 2168 1039 et
2199 984 2399 1049 divina,
2432 1003 2552 1056 qua!~
2579 998 2629 1042 te
2668 990 3040 1059 diligentibus.
3083 1000 3136 1045 et
3183 1009 3249 1048 ex
3300 996 3487 1049 animo

1932 1072 2376 1130 desiderantibus
2403 1075 2454 1129 in
2487 1078 2684 1130 saecula
2726 1078 3054 1134 saeculorum
3087 1084 3446 1140 constituisti.

2516 1183 2742 1239 CAPUT
2817 1187 2905 1242 VI.

1932 1293 2332 1367 Prtecepttoms,
2364 1298 2550 1363 quibus
2582 1307 2697 1366 tyro
2725 1302 3009 1355 monachus
3041 1319 3135 1357 cett
3165 1303 3409 1367 ducibus.
3433 1313 3489 1357 et

2002 1365 2138 1436 aiant
2174 1368 2526 1436 munientibus
2556 1365 2623 1420 ad
2654 1369 3023 1436 perfectionem
3057 1382 3225 1426 status
3251 1365 3488 1426 sui-con-

2003 1434 2212 1485 tendere
2241 1435 2478 1487 docetur.

2002 1523 2044 1575 Α
2080 1522 2322 1588 Christo,
2354 1535 2406 1579 et
2458 1525 2687 1581 ferventi
2745 1529 2849 1583 fide
2884 1527 3049 1584 ducto
3083 1529 3368 1600 principio,
3403 1533 3485 1586 sic

1933 1625 1963 1664 a
1995 1613 2198 1666 mundo
2237 1615 2451 1679 secede,
2483 1624 2534 1669 et
2579 1615 2702 1687 fuge
2733 1629 2995 1688 cognatos
3024 1633 3149 1673 cttnt
3180 1621 3372 1675 amicis
3406 1621 3486 1690 {id

1932 1704 2076 1757 enim
2112 1706 2424 1760 commodat
2452 1708 2881 1777 incipientibus),
2905 1719 2958 1764 et
2981 1711 3160 1766 nudus
3193 1726 3220 1764 a
3255 1711 3492 1766 munda-

1935 1793 2017 1846 nis
2079 1801 2133 1847 et
2158 1795 2524 1850 materialibus
2555 1799 2739 1862 rebus,
2771 1798 2836 1852 ad
2865 1814 2985 1853 eum
3013 1801 3105 1868 qui
3133 1801 3359 1854 materia
3399 1813 3490 1854 vso

1932 1893 2020 1938 eat
2066 1893 2118 1940 te
2151 1886 2362 1950 confer,
2397 1904 2507 1957 qtto
2545 1889 2752 1944 nullum
2788 1890 2967 1960 majus
3018 1874 3282 1945 auxilium
3332 1893 3484 1948 inve-

1934 1977 2071 2030 nies.
2106 1978 2617 2034 Pusillanimitatem
2654 1979 2870 2036 omnem
2909 1981 3004 2039 abs
3053 1982 3372 2060 te_repelle:
3413 1970 3483 2038 ad

1931 2075 2210 2136 potentem
2262 2069 2466 2137 quippe
2516 2070 2802 2125 Dominum
2840 2072 3160 2142 confugisti.
3209 2073 3347 2137 Quin
3380 2088 3485 2142 po-

1934 2157 2044 2212 tius
2073 2175 2182 2212 non
2217 2159 2376 2213 dubia
2434 2175 2529 2229 spe
2567 2170 2849 2231 concepta,
2886 2162 3121 2227 Domini,
3163 2165 3329 2217 etiam
3362 2178 3488 2232 pas-

1933 2242 2268 2304 serculorum
2320 2255 2508 2304 curam
2585 2253 2822 2319 gerentis
2889 2254 3019 2309 leve
3049 2254 3236 2321 jugum
3290 2261 3485 2322 porta:

1935 2358 2130 2410 magna
2163 2344 2306 2396 enim
2337 2355 2435 2395 nos
2463 2353 2643 2396 manet
2679 2343 2732 2396 in
2765 2344 3012 2398 futurum
3041 2343 3356 2409 retributio,
3389 2340 3486 2398 Ille

1935 2443 2036 2486 nos
2067 2448 2260 2488 omnes
2315 2433 2573 2488 mortales
2608 2433 2774 2504 gratis
2813 2436 3008 2500 salvat,
3046 2421 3488 2505 quandoquidem

1935 2536 2285 2579 sacrosancto
2312 2524 2480 2593 ipsius
2503 2525 2767 2594 sanguine
2796 2527 2957 2596 empti
2990 2542 3197 2582 sumus.
3223 2525 3489 2597 Etjttgum

1935 2616 2064 2669 illud
2096 2618 2299 2670 virtute
2345 2603 2593 2671 vocantis
2647 2617 2784 2671 Deos
2834 2631 2934 2673 nos
2990 2618 3140 2671 facit.
3198 2615 3308 2670 Hoc
3340 2618 3487 2672 enim

1935 2707 2106 2760 voluit
2137 2707 2440 2761 inearnatio
2474 2707 2709 2771 Domini,
2740 2717 2798 2761 ut
2832 2723 2996 2776 opere
3043 2710 3224 2762 exitus
3256 2723 3483 2777 operum

1935 2811 2254 2866 cognoscas.
2291 2797 2444 2861 Quod
2477 2797 3132 2870 omnimodia-mirabilius
3151 2806 3236 2852 est
3255 2799 3341 2852 bis
3367 2813 3489 2867 qua

1936 2886 2212 2944 videntur,
2246 2887 2565 2954 praeclarum
2605 2886 2699 2958 tibi
2735 2887 2950 2939 lucrum
2991 2895 3206 2940 tuarum
3237 2892 3490 2956 amputa-

1939 2979 2013 3029 tio
2041 2980 2407 3038 voluntatum,
2434 2976 2576 3028 unde
2613 2985 2662 3030 te
2696 2988 2989 3046 martyrem
3015 2991 3133 3031 esse
3162 2991 3486 3047 cognoscas.

1937 3062 2067 3128 Quae
2118 3065 2212 3117 tibi
2274 3063 2456 3117 verbis
2491 3062 2740 3132 praecipit
2789 3074 2940 3130 pater
2993 3071 3138 3124 tuus,
3173 3077 3233 3114 ea
3275 3061 3484 3120 facito:

1860 3169 1903 3225 (ς
1938 3153 2142 3207 ducunt
2170 3153 2315 3206 enim
2369 3167 2430 3206 ea
2479 3160 2531 3204 te
2566 3167 2664 3221 per
2717 3152 2856 3205 viam
2915 3152 3051 3205 citra
3104 3149 3489 3204 ol'l'endiculum

1941 3258 2114 3313 usque
2142 3243 2210 3297 ad
2239 3252 2488 3298 mortem.
2527 3242 2718 3311 Magna
2767 3250 2850 3295 est
2899 3242 3014 3296 haec
3063 3240 3402 3303 sublimitas,
3434 3247 3490 3294 et

1938 3333 2106 3387 Deum
2143 3347 2362 3404 (μιοφιο
2396 3331 2448 3387 ld
2475 3343 2695 3402 propter
2725 3341 2776 3386 te
2800 3332 2996 3387 fecisse
3023 3337 3256 3384 constat.
3295 3329 3487 3384 Statue

1939 3433 1991 3479 te
2022 3425 2350 3478 vilissimum
2387 3438 2511 3478 esse
2541 3425 2806 3486 omnium,
2855 3422 2998 3489 quod
3057 3422 3150 3475 tibi
3183 3419 3385 3491 primas
3432 3422 3490 3474 in

1935 3530 2102 3583 regno
2134 3516 2396 3570 caelorum
2444 3498 2784 3568 conciliabit.
2841 3513 2974 3566 Puta
3011 3520 3064 3566 te
3117 3511 3486 3582 peregrinum,

1937 3604 2271 3664 mendicum,
2321 3616 2373 3656 et
2412 3605 2763 3673 ahjeetiorem
2813 3603 2955 3657 aliis.
2988 3601 3162 3670 Magni
3205 3602 3318 3655 haec
3368 3615 3490 3655 mo-

1939 3694 2104 3746 menti
2136 3702 2285 3755 sunt,
2343 3695 2387 3746 si
2426 3708 2486 3745 ea
2517 3704 2658 3747 recte
2693 3695 3042 3762 praestiteris.
3101 3690 3335 3745 Omnino
3364 3691 3491 3744 imi-

1937 3791 2084 3835 tator
2112 3792 2230 3835 esto
2279 3785 2515 3846 Domini,
2550 3799 2656 3853 quo
2705 3784 2842 3837 nihil
2893 3792 3072 3851 potest
3104 3783 3332 3850 cogitari
3371 3798 3489 3837 me-

1937 3871 2067 3925 lius.
2102 3869 2272 3925 Luctu
2311 3874 2632 3941 quotidiano
2667 3872 2806 3927 bene
2857 3875 3162 3941 proeedunt
3193 3871 3399 3933 omnia,
3435 3880 3492 3925 et

1937 3973 1983 4026 is
2018 3970 2141 4027 cibo
2170 3981 2233 4023 ac
2265 3969 2483 4034 potione
2514 3965 2720 4018 dulcior
2748 3974 2854 4027 est,
2889 3963 3168 4016 fluentium
3197 3963 3493 4017 stantium-

1937 4080 2042 4133 que
2065 4063 2430 4131 cognitionem
2463 4056 2640 4110 docet.
2686 4057 2828 4107 Ante
2860 4055 3002 4106 enim
3041 4072 3069 4106 a
3119 4061 3233 4106 toto
3283 4054 3488 4108 mundo

1937 4154 2192 4224 seiungit,
2243 4161 2298 4205 et
2335 4151 2597 4204 bonorum
2633 4161 2755 4216 quae
2805 4146 3041 4201 diximus
3095 4146 3376 4201 custodem
3411 4147 3486 4200 si-

1935 4247 2163 4301 lentium
2213 4249 2453 4298 exercet.
2484 4239 2717 4294 Radices
2773 4235 3485 4306 omnigenas‘aﬂectionum

1937 4337 2205 4390 malarum
2241 4339 2297 4386 ut
2325 4330 2544 4384 inutiles
2575 4329 2774 4382 evellit.
2824 4327 3136 4381 Memoriam
3169 4328 3358 4381 mortis
3394 4328 3486 4390 ju-

1935 4444 2054 4499 gem
2091 4429 2266 4480 habet.
2303 4423 2448 4477 Idem
2487 4420 2811 4473 humilitatis
2860 4419 3080 4472 effector
3124 4425 3227 4472 est.
3284 4415 3366 4471 Ab
3396 4417 3488 4473 his

272 4484 454 4573 nium,
480 4484 552 4562 etv
571 4509 690 4561 sine
729 4517 779 4559 te
806 4490 1010 4559 habere
1041 4505 1221 4557 omnia
1273 4506 1567 4559 contendo.
1620 4504 1700 4556 Tu
1735 4522 1828 4559 su—

1935 4484 2031 4574 cor
2062 4524 2328 4587 purgatus
2354 4524 2407 4567 et
2437 4513 2740 4566 illustratus
2776 4509 2934 4578 (mira
2966 4508 3077 4577 res)
3112 4505 3255 4577 quod
3275 4506 3341 4562 ab
3364 4521 3490 4561 om-

273 4601 443 4672 peris,
477 4608 530 4652 et
559 4594 750 4651 inferis
784 4595 1090 4665 imperitas,
1122 4603 1174 4649 et
1203 4609 1303 4664 ego
1332 4597 1484 4649 solus
1517 4595 1616 4649 tibi
1646 4595 1829 4662 reniti,

269 4701 331 4748 et
369 4688 648 4744 adversari
679 4701 784 4740 non
811 4687 1088 4740 horresco.
1116 4684 1189 4736 Da
1225 4686 1394 4754 inopi,
1425 4685 1489 4738 da
1523 4685 1832 4738 miserrimo

272 4798 497 4838 omnem
536 4779 731 4834 animae
765 4779 1060 4847 nequitiam
1099 4778 1356 4846 abjicere,
1398 4791 1561 4847 quam
1599 4776 1829 4840 inflatio,

273 4887 334 4929 et
370 4886 510 4926 vana
540 4872 705 4924 animi
746 4870 909 4925 elatio
955 4870 1059 4923 heu
1092 4884 1178 4922 me
1221 4868 1385 4921 simul
1434 4869 1832 4930 comminuunt,

271 4975 333 5020 et
363 4971 680 5020 conterunt.
722 4961 910 5016 Prtebe
963 4959 1348 5021 humilitatem,
1401 4959 1579 5028 praebe
1615 4973 1835 5011 manum

270 5055 705 5128 opitulatricem,
741 5062 794 5110 et
822 5055 1073 5122 absterge
1106 5052 1353 5105 maculas
1384 5052 1579 5104 animae
1629 5066 1750 5113 mae,
1780 5058 1836 5106 et

274 5146 467 5202 sufﬁce
497 5146 630 5199 mihi
668 5147 936 5218 lacryutas
975 5143 1328 5212 poenitentiae.
1362 5141 1629 5195 Desidere
1658 5142 1837 5211 lacry-

273 5253 421 5302 mas,
453 5237 723 5306 lacrymas
741 5236 954 5296 salutis,
990 5234 1260 5302 lacrytnas
1278 5233 1521 5286 eluentes
1551 5231 1833 5300 fuliginem

274 5330 476 5381 anima
510 5339 664 5391 meae,
714 5337 909 5391 meque
944 5318 1232 5375 recidentes
1269 5319 1474 5372 clarum
1509 5332 1570 5372 ac
1594 5317 1834 5371 Incidunt

269 5417 578 5485 deintegro,
602 5412 869 5466 volentem
897 5419 948 5464 te
977 5410 1165 5464 videre
1189 5409 1369 5463 lumen
1401 5406 1613 5478 mundi,
1648 5407 1832 5460 lumen

267 5505 558 5565 oculorum
596 5516 862 5567 meorum,
895 5515 1159 5565 meorum,
1205 5501 1451 5568 inquam,
1493 5498 1702 5559 miseri,
1739 5497 1831 5565 qui

269 5612 373 5653 eor
401 5594 591 5651 multis
625 5595 790 5662 hujus
819 5593 946 5648 vitae
975 5591 1157 5655 malis,
1190 5599 1245 5646 et
1295 5589 1660 5645 incommodis
1711 5587 1826 5648 Dle-

353 5775 400 5808 ¹²
428 5774 538 5830 Tit.
573 5790 610 5840 t,
649 5771 733 5825 16.

1938 4609 2099 4662 nibus
2143 4603 2470 4674 exquiritur,
2545 4601 2789 4654 divinum
2836 4599 3019 4652 lumen
3068 4598 3161 4666 qui
3227 4594 3488 4665 praeclare

1938 4700 2149 4761 videas,
2180 4698 2381 4764 dignus
2415 4694 2547 4748 eris.
2577 4690 2766 4745 Telum
2799 4699 2885 4745 est
2928 4689 3072 4743 enim
3125 4685 3485 4740 immateriale

1942 4806 2006 4844 ex
2038 4785 2404 4843 immateriali.
2445 4784 2698 4837 Christus
2734 4791 2911 4835 autem
2945 4788 3031 4835 est
3078 4779 3316 4848 perfecta
3349 4777 3483 4830 clta-

1943 4883 2097 4948 ritas,
2130 4895 2234 4949 qua
2269 4878 2362 4947 qui
2406 4874 2664 4945 praeditus
2695 4880 2800 4937 est,
2858 4871 3149 4940 adoptione
3182 4869 3327 4922 Deus
3376 4875 3485 4921 est.

1935 4971 2000 5025 Et
2037 4986 2104 5024 ea
2136 4972 2348 5022 animas
2378 4981 2436 5020 se
2469 4965 2809 5034 inquirentes
2854 4961 3145 5023 illuminat,
3195 4970 3316 5027 quae
3353 4954 3490 5010 solm

1933 5061 2136 5123 vivent,
2183 5073 2249 5110 ne
2305 5056 2428 5124 quis
2461 5061 2603 5107 erret
2668 5054 2722 5121 (0
2755 5050 2992 5103 cltaritas
3050 5047 3211 5110 Deus,
3251 5053 3309 5099 et
3336 5044 3490 5097 deiti-

1933 5162 2065 5201 cans
2088 5147 2128 5214 ι)
2155 5163 2166 5197 :
2191 5160 2310 5215 quat
2345 5159 2434 5200 res
2459 5151 2731 5211 stuporem
2764 5140 2947 5204 habet,
2965 5145 3020 5192 et
3050 5135 3375 5204 investigato
3395 5138 3492 5188 est

1934 5238 2167 5295 difﬁcilis

2497 5321 2724 5378 CAPUT
2799 5320 2912 5373 γιι.

2173 5398 2416 5452 Amorem
2453 5409 2606 5448 suum
2642 5407 2764 5460 erga
2792 5389 2958 5442 Deum
2993 5386 3247 5451 declarat.

2009 5491 2082 5548 Ut
2128 5490 2268 5560 ignis
2298 5505 2357 5544 es
2395 5483 2720 5547 scaturiens,
2775 5494 2913 5550 aqua
2945 5479 3211 5541 irrorans,
3248 5483 3321 5536 et
3353 5475 3487 5538 uris,

1937 5592 1990 5640 et
2030 5581 2317 5638 dulcedine
2373 5577 2570 5643 amnis,
2623 5582 2678 5632 et
2731 5570 3135 5641 corruptionem
3191 5567 3336 5622 tollis
3358 5565 3394 5620 τ-
3428 5572 3492 5620 ut
