4156 6340
582 393 690 463 519

586 511 837 573 homines
888 511 1024 567 deos
1058 509 1190 564 facis
1219 551 1234 574 ,

586 605 783 661 inferis
837 603 1078 669 reducis,
1108 612 1355 657 mortuos
1396 601 1810 656 immortalitate
1844 600 2063 654 donas?
2105 609 2164 653 ut

582 697 841 750 tenebras
875 695 929 748 in
962 694 1140 750 lucem
1200 694 1477 763 producis,
1531 703 1742 749 noctem
1799 707 1979 762 pugno
2028 709 2163 746 con-

584 786 786 849 cludis,
824 802 920 840 cor
969 785 1380 854 circumfulges,
1417 801 1505 839 me
1534 794 1711 839 totum
1764 784 2066 838 itnmutas?
2107 794 2165 838 ut

585 886 642 931 te
687 876 977 946 conjungis
1031 878 1368 941 hominibus,
1424 877 1515 931 Dei
1572 877 1712 932 ﬁlios
1767 876 1925 938 facis,
1977 891 2165 929 amore

586 968 662 1021 tui
690 969 1019 1032 inﬂatnmas,
1047 968 1344 1038 adoptione
1367 978 1422 1021 et
1447 970 1620 1037 gratia
1647 977 1762 1031 tua,
1787 983 1882 1036 per
1900 967 2164 1036 Spiritum

588 1065 771 1121 tuum,
824 1060 1107 1125 distantia,
1159 1070 1218 1114 ut
1255 1060 1396 1115 Deus
1421 1100 1435 1124 ,
1470 1060 1868 1115 admirabiliter
1898 1060 2164 1129 copulas?

1138 1172 1368 1228 CAPUT
1444 1173 1559 1227 Vlll
1580 1213 1596 1227 .

585 1262 787 1328 Quibus
823 1264 1189 1333 manifestelur
1233 1264 1394 1328 Deus,
1447 1274 1496 1320 et
1530 1266 1584 1317 in
1620 1264 1810 1333 quibus
1856 1280 1949 1332 per
1983 1266 2163 1317 obser-

656 1334 921 1386 vationem
956 1335 1330 1388 mandatorum
1357 1335 1633 1404 ejus.bom’
1688 1334 1903 1388 habitus
1936 1335 2090 1388 insit.

655 1425 941 1491 Quomodo
970 1434 1053 1489 tu,
1086 1428 1179 1495 qui
1211 1442 1271 1481 es
1301 1426 1689 1489 absconditus,
1726 1426 2008 1495 inspectas
2042 1441 2163 1479 om-

588 1517 723 1569 nia?
762 1517 1047 1582 Quomodo
1098 1519 1259 1573 nobis
1312 1533 1421 1571 non
1456 1518 1724 1582 cerneris,
1768 1526 1821 1573 et
1854 1534 1953 1573 nos
1985 1519 2166 1574 cernis

587 1608 813 1663 omnes?
839 1607 1252 1674 Verumtamen,
1278 1624 1387 1663 non
1413 1624 1606 1665 omnes
1634 1625 1773 1679 quos
1800 1610 1973 1674 vides,
2000 1611 2163 1663 etiam

588 1702 845 1770 agnoscis
876 1718 889 1753 :
931 1701 1025 1756 sed
1087 1700 1380 1770 diligentes
1415 1711 1485 1765 te,
1520 1716 1613 1756 eos
1645 1701 1795 1755 solos
1844 1716 1943 1771 pro
1973 1700 2167 1754 amicis

590 1793 866 1861 agnoscis,
921 1802 975 1846 et
1007 1796 1074 1845 iis
1121 1793 1452 1846 excellenter
1512 1802 1563 1845 te
1622 1791 1943 1847 manifestas
1995 1792 2162 1846 solent

588 1884 995 1935 absconditum.
1038 1882 1239 1937 Omnes
1267 1882 1531 1937 mortales
1560 1883 1868 1951 fornicarii,
1896 1882 2162 1948 adulteri,

584 1974 1315 2044 deeoctores,peccat0res,
1356 1974 1659 2043 publicani,
1717 1974 1846 2029 dum
1900 1974 2167 2044 pteniten-

586 2065 716 2119 tiam
766 2074 958 2136 agunt,
998 2067 1196 2120 divina:
1248 2067 1389 2121 lucis
1426 2076 1533 2120 tute
1575 2066 1671 2121 ﬁlii
1730 2065 1995 2121 evadunt.
2046 2064 2161 2119 Lux

585 2166 767 2211 autem
801 2159 1025 2211 omnino
1057 2158 1231 2213 lucem
1279 2165 1541 2228 generat:
1600 2158 1788 2227 itaque
1816 2168 1870 2211 et
1920 2157 2024 2227 ipsi
2074 2158 2161 2211 lux

584 2256 717 2300 sunt
749 2246 841 2299 ﬁlii
872 2246 993 2311 Dei,
1046 2256 1104 2301 ut
1138 2249 1403 2317 scriptum
1447 2258 1529 2303 est
1559 2250 1648 2313 ιν,
1686 2258 1742 2303 et
1789 2249 1863 2303 dii
1894 2264 1989 2318 per
2039 2264 2165 2319 gra-

585 2341 739 2405 tiam,
774 2348 1047 2409 quotquot
1078 2339 1264 2393 divina
1309 2340 1568 2394 mandata
1625 2349 1714 2394 tua
1767 2341 1938 2409 probe
1971 2357 2163 2396 serva-

592 2431 799 2484 verint.
834 2429 1162 2499 Quicunque
1197 2431 1387 2484 mundi
1416 2432 1711 2495 vanitates,
1747 2441 1800 2485 et
1825 2431 2164 2502 imposturas

592 2523 766 2578 valere
802 2522 1095 2592 jusserint.
1141 2522 1468 2590 Quicunque
1511 2532 1794 2592 parentes,
1850 2534 1905 2579 et
1959 2523 2162 2579 fratres

585 2615 704 2671 sine
725 2615 851 2669 odio
879 2614 1117 2678 oderint,
1153 2615 1474 2684 peregrinos
1506 2630 1587 2680 se,
1616 2624 1673 2669 et
1697 2616 1935 2669 viatores
1969 2616 2024 2669 in
2058 2628 2162 2671 nac

584 2708 698 2760 vita
746 2705 1016 2760 arbitrati.
1056 2705 1385 2773 Quicunque
1421 2707 1631 2760 divitiis
1686 2718 1738 2760 et
1774 2707 2005 2776 pecunia
2038 2722 2158 2763 sese

587 2796 943 2859 nudaverint,
987 2794 1315 2861 illarumque
1362 2794 1618 2849 affectum
1654 2795 1876 2865 penitus
1932 2795 2151 2865 abjece-

585 2888 722 2942 rint.
792 2889 1117 2957 Quicunque
1193 2887 1409 2943 inanem
1497 2887 1725 2957 gloriam
1783 2888 2162 2957 humanasque

585 2979 776 3035 laudes
806 2995 873 3033 ex
901 2980 1105 3042 animo,
1133 2988 1356 3049 propter
1387 2978 1664 3033 caelestem
1700 2979 1925 3048 gloriam
1978 2994 2144 3047 repu-

588 3070 883 3125 diaverim.
920 3073 1205 3141 Quotquot
1236 3072 1512 3140 propriam
1545 3071 1883 3124 voluntatem
1918 3070 2161 3139 perfecte

1754 389 2140 453 SYMEONIS
2195 390 2567 454 JUNIORIS

1288 508 1543 564 tenebras
1600 508 1784 563 lumen
1837 509 2045 571 reddis,
2099 506 2169 561 ab
2201 514 2243 570 Α
2272 508 2465 565 abesse
2493 506 2764 577 suspicor,
2819 503 2963 574 quod
2996 517 3233 559 cernens
3262 501 3615 572 concupisco,
3668 510 3721 555 et
3754 500 3855 553 ni-

3730 390 3851 454 ερο

2269 597 2346 653 bil
2384 600 2590 655 habere
2623 612 2705 651 me
2738 596 3020 661 existimo,
3080 596 3239 666 plane
3273 595 3506 649 donatas
3540 593 3672 646 mihi
3707 606 3850 663 opes

2267 709 2376 748 non
2417 694 2701 757 sentiens;
2747 706 2847 746 nec
2881 689 3029 759 quod
3080 688 3248 743 solem
3290 688 3532 745 intueor.
3568 684 3623 738 id
3672 699 3852 752 repu-

2268 794 2346 840 to.
2410 784 2659 850 Quonam
2711 782 2920 837 modo?
2986 782 3137 847 audi,
3188 794 3242 836 et
3294 783 3481 837 crede.
3534 780 3687 848 Quod
3736 796 3858 852 ego

2271 877 2479 945 aspicio
2528 883 2615 929 est
2663 875 2769 937 sol,
2822 874 2982 943 cujus
3023 873 3156 928 mihi
3210 888 3405 930 sensus
3457 887 3623 944 supra
3673 888 3850 942 quam

2267 973 2373 1026 dici
2418 970 2934 1042 potestjucundus,
2989 969 3337 1039 animamque
3393 969 3621 1023 mirifico
3659 979 3710 1021 et
3746 968 3848 1020 di-

2267 1070 2397 1119 vino
2434 1080 2621 1119 amore
2649 1063 2842 1117 trahit.
2894 1064 3015 1131 Ipsa
3070 1072 3299 1117 cernetis
3341 1060 3541 1124 uritur,
3596 1070 3650 1114 et
3682 1060 3854 1113 ardet

2269 1170 2476 1218 amore,
2510 1169 2573 1208 ac
2608 1161 2780 1208 totum
2835 1121 2980 1222 quod
3016 1161 3274 1222 apparet,
3326 1136 3477 1205 intra
3531 1166 3591 1206 se
3630 1150 3841 1203 habere

2269 1246 2462 1314 cupit;
2503 1244 2647 1314 quod
2680 1258 2805 1297 cum
2846 1251 3103 1310 nequeat,
3146 1242 3221 1295 ob
3262 1240 3315 1295 id
3374 1240 3757 1302 contristatur,
3783 1246 3852 1290 ct

2268 1338 2475 1401 videre,
2568 1338 2911 1404 lustrareque
2981 1349 3092 1388 non
3158 1349 3284 1388 esse
3340 1332 3542 1386 bonum
3603 1331 3848 1403 judicat.

2270 1431 2499 1499 Quando
2530 1430 2698 1500 igitur
2731 1429 2826 1497 qui
2875 1427 3145 1489 cernitur,
3176 1436 3231 1481 et
3267 1441 3296 1479 a
3331 1426 3554 1480 nemine
3584 1425 3701 1491 capi
3735 1437 3851 1493 po-

2269 1534 2397 1589 test,
2432 1532 2487 1579 et
2519 1537 2708 1578 revera
2740 1522 3058 1575 inact-essus
3086 1527 3190 1583 est,
3224 1516 3437 1571 amictae
3469 1527 3522 1571 et
3580 1515 3810 1570 humilia

2270 1632 2337 1674 tae
2383 1617 2580 1671 anima:
2609 1631 2744 1670 mea:
2774 1613 3022 1669 misereri
3048 1612 3302 1676 voluerit,
3341 1620 3563 1680 repente
3597 1608 3775 1679 qualis
3812 1621 3851 1661 α

2270 1726 2357 1766 tne
2391 1710 2607 1764 videtur
2638 1717 2765 1763 ante
2797 1708 2991 1762 oculos
3026 1703 3263 1776 fulgens,
3298 1705 3427 1758 talis
3476 1710 3626 1759 totus
3655 1703 3707 1755 in
3753 1717 3853 1754 me

2270 1818 2570 1860 coruscare
2625 1801 2894 1863 cernitur,
2942 1809 2993 1853 et
3036 1806 3185 1851 totus
3242 1794 3392 1849 omni
3435 1794 3655 1863 gaudio,
3691 1790 3852 1846 omni

2268 1894 2571 1959 desiderio,
2603 1901 2657 1948 et
2688 1891 2984 1947 dulcedine
3017 1888 3254 1945 visionis
3281 1902 3367 1941 me
3396 1885 3659 1939 humilem
3694 1896 3857 1937 cous-

2268 1990 2399 2059 plet.
2434 1986 2740 2057 Repentina
2795 1993 2880 2039 est
2934 1983 3050 2037 haec
3084 1979 3351 2043 mutatio,
3395 1976 3682 2047 peregrina
3725 1974 3854 2028 haec

2268 2083 2525 2145 variatio,
2586 2094 2686 2132 nec
2725 2076 2912 2131 verbis
2968 2073 3208 2129 describi
3253 2078 3454 2143 potest,
3490 2069 3634 2139 quod
3672 2067 3723 2121 in
3757 2080 3858 2119 me

2268 2172 2567 2243 peragitur.
2593 2168 2651 2223 Si
2683 2170 2828 2229 enim
2874 2166 3053 2220 solem
3088 2165 3258 2230 hunc,
3288 2170 3450 2234 quem
3484 2175 3676 2216 omnes
3710 2172 3856 2213 con-

2266 2276 2511 2327 tuemur,
2543 2265 2687 2317 intra
2724 2275 2822 2315 cor
2863 2275 3028 2315 suum
3064 2256 3421 2313 descendisse
3466 2252 3762 2323 quispiam,
3788 2258 3861 2302 et

2268 2366 2443 2410 totum
2474 2356 2527 2409 id
2580 2355 3010 2414 inhabitantem,
3063 2358 3118 2405 et
3150 2364 3306 2417 teque
3357 2348 3631 2401 lucentem
3682 2340 3852 2401 vidit,

2264 2465 2451 2504 nonne
2487 2446 2755 2501 miraculo
2787 2445 3053 2499 attonitus
3084 2483 3098 2507 ,
3134 2449 3188 2496 et
3222 2455 3359 2509 pene
3404 2436 3679 2493 exanimis
3717 2434 3853 2497 fuit,

2265 2549 2318 2597 et
2351 2554 2543 2594 omnes
2588 2538 2679 2607 qui
2730 2552 2854 2591 eum
2908 2534 3191 2596 viderunt,
3224 2532 3636 2601 obstupuerunt
3662 2528 3691 2580 τ
3718 2524 3848 2579 iam

2265 2637 2357 2705 qui
2392 2634 2525 2688 solis
2552 2641 2858 2686 creatorem
2907 2628 3080 2684 instar
3112 2625 3403 2680 lutniuaris
3443 2622 3613 2691 hujus
3662 2619 3720 2675 in
3775 2634 3850 2671 se

2266 2704 2667 2797 splendentem,
2704 2727 3047 2790 operantem,
3100 2718 3415 2786 loquentem
3466 2704 3664 2776 cernit,
3700 2722 3845 2779 quo-

2266 2816 2427 2871 modo
2462 2823 2685 2883 aspectu
2721 2825 2828 2865 non
2855 2807 3257 2878 obstupescet?
3286 2804 3560 2876 quomodo
3580 2802 3853 2870 religione

2264 2925 2373 2964 non
2400 2904 2763 2978 perfundetur
2790 2904 2813 2957 7
2845 2901 3123 2972 quomodo
3162 2914 3269 2954 non
3302 2898 3511 2967 diliget,
3539 2910 3570 2950 a
3610 2908 3719 2963 quo
3752 2890 3846 2942 vi-

2264 3009 2375 3055 tam
2410 2998 2674 3067 accepit?
2716 2995 2975 3050 Homines
3031 2992 3134 3047 sibi
3168 2990 3381 3047 similes
3429 2987 3681 3043 homines
3717 2980 3849 3036 ddi-

2266 3105 2422 3165 gttnt,
2457 3091 2680 3161 quando
2714 3099 2974 3159 praestare
3005 3084 3260 3140 nonnihil
3288 3081 3413 3137 aliis
3437 3080 3713 3134 videntur.
3739 3074 3850 3127 Ast

585 3160 1040 3229 exstirpaveriut,
1082 3172 1133 3214 et
1185 3160 1646 3229 quemadmodum
1678 3175 1807 3214 oves
1843 3162 2163 3216 innocentes
2190 3168 2233 3223 C
2268 3160 2517 3239 amnium
2579 3179 2952 3241 conditorem,
3010 3174 3191 3229 solum
3233 3171 3627 3231 immortalem,
3661 3166 3851 3220 omni-

584 3269 713 3322 erga
777 3261 1056 3321 pastorem
1115 3268 1174 3308 se
1212 3255 1506 3321 gesserint.
1554 3252 1881 3322 Quicunque
1927 3245 2159 3323 corpore

585 3343 651 3396 ad
684 3344 984 3413 quamlibet
1023 3343 1303 3397 actionem
1357 3360 1575 3412 pravam
1633 3344 1861 3411 ‘mortui,
1896 3345 2157 3399 virtutum

586 3436 756 3489 labori
800 3434 1207 3500 insudaverint,
1262 3444 1317 3489 et
1365 3452 1428 3490 ex
1480 3436 1595 3490 sola
1654 3437 2022 3492 moderatoris
2074 3438 2161 3491 sui

585 3528 868 3581 voluntate
900 3526 1157 3591 vixerint,
1215 3526 1525 3581 obedientia
1566 3528 1791 3592 mortui,
1848 3529 2161 3598 iterumque

585 3618 866 3673 vivitlcati.
915 3617 1243 3687 Quicunque
1276 3618 1473 3673 timore
1513 3618 1633 3682 Dei,
1677 3631 1730 3673 et
1779 3622 2163 3678 recordatione

586 3710 800 3773 mortis,
839 3710 892 3763 in
936 3710 1183 3778 singulos
1220 3709 1335 3764 dies
1384 3720 1437 3764 et
1474 3721 1665 3766 noctes
1695 3712 1965 3783 lacrymas
2005 3713 2162 3769 fude-

587 3800 720 3867 rint,
770 3809 823 3854 et
874 3801 1178 3856 secundum
1216 3800 1552 3855 intellectum
1607 3803 1673 3856 ad
1724 3804 1889 3873 pedes
1944 3803 2162 3858 Domini

588 3892 1039 3962 procumbentes,
1092 3892 1539 3947 misericordiam
1599 3900 1651 3947 et
1683 3894 1896 3949 veniam
1928 3896 2160 3951 delicto-

588 3994 711 4033 rum
753 3978 1145 4049 “agitaverint.
1201 3980 1266 4035 lii
1303 3982 1575 4035 bonorum
1610 3984 1856 4037 omnium
1886 3991 2163 4039 exercita-

589 4074 761 4137 tione,
797 4082 851 4126 et
894 4088 997 4127 usu
1042 4073 1287 4127 habitum
1342 4074 1470 4128 boni
1510 4076 1916 4144 adipiscuntur,
1973 4078 2164 4142 lugen-

591 4172 784 4232 tesque
813 4163 1078 4232 quotidie,
1111 4171 1166 4218 et
1202 4174 1619 4233 perseveranter
1650 4167 1957 4236 pulsantes,
1994 4171 2163 4225 mise-

588 4252 887 4307 ricordiam
917 4264 1361 4323 consequuntur.
1402 4254 1467 4310 lii
1506 4258 1720 4313 crebris
1758 4260 2166 4315 obsecrationi-

588 4343 697 4399 bus
749 4346 1149 4415 gemitibusque
1198 4346 1683 4412 inenarrabilibus.
1717 4358 1771 4406 et
1799 4352 2163 4422 lacrymarum

591 4435 838 4490 fontibus
895 4437 1138 4490 animam
1177 4448 1512 4507 expurgant,
1562 4456 1725 4510 quam
1764 4454 2049 4514 purgatam
2081 4448 2163 4499 vi-

590 4524 781 4581 dentes
832 4527 1111 4581 incensum
1137 4528 1465 4583 desiderium
1489 4546 1608 4584 eam
1634 4533 1791 4601 plene
1815 4546 2166 4606 expurgatant
2194 4504 2247 4565 D

589 4616 804 4670 videndi
838 4620 1175 4688 concipiunt.
1248 4620 1520 4682 Quoniam
1574 4632 1758 4677 autem
1811 4624 1971 4678 ﬁnem
2032 4627 2172 4682 lucis

590 4705 839 4763 invenire
868 4724 979 4763 non
1010 4710 1215 4775 valent,
1252 4714 1438 4768 omnis
1494 4715 1748 4783 purgatio
1802 4714 1936 4785 ipsis
1966 4716 2171 4788 imper-

591 4797 733 4852 fecta
762 4810 866 4853 est.

662 4909 1162 4984 Quantumcunque
1218 4916 1361 4970 enim
1428 4926 1692 4987 purgatus
1744 4920 1918 4984 fuero,
1970 4929 2023 4974 et
2082 4926 2167 4974 tti-

590 5009 749 5055 tuero
784 5005 970 5067 miser,
1005 5012 1057 5059 et
1094 5018 1577 5076 quantumcunque
1610 5025 1638 5061 a
1686 5011 1953 5066 me‘visus
1979 5012 2165 5075 fuerit,

589 5106 832 5161 purgans
865 5108 951 5149 me
982 5095 1244 5167 Spiritus,
1276 5114 1497 5169 semper
1549 5102 1682 5155 mihi
1713 5112 1766 5156 et
1799 5103 2162 5172 purgationis,

588 5190 643 5234 et
669 5182 899 5239 visionis
928 5186 1262 5254 principium
1301 5190 1537 5245 videtur.
1568 5192 1625 5245 in
1689 5194 1961 5263 profundo
2015 5196 2161 5249 enim

589 5273 823 5340 inlinito,
881 5278 935 5329 in
988 5277 1279 5335 altitudine
1310 5285 1580 5339 immensa
1630 5286 1757 5353 quis
1798 5286 2036 5340 medium
2071 5297 2165 5341 aut

589 5364 754 5417 tinem
790 5366 1107 5423 invenerit?
1148 5368 1375 5430 Multum
1419 5390 1543 5431 esse
1576 5376 1714 5441 scio,
1766 5377 1860 5432 sed
1896 5390 2161 5448 quantum

590 5458 689 5520 sit,
759 5460 971 5513 nescio.
1041 5459 1172 5516 Plus
1225 5466 1347 5534 plus
1407 5468 1678 5532 desidero,
1730 5470 2167 5527 etcontinenter

590 5562 771 5617 gemo,
823 5552 950 5619 quia
985 5554 1242 5623 exiguum
1277 5566 1382 5622 est,
1432 5562 1579 5628 quod
1632 5562 1818 5617 datum
1874 5572 1959 5619 est
2024 5566 2165 5635 (etsi

591 5639 820 5695 multum
869 5657 992 5699 esse
1053 5647 1273 5721 opinor)
1331 5651 1395 5706 ad
1431 5654 1503 5719 id,
1562 5655 1711 5727 quod
1771 5667 1963 5725 procul
2018 5673 2045 5713 a
2080 5674 2166 5715 me

666 5820 731 5851 "'
766 5818 914 5872 Psal.
942 5834 1126 5884 t.xxxt,
1152 5822 1206 5878 6.

2265 3274 2446 3330 modis
2482 3278 2781 3342 potentem,
2811 3267 2935 3337 quis
2966 3265 3147 3320 visum
3181 3278 3291 3317 non
3322 3260 3570 3315 amabit?
3609 3258 3685 3314 Ex
3719 3260 3847 3313 sola

2271 3365 2560 3419 auditione
2615 3360 2772 3415 multi
2830 3359 2989 3412 ﬁdem
3033 3355 3300 3409 habentes
3347 3368 3471 3407 eum
3508 3352 3845 3413 dilexerunt,

2265 3465 2319 3512 ct
2368 3457 2540 3507 vitam
2594 3452 2714 3520 ejus
2749 3463 2918 3503 causa
2956 3450 3263 3517 posuerunt
3317 3443 3517 3503 sancti,
3561 3448 3614 3496 et
3646 3440 3847 3495 vivunt

2263 3547 2647 3602 nihilominus.
2690 3540 2784 3594 Ast
2823 3538 2919 3608 qui
2971 3536 3202 3591 visionis
3229 3542 3282 3588 et
3312 3532 3536 3587 luminis
3566 3531 3685 3601 ejus
3714 3544 3846 3600 par-

2264 3638 2463 3707 ticipes
2502 3634 2630 3689 facti
2668 3641 2817 3694 sunt,
2860 3628 3069 3699 cogniti
3101 3626 3169 3679 ab
3202 3625 3345 3694 ipso,
3376 3630 3433 3677 et
3463 3626 3848 3691 cognoverunt

2267 3732 2472 3801 ipsum,
2504 3725 2783 3796 quomodo
2832 3736 2943 3776 non
2973 3718 3263 3781 amabunt,
3293 3714 3523 3783 qttaeso?
3568 3712 3847 3784 quomodo

2268 3829 2489 3892 propter
2537 3831 2661 3872 eum
2709 3830 2817 3870 non
2874 3811 3140 3881 lugebunt
3203 3805 3510 3876 perpetuo?
3562 3804 3843 3873 quomodo

2269 3930 2376 3967 non
2410 3912 2698 3975 mundum,
2725 3915 2779 3963 et
2804 3921 2926 3977 qua:
2950 3904 3005 3957 in
3043 3900 3254 3955 mundo
3286 3908 3415 3955 sunt
3444 3906 3793 3954 contemnent
3819 3894 3850 3948 ?

2267 4003 2547 4073 quomodo
2569 4014 2683 4053 tnon
2718 3978 2935 4052 omnem
2990 3993 3256 4048 honorem
3305 4000 3358 4044 et
3387 3990 3616 4061 gloriam
3653 3988 3841 4057 despi-

2268 4097 2433 4159 cient,
2468 4092 2560 4163 qui
2596 4090 2742 4145 omni
2786 4087 2959 4159 gloria
2992 4083 3266 4149 terrestri,
3299 4081 3448 4137 omni
3486 4084 3695 4135 honore
3722 4092 3845 4132 ma-

2265 4172 2438 4259 jores,
2470 4199 2619 4246 eum,
2656 4181 2747 4251 qui
2783 4188 2865 4234 est
2900 4188 3056 4233 extra
3094 4186 3325 4240 terram,
3372 4183 3427 4228 et
3451 4180 3603 4227 extra
3652 4169 3842 4225 omnia

2269 4276 2646 4347 aspectabilia,
2707 4274 2812 4325 imo
2857 4283 2990 4324 vero
3038 4266 3133 4338 qui
3186 4264 3434 4320 condidit
3488 4261 3842 4333 aspectabiliu

2271 4370 2549 4432 universa,
2600 4376 2652 4420 et
2692 4363 2918 4434 gloriam
2973 4359 3343 4417 immortalem
3384 4359 3737 4418 invenerunt,
3786 4361 3845 4405 et

2275 4466 2631 4530 acceperunt,
2679 4452 3236 4524 citraquedefectum
3280 4465 3443 4505 omne
3472 4449 3674 4504 bonum
3712 4445 3845 4501 inde

2274 4550 2523 4607 habent?
2564 4548 2708 4615 Quin
2740 4557 2795 4601 et
2825 4560 3046 4600 omnem
3080 4542 3477 4615 appetentiam,
3538 4554 3700 4595 omne
3738 4537 3843 4592 de-

2271 4644 2536 4701 siderium
2568 4642 3029 4706 sempiternorum
3081 4636 3376 4699 bonorum,
3431 4645 3728 4701 rerumque
3756 4630 3846 4683 di-

2270 4737 2543 4798 vinarum,
2578 4748 2641 4787 ex
2674 4730 2866 4786 eodem
2896 4729 3043 4784 fonte
3072 4742 3289 4797 semper
3310 4726 3548 4788 vivente,
3581 4734 3840 4792 tanquam

2274 4827 2493 4881 divitias
2530 4825 2870 4877 hauserunt:
2908 4835 3019 4889 quo
3048 4828 3104 4875 et
3152 4819 3336 4883 nobis,
3372 4815 3621 4879 Domine,
3658 4815 3841 4869 abun-

2270 4919 2466 4971 danter
2495 4914 2688 4970 satiati
2721 4912 2984 4977 concede,
3019 4919 3072 4967 et
3113 4910 3374 4965 omnibus
3412 4908 3749 4969 amantibus,
3784 4913 3840 4958 et

2268 5007 2647 5079 quaerentibus
2683 5015 2733 5059 te
2763 5019 2828 5057 ex
2858 5003 3065 5066 animo,
3116 5009 3176 5055 ut
3205 5008 3260 5055 et
3285 4998 3391 5070 ipsi
3426 5013 3525 5053 nos
3558 5011 3681 5051 cum
3711 5011 3842 5050 san-

2268 5102 2373 5155 ctis
2427 5100 2536 5154 tuis
2588 5107 2791 5153 aeterna
2849 5096 3110 5150 felicitate
3178 5099 3233 5148 itt
3282 5093 3465 5149 omnia
3510 5089 3837 5146 seculorum

2267 5196 2445 5265 spatia
2481 5193 2841 5248 oblectemur.
2877 5191 3072 5242 Amen.

2869 5300 3095 5358 CAPUT
3150 5298 3239 5356 IX.

2265 5421 2495 5492 Spiritus
2525 5422 2700 5476 sancti
2746 5428 3059 5492 compotem,
3092 5416 3154 5492 ab
3188 5415 3435 5492 ejusdem
3459 5413 3659 5467 lumine
3694 5415 3840 5476 rapi,

2336 5503 2385 5547 et
2410 5509 2572 5561 supra
2611 5508 2789 5545 omnes
2832 5485 3250 5558 perturbationes
3308 5485 3459 5553 ferri,
3509 5499 3600 5537 nec
3652 5499 3841 5535 earum

2335 5573 2581 5618 contactu
2613 5562 2759 5616 (redi.

2338 5653 2525 5708 Probl
2590 5654 2763 5724 proh!
2819 5652 3046 5707 Domine
3100 5647 3489 5718 omnipotens,
3557 5645 3681 5715 quis
3746 5652 3841 5697 tua
