4156 6340
177 416 278 472 521

176 609 784 681 comprehensibilitate
835 608 1198 678 implebitur?
1242 609 1368 677 quis
1404 624 1524 662 cum
1561 623 1656 676 pro
1689 623 1753 662 eo

176 723 242 762 ac
279 707 430 761 decet
467 704 521 757 in
544 702 816 756 mandatis
845 703 1350 766 tuis'ambulaverit,
1384 702 1544 756 etiam
1575 702 1752 756 vultus

179 799 263 853 tui
302 798 482 850 lumen
507 793 775 863 aspiciet?
811 791 1062 862 Magnum
1093 793 1389 862 quoddam,
1434 800 1487 846 et
1517 793 1755 846 admira-

183 888 319 952 bile,
354 887 577 958 etquod
612 887 838 940 omnino
877 885 1250 954 intelligentia:
1273 887 1382 939 vim
1420 896 1662 953 superet,
1701 887 1752 938 in

179 983 291 1036 hoc
321 983 474 1052 gravi
526 988 579 1034 et
630 981 921 1035 tenebroso
977 979 1181 1034 mundo
1213 978 1477 1032 viventem
1550 977 1752 1030 auferri

176 1087 206 1127 e
242 1070 451 1126 mundo
483 1086 604 1125 cum
633 1085 877 1140 corpore.
903 1069 1033 1123 llem
1065 1069 1379 1141 mysterium
1409 1067 1711 1121 inauditutn
1738 1069 1749 1119 ε

179 1164 325 1231 Quis
363 1166 628 1235 parietem
678 1179 790 1217 sum
825 1163 1014 1218 carnis
1045 1171 1424 1232 transgressus
1471 1159 1598 1215 est?
1632 1159 1755 1229 quis

179 1258 429 1327 pervasit
496 1256 872 1325 corruptionis
921 1255 1234 1324 caliginem,
1283 1262 1505 1323 totoque
1554 1251 1756 1304 mundo

180 1349 408 1403 deserto
443 1344 850 1416 latuit?Papm.
887 1361 1051 1414 quam
1104 1345 1280 1401 facilis
1337 1345 1438 1397 ista
1494 1341 1754 1410 cognitio,

181 1448 237 1494 et
280 1455 386 1492 non
415 1438 631 1493 subtilis
651 1439 854 1492 oratio!
884 1436 985 1492 Ubi
1024 1437 1203 1500 latuit,
1238 1435 1328 1504 qui
1356 1434 1616 1487 mundqu
1647 1439 1758 1484 tra-

177 1531 340 1599 jecit,
367 1539 421 1583 et
448 1539 603 1583 estra
632 1529 814 1582 omnia
860 1543 983 1597 quae
1015 1527 1234 1582 videbat
1269 1541 1329 1581 se
1355 1523 1593 1578 extulit?
1645 1523 1756 1587 dic,

184 1623 464 1690 sapientia
501 1622 812 1692 sapientum
849 1619 1134 1687 reprobata
1161 1657 1174 1682 ,
1231 1632 1297 1671 ne
1343 1617 1521 1671 dicam
1583 1629 1613 1666 a
1651 1614 1758 1668 Deo

184 1716 358 1773 stulta
384 1714 543 1779 facta,
575 1721 634 1766 ut
663 1711 838 1781 inquit
866 1709 1066 1765 Paulus
1089 1709 1152 1768 ¹³.
1182 1719 1234 1763 et
1262 1707 1486 1773 quilibet
1517 1705 1608 1760 Dei
1641 1720 1757 1758 ser-

183 1821 316 1860 vus.
372 1803 473 1858 llic
496 1812 578 1857 est
609 1804 690 1857 vir
726 1800 1125 1871 concupiscens
1179 1800 1454 1868 spiritum.
1491 1797 1591 1852 Hic
1625 1811 1753 1850 cor-

183 1911 322 1966 pore
351 1895 566 1964 corpori
597 1897 1044 1964 appropinquans
1090 1898 1271 1962 potest
1300 1889 1496 1960 Spiritu
1528 1896 1754 1943 sanctus

182 2003 330 2044 esse.
366 1987 526 2042 Extra
579 1985 842 2041 mundum
905 1986 1050 2038 enim
1101 1993 1156 2038 et
1192 1983 1308 2037 haec
1355 1997 1608 2052 corpora,
1650 1997 1755 2035 non

184 2090 276 2137 est
316 2082 588 2151 appetitus
618 2071 857 2134 carnalis
890 2075 1215 2141 alfectionis,
1243 2075 1339 2129 sed
1373 2075 1617 2127 vacuitas
1636 2088 1759 2144 pas-

187 2177 433 2238 sionum,
457 2187 620 2242 quam
644 2172 736 2241 qui
767 2170 1049 2234 dllexit,et
1074 2184 1134 2223 ex
1165 2183 1226 2223 ea
1261 2165 1554 2223 dilectione
1590 2166 1757 2220 vitam

189 2265 483 2330 lucrifecit,
520 2279 667 2328 eum,
721 2263 936 2318 etiamsi
977 2263 1233 2315 indecore
1269 2275 1326 2314 se
1381 2266 1678 2329 gerentem,
1706 2264 1759 2310 et

190 2357 260 2411 ad
290 2357 566 2410 actionem
617 2353 932 2423 hujusniodi
967 2352 1122 2422 quasi
1165 2350 1505 2422 transfugam
1536 2365 1594 2404 se
1621 2363 1757 2403 con-

190 2447 461 2502 ferentem
503 2445 710 2511 videas,
745 2445 884 2499 scito
915 2444 964 2498 id
997 2457 1198 2512 corpus
1232 2449 1505 2496 mortuum
1553 2439 1756 2496 facere.

191 2539 311 2594 Non
375 2540 501 2594 dico
553 2553 756 2606 corpus
810 2538 929 2591 sine
987 2536 1189 2600 anima,
1233 2550 1355 2604 quae
1411 2533 1486 2586 illi
1551 2541 1756 2587 motum

193 2631 376 2692 affert,
414 2631 510 2684 sed
569 2629 686 2684 sine
715 2629 856 2682 mala
902 2626 1225 2696 cupiditate.
1293 2624 1551 2694 Voluptas
1609 2624 1757 2678 enim

194 2723 473 2792 praeclara:
501 2720 789 2782 ἀπαθείας,
815 2727 870 2773 et
896 2720 1042 2788 quod
1071 2718 1264 2773 exinde
1297 2714 1759 2783 incredibilique-

193 2816 318 2867 dum
356 2814 518 2868 modo
547 2829 631 2866 me
661 2812 839 2880 diligit
873 2812 1079 2874 lumen,
1123 2819 1294 2864 totum
1341 2809 1472 2862 mihi
1518 2815 1756 2861 mentem

191 2904 500 2974 percellens
574 2903 810 2972 abripit,
866 2903 1151 2972 ipsamque
1203 2902 1405 2954 nudam
1466 2899 1758 2954 continens

195 2993 540 3050 immateriali
568 3008 751 3053 manu.
783 3007 893 3047 non
930 3009 1013 3048 me
1057 3007 1155 3048 sua
1207 2991 1456 3047 claritate
1485 2989 1758 3056 excidere,

197 3097 292 3141 aut
322 3087 524 3157 aliquid
553 3101 673 3140 cum
707 3086 902 3140 vitiosa
933 3085 1176 3139 motione
1217 3084 1573 3152 conjunctum
1614 3083 1759 3152 cogi-

193 3184 313 3227 tare
341 3175 544 3244 patitur
570 3191 583 3227 :
615 3173 710 3228 sed
742 3173 1124 3244 complectitur
1150 3172 1517 3240 continenter,
1549 3180 1603 3228 et
1638 3173 1759 3226 ani-
1787 3165 1830 3224 C

195 3279 342 3317 mam
375 3279 547 3319 meam
587 3274 759 3319 torret
811 3279 985 3331 amor,
1026 3279 1128 3320 nec
1176 3273 1259 3320 est
1305 3265 1369 3318 in
1427 3279 1513 3320 me
1565 3278 1762 3320 sensus

198 3356 367 3409 alius.
404 3355 624 3420 Quanto
657 3356 800 3411 enim
851 3357 1250 3412 tnundissimus
1281 3357 1440 3426 panis
1476 3354 1605 3410 limo
1634 3370 1762 3426 pre-

196 3446 393 3499 tiosior
431 3455 485 3500 et
531 3445 756 3501 suavior
778 3457 882 3513 est,
921 3457 1074 3502 tanto
1110 3447 1343 3516 amplius
1375 3454 1428 3503 et
1454 3448 1576 3503 sine
1602 3461 1758 3502 com-

196 3539 487 3608 paratione
515 3539 748 3608 amplius
771 3553 1006 3608 superna
1034 3538 1262 3594 infernis
1281 3547 1542 3610 pra-stant
1621 3541 1762 3609 apud

195 3627 348 3693 illos,
373 3629 463 3698 qui
485 3644 546 3682 ea
570 3628 705 3684 bene
729 3637 1108 3698 gustaverunt.
1138 3627 1434 3684 Erubescat
1455 3631 1763 3697 sapientum

197 3721 514 3789 sapientia,
573 3735 717 3775 verte
762 3721 1097 3792 cognitionis
1148 3736 1370 3793 expers.
1435 3721 1766 3792 Simplicitas

196 3815 352 3868 enim
403 3824 717 3868 nostrorum
755 3829 1072 3870 sermonum
1106 3817 1286 3885 reipsa
1331 3815 1628 3886 legitimam
1680 3829 1766 3868 sa-

200 3907 469 3976 pientiam
502 3906 764 3975 possidet,
786 3921 909 3977 qua:
933 3908 1331 3962 consuetudine
1354 3909 1536 3962 divina
1579 3907 1767 3960 fruens

198 3998 361 4051 illum
393 3997 608 4060 adorat,
646 4011 675 4051 a
715 4011 824 4066 quo
859 3999 1040 4055 omnis
1096 3998 1368 4068 sapientia
1413 3999 1466 4051 in
1503 3998 1605 4052 hac
1657 3997 1767 4050 vita

195 4090 406 4142 donata
438 4097 544 4152 est,
577 4102 675 4158 per
700 4102 863 4158 quam
891 4090 1150 4160 reltngor,
1197 4097 1292 4141 aut
1344 4087 1506 4143 etiam
1569 4087 1769 4143 deitate

196 4178 427 4233 afﬁcior.

802 4309 1035 4375 CAPUT
1091 4311 1158 4368 Χ.

1237 404 1674 468 ΒινΙΝΟΗΠΜ
1715 405 2049 465 AMORUM
2083 407 2336 472 LIBER.

176 518 558 589 inaspectabili
609 514 1019 586 pulchritudine
1043 515 1366 571 satiabitur?
1395 517 1518 585 quis
1554 526 1642 569 ttta
1673 518 1752 568 in-
1778 513 1834 576 Δ

3313 409 3415 471 522

2446 517 2671 574 CAPUT
2725 518 2818 573 XI.

1858 629 2021 684 Deum
2052 633 2148 686 sibi
2190 634 2324 687 sicut
2355 631 2527 686 Paulo
2549 643 2595 686 et
2631 632 2895 701 Stephano
2927 634 3180 701 apostolis
3222 637 3415 692 risum.

2241 719 2357 756 cum
2384 711 2597 771 stupore
2631 716 3020 758 commemorat.

1927 791 2058 857 Quae
2084 792 2246 861 hujus
2279 793 2524 848 miraculi
2551 795 2784 856 novitas,
2818 795 2962 864 quod
2986 804 3036 849 et
3059 811 3204 850 nunc
3234 805 3417 865 patra-

1860 884 1988 938 tur?
2009 885 2153 938 Deus
2176 886 2338 938 etiam
2361 885 2518 940 hodie
2548 900 2576 938 a
2610 886 2984 954 peccatoribus
3015 891 3127 941 vult
3151 889 3411 957 conspici,

1858 978 1950 1046 qui
1978 977 2088 1046 jam
2115 978 2243 1030 olim
2271 978 2532 1043 ascendit,
2553 987 2603 1033 et
2629 978 2681 1031 in
2715 979 2868 1041 ccelis
2893 988 3116 1046 paterno
3140 981 3191 1032 in
3218 981 3414 1034 throno

1859 1070 2152 1124 considens
2187 1079 2271 1123 est
2329 1069 2707 1124 absconditus.
2764 1070 3004 1124 Abstulit
3055 1073 3195 1123 enim
3244 1089 3298 1125 se
3349 1074 3416 1123 ali

1860 1161 2038 1216 oculis
2079 1169 2390 1216 sanctorum
2425 1162 2816 1227 apostolorum,
2875 1171 2932 1214 ut
2984 1161 3316 1224 audivimus,
3366 1175 3419 1213 et

1859 1255 2008 1310 solus
2041 1260 2226 1322 postea
2253 1252 2563 1321 Stephanus
2595 1252 2761 1306 coslns
2799 1263 3016 1321 apertos
3051 1254 3204 1318 vidit,
3231 1270 3292 1307 ac
3336 1255 3410 1306 di-

1861 1348 1983 1399 xit:
2035 1345 2194 1399 Video
2240 1343 2441 1397 Filium
2499 1352 2725 1395 stantem
2757 1359 2788 1395 a
2838 1345 3038 1396 dextris
3088 1345 3272 1413 gloria!
3310 1343 3414 1395 l’u-

1862 1440 1958 1490 tris
1990 1436 2053 1489 “.
2083 1437 2260 1504 Atque
2287 1436 2489 1490 idcirco
2516 1437 2582 1488 ab
2611 1435 2745 1505 ipsis
2773 1435 2906 1506 legis
2932 1436 3248 1490 doctoribus
3281 1437 3383 1506 lapi
3403 1465 3418 1475 -

1860 1529 2022 1584 dibus
2055 1529 2310 1592 obrutus,
2348 1542 2444 1596 pro
2494 1537 2700 1581 natura:
2733 1527 3049 1581 conditione
3086 1529 3332 1590 moritur,
3368 1539 3411 1579 (ιι

1861 1618 1992 1672 vivit
2021 1634 2136 1673 (evo
2163 1620 2517 1687 sempiterno.
2559 1618 2939 1672 Verumtamen
2975 1627 3092 1672 erat
3134 1619 3247 1688 ipse
3289 1634 3419 1684 apo-

1863 1712 2059 1775 Stolus,
2089 1720 2142 1765 et
2176 1722 2291 1766 erat
2323 1710 2716 1775 sanctiliratus,
2746 1721 2798 1764 et
2822 1721 3174 1765 sacrosancto
3213 1712 3420 1780 Spiritu

1863 1801 2104 1872 undique
2156 1804 2373 1872 plenus.
2439 1802 2596 1856 Initio
2666 1812 2844 1856 autem
2895 1802 3296 1872 promulgatum
3337 1811 3421 1856 est

1861 1895 2215 1964 Evangelinm
2240 1893 2570 1948 tnultitudini
2589 1893 3015 1962 inlidelium,qui
3045 1894 3417 1962 apostolorum

1860 2001 2026 2056 opera
2059 1986 2112 2040 in
2152 1985 2431 2040 Christum
2467 1987 2773 2050 credentes,
2825 1985 2982 2040 etiam
3017 1987 3247 2055 gratiam
3295 1985 3420 2039 fidei

1860 2080 2063 2131 donum
2104 2084 2455 2146 acceperunt.
2497 2076 2568 2132 At
2612 2078 2758 2132 enim
2795 2092 2940 2131 nunc
2996 2091 3085 2130 res
3133 2092 3271 2130 nova
3307 2077 3420 2129 hate

1860 2185 1980 2239 qua:
2008 2169 2064 2223 in
2099 2183 2184 2223 me
2207 2167 2282 2230 fit,
2316 2168 2572 2237 quidnam
2598 2167 2701 2223 sibi
2727 2166 2878 2221 vult?
2915 2166 3055 2233 Quid
3087 2167 3174 2221 his
3212 2182 3332 2235 qua:
3365 2167 3420 2219 in

1861 2276 1947 2316 me
1986 2271 2368 2330 perpetrantur
2418 2259 2491 2312 ita
2532 2257 2909 2326 obstupesco?
2960 2257 3084 2327 quis
3136 2257 3223 2312 hic
3269 2258 3428 2312 beni-

1859 2354 2084 2425 gnitatis
2114 2353 2328 2419 modus,
2362 2368 2522 2421 quem
2556 2352 2845 2422 experior?
2906 2350 3068 2406 Novae
3096 2350 3300 2404 divitia:
3329 2353 3424 2405 bo-

1862 2429 2067 2511 nitatis,
2097 2445 2237 2500 alius
2272 2445 2394 2499 fons
2431 2444 2842 2510 misericordiae,
2873 2445 3045 2498 multo
3087 2444 3208 2513 plus
3256 2459 3419 2513 quam

1860 2541 1990 2595 olim
2031 2538 2340 2592 effundens.
2401 2535 2583 2591 Multis
2645 2535 2792 2590 enim
2834 2550 2896 2590 es
2938 2534 3272 2603 benignitate
3329 2535 3422 2588 Dei

1861 2629 2237 2686 misericordia
2291 2628 2569 2697 impertita
2623 2637 2707 2683 est
2747 2645 2760 2679 :
2794 2635 3164 2681 verumtamen
3222 2636 3276 2681 et
3322 2628 3422 2696 ipsi

1862 2722 2138 2791 propritim
2170 2719 2449 2790 quiddam,
2486 2719 2641 2774 fidem
2667 2718 2922 2772 nimirum
2959 2717 3276 2781 adet-ebant,
3299 2734 3420 2773 cum

1862 2815 1983 2870 aliis
2015 2814 2307 2868 virtutibus
2359 2812 2712 2880 probatisque
2766 2809 3098 2865 actionibus.
3146 2809 3258 2880 Ego
3298 2825 3424 2862 vero

1863 2906 1948 2960 his
1985 2903 2241 2958 omnibus
2273 2918 2358 2958 me
2398 2916 2587 2956 carere
2611 2900 2911 2972 perspicio.
2941 2909 2994 2955 et
3033 2902 3167 2964 scio,
3198 2909 3252 2953 et
3284 2899 3426 2954 ferre

1829 3013 2098 3068 -nequeo,
2140 3011 2262 3066 qute
2293 2995 2345 3050 in
2373 3011 2461 3050 me
2506 2995 2574 3050 ab
2621 3007 2778 3050 utero
2843 2996 3032 3049 matris
3081 2994 3423 3065 deploratum

1863 3089 2000 3143 fiunt
2023 3102 2053 3142 a
2078 3087 2210 3154 Deo,
2234 3087 2326 3158 qui
2360 3088 2530 3143 verbo
2561 3101 2777 3142 omnem
2811 3097 3063 3141 naturam
3097 3087 3424 3156 procreavit,

1865 3195 2096 3254 quaeque
2124 3189 2178 3236 et
2209 3181 2392 3235 animo
2420 3180 2662 3250 cogitare
2691 3178 3006 3245 reformido,
3043 3181 3239 3233 nedum
3277 3187 3333 3232 ut
3361 3194 3422 3230 ea

1868 3274 2116 3330 scribere
2167 3271 2424 3328 audeam.
2461 3269 2595 3325 Nam
2632 3285 2880 3340 quaenam
2919 3284 3112 3324 manus
3168 3269 3294 3323 huic
3345 3269 3424 3322 t‘ci

1867 3365 2166 3437 inserviat?
2201 3366 2326 3436 quis
2357 3364 2598 3420 calamus
2633 3362 2920 3417 cxarabit?
2951 3363 3075 3432 quis
3113 3375 3292 3416 sermo
3314 3361 3425 3415 elo.

1865 3455 2106 3526 quetur?
2127 3469 2248 3525 quae
2272 3455 2454 3525 lingua
2490 3451 2871 3509 renuntiabit?
2901 3467 3021 3521 quae
3046 3451 3192 3506 labra
3245 3452 3426 3520 exprio

1867 3557 2035 3610 ment,
2068 3562 2187 3617 quae
2221 3548 2274 3601 in
2318 3561 2406 3600 me
2455 3555 2758 3600 cernuntur
2785 3545 2929 3610 fieri,
2962 3552 3016 3599 et
3047 3553 3156 3599 tota
3188 3543 3274 3598 die
3305 3558 3426 3612 per-

1869 3642 1951 3695 tici
1977 3640 1998 3692 ?
2027 3639 2236 3694 Etenim
2287 3644 2340 3692 et
2394 3637 2450 3692 in
2477 3639 2591 3706 ipsa
2629 3647 2810 3702 nocte,
2839 3636 2974 3691 etin
3009 3635 3142 3704 ipsis
3196 3635 3428 3690 tenebris

1868 3747 1991 3785 cum
2028 3728 2578 3785 tremore-Christum
2631 3732 2798 3782 caelos
2824 3728 2958 3781 mihi
2988 3729 3322 3797 aperientem
3355 3727 3426 3779 vi-

1868 3826 1990 3888 deo,
2045 3824 2336 3892 ipsumque
2390 3820 2837 3890 prospicientem,
2869 3828 2923 3874 et
2957 3819 3013 3873 in
3045 3833 3130 3873 me
3168 3819 3421 3872 deorsum

1869 3913 2192 3976 intuentem,
2224 3925 2346 3964 cum
2383 3910 2542 3964 Patre
2575 3920 2626 3964 et
2658 3908 2887 3979 Spiritu,
2921 3909 3125 3963 lumine
3179 3917 3260 3963 ter
3295 3924 3426 3962 san-

1871 4011 1973 4056 cto.
2001 3999 2180 4055 Unum
2213 3999 2374 4071 igitur
2405 4001 2456 4054 in
2482 4001 2682 4063 tribus,
2712 4008 2766 4054 et
2798 4002 2852 4053 in
2879 4015 2985 4054 uno
3010 4001 3110 4054 tria
3140 4000 3313 4068 ipsum
3342 3999 3427 4050 lu~

1869 4110 1992 4149 men
2027 4096 2188 4164 plane
2221 4102 2326 4157 est,
2369 4101 2422 4147 et
2455 4092 2637 4147 lumen
2672 4108 2837 4147 unum
2867 4093 2990 4157 tria,
3022 4092 3164 4160 quod
3195 4100 3251 4146 et
3275 4090 3424 4157 plus-

1870 4200 2030 4256 quam
2067 4185 2150 4239 sol
2182 4184 2418 4239 animam
2462 4199 2634 4240 meatu
2689 4185 2937 4249 irradiat,
2987 4194 3038 4237 et
3078 4190 3309 4237 mentem
3348 4193 3427 4234 tc-

1872 4276 2057 4332 nebris
2091 4274 2324 4332 offusam
2372 4275 2628 4331 illustrat.
2672 4275 2728 4330 Si
2791 4276 2936 4330 enim
3004 4273 3228 4330 vidisset
3279 4290 3428 4328 mens

1878 4383 2019 4433 mea,
2051 4369 2116 4422 ab
2145 4367 2300 4422 initio
2331 4367 2578 4422 vidisset.
2619 4367 2724 4421 Sed
2753 4382 2927 4422 caecus
2951 4381 3122 4429 eram,
3149 4367 3277 4419 mihi
3309 4383 3430 4420 rre-

203 4447 509 4504 Tristiziam
538 4464 604 4502 ex
635 4450 776 4504 obitu
808 4458 1089 4537 enat-orum
1122 4458 1279 4504 etiam
1328 4449 1650 4505 robustiores
1685 4461 1765 4505 ατο
1813 4483 1848 4537 D
1879 4462 2008 4526 dite,
2040 4474 2138 4514 nec
2167 4459 2437 4530 videbam,
2458 4467 2622 4530 atque
2644 4459 2764 4512 ideo
2798 4457 3118 4512 miraculum
3149 4457 3320 4525 magis
3345 4471 3430 4511 me

887 4521 1100 4589 tingere.

279 4634 416 4689 Rem
479 4646 675 4686 novam
718 4637 773 4686 et
815 4632 1303 4702 obstupescendam
1362 4635 1562 4691 audivi.
1606 4635 1773 4692 Natu-

197 4739 346 4790 ram,
390 4727 480 4782 cui
520 4723 656 4776 nilnl
697 4736 819 4776 cum
851 4723 1015 4777 rebus
1043 4725 1266 4780 caducis
1318 4727 1655 4792 commercii,
1695 4728 1774 4782 la-

200 4815 351 4886 pide,
383 4816 471 4869 cui
499 4829 696 4868 nomen
726 4815 976 4880 adamas,
1011 4815 1326 4872 solidiorem
1354 4820 1462 4888 pati
1502 4821 1766 4890 potuisse.

197 4898 304 4973 Qui
329 4907 470 4975 lapis
490 4921 613 4961 cum
644 4921 742 4961 nec
761 4907 902 4975 igne,
925 4923 1021 4960 nec
1049 4907 1189 4964 ferro
1216 4911 1517 4974 mollescat,
1547 4912 1766 4981 plumbo

199 4999 546 5069 implicatus,
579 5010 705 5052 cera
742 4996 798 5051 fit
828 4999 1061 5053 mollior.
1118 5000 1277 5056 Modo
1334 5003 1541 5057 credidi
1589 5014 1767 5073 guttas

200 5106 370 5161 aqua:
423 5091 586 5161 longo
619 5092 793 5160 spatio
829 5093 881 5144 in
925 5103 1135 5160 petram
1187 5095 1466 5160 cadentes,
1515 5111 1632 5150 eam
1682 5113 1771 5152 ca-

200 5199 356 5238 vare.
384 5183 449 5236 Et
471 5182 712 5252 profecto
741 5183 875 5238 nihil
904 5192 983 5240 est
1017 5185 1070 5238 in
1091 5185 1198 5240 vita
1216 5187 1571 5243 immutabile.
1601 5189 1768 5246 Nemo

206 5288 294 5327 me
325 5287 396 5328 ex
430 5288 668 5328 occursu
721 5274 952 5342 judicet.
992 5273 1102 5340 Vae,
1161 5278 1373 5347 fugacia
1432 5279 1598 5348 hujus
1646 5281 1770 5334 vitae

205 5362 356 5441 bona
393 5370 651 5429 tanquam
705 5361 859 5415 firma
887 5371 939 5415 et
975 5363 1149 5416 valida
1198 5365 1450 5429 intuenti,
1487 5375 1541 5421 et
1573 5369 1776 5421 laetanti

207 5455 264 5506 in
312 5451 448 5507 illis.
488 5449 690 5506 Eadem
719 5454 795 5506 illi
822 5469 924 5507 usu
952 5455 1190 5518 venient,
1228 5473 1349 5526 qua
1384 5458 1517 5510 mihi
1547 5461 1770 5513 misero.

204 5546 330 5601 Nox
368 5562 452 5602 me
498 5561 526 5600 a
563 5546 732 5601 fratre
774 5547 1116 5618 dulcissimo,
1157 5552 1460 5622 interrupto
1495 5554 1776 5610 charitatis

208 5639 449 5696 indiviso
481 5639 684 5694 lumine
713 5642 980 5710 separavit

288 5827 337 5861 υ
365 5825 384 5879 l
414 5823 540 5881 Cor.
583 5828 735 5889 I,19.
817 5825 858 5854 ίδ
881 5825 1111 5889 Act.vtt,
1140 5826 1208 5880 55

531 5919 805 5979 ΡΔἸἮΟῘ..
848 5918 961 5976 Gn.
1004 5916 1180 5977 CXX.

1877 4549 2287 4620 obstupefacit,
2357 4563 2482 4603 cum
2541 4549 2764 4603 oculum
2825 4549 3022 4604 mentis
3074 4548 3322 4617 aperiat,
3375 4559 3431 4602 et

1873 4641 2278 4714 quodammodo
2314 4641 2500 4696 videre
2527 4639 2640 4702 det,
2682 4650 2736 4694 et
2779 4649 2863 4692 est
2889 4641 3067 4710 ipsum
3104 4638 3246 4709 quod
3277 4638 3432 4692 vidr-

1874 4744 1982 4789 tur.
2020 4735 2138 4805 Ipse
2171 4730 2314 4786 enim
2359 4730 2542 4784 lumen
2575 4731 2630 4784 in
2679 4728 2888 4782 lumine
2920 4734 3147 4798 apparet
3199 4725 3402 4780 videnti

1875 4829 1994 4892 bus,
2028 4835 2081 4880 et
2110 4825 2202 4894 qui
2238 4823 2290 4877 in
2323 4820 2530 4876 lumine
2585 4819 2795 4881 vident,
2837 4820 3016 4888 ipsum
3075 4832 3290 4871 rursum
3349 4817 3430 4868 vi-

1877 4921 2025 4984 dent,
2057 4920 2113 4972 in
2142 4918 2346 4971 lumine
2378 4915 2522 4970 enim
2579 4912 2816 4982 Spiritus
2851 4910 3058 4973 vident,
3095 4909 3189 4979 qui
3221 4907 3428 4969 vident,

1875 5022 1929 5068 ct
1961 5010 2016 5064 in
2044 5011 2144 5063 hoc
2170 5007 2440 5069 videntes,
2473 5005 2669 5060 Filium
2717 5004 3075 5073 perspiciunt.
3113 5001 3216 5066 Qui
3248 5008 3428 5052 autem

1886 5103 2084 5173 dignus
2116 5106 2200 5156 est
2226 5101 2466 5163 habitus,
2505 5099 2683 5153 videre
2707 5094 2929 5162 Filium,
2963 5095 3177 5149 Patrem
3214 5105 3431 5160 quoque

1877 5195 2041 5249 videt.
2080 5193 2293 5246 Patrem
2321 5201 2500 5246 autem
2541 5190 2754 5254 videns,
2780 5203 2903 5243 cum
2930 5185 3067 5240 Filio
3102 5186 3322 5238 omnino
3349 5181 3429 5233 vi-

1879 5289 1986 5349 det,
2032 5287 2174 5341 sicut
2195 5292 2246 5338 ct
2272 5298 2435 5345 nunc,
2476 5281 2768 5338 ut'dictutu
2799 5287 2901 5345 est,
2933 5279 2985 5332 in
3014 5291 3096 5331 me
3126 5277 3199 5329 fit.
3233 5274 3295 5327 Et
3323 5288 3433 5326 non

1875 5376 2243 5446 intelligibilia
2280 5377 2622 5445 aliquantum
2679 5372 2920 5440 intelligo
2953 5389 2966 5424 :
2995 5378 3048 5422 et
3110 5383 3251 5420 nunc
3319 5367 3405 5434 pnl

1876 5465 2216 5520 chritudincs
2253 5473 2473 5532 propter
2529 5463 2709 5516 lumen
2762 5455 3163 5516 inaecessibile,
3215 5463 3434 5521 propter

1875 5557 2099 5626 gloriam
2132 5569 2239 5609 non
2268 5551 2648 5611 sustinendam
2705 5546 3222 5617 incontemplaniles
3247 5557 3428 5614 procu;

1877 5662 2104 5717 aspicio.

2964 5908 3026 5970 17
