4156 6340
670 385 770 448 593

1889 375 2256 436 SIMEONIS
2298 377 2658 436 JUNitlillS

3791 376 3900 439 5·Ξὲ

738 500 1012 553 Attonitus
1053 493 1124 548 ilo
1166 492 1536 554 vehementer,
1568 498 1621 544 et
1653 496 1890 545 tremore
1930 490 2221 559 corripior,
2255 495 2299 549 Α
2330 491 2397 542 ab
2421 505 2505 554 eo,
2538 491 2627 556 qui
2662 501 2744 546 est
2779 491 2830 545 in
2868 490 3163 561 principio,
3196 504 3321 546 ante
3354 493 3533 545 omnia
3567 493 3786 550 saecula.
3829 510 3902 547 ex

671 606 791 645 cum
822 588 926 644 nisi
958 601 1118 640 unam
1150 595 1356 656 guttam
1380 596 1444 636 ex
1482 581 1681 650 abysso
1728 580 1963 644 videam,
2007 581 2226 632 univer-

671 687 807 739 sitas
848 693 1030 736 autem
1065 691 1358 748 aquarum,
1389 684 1449 728 ut
1486 674 1540 728 in
1589 683 1740 742 gutta
1796 672 2225 733 demonstratur,

673 787 909 842 quanam
943 769 1202 839 qualitate
1237 773 1291 820 et
1321 763 1504 833 specie
1539 763 1609 817 sit
1638 781 1650 816 :
1699 761 1843 815 sicut
1897 777 1960 815 ex
2019 759 2230 814 limbria

675 875 846 919 totum
873 871 1102 924 textum,
1136 867 1213 921 et,
1241 866 1300 912 ut
1333 857 1508 920 aiunt,
1552 869 1617 909 ex
1648 869 1829 922 ungue
1865 855 1969 907 leo.
2014 851 2104 905 Sic
2151 859 2230 904 to-

677 970 789 1013 tum
840 957 892 1008 in
927 967 1096 1025 parvo
1151 949 1471 1021 amplexans
1521 947 1696 1009 video,
1749 947 2034 1014 ipsumque
2080 943 2231 996 illum

672 1049 976 1110 Christum,
1005 1055 1058 1099 et
1084 1043 1250 1098 Deum
1287 1057 1466 1095 meum
1495 1040 1687 1094 adoro.
1726 1039 2018 1092 Solabatur
2050 1044 2230 1089 autem

677 1155 760 1191 me
788 1134 1060 1198 nonnihil,
1089 1131 1234 1202 quod
1264 1145 1373 1185 non
1402 1128 1734 1194 devorarer,
1762 1125 1907 1196 quod
1941 1139 2048 1178 non
2084 1137 2234 1177 com-

674 1231 924 1293 burerer,
944 1227 1078 1280 velut
1108 1241 1225 1278 cera
1249 1241 1279 1277 α
1298 1225 1430 1293 {acie
1449 1224 1609 1292 ignis,
1637 1230 1696 1276 ut
1716 1218 2138 1286 dixitProplieta
2167 1215 2232 1280 ³³,

675 1323 800 1392 quia
833 1320 988 1389 longe
1009 1319 1272 1371 distarem
1309 1331 1338 1368 a
1376 1315 1581 1367 lutnine
1605 1311 1991 1373 iuaccessibili,
2021 1316 2075 1362 et
2106 1321 2236 1361 con-

675 1414 925 1467 sisterem
953 1411 1002 1462 in
1040 1408 1230 1462 mediis
1256 1406 1520 1470 tenebris,
1549 1414 1603 1458 et
1624 1405 1708 1457 his
1732 1404 2064 1463 occultarer,
2095 1400 2237 1453 unde

673 1505 820 1558 velut
853 1517 945 1572 per
987 1500 1260 1554 modicum
1297 1497 1540 1552 foramen
1600 1495 1965 1566 prospiciens,
2013 1492 2240 1559 vertigi-

676 1613 798 1650 nem
842 1595 1103 1663 patiebar.
1144 1591 1197 1646 In
1231 1591 1316 1646 his
1345 1591 1474 1644 dum
1515 1589 1659 1652 vivo,
1690 1596 2042 1653 mentemque
2073 1583 2237 1638 disti-

680 1703 800 1746 neo.
836 1696 888 1740 et
920 1685 1075 1755 quasi
1103 1685 1156 1737 in
1186 1683 1385 1737 cadum
1415 1696 1503 1735 me
1547 1689 1677 1748 puto
1708 1677 2008 1746 suspicere,
2043 1677 2242 1729 timeo-

678 1795 804 1848 que,
848 1793 914 1832 ne
945 1775 1168 1846 propior
1193 1773 1326 1828 mihi
1358 1771 1533 1825 iactus
1567 1784 1652 1822 me
1677 1767 1841 1830 ai‘llet,
1869 1768 2046 1836 ipsum
2082 1767 2236 1819 illum
2276 1818 2280 1820 .

680 1841 889 1933 inveni,
945 1841 1112 1935 quem
1171 1863 1486 1932 Stephanus
1539 1860 1694 1916 ctelis
1749 1860 1952 1928 apertis
2003 1859 2154 1923 vidit,
2190 1866 2243 1911 et
2278 1841 2319 1899 Β

680 1967 867 2028 postea
899 1956 1100 2010 Paulus
1128 1969 1250 2008 cum
1296 1953 1544 2017 vidisset,
1577 1959 1886 2004 excmcatus
1917 1954 2002 2001 cst
2049 1947 2114 2011 '°,
2162 1955 2243 1999 to-

683 2065 796 2107 tunt
863 2049 1106 2121 proiecto
1161 2055 1221 2102 ut
1279 2047 1456 2116 ignem
1527 2045 1580 2098 in
1635 2041 1812 2097 medio
1875 2042 2056 2095 cordis
2113 2039 2240 2094 tnci.

679 2145 1046 2212 Quamobrem
1101 2139 1368 2194 miraculo
1428 2134 1822 2202 tremefactus,
1878 2143 1932 2188 et
1999 2132 2241 2202 trepidus

679 2236 859 2297 valde,
886 2242 940 2288 et
969 2232 1163 2288 solutis
1203 2230 1436 2293 viribus,
1463 2228 1530 2282 de
1558 2237 1740 2282 mente
1796 2226 2030 2288 decessi,
2093 2234 2243 2278 totus

685 2326 1115 2383 haesitabundus.
1157 2323 1274 2378 Non
1339 2322 1622 2377 sustinens
1677 2330 1858 2373 autem
1922 2320 2243 2372 immensam

682 2420 932 2488 gloriam,
959 2417 1011 2469 in
1044 2424 1202 2470 nocte
1228 2413 1421 2465 harum
1452 2413 1764 2465 notitiarum
1786 2424 2012 2463 aversus
2035 2408 2244 2478 aufugi,

682 2520 970 2578 tectusque
1018 2505 1469 2576 cogitationibus,
1529 2505 1583 2556 in
1623 2501 1707 2556 his
1757 2501 1908 2555 velut
1960 2501 2012 2555 in
2050 2514 2247 2552 monu-

685 2614 927 2659 mentum
966 2603 1265 2669 ingressus,
1294 2607 1346 2650 et
1387 2611 1484 2666 pro
1529 2595 1703 2663 lapide
1750 2595 1854 2648 hoc
1899 2594 2244 2647 crassissima

685 2710 913 2765 corpore
946 2691 1312 2762 superposito,
1343 2688 1589 2742 obtectus
1621 2701 1765 2751 sum,
1794 2693 1848 2739 et
1888 2686 2245 2742 absconditus

682 2791 938 2860 opinione
977 2800 1093 2838 mea
1125 2799 1154 2836 a
1187 2790 1454 2852 prtcseutc
1489 2781 1712 2848 ubique,
1778 2778 1870 2846 qui
1918 2776 2048 2830 olim
2098 2793 2246 2831 mor-

683 2893 836 2937 tuum
870 2893 933 2932 ac
965 2876 1237 2945 sepultum
1271 2889 1355 2929 nte
1392 2872 1670 2927 excitavit.
1701 2869 1962 2926 Tremens
1995 2871 2165 2936 enim,
2193 2877 2245 2926 et

683 2991 793 3032 non
837 2973 978 3043 potis
1010 2971 1190 3024 videre
1217 2969 1338 3036 ejus
1371 2967 1620 3036 gloriam,
1658 2965 1847 3018 subire
1871 2964 2004 3033 elegi
2041 2964 2242 3032 potius,

683 3077 738 3124 et
765 3079 985 3120 manere
1021 3064 1071 3116 in
1110 3060 1384 3129 sepulcro,
1418 3067 1472 3111 et
1500 3056 1748 3110 habitare
1802 3070 1923 3108 cum
1987 3054 2241 3118 mortuis,

683 3159 874 3217 vivens
916 3157 1034 3226 ipse
1076 3155 1129 3206 in
1171 3151 1449 3220 sepulcro,
1496 3164 1660 3218 quam
1707 3149 1764 3201 ut
1800 3147 1926 3216 igne
1967 3147 2062 3201 illo
2089 3162 2242 3200 com-

687 3253 884 3307 bustus
937 3245 1186 3300 funditus
1214 3245 1466 3311 perirem.
1512 3240 1588 3295 lbi
1625 3238 1905 3293 sedentem
1938 3254 2023 3293 me
2053 3238 2247 3308 despc-

688 3354 889 3406 ratnm,
947 3338 1170 3393 omnino
1213 3336 1331 3390 sine
1385 3334 1512 3393 line,
1551 3331 1864 3396 lamentari,
1926 3339 1981 3384 et
2035 3331 2246 3399 plorare

689 3441 923 3506 Oportet,
956 3431 1084 3502 quia
1145 3427 1456 3482 desiderato
1494 3423 1812 3486 lrustratus,
1844 3437 1988 3476 nunc
2024 3422 2076 3476 in
2135 3438 2250 3476 mo-

692 3536 952 3581 nutnento
1012 3522 1300 3576 delitesco.
1356 3517 1558 3571 Vivens
1624 3525 1803 3570 autem
1846 3523 2099 3568 mortuus
2145 3515 2248 3569 sub

693 3632 872 3682 terra,
907 3626 959 3672 et
1001 3615 1180 3685 lapide
1227 3619 1513 3667 contectus
1541 3649 1555 3676 ,
1606 3610 1774 3662 vitam
1842 3608 2023 3662 inveni
2081 3609 2248 3662 Deum

695 3713 898 3778 ipsum,
930 3708 1021 3776 qui
1054 3705 1220 3758 vitam
1249 3702 1421 3766 dedit,
1449 3701 1538 3755 cui
1579 3700 1651 3756 sit
1678 3699 1872 3770 gloria,
1907 3707 1960 3753 et
1986 3698 2164 3753 honor
2194 3698 2247 3752 in

696 3805 918 3862 szrcula.

1283 3922 1508 3983 CAPUT
1542 3922 1648 3978 XII.

695 4091 771 4139 De
800 4081 1000 4135 unitate
1031 4077 1327 4133 omnimodo
1356 4075 1806 4146 cptauzootétou
1831 4071 2089 4146 Deitatis;
2123 4077 2170 4121 et
2197 4071 2252 4121 in

764 4155 949 4220 quibus
971 4167 1023 4203 se
1051 4151 1253 4216 aliquid
1282 4143 1402 4220 esse
1423 4146 1599 4220 dicat,
1621 4143 1905 4220 Irttmiliaits
1932 4157 1985 4194 se
2013 4143 2109 4194 hac
2135 4155 2254 4191 con-

767 4214 1008 4286 fessione,
1040 4230 1086 4271 et
1115 4214 1468 4286 arrogantiam
1495 4214 1853 4288 pudefaciens.

766 4355 1074 4424 Quomodo,
1101 4369 1221 4424 quae
1245 4358 1535 4421 aliquando
1573 4369 1626 4404 ιιι
1659 4365 1745 4405 me
1773 4347 2048 4414 aelevrsti,
2110 4350 2254 4401 Deus

697 4466 872 4513 meus,
925 4447 1281 4508 reviviscunt,
1331 4461 1527 4514 meque
1586 4443 1869 4507 cruciant,
1907 4452 1960 4496 et
1995 4441 2254 4494 tenebras

2336 581 2515 646 l‘atrc,
2560 597 2683 637 cum
2745 581 2954 652 Spiritu
3005 593 3222 644 sancto.
3255 583 3394 638 Filio
3453 592 3507 639 et
3559 583 3736 638 Verbo
3777 584 3899 640 Dei.

2337 670 2513 740 (Deest
2549 672 2601 724 in
2629 682 2850 750 utroque
2881 673 3173 741 exemplari
3195 675 3391 744 pagina
3415 673 3644 742 fortasse
3674 673 3902 743 una)....

2339 771 2397 819 et
2434 766 2487 818 in
2521 779 2608 820 me
2637 767 2950 836 producunt
2987 766 3214 830 bestias,
3237 775 3291 819 et
3324 766 3589 822 dracones
3628 767 3756 819 mihi
3805 779 3907 818 na-

2339 863 2590 924 scuntur,
2635 866 2690 913 et
2727 857 2964 927 reptilia,
2997 866 3050 912 et
3096 872 3402 928 serpentes,
3433 859 3672 912 membra
3708 858 3909 912 anima:

2343 963 2473 1001 mea:
2496 957 2757 1003 vexantes
2789 965 3026 1021 semper.
3059 948 3210 1004 Vana
3243 953 3444 1020 quippe
3497 960 3550 1004 et
3586 951 3765 1006 inanis
3790 952 3910 1021 glo-

2342 1040 2419 1092 ria
2458 1041 2670 1094 mordet
2701 1055 2809 1103 me,
2839 1050 2893 1096 et
2928 1043 3116 1096 dentes
3164 1041 3342 1111 inﬁgit
3376 1043 3428 1095 in
3470 1057 3565 1096 cor
3607 1059 3809 1105 meum,
3835 1056 3906 1097 ex
3939 1071 3943 1074 κ

2341 1130 2688 1200 quoiniirmo
2719 1130 2824 1199 iam
2887 1143 2940 1186 et
2976 1135 3138 1202 plane
3180 1133 3353 1186 l‘rhcto
3389 1148 3472 1187 me
3502 1148 3665 1188 canes
3693 1133 3908 1188 feroci-3

2343 1224 2666 1277 exstiterunt
2718 1233 2776 1278 et
2827 1223 3065 1279 ferarum
3095 1225 3410 1279 multitudo.
3434 1224 3684 1294 Cumque
3712 1227 3868 1294 jacen
3888 1253 3909 1264 ο

2347 1322 2449 1367 tem
2480 1313 2838 1379 invenissent,
2877 1317 3232 1370 comederunt
3263 1331 3369 1370 mc.
3404 1315 3619 1370 Deliciaa
3647 1317 3790 1369 enim
3851 1325 3911 1370 et.

2348 1406 2539 1460 laudes
2581 1408 2834 1462 humana:
2870 1407 3276 1462 cmedullarunt
3337 1419 3389 1463 et
3418 1422 3754 1464 enervarunt
3785 1412 3911 1464 aui—

2348 1512 2488 1550 niam
2527 1513 2720 1563 nteant,
2755 1501 3206 1570 abstuleruntquc
3242 1501 3375 1554 mihi
3430 1502 3597 1554 robur
3638 1512 3689 1556 et
3718 1503 3916 1554 alacri-

2347 1597 2509 1642 tatem
2535 1603 2732 1643 meam.
2767 1590 2878 1644 lleu
2911 1593 3026 1645 me!
3060 1593 3152 1661 qui
3179 1593 3412 1646 scribam
3445 1594 3667 1646 omnia?
3703 1593 3911 1663 Magni-

2351 1679 2446 1734 [ica
2473 1689 2652 1734 autem
2689 1683 2949 1749 Opinione
2979 1683 3045 1737 de
3079 1699 3163 1737 me
3189 1684 3331 1751 ipso,
3357 1685 3575 1750 inertia,
3607 1687 3912 1754 voluptate,

2349 1788 2478 1827 cura
2511 1775 2826 1829 hominibus
2850 1777 3121 1845 placendi,
3149 1787 3406 1846 tanquam
3438 1779 3743 1833 latronibus
3777 1779 3911 1832 mihi

2351 1867 2646 1937 impositis,
2707 1868 2971 1937 utrinque
3028 1868 3333 1931 trahentes,
3397 1868 3768 1922 distraxerunt
3801 1885 3913 1923 me.

2353 1959 2418 2014 Et
2449 1960 2562 2013 haec
2603 1960 2826 2030 quidem
2862 1960 3039 2014 ablata
3095 1961 3394 2014 sobrietate
3426 1969 3478 2014 et
3511 1960 3869 2029 temperantia
3899 1975 3915 2023 ;

2353 2052 2467 2106 lucc
2497 2067 2628 2107 vero
2652 2067 2816 2120 opera
2849 2051 3018 2116 bona,
3048 2060 3100 2106 et
3129 2054 3372 2108 actiones
3397 2052 3696 2107 secundum
3721 2051 3915 2117 Deum,

2353 2153 2410 2197 ut
2445 2158 2475 2198 a
2506 2145 2685 2213 seipsa
2720 2145 2995 2214 profectas
3026 2154 3331 2208 ostentans,
3368 2154 3644 2198 mortuum
3678 2158 3763 2196 me
3790 2141 3921 2195 red-

2353 2236 2633 2291 diderunt.
2665 2236 2782 2301 Dic,
2818 2239 3037 2297 amabo,
3063 2252 3130 2289 an
3167 2251 3271 2291 non
3301 2237 3632 2300 miserabile,
3667 2234 3920 2289 et'misc-

2353 2326 2567 2380 ratiOne
2622 2326 3013 2396 dignissimum
3076 2335 3178 2390 est,
3220 2341 3342 2380 cum
3402 2333 3512 2379 tam
3572 2325 3756 2378 multa:
3788 2323 3924 2384 alie-

2353 2422 2586 2485 (tioncs,
2619 2427 2672 2475 et
2701 2422 2936 2490 impetus
2964 2418 3258 2473 turbulenti
3290 2419 3344 2471 in
3373 2432 3457 2472 me
3483 2426 3706 2486 repente
3739 2417 3921 2471 irrue-

2353 2522 2502 2579 runt,
2532 2525 2586 2568 et
2617 2514 2765 2567 omni
2805 2513 3008 2566 virtute
3065 2520 3293 2566 e-xutum
3324 2524 3388 2564 ac
3419 2510 3785 2579 despoliatum
3829 2508 3922 2562 in-

2353 2615 2713 2671 tcremerunt,
2743 2620 2963 2660 rursum
3021 2618 3106 2657 me
3162 2604 3340 2673 ipsum
3392 2603 3603 2668 nescio,
3661 2609 3716 2656 et
3777 2600 3923 2656 nihil

2353 2714 2541 2754 eorum
2575 2713 2696 2768 qua:
2721 2697 2853 2751 mihi
2881 2696 3230 2764 contigerunt
3257 2709 3586 2766 agnoscens,
3618 2701 3800 2749 statuo
3831 2707 3924 2748 me

2354 2791 2618 2860 majorem
2647 2790 2926 2852 omnibus,
2961 2797 3014 2844 et
3048 2795 3340 2842 vacantem
3381 2787 3919 2855 perturbationibus,

2351 2887 2407 2932 et
2463 2880 2644 2932 virum
2710 2887 2987 2942 sanctum,
3047 2885 3104 2931 et
3165 2877 3493 2945 sapientem,
3549 2875 3924 2942 eximiamque

2353 2970 2691 3039 theologum,
2727 2978 2780 3025 ct
2804 2971 2928 3038 jure
2957 2969 3328 3024 venerandum
3359 2968 3427 3021 ab
3462 2968 3733 3021 universis
3769 2978 3920 3028 mor-ﬁ

2355 3064 2578 3117 talibus.
2621 3061 2726 3116 Sed
2775 3069 2829 3118 et
2879 3077 3002 3115 cum
3035 3061 3266 3124 laudor,
3295 3068 3354 3114 ut
3391 3059 3605 3112 laudem
3657 3059 3912 3122 meritus,

2353 3168 2543 3216 omnes
2572 3154 2868 3218 advocans,
2903 3155 2971 3208 ab
3003 3153 3070 3208 iis
3111 3153 3244 3206 mihi
3287 3153 3514 3207 honoris
3538 3152 3912 3206 testimonium

2354 3244 2720 3313 colligendum
2760 3242 2910 3311 ptrto.
2943 3241 3297 3313 Cougregatis
3326 3243 3468 3296 enim
3504 3242 3633 3306 illis,
3666 3257 3764 3310 ego
3795 3257 3919 3294 am-

2355 3335 2498 3400 plius
2535 3334 2864 3398 intumesco,
2899 3341 2951 3387 et
2991 3334 3185 3385 crebro
3220 3332 3630 3399 circumspicio,
3681 3345 3747 3386 ne
3775 3331 3919 3385 forte

2354 3424 2479 3492 quis
2520 3409 2680 3488 absi't,
2713 3424 2804 3492 qui
2843 3438 2928 3477 me
2959 3436 3067 3475 non
3102 3423 3303 3477 videat.
3335 3423 3491 3488 Quod
3525 3424 3568 3478 si
3598 3424 3735 3476 forte
3759 3426 3920 3492 quis-

2355 3517 2500 3584 piam
2553 3514 2697 3568 limis
2741 3514 2916 3568 oculis
2947 3528 3032 3566 me
3066 3514 3365 3582 aspexerit,
3397 3514 3689 3583 malignor,
3715 3524 3769 3569 et
3791 3530 3925 3568 con-

2356 3607 2546 3668 vicior,
2576 3614 2630 3659 et
2668 3604 2733 3658 de
2764 3603 2857 3657 illo
2909 3603 3154 3669 detraho,
3201 3614 3260 3658 ιιι
3291 3613 3343 3659 et
3397 3605 3534 3673 ipse,
3565 3606 3651 3659 his
3696 3605 3924 3672 auditis,

2358 3698 2725 3751 convitiorum
2776 3710 3024 3749 meorum
3051 3695 3343 3764 impatiens
3369 3696 3571 3759 veniat,
3593 3711 3679 3749 me
3700 3699 3924 3763 salutet,

2358 3803 2599 3858 memque
2641 3787 2785 3852 ﬁdei,
2820 3801 3176 3857 mearumque
3236 3802 3480 3856 precum,
3523 3800 3577 3841 et
3631 3789 3928 3844 charitatis

2360 3879 2618 3948 indignus
2647 3877 2926 3948 appareat.
2956 3877 3114 3942 Quod
3146 3879 3212 3931 de
3243 3878 3470 3946 reliquis
3491 3879 3745 3932 omnibus
3777 3881 3925 3936 dico.

2366 3971 2522 4025 Venit
2554 3972 2716 4035 alius,
2753 3981 2805 4024 et
2837 3969 3274 4023 benedictionem
3308 3983 3483 4022 meam
3521 3978 3786 4036 reportat,
3815 3985 3932 4024 ser-

2360 4077 2553 4117 mones
2599 4070 2652 4116 et
2680 4062 2996 4115 doctrinam
3036 4075 3212 4115 meam
3243 4061 3544 4115 auscultat.
3573 4061 3711 4115 l’roh
3740 4063 3928 4118 stulti-

2363 4159 2494 4212 tiam
2558 4157 2756 4210 mcaml
2805 4154 3091 4219 Quomodo
3158 4153 3458 4208 nuditatem
3528 4168 3590 4208 ac
3643 4154 3923 4209 miseriam

2363 4264 2540 4322 meam
2577 4263 2688 4301 non
2723 4261 2912 4310 cerno,
2944 4255 2998 4301 et
3031 4245 3222 4315 plagas
3281 4245 3389 4298 non
3447 4246 3644 4309 sentio,
3684 4260 3794 4299 non
3845 4247 3931 4300 Iri-

2364 4350 2503 4404 stor,
2549 4355 2659 4394 non
2697 4339 2824 4404 ﬂeo,
2858 4354 2955 4392 nec
3007 4339 3347 4392 sanationem
3383 4353 3566 4406 quaero
3609 4339 3662 4390 in
3694 4353 3928 4394 nosoco-

2364 4433 2472 4488 mio
2497 4433 2714 4501 iacens.
2748 4447 2847 4485 nec
2901 4444 3123 4484 accerso
3154 4429 3398 4484 medicos
3462 4430 3756 4485 ostendens
3789 4433 3930 4485 vibi-

697 4541 831 4597 mihi
870 4537 1118 4592 faciunt?
1152 4537 1616 4606 perturbationes,
1643 4537 1890 4603 inquam,
1925 4535 2039 4594 ira),
2072 4543 2124 4587 et
2153 4549 2249 4586 cx-
2288 4538 2330 4594 ο
2364 4542 2455 4583 ces
2488 4539 2636 4580 meas
2700 4532 2754 4577 et
2806 4523 3067 4592 detegens
3103 4523 3213 4577 illis
3257 4523 3422 4576 etiam
3475 4525 3720 4578 occultas
3759 4525 3928 4579 animi

699 4629 1118 4688 candescentire.
1146 4627 1292 4682 unde
1326 4641 1515 4695 vapor.
1549 4635 1601 4680 et
1656 4625 1831 4694 caligo
1866 4624 2136 4679 invadunt
2168 4639 2260 4677 ca-

697 4732 796 4794 put
826 4737 1025 4784 meum,
1060 4729 1447 4787 cmranturque
1493 4719 1638 4774 oculi
1699 4719 2070 4792 intelligentia:
2106 4731 2256 4772 mete.

702 4815 914 4869 Etenim
947 4813 1096 4867 velut
1143 4812 1440 4866 connivere
1489 4820 1545 4865 et
1599 4811 1820 4864 occludi
1881 4819 2172 4878 coguntur,
2206 4815 2260 4863 et

706 4922 800 4962 tuo
828 4905 1033 4976 spolior
1061 4905 1296 4970 lumine;
1332 4904 1478 4974 quod
1507 4918 1633 4957 cum
1655 4918 1816 4957 nemo
1834 4917 1942 4955 non
1966 4901 2258 4966 desideret,

704 5001 858 5070 pauci
889 5009 1069 5052 tamen
1109 4997 1426 5066 exquirunt.
1457 4993 1598 5062 Quin
1628 4995 1790 5050 etiam
1829 5007 1967 5063 quos
2007 4993 2118 5045 tuis
2170 5005 2258 5043 ar-

702 5091 856 5144 canis
886 5088 1133 5157 dignatus
1170 5102 1251 5149 es.
1279 5093 1334 5141 et
1360 5087 1425 5140 ad
1458 5084 1791 5140 tnaterialctn
1820 5083 2258 5136 communionem

704 5199 826 5238 cum
861 5197 1026 5236 sensu
1060 5194 1164 5235 non
1188 5177 1481 5240 ntatcriali,
1507 5176 1889 5239 inellabiliu’m,
1920 5184 1973 5229 ct
2006 5173 2260 5228 omnibus

705 5273 1110 5328 tretneudorum
1164 5271 1547 5339 mysteriorum
1598 5280 1816 5324 tuorum
1875 5266 2169 5327 admisisti,
2211 5274 2263 5320 et

704 5367 904 5421 dedisti
950 5365 1030 5418 cis
1059 5371 1118 5416 ut
1154 5371 1549 5432 cognoscerent
1579 5362 1905 5417 invisibilcm
1951 5360 2004 5412 in
2038 5359 2261 5412 visibili-

710 5461 808 5512 lius
844 5456 1097 5525 gloriam,
1132 5469 1443 5522 novumque
1486 5454 1809 5523 mysterium
1849 5453 1905 5506 in
1942 5450 2144 5506 mundo
2175 5449 2255 5504 l’a-

706 5559 855 5602 ctum
886 5543 1202 5613 (admodum
1235 5545 1393 5613 pauci
1421 5552 1572 5609 sunt,
1620 5553 1703 5599 sat
1729 5543 1864 5608 scio,
1892 5543 1985 5613 qui
2041 5543 2153 5596 lucc
2190 5541 2260 5595 li-

705 5640 873 5708 quido
913 5637 1056 5708 apud
1109 5637 1350 5692 animum
1403 5651 1566 5692 suum
1610 5636 1962 5705 contemplati
2015 5633 2257 5703 fuerunt)

779 5822 818 5852 "
847 5819 989 5876 l’sal.
1041 5831 1209 5885 um,
1243 5817 1296 5872 3.
1375 5818 1418 5850 ⁸⁸
1452 5816 1572 5876 Act.
1608 5833 1681 5884 ix,
1718 5815 1772 5871 8.

2365 4621 2468 4680 mei
2530 4617 2900 4686 aegritudines,
2935 4624 2993 4669 ut
3051 4616 3197 4670 sicca
3250 4617 3545 4684 emplastra
3605 4623 3658 4669 et
3719 4619 3931 4673 ustoria

2367 4712 2689 4780 imponant,
2745 4722 2868 4776 qua:
2930 4706 3143 4759 l‘ortiter
3205 4706 3463 4760 sanitatis
3533 4709 3932 4775 recuperanda!

2363 4817 2528 4857 causa
2595 4798 2939 4855 sustineam?
2968 4797 3075 4852 Sed
3115 4797 3295 4867 potius
3329 4797 3470 4852 addo
3519 4798 3743 4853 vulnera
3793 4815 3932 4869 quo-

2361 4893 2514 4949 tidie.

2434 4987 2502 5037 At
2536 4992 2616 5048 tu,
2645 4999 2676 5038 ο
2714 4983 2854 5038 Deus
2888 4999 3062 5050 meus,
3099 4983 3358 5038 miserere
3385 4984 3512 5049 mei,
3544 4983 3636 5052 qui
3669 4983 3929 5054 deceptus

2368 5095 2485 5135 sum
2524 5088 2578 5134 et
2618 5079 2837 5144 erravi;
2875 5091 2930 5132 et
2961 5079 3211 5130 timorem
3265 5064 3420 5130 tuum
3480 5079 3661 5131 insere
3726 5077 3780 5128 in
3833 5092 3931 5131 cor

2369 5187 2570 5236 meum,
2624 5185 2682 5222 ut
2729 5168 3028 5224 secundum
3069 5168 3322 5222 mandata
3385 5177 3475 5221 tua
3542 5167 3802 5221 mundum
3841 5168 3930 5220 fn-

2370 5261 2532 5328 giam,
2562 5270 2614 5314 et
2648 5259 2878 5322 oderim,
2915 5266 2969 5312 et
3016 5257 3224 5310 salubri
3284 5265 3431 5310 metu
3489 5255 3807 5309 contraham
3843 5271 3930 5309 me

2371 5354 2660 5419 sapienter.
2695 5350 2769 5403 Ne
2809 5352 2982 5413 sinas,
3025 5349 3264 5410 Christe,
3299 5364 3386 5402 me
3439 5348 3495 5402 in
3546 5348 3728 5401 medio
3777 5347 3930 5400 illius

2369 5446 2624 5500 obcrrare
2651 5442 2944 5510 vagarique
2969 5460 2982 5506 ;
3009 5457 3132 5494 nam
3178 5451 3229 5494 te
3285 5440 3484 5503 solum,
3511 5442 3775 5492 hactenus
3818 5455 3928 5492 non

2369 5537 2644 5601 dilectum,
2687 5536 2872 5604 diligo,
2914 5542 2968 5588 et
3001 5544 3092 5587 tua
3123 5534 3296 5588 solum
3330 5540 3597 5602 praecepta
3636 5546 3722 5585 me
3750 5544 3935 5585 servs-

2371 5641 2550 5687 turnnt
2576 5629 2807 5697 contido,
2835 5628 2928 5698 qui
2958 5637 3105 5682 totus
3139 5640 3256 5679 sum
3291 5626 3345 5679 in
3381 5623 3547 5690 vitiis,
3598 5638 3699 5678 nec
3726 5635 3931 5690 cogno-
