4156 6340
266 352 376 418 525

1333 344 1770 408 DIVINORUM
1801 342 2133 402 AMORUM
2168 341 2415 401 LIBER.

3394 339 3499 404 526

268 466 319 517 vi
369 473 442 517 te.
486 461 622 527 Quis
651 460 848 515 etenim
886 467 937 515 te
971 460 1248 529 Cognovit,
1293 466 1347 515 et
1393 461 1580 516 mundi
1611 459 1837 530 gloriam
1869 463 1911 521 Α
1944 460 2061 512 sine
2095 473 2292 520 sensu,
2330 456 2502 509 instar
2537 453 2632 506 luti
2670 461 2774 508 est.
2819 453 3009 508 Totam
3037 453 3232 508 anima:
3261 455 3499 514 hominis

266 553 587 608 desiderat?
616 563 708 606 aut
739 553 862 621 quis
905 560 956 607 te
995 549 1162 617 amat,"
1224 560 1277 606 et
1327 560 1522 620 praeter
1580 558 1632 605 te
1668 540 1836 605 aliud

265 647 499 715 quierit?
528 661 719 714 nempe
751 655 808 699 ut
837 660 1028 701 omnes
1069 645 1134 700 ad
1165 661 1221 700 se
1257 645 1615 710 laudandum,
1657 654 1709 699 et
1738 645 1838 698 ad-

268 737 581 791 mirandum
615 737 879 801 advocet;
929 747 1023 790 aut
1053 738 1385 806 quibusdam
1428 735 1708 802 aduletur;
1746 744 1839 788 aut

266 829 516 882 omnium
545 827 816 882 amicitias
851 828 953 883 sibi
981 829 1275 884 conciliare
1304 829 1541 882 studeat.
1576 827 1698 883 Haec
1721 829 1839 882 nul-

269 917 359 972 lus
406 933 689 972 servorum
741 927 956 972 tuorum
1007 926 1389 988 germanorum
1434 920 1598 984 fecit;
1637 928 1688 973 et
1738 920 1840 973 hoc

267 1020 356 1063 est
403 1009 550 1076 quod
597 1023 682 1062 me
728 1009 962 1074 cruciat,
1014 1018 1066 1062 et
1121 1009 1171 1061 in
1205 1007 1483 1065 tristitiam
1532 1009 1643 1071 dat,
1699 1008 1839 1065 Deus

269 1113 450 1162 meus,
482 1098 610 1168 quia
642 1099 801 1154 video
834 1114 918 1153 me
966 1100 1025 1158 in.
1069 1100 1151 1152 his
1197 1099 1460 1154 servitute
1510 1101 1791 1155 subactum
1821 1143 1835 1168 ,

270 1207 373 1246 nec
411 1191 730 1261 persuaderi
761 1193 814 1246 in
855 1192 1076 1251 alteram
1133 1204 1367 1262 partem,
1420 1209 1516 1249 nec
1566 1195 1839 1248 humiliari

268 1298 520 1352 possum,
545 1299 645 1338 nec
679 1292 823 1337 tuam
853 1285 1024 1340 solius
1056 1286 1281 1356 gloriam
1306 1303 1550 1354 quaerere
1586 1288 1837 1352 instituo,

265 1389 370 1443 per
418 1389 582 1442 quam
615 1375 963 1435 demonstrer
1003 1377 1194 1442 ﬁdelis,
1247 1392 1310 1431 ac
1347 1395 1538 1434 servus
1583 1386 1733 1437 tuus.
1789 1388 1842 1432 et

268 1481 366 1535 per
397 1483 560 1536 quam
594 1468 890 1537 (praecipue
923 1470 976 1522 in
1008 1469 1214 1523 vilitate
1259 1479 1312 1522 et
1353 1469 1724 1532 mendicitate,
1777 1483 1841 1522 ac

265 1553 572 1616 laboribus)
603 1571 709 1608 non
743 1557 1138 1624 potentioribus
1180 1559 1360 1620 modo,
1402 1559 1496 1610 sed
1529 1566 1580 1611 et
1617 1558 1839 1626 regibus

266 1659 410 1714 queo
440 1645 888 1699 ﬁerisublimior.
920 1647 1164 1700 Flectere
1205 1648 1390 1716 igitur,
1429 1647 1570 1702 Deus
1591 1649 1836 1702 omnium

265 1729 469 1804 opifex,
512 1738 575 1791 ad
605 1739 950 1792 tribuendam
981 1740 1412 1793 misericordiam
1445 1741 1642 1793 anima:
1679 1755 1836 1805 meae,

1943 552 2274 601 voluntatem
2339 561 2501 599 unam
2563 561 2688 600 esse
2721 555 2875 613 puto.
2905 544 3006 610 Qui
3050 561 3180 616 ergo
3227 561 3381 600 suam
3414 549 3502 600 di-

1941 641 2067 694 vino
2125 640 2352 709 Spiritui
2413 637 2789 705 coniunxerit,
2853 640 2964 692 Deo
3035 640 3231 694 similis
3289 640 3498 704 evasit;

1941 733 2159 788 Christo
2216 734 2268 786 in
2308 743 2499 803 pertus
2536 741 2781 796 accepto.
2820 731 3170 786 Christianus
3219 747 3246 783 a
3281 732 3502 790 Christo

1944 830 2049 885 est,
2087 824 2366 878 Christum
2417 824 2708 878 formatum
2745 823 2798 876 in
2832 823 3031 892 scipso,
3084 825 3506 893 incomprehen-

1944 929 2086 977 sum,
2124 915 2322 978 solum,
2361 925 2415 970 et
2469 931 2655 969 revera
2709 916 2966 970 omnibus
3015 917 3255 970 conditis
3290 916 3503 969 naturis

1943 1007 2289 1060 inaccessum
2345 1008 2497 1075 pintte
2543 1008 2592 1060 in
2635 1022 2695 1062 se
2736 1005 3047 1061 continens.
3091 1005 3216 1070 Sed,
3252 1015 3502 1060 onatura

1945 1100 2289 1162 intemerata,
2349 1100 2586 1154 essentia
2639 1099 2877 1165 occulta,
2948 1100 3135 1170 ignota
3193 1099 3504 1169 benignitas

1944 1189 2197 1252 plurimis
2249 1189 2587 1251 hominibus,
2626 1187 3005 1244 misericordia
3055 1203 3177 1257 qua:
3219 1201 3324 1240 non
3355 1188 3508 1240 vide-

1944 1289 2033 1333 tur
2072 1294 2098 1331 a
2143 1278 2306 1333 stulte
2365 1278 2675 1332 viventibus
2736 1277 3099 1343 invariabilis,
3165 1277 3503 1341 insecabilis.

1944 1377 2028 1422 ter
2056 1382 2245 1422 saneta
2282 1372 2546 1430 essentia,
2591 1369 2824 1438 simplex
2858 1369 3059 1433 lumen,
3081 1379 3133 1422 et
3162 1383 3358 1423 carens
3386 1382 3509 1436 spe-

1944 1462 2050 1521 cie,
2087 1460 2314 1513 minime
2347 1460 2732 1529 compositum,
2788 1459 3195 1527 incorporeum,
3249 1459 3508 1530 quodque

1943 1564 1970 1602 a
2003 1551 2150 1602 nulla
2209 1558 2402 1603 natura
2455 1552 2575 1619 capi
2649 1559 2815 1619 atque
2871 1549 3258 1618 comprehendi
3329 1559 3505 1620 potes,

1943 1641 2237 1708 quomodo,
2279 1655 2310 1693 ο
2362 1655 2480 1703 rex,
2523 1638 2699 1693 oculis
2753 1640 3008 1692 humanis
3065 1637 3314 1705 objectus
3350 1653 3409 1692 es
3447 1647 3508 1691 ut

1942 1737 2062 1797 ego,
2093 1732 2346 1800 cognitus
2374 1733 2442 1784 ab
2472 1733 2556 1785 his
2585 1732 2679 1800 qui
2709 1729 2766 1785 in
2821 1730 3028 1784 mundo
3067 1737 3211 1794 sunt,
3262 1737 3505 1799 gestatus

267 1832 360 1898 qui
390 1831 528 1883 bene
561 1841 618 1883 ut
640 1845 840 1893 essem,
872 1830 1069 1885 dedisti
1102 1831 1254 1892 mihi,
1283 1838 1337 1883 et
1368 1831 1725 1898 cognitionem
1754 1847 1837 1886 ve-

1944 1792 2390 1874 sanctae'blatris
2420 1829 2524 1874 tua:
2565 1792 2841 1884 manibus,
2871 1819 3072 1887 ligatus
3126 1792 3505 1880 utvhovmicida,

264 1931 384 1976 tam
428 1913 652 1991 largire,
685 1933 742 1975 ut
770 1923 929 1978 bonis
976 1923 1084 1977 tuis
1115 1924 1334 1977 aeternis
1395 1933 1448 1976 et
1479 1923 1614 1978 solis
1655 1923 1838 1978 sciens

267 2027 321 2071 et
354 2017 598 2087 prudens
635 2017 951 2080 inhaereant,
988 2016 1331 2085 gloriamque
1362 2023 1506 2068 tttam
1547 2032 1612 2069 ex
1655 2017 1838 2070 animo

267 2109 488 2178 diligam
523 2119 576 2162 et
610 2089 875 2177 quaram,
909 2108 1203 2160 humanam
1254 2122 1318 2160 ac
1356 2118 1625 2162 terrenam
1665 2107 1838 2162 neuti-

268 2215 428 2269 quam
472 2215 696 2264 curem;
731 2206 787 2253 ut
822 2199 918 2253 tibi
953 2215 1120 2261 nunc,
1171 2207 1224 2253 et
1273 2206 1415 2267 post‘
1444 2207 1673 2254 mortem
1707 2213 1838 2252 con-

261 2293 482 2360 jungar,
524 2299 580 2346 et
627 2306 838 2347 merear
868 2300 1096 2362 regnare
1139 2300 1340 2354 tecum,
1373 2291 1462 2358 qui
1494 2305 1612 2344 mea
1663 2305 1830 2344 causa
1869 2341 1872 2345 .

269 2384 690 2452 ignominiosam
723 2399 908 2436 necem
939 2398 998 2436 es
1024 2397 1336 2452 perpessus,
1362 2391 1416 2435 et
1445 2384 1658 2435 omnem
1691 2395 1835 2435 (nco-

270 2475 510 2527 nontiam
543 2475 861 2543 implevisti.
895 2474 1050 2528 Tunc
1078 2475 1402 2528 mortalibus
1437 2473 1708 2526 universis
1741 2488 1834 2526 ero

269 2565 550 2620 illustrior.
573 2567 764 2621 Amen.
786 2565 860 2618 Ita
888 2567 1001 2631 tiat,
1029 2565 1274 2630 Domine,
1307 2579 1451 2617 nunc
1471 2571 1524 2618 et
1548 2566 1598 2616 in
1617 2564 1835 2620 satcula.

847 2719 1074 2775 CAPUT
1113 2720 1253 2773 Xlll.

267 2855 347 2906 Ad
395 2854 755 2922 paenitentiam
809 2855 1124 2916 cohortatio,
1179 2861 1227 2906 et
1276 2851 1533 2920 quomodo
1590 2853 1832 2906 uoluntas

335 2927 538 2986 carnis,
576 2925 833 2978 toiuntati
867 2925 1084 2992 spiritus
1135 2923 1400 2991 copulata,
1435 2924 1695 2975 hominem
1727 2923 1834 2976 Deo

335 2994 562 3046 similem
595 2995 798 3046 reddat.

337 3099 624 3166 Illacrymo
669 3109 721 3152 et
780 3113 1140 3167 compungnr,
1181 3112 1304 3152 cum
1343 3099 1474 3153 mihi
1509 3098 1686 3153 lumen
1725 3097 1833 3151 ful-

1947 1923 2144 1976 passus
2169 1917 2227 1960 ut
2261 1907 2564 1972 maleﬁcus,
2605 1908 2733 1962 dum
2767 1922 2852 1962 me
2896 1921 3124 1976 prorsus
3154 1906 3368 1962 snlvare
3399 1907 3504 1971 vis,

1947 2007 2001 2054 et
2033 2000 2085 2052 in
2118 1998 2436 2067 paradisum
2487 1999 2670 2068 gloriae
2714 1998 2900 2052 denuo
2931 1999 3212 2055 reducere.
3247 1999 3371 2052 Haec
3421 2010 3508 2054 est

1949 2093 2253 2148 oeconomia
2286 2102 2399 2155 tua,
2433 2091 2545 2145 hmc
2578 2106 2746 2145 causa
2779 2092 3048 2144 adventus
3079 2089 3177 2154 tui,
3204 2090 3319 2144 haec
3340 2091 3508 2144 miseo

1947 2183 2214 2245 ricordia,
2251 2192 2303 2236 et
2354 2182 2672 2234 humanitas
2718 2190 2831 2245 tua,
2869 2181 3124 2234 omnibus
3182 2180 3507 2234 mortalibus

1944 2275 2107 2328 nobis
2141 2274 2407 2337 exhibita,
2441 2273 2717 2337 fidelibus,
2746 2272 3087 2335 inﬁdelibus,
3111 2271 3348 2325 ethnicis
3376 2285 3507 2340 pec-

1945 2366 2249 2432 catoribus,
2300 2373 2356 2419 et
2402 2367 2637 2421 sanctis.
2677 2365 2842 2418 Facta
2894 2371 2978 2419 est
3028 2365 3174 2418 enim
3239 2363 3507 2434 apparitio

1945 2464 2034 2510 tua
2071 2457 2124 2509 in
2165 2472 2329 2512 carne
2358 2457 2666 2511 communis
2697 2455 2943 2510 omnium
2975 2455 3226 2509 vivorum
3257 2469 3322 2508 ac
3354 2469 3508 2508 mor~

1945 2557 2159 2601 tuorum
2200 2548 2348 2601 Salus
2379 2557 2430 2600 et
2464 2546 2782 2616 redemptio.

2016 2637 2167 2702 Quod
2207 2647 2385 2691 autem
2420 2638 2474 2690 in
2511 2653 2597 2690 me
2646 2637 2857 2704 perdito
2907 2637 3139 2702 occulte,
3168 2647 3221 2692 et
3253 2653 3501 2692 seorsum

1943 2730 1998 2784 in
2033 2732 2339 2800 ignorantia
2375 2729 2733 2797 cognoscibili
2777 2729 2908 2782 mihi
2941 2729 3160 2798 quidem
3183 2740 3354 2795 certe,
3381 2729 3504 2784 aliis

1944 2832 2121 2875 autem
2156 2837 2285 2884 non,
2313 2821 2610 2890 perfectum
2650 2828 2754 2886 est,
2789 2835 2909 2888 quae
2953 2821 3136 2891 lingua
3173 2821 3506 2890 eloquetur?

1941 2931 2063 2985 qua:
2094 2931 2247 2970 mens
2276 2915 2771 2986 interpretabitur‘i
2796 2917 2921 2985 quis
2958 2931 3142 2971 sermo
3169 2917 3500 2982 enuntiabit,

1943 3013 2002 3058 ut
2045 3015 2097 3060 et
2149 3021 2344 3060 manus
2392 3021 2510 3059 mea
2545 3006 2742 3060 litteris
2775 3007 3004 3060 exaret?
3060 3023 3186 3062 vere
3209 3009 3353 3061 enim
3394 3019 3504 3063 trc-

1943 3099 2216 3163 mendum,
2251 3101 2590 3152 tremendum
2631 3107 2732 3163 est,
2785 3099 3035 3168 inquam,
3084 3115 3183 3154 nec
3213 3100 3344 3155 satis
3393 3100 3500 3153 dici

268 3191 358 3254 sit,
396 3192 660 3259 videoque
693 3192 1100 3244 mendicitatem
1137 3206 1332 3256 meam,
1366 3200 1418 3244 et
1442 3206 1715 3260 cognosco
1741 3191 1834 3244 ubi
1865 3159 1906 3217 Ο
1944 3193 2147 3254 potest,
2201 3190 2346 3254 quod
2396 3203 2423 3240 a
2471 3202 2553 3240 me
2587 3187 2804 3244 videtur
2851 3190 3056 3256 lumen,
3085 3190 3230 3258 quod
3265 3191 3500 3245 mundus

268 3299 411 3347 sum,
440 3293 492 3338 et
525 3283 741 3351 qualem
776 3283 1036 3335 mundum
1064 3282 1323 3345 incolam,
1352 3281 1597 3336 mortalis
1633 3294 1838 3334 morta-

269 3373 372 3426 lem
431 3380 485 3426 et
511 3373 855 3425 interiturum
888 3373 1118 3427 scilicet.
1155 3372 1402 3427 Delector
1432 3387 1562 3427 vero
1615 3381 1668 3425 et
1697 3387 1834 3443 gau-

267 3463 392 3529 deo,
425 3463 638 3532 quoties
671 3471 872 3518 statum
925 3479 1107 3517 meum
1166 3473 1218 3516 et
1262 3479 1580 3519 concessam
1625 3465 1754 3516 mihi
1808 3477 1835 3514 a

270 3553 381 3607 Deo
407 3555 631 3624 gloriam
684 3554 974 3622 perspicio,
1009 3569 1073 3608 ac
1119 3570 1202 3608 me
1243 3556 1389 3608 velut
1435 3557 1686 3623 angelum
1730 3556 1835 3608 Do-

267 3648 403 3700 mini
441 3657 608 3700 toxum
644 3647 960 3700 indumento
985 3663 1090 3701 non
1125 3648 1390 3702 materiali
1424 3657 1676 3702 ornatum
1704 3665 1838 3702 con-

263 3739 432 3807 jecto.
464 3738 730 3792 Gaudium
759 3739 923 3805 igitur
966 3739 1241 3807 largitoris
1291 3747 1346 3792 et
1381 3740 1721 3794 immutantis
1752 3756 1835 3791 mo.

271 3831 365 3885 Dei
406 3829 739 3884 desiderium
778 3831 833 3882 in
877 3844 961 3882 me
1007 3829 1352 3892 exsuscitat,
1390 3829 1722 3885 desiderium
1755 3831 1835 3883 la-

272 3938 582 3994 crymarum
617 3922 814 3977 ﬁuenta
851 3922 1143 3990 protrudit,
1179 3931 1232 3977 et
1259 3937 1343 3976 me
1374 3923 1599 3976 uberius
1632 3923 1836 3976 illumi-

274 4025 387 4070 nat.
421 4015 638 4075 Audite,
673 4014 761 4079 qui
796 4013 845 4065 in
885 4013 1076 4076 Deum,
1113 4023 1166 4066 ut
1197 4030 1320 4082 ego,
1341 4015 1622 4080 peccatis;
1655 4015 1836 4068 elabo-

273 4115 386 4157 rate
416 4115 469 4159 et
499 4104 702 4156 currite
739 4105 790 4154 in
827 4103 984 4156 bonis
1018 4103 1295 4169 operibus,
1331 4104 1835 4172 utcomprehenda-

273 4197 360 4257 tis,
401 4203 455 4247 et
497 4193 935 4262 complectamini
973 4193 1112 4261 ignis
1152 4194 1382 4246 materia
1429 4193 1676 4249 vacantis
1713 4209 1831 4247 ma-

273 4289 460 4342 teriam
489 4288 631 4355 (cum
663 4286 1124 4346 dicomateriam,
1155 4284 1395 4338 divinam
1444 4285 1539 4340 tibi
1582 4295 1832 4342 naturam

274 4377 542 4446 signiﬁco)
584 4385 638 4429 et
664 4376 973 4430 accendatis
1006 4376 1435 4429 intellectualem
1461 4377 1654 4430 animae
1690 4378 1830 4430 lam-

1944 3279 2047 3332 iste
2095 3293 2202 3333 non
2251 3278 2436 3335 habet.
2471 3278 2534 3333 Et
2565 3279 2741 3350 diligit
2782 3294 2888 3345 me,
2921 3281 3014 3349 qui
3049 3281 3102 3335 in
3135 3282 3238 3337 hoc
3295 3283 3502 3336 mundo

1939 3386 2045 3424 non
2081 3379 2186 3426 est.
2219 3372 2281 3424 Et
2312 3386 2412 3440 ego
2454 3374 2509 3425 in
2561 3373 2741 3427 medio
2773 3374 2920 3429 cellae
2956 3388 3088 3429 mea!
3138 3374 3295 3431 video
3322 3375 3499 3440 illum,

1938 3464 2030 3530 qui
2075 3472 2224 3515 extra
2269 3463 2532 3516 mundum
2568 3472 2674 3519 est.
2724 3465 2901 3533 Super
2927 3465 3125 3521 lectulo
3158 3482 3277 3521 meo
3308 3470 3495 3532 sedeo,

1937 3562 1988 3608 et
2021 3564 2174 3607 extra
2209 3557 2470 3607 mundum
2515 3570 2729 3610 versor.
2769 3556 2903 3612 Eum
2935 3566 3118 3611 autem
3157 3559 3250 3628 qui
3282 3574 3500 3630 semper

1937 3654 2041 3708 cst,
2081 3651 2134 3697 et
2169 3653 2346 3698 tamen
2407 3647 2628 3714 genitus
2655 3654 2738 3702 est
2773 3649 2952 3716 video,
3002 3651 3094 3718 qui
3131 3665 3254 3705 cum
3306 3659 3360 3705 et
3417 3651 3500 3705 lo-

1937 3748 2075 3799 quor
2138 3733 2416 3800 audeoque
2467 3733 2672 3798 dicere,
2725 3739 2894 3800 Amo,
2948 3737 3206 3805 quoniam
3262 3737 3350 3791 ille
3413 3752 3498 3795 me

1938 3833 2098 3876 amat.
2129 3823 2256 3876 Sola
2286 3824 2406 3891 ejus
2447 3825 2835 3894 contemplatio
2867 3827 3141 3895 praeclara:
3170 3827 3301 3880 mihi
3332 3826 3499 3897 dapes

1935 3922 1988 3967 et
2035 3917 2373 3968 nutrimenta
2419 3925 2578 3980 sunt;
2615 3917 2802 3985 illique
2865 3919 3050 3974 unitus
3102 3934 3266 3987 supra
3327 3921 3498 3974 caelos

1937 4007 2160 4061 scando.
2197 4006 2260 4060 Et
2319 4007 2422 4061 hoc
2473 4023 2659 4062 verum
2694 4024 2756 4064 ac
2785 4019 2993 4065 certum
3047 4025 3170 4066 esse
3207 4012 3347 4067 scio.
3391 4012 3495 4068 Ubi

1937 4106 2117 4151 autem
2152 4098 2254 4152 hoc
2278 4113 2477 4167 corpus
2503 4111 2614 4154 tum
2639 4101 2731 4164 sit,
2756 4101 2968 4156 nescio.
2994 4101 3122 4156 Scio
3140 4104 3495 4170 descendere,

1936 4189 2028 4256 qui
2066 4197 2150 4243 est
2186 4189 2502 4244 immobilis.
2553 4190 2682 4246 Scio
2718 4207 2748 4244 a
2787 4208 2873 4246 me
2926 4195 3120 4256 videri,
3156 4196 3250 4266 qui
3297 4206 3492 4251 natura

1936 4289 2020 4336 est
2071 4282 2506 4350 inaspectabilis.
2559 4284 2709 4347 Scio,
2766 4285 2856 4355 qui
2911 4287 2980 4340 ab
3038 4289 3184 4342 omni
3243 4299 3494 4342 creatura

1936 4373 2094 4444 longe
2155 4373 2344 4438 distat,
2381 4376 2446 4429 ab
2478 4391 2543 4429 eo
2579 4377 2782 4446 accipi,
2837 4385 2890 4432 et
2955 4379 3096 4433 inter
3154 4379 3314 4432 ulnas
3376 4379 3496 4452 ejus

271 4468 578 4536 padem,.ut
615 4467 756 4520 ﬁatis
792 4467 935 4521 soles
1013 4469 1066 4520 in
1117 4469 1322 4521 mttndo
1373 4469 1706 4524 coiiucentes
1779 4477 1833 4524 et
1871 4501 1912 4554 ο
1941 4465 2224 4532 abscondi,
2260 4475 2314 4521 et
2362 4477 2493 4521 tunc
2523 4477 2675 4531 extra
2703 4478 2874 4522 totum
2902 4471 3162 4523 mundutn
3222 4486 3308 4524 me
3341 4471 3495 4527 inve-

273 4576 615 4629 nequaquam
647 4561 750 4612 visi
784 4561 850 4612 ab
882 4560 966 4613 his
993 4562 1084 4631 qui
1121 4562 1408 4615 inmundo
1435 4572 1598 4624 sunt;
1638 4571 1693 4615 ut
1718 4563 1835 4616 sitis

274 4655 409 4707 sicut
434 4653 531 4714 dii,
564 4661 728 4704 totam
762 4650 851 4703 Dei
888 4650 1114 4721 gloriam
1157 4653 1298 4704 intra
1337 4668 1431 4705 vos
1463 4653 1832 4729 possidentes,

273 4743 322 4795 in
349 4742 560 4796 duabus
586 4742 862 4805 essentiis,
888 4741 1099 4796 duabus
1124 4743 1347 4796 Omnino
1373 4747 1602 4807 naturis,
1630 4745 1830 4812 duplici

273 4832 565 4896 iunctione,
587 4833 798 4901 gemina
817 4832 1112 4896 voluntate,
1139 4833 1596 4901 quemadmodum
1625 4835 1830 4890 Paulus

272 4925 545 4980 clamat“.
577 4926 696 4978 Alia
719 4933 801 4979 est
834 4925 1100 4993 siquidem
1143 4926 1298 4980 ﬂuxae
1337 4929 1519 4983 carnis
1553 4931 1823 4996 voluntas,

276 5011 369 5064 alia
399 5012 626 5080 spiritus
647 5020 698 5063 et
730 5013 926 5065 anima:
960 5029 1091 5067 mea:
1121 5031 1133 5065 :
1164 5026 1536 5071 verumtamen
1581 5034 1684 5072 non
1729 5025 1839 5075 [τί-ν

276 5099 519 5163 plex,scd
548 5100 768 5167 duplex,
791 5108 847 5152 ut
878 5100 1059 5167 homo,
1081 5119 1224 5156 sum.
1252 5103 1444 5157 Anima
1469 5121 1586 5161 mea
1609 5110 1824 5179 corpori

277 5204 386 5241 meo
419 5189 782 5258 inexplicabili
837 5190 1055 5244 vinculo
1101 5191 1352 5262 colligata
1414 5206 1515 5248 est.
1571 5198 1823 5253 Attamen

276 5281 536 5334 utrumvis
552 5291 916 5349 congruenter
941 5298 1038 5336 sua
1066 5285 1820 5354 (puerit,corpus,comedere,

273 5368 471 5431 bibere.
502 5371 773 5434 dormire;
801 5387 936 5440 quas
965 5373 1126 5426 etiam
1164 5375 1352 5430 carnis
1377 5387 1603 5433 terrenae
1636 5381 1827 5434 volun-

275 5465 404 5511 tates
428 5459 658 5526 appello.
688 5459 842 5522 Quod
877 5469 1163 5528 postquam
1200 5463 1269 5516 ab
1299 5465 1477 5517 anima
1510 5477 1822 5535 separatum

275 5544 452 5612 tuerit,
482 5547 620 5600 nihil
650 5548 859 5616 appetit
905 5549 1288 5618 hujuscemodi
1333 5569 1346 5605 :
1379 5553 1472 5608 scd
1517 5563 1820 5619 mortuum,

345 5723 384 5754 "
413 5722 680 5791 Rommt,
710 5726 776 5782 Η
807 5742 960 5799 seqq.
992 5783 1025 5805 Δ,
1045 5729 1088 5764 ⁸⁸
1113 5731 1218 5787 lsa.
1249 5749 1394 5798 ιιιν,
1418 5734 1449 5786 ι
1472 5734 1530 5799 ;ι
1563 5733 1690 5792 Cor.
1719 5751 1780 5804 tt,
1811 5736 1864 5794 9.

1939 4556 2070 4609 niri.
2103 4555 2361 4611 Vicissim
2394 4574 2494 4629 ego
2526 4560 2791 4624 mortalis,
2829 4570 2882 4615 et
2912 4561 2967 4614 in
3005 4562 3106 4617 hoc
3130 4565 3337 4618 mundo
3372 4579 3497 4634 par-

1937 4662 2037 4703 vus
2067 4657 2230 4718 atque
2262 4650 2522 4720 exiguus,
2554 4652 2694 4705 intra
2731 4668 2820 4707 me
2850 4664 3155 4710 creatorem
3189 4656 3376 4710 mundi
3408 4667 3493 4711 to-

1934 4747 2050 4792 tum
2090 4739 2298 4807 aspicio
2337 4757 2351 4793 :
2387 4751 2441 4796 et
2476 4741 2602 4795 dum
2641 4743 2788 4797 intra
2829 4746 2996 4797 vitam
3032 4760 3174 4811 sum,
3214 4754 3494 4817 totamque

1934 4832 2095 4885 vitam
2123 4833 2266 4885 intra
2303 4850 2387 4889 me
2416 4836 2681 4903 vigentem
2736 4846 2789 4890 et
2817 4837 3098 4892 ﬂorentem
3131 4841 3490 4908 complector,

1936 4939 2022 4978 me
2070 4940 2178 4979 non
2225 4927 2550 4981 moriturum
2582 4929 2716 4982 scio.
2777 4928 2834 4981 In
2873 4929 3038 4983 corde
3068 4945 3185 4985 meo
3211 4943 3315 4996 est,
3350 4946 3399 4986 et
3436 4933 3490 4986 in

1935 5017 2076 5070 coelo
2102 5031 2208 5069 non
2247 5019 2397 5072 deest
2434 5035 2446 5071 :
2489 5019 2580 5072 hic
2617 5028 2669 5073 et
2707 5020 2779 5074 ibi
2813 5034 2842 5072 a
2869 5036 2955 5075 me
2994 5021 3240 5075 cernitur
3267 5024 3492 5089 aequali-

1933 5112 2017 5160 ter
2069 5121 2389 5162 coruscans.
2419 5106 2665 5172 Quonam
2716 5117 2896 5163 autem
2930 5110 3092 5164 niodo
3127 5111 3486 5182 intelligentia

1934 5198 2068 5252 satis
2113 5214 2448 5268 consequar,
2499 5217 2608 5270 quo
2637 5212 2802 5270 pacto
2835 5204 2946 5256 haec
2978 5203 3154 5256 ﬁant?
3208 5212 3300 5256 aut
3347 5221 3487 5274 quo-

1930 5291 2093 5344 modo
2119 5291 2214 5344 tibi
2240 5307 2496 5345 enarrare
2521 5301 2727 5360 potero,
2760 5308 2879 5361 quae
2909 5293 3153 5364 intelligo
3201 5304 3251 5348 et
3284 5294 3486 5350 video?

1929 5381 2070 5435 Sunt
2102 5385 2248 5437 enim
2281 5383 2526 5452 proiecto
2545 5384 2707 5437 eﬁ‘atu
2737 5385 3116 5453 impossibilia,
3147 5393 3200 5439 et
3225 5387 3483 5442 universe

1928 5471 2337 5539 inenarrabilia,
2374 5489 2493 5542 qua:
2519 5474 2712 5530 oculus
2743 5491 2851 5530 non
2883 5475 3033 5538 vidit,
3064 5491 3162 5530 nec
3195 5477 3348 5534 auris
3379 5493 3482 5533 au-

1929 5560 2086 5626 divit,
2122 5571 2176 5616 ct
2210 5563 2264 5617 in
2301 5578 2396 5619 cor
2430 5565 2652 5622 carnale
2704 5579 2815 5622 non
2869 5567 3315 5628 ascenderunt“.
3342 5569 3480 5626 Gra-
