4156 6340
263 393 362 459 529

1297 394 1743 462 DIVINORUM
1780 391 2112 457 AMORUM
2146 396 2402 462 LIBER.

3373 400 3480 466 530

259 527 378 568 esse
420 511 754 582 discipulus,
807 523 861 568 et
913 515 1017 571 sub
1069 515 1236 572 unius
1293 517 1630 571 voluntatem
1678 515 1824 569 arbi-
1851 516 1898 574 A
1928 512 2306 584 indignitatem
2342 516 2524 581 video,
2562 530 2735 586 eaque
2768 515 3205 572 consideratione
3246 526 3481 576 mentem

261 603 536 674 triumque
572 604 800 673 subjici,
837 617 890 660 et
925 606 1087 662 unius
1133 623 1426 680 capessere
1470 608 1647 679 jussa,
1674 617 1727 664 et
1749 608 1820 664 ob

256 696 399 751 hunc
427 711 597 750 unum
648 697 876 754 reddere
931 699 1227 765 rationem,
1272 715 1437 770 quam
1498 701 1740 756 moribus
1767 709 1820 756 et

256 787 636 841 voluntatibus
687 789 892 843 servire
950 790 1212 859 plurium,
1245 805 1546 860 eorumque
1608 800 1818 846 mentes

259 880 516 940 scrutari,
563 879 797 934 consilia
847 884 1170 947 comperire,
1219 886 1462 940 actiones
1529 896 1576 940 et
1614 887 1820 955 cogita-

259 966 435 1021 tiones
469 970 715 1037 penitins
771 971 1388 1043 investigare;quando
1441 983 1494 1032 et
1553 976 1818 1045 judicium

261 1075 341 1114 me
366 1069 572 1127 manet,
599 1072 652 1118 et
685 1080 1059 1133 responsurus
1089 1085 1210 1124 sum
1251 1071 1444 1139 proa‘is
1478 1085 1598 1139 quze
1634 1086 1822 1140 pecca-

259 1162 402 1216 runt,
437 1155 502 1206 ad
537 1171 676 1224 quos
735 1159 1004 1226 regendos
1039 1177 1142 1231 ego
1209 1179 1411 1218 arcano
1463 1167 1689 1220 omnino
1728 1164 1818 1219 Dei

257 1245 488 1298 Consilio
530 1249 738 1305 electus
769 1265 889 1305 sum
919 1254 1093 1308 solus.
1122 1252 1518 1325 Unusquisque
1551 1258 1692 1310 enim
1727 1272 1822 1326 per

257 1349 312 1387 se
354 1335 721 1404 judicabitur,
769 1349 824 1393 et
867 1343 1133 1398 rationem
1191 1348 1352 1414 plene
1411 1347 1603 1403 reddet
1632 1363 1818 1402 eorum

257 1419 373 1492 quas
405 1426 524 1494 ipse
573 1443 669 1482 seu
712 1428 854 1486 bona
919 1447 1014 1487 seu
1049 1436 1190 1490 mala
1226 1437 1479 1504 gesserit.
1532 1440 1640 1491 Pro
1688 1453 1816 1492 uno-

256 1531 470 1584 quoque
503 1529 692 1574 autem
746 1523 900 1578 solus
933 1539 1036 1594 ego
1080 1527 1326 1582 reddam.
1366 1527 1432 1583 Et
1458 1531 1682 1599 quinam
1709 1533 1820 1586 sal-

257 1605 445 1672 vabor,
495 1619 593 1664 aut
663 1617 941 1680 quomodo
981 1617 1417 1674 misericordiam
1487 1623 1816 1692 impetrabo,

258 1708 345 1761 qlll
376 1710 557 1762 neque
585 1713 682 1764 pro
743 1715 852 1753 una
887 1716 1004 1757 mea
1054 1714 1108 1757 et
1147 1705 1346 1760 misera
1377 1707 1559 1761 anima
1594 1724 1818 1778 possum

259 1785 421 1838 ullum
455 1801 596 1856 opus
626 1789 738 1844 ullo
773 1793 936 1846 modo
963 1794 1028 1863 ad
1054 1796 1283 1851 salutem
1319 1809 1600 1867 peractum
1633 1813 1820 1858 osten-

258 1877 398 1943 dere,
429 1894 526 1948 per
555 1883 702 1948 quod
737 1885 891 1956 ignes
933 1895 1169 1943 aeternos
1195 1890 1465 1946 evadam?
1501 1894 1629 1958 Sed,
1658 1910 1689 1948 o
1725 1885 1818 1950 he-

258 1969 415 2038 nigne
455 1969 729 2037 Salvator,
758 1977 1080 2033 misericors
1110 1986 1166 2032 et
1193 1980 1484 2037 miscrator
1523 2001 1537 2038 :
1570 1985 1700 2038 mibi
1728 1987 1822 2041 ub-

254 2060 400 2129 jecto
429 2061 674 2119 divinam
725 2067 928 2138 largire
967 2070 1252 2138 virtutem,
1305 2085 1364 2126 ut
1403 2089 1543 2144 quos
1573 2075 1626 2129 in
1664 2075 1819 2130 fidem

259 2167 430 2207 meam
481 2156 757 2212 tradidisti
811 2160 1034 2224 fratres,
1085 2177 1180 2219 eos
1248 2181 1432 2237 regam
1475 2169 1646 2223 verbo
1697 2183 1819 2223 cum

257 2241 562 2309 prudentia,
599 2258 760 2318 atque
801 2250 866 2304 ad
900 2267 1102 2320 pascua
1138 2255 1315 2324 legum
1369 2268 1583 2314 tuarum
1615 2262 1824 2315 divina-

259 2346 369 2386 rum
405 2336 694 2404 deducam,
736 2348 789 2394 et
835 2340 888 2394 in
924 2345 1236 2401 mansiones
1261 2348 1503 2406 cu-lestis
1555 2355 1707 2420 regni
1738 2369 1825 2408 re-

258 2426 477 2480 utituam
541 2431 744 2493 salvos,
799 2431 1025 2499 illaesos,
1077 2439 1340 2493 virtutum
1415 2444 1821 2512 pulchritudine

259 2517 592 2584 splendidos.
630 2521 825 2591 dignos
858 2525 1180 2581 adoratores
1211 2529 1275 2583 ad
1309 2534 1551 2587 terribile
1583 2536 1822 2591 tribunal

264 2612 435 2660 tuum.
491 2609 556 2662 Et
618 2626 704 2666 me
750 2629 968 2684 quoque
1000 2617 1282 2689 indignum
1315 2637 1346 2675 e
1379 2625 1579 2677 mundo
1611 2641 1825 2682 assum-

265 2706 433 2765 ptum,
473 2704 691 2757 tametsi
733 2705 924 2762 multis
973 2719 1323 2777 peccatorum
1361 2717 1509 2770 notis
1553 2717 1820 2783 inustum,

263 2797 438 2842 tamen
465 2794 837 2859 sacerdotem,
871 2807 924 2851 et
954 2799 1204 2854 inutilem
1251 2818 1473 2859 servum
1507 2813 1685 2871 tuum,
1714 2826 1824 2879 quo

260 2882 394 2934 nosti
443 2883 678 2950 judtcio,
753 2888 944 2944 choris
981 2893 1286 2948 electorum
1360 2913 1486 2951 cum
1536 2900 1823 2970 discipulis

263 2973 392 3026 meis
418 2977 719 3034 adnumera
749 2997 762 3045 ;
803 2997 860 3036 ut
888 2985 1050 3038 simul
1087 3001 1278 3043 omnes
1310 2989 1538 3058 gloriam
1571 3001 1713 3045 tuam
1741 2993 1825 3047 di-

264 3064 441 3118 vinam
477 3068 784 3138 videamus,
813 3083 866 3128 et
898 3077 1057 3132 bonis
1087 3081 1194 3133 tuis
1227 3080 1600 3140 ineffabilibus
1633 3085 1822 3140 oblec—

1922 607 2212 674 perculsus
2259 609 2531 672 exclamo,
2565 607 2702 675 Quis
2749 610 2915 680 igitur
2954 624 3054 679 ego
3084 625 3228 674 sum,
3254 624 3287 663 o
3320 610 3482 675 Deus,

1923 709 1978 755 et
2005 709 2199 755 auctor
2223 701 2521 756 omnium?
2550 712 2602 756 et
2644 703 2775 766 quid
2802 703 3022 758 tandem
3061 699 3162 760 feci
3211 695 3486 761 laudabile

1923 794 1980 846 in
2009 795 2120 846 vita
2163 805 2310 857 mea;
2349 800 2446 846 aut
2495 792 2772 861 quodnam
2805 793 3117 846 mandatum
3145 802 3298 848 tuum
3331 810 3485 864 coin-

1924 883 2091 953 plevi,
2116 881 2260 952 quod
2293 882 2386 936 tali
2415 882 2591 953 gloria
2641 897 2725 938 me
2757 881 3146 952 despicaoilem
3173 884 3488 954 glorificas?

1925 971 1992 1027 Et
2025 972 2194 1036 unde,
2223 981 2279 1028 et
2309 987 2416 1043 qua
2474 974 2540 1028 de
2567 988 2732 1028 causa
2763 974 3023 1028 miserum
3056 989 3140 1028 me
3162 975 3248 1030 die
3280 986 3483 1030 noctu-

1925 1081 2032 1135 que
2058 1065 2152 1120 tali
2203 1065 2325 1120 luce
2373 1064 2821 1122 circumfundare
2881 1067 3137 1136 dignatus
3171 1069 3272 1124 es?
3301 1069 3485 1141 Egone

1925 1157 2221 1226 aliquando
2253 1160 2448 1214 sitiens
2472 1155 2701 1223 quaesivi
2737 1166 2810 1223 te,
2843 1158 2954 1213 Rex
2991 1175 3166 1227 meus,
3198 1175 3371 1231 egone
3405 1161 3485 1216 la-

1925 1249 2156 1303 boribus
2190 1249 2582 1304 mandatorum
2631 1259 2848 1303 tuorum
2889 1251 3217 1324 defatigatus
3249 1260 3304 1307 et
3340 1251 3483 1306 affli-

1925 1346 2048 1392 ctus
2083 1338 2244 1392 sum?
2291 1353 2463 1407 egone
2523 1344 2857 1393 tentationes
2902 1347 2955 1393 et
3005 1338 3215 1409 flagella
3260 1337 3484 1406 pertuli,

1925 1429 2203 1497 quomodo
2253 1443 2446 1482 onmes
2481 1430 2652 1484 sancti
2693 1441 2811 1499 post
2839 1430 3122 1484 nominum
3160 1432 3482 1486 memoriam

1926 1518 2041 1573 luec
2076 1519 2345 1588 patienter
2405 1521 2666 1583 tulerunt,
2698 1529 2757 1575 ut
2788 1538 2869 1577 me
2902 1522 3010 1577 illis
3069 1521 3485 1578 adnumeratum

1925 1612 2138 1666 salvum
2170 1627 2292 1666 esse
2324 1613 2504 1668 velis?
2549 1613 2872 1682 Quanquam
2940 1614 3172 1669 mirifice
3213 1616 3486 1669 humanus

1925 1715 1989 1755 ac
2051 1701 2318 1772 benignus
2373 1718 2453 1764 es,
2485 1712 2540 1756 ut
2571 1719 2768 1772 parens
2833 1712 2888 1757 et
2934 1701 3190 1758 conditor
3221 1707 3485 1768 omnium,

1924 1793 2086 1847 audio
2126 1802 2306 1847 tamen
2331 1792 2592 1848 Jacohum
2634 1793 2914 1849 dicentem
2944 1795 3006 1863 ",
3042 1804 3318 1850 mortuam
3359 1812 3484 1851 esse

1925 1881 2087 1935 fidem
2149 1884 2269 1937 sine
2325 1883 2607 1952 operibus,
2667 1881 2979 1954 horreoque
3029 1885 3323 1954 supplicia,
3385 1901 3485 1954 pro

1926 1967 2220 2026 certo'illic
2256 1973 2417 2027 vilem
2449 1975 2884 2028 homuncionem
2914 1991 2999 2030 me
3033 1979 3331 2030 manentia.
3365 1976 3485 2041 Quo

1927 2072 2086 2131 pacto
2121 2065 2287 2133 igitur
2313 2066 2582 2118 conlidam
2634 2080 2756 2135 ego,
2789 2065 3035 2132 Domine,
3064 2082 3148 2122 me
3173 2076 3232 2121 ut
3271 2067 3482 2122 fidelem

1926 2155 1991 2207 ad
2024 2155 2239 2209 illorum
2279 2171 2566 2211 numerum
2601 2165 2951 2227 aggregalum
2993 2157 3084 2221 iri,
3114 2160 3206 2228 qui
3255 2159 3486 2214 antehac

1926 2243 2022 2299 tibi
2051 2246 2378 2310 servierunt,
2438 2261 2562 2300 cum
2601 2248 2714 2315 ipse
2767 2260 2865 2299 nec
2917 2262 3082 2300 unum
3114 2247 3181 2300 de
3213 2244 3485 2300 mandatis

1923 2335 2034 2391 tuis
2068 2339 2402 2391 servaverim
2433 2338 2456 2390 ἲ
2487 2337 2687 2391 Verum
2722 2339 2847 2392 novi
2882 2347 2933 2390 te
2967 2353 3127 2405 posse
3158 2339 3362 2401 omnia,
3401 2335 3485 2389 fa-

1924 2429 2005 2484 cis
2031 2430 2216 2483 omnia
2246 2437 2304 2482 ut
2353 2429 2454 2491 vis,
2496 2440 2548 2483 et
2599 2429 2888 2499 postremis
2937 2429 3034 2483 das
3075 2435 3137 2482 ut
3176 2427 3388 2497 primis,
3433 2436 3487 2483 ct

1925 2519 2072 2590 quod
2131 2520 2329 2572 mirum
2381 2529 2466 2573 est
2523 2520 2702 2584 valde,
2747 2521 3048 2588 primorum
3081 2519 3339 2574 extremis
3373 2520 3485 2590 pri-

1927 2626 2073 2663 mum
2113 2609 2232 2664 das.
2262 2608 2387 2665 Haec
2411 2625 2534 2664 cum
2573 2609 2672 2663 tibi
2731 2609 2874 2674 dico,
2918 2611 3040 2672 tibi,
3081 2611 3324 2679 inquam,
3352 2625 3484 2664 con-

1927 2702 2091 2756 ditori
2123 2702 2288 2770 hujus
2323 2701 2534 2766 mundi,
2565 2701 2719 2769 prius
2747 2715 2914 2770 supra
2951 2701 3258 2770 apparenti,
3283 2711 3336 2755 ct
3365 2715 3488 2753 rur-

1925 2809 2042 2847 sum
2081 2802 2131 2847 te
2155 2794 2480 2857 occultanti,
2518 2809 2582 2846 ac
2625 2801 2812 2862 postea
2846 2809 2929 2846 me
2967 2803 3137 2847 totum
3175 2794 3342 2848 radiis
3377 2794 3488 2846 cir-

1924 2884 2224 2948 cumdanti,
2252 2892 2475 2953 repente
2514 2895 2564 2938 te
2597 2893 2768 2938 totum
2817 2886 2870 2937 in
2900 2899 2983 2937 me
3011 2885 3284 2953 perspicio
3317 2885 3486 2938 exsti-

1927 2975 2082 3038 tisse,
2113 2975 2203 3044 qui
2235 2982 2359 3029 ante
2385 2989 2551 3044 supra
2580 2974 2880 3038 videbaris.
2911 2985 2964 3029 et
3000 2986 3048 3030 te
3080 2979 3273 3030 iterum
3303 2976 3486 3032 occul-

1928 3077 2158 3130 taveras,
2188 3068 2431 3123 sicutsol
2471 3075 2651 3122 tectus
2683 3069 2921 3122 nubibus
2960 3069 3299 3123 tenuioribus
3352 3084 3486 3123 con-

264 3159 460 3210 ῑνῐιιητ.
522 3159 602 3214 Tu
639 3164 784 3217 enim
836 3181 895 3221 es
945 3169 1220 3236 voluptas,
1263 3172 1491 3238 delicia,
1545 3175 1713 3234 decus
1739 3193 1824 3232 ετ,
1850 3181 1892 3237 c
1929 3159 2226 3228 tractisque
2257 3159 2447 3214 radiis.
2483 3157 2952 3224 Quemadmodum
2982 3161 3071 3214 ille
3102 3172 3213 3214 tum
3242 3163 3483 3230 aspectui

263 3245 448 3304 denter
482 3258 533 3307 te
566 3257 897 3322 amantium,
931 3259 985 3312 in
1026 3263 1356 3330 sempiterna
1391 3265 1609 3320 saecula.

849 3411 1075 3468 CAPUT
1118 3414 1236 3468 XV.

276 3524 716 3597 Videnagiforiam
749 3524 861 3587 Dei,
892 3543 1051 3595 quant
1079 3530 1133 3581 in
1167 3545 1223 3582 se
1250 3531 1612 3597 operationem
1644 3550 1822 3588 sense-

332 3594 419 3645 rit.
460 3595 796 3648 Dirinitatem
827 3594 937 3649 esse
968 3599 1022 3650 in
1050 3601 1214 3660 omni,
1257 3594 1346 3653 seu
1378 3602 1642 3663 unirerso,
1677 3619 1821 3655 com-

327 3663 673 3740 urehegrdique
703 3673 750 3716 et
771 3681 872 3740 non
899 3669 1280 3740 comprehendi
1299 3672 1362 3721 ab
1394 3671 1473 3722 his
1503 3673 1592 3740 qui
1621 3689 1824 3726 meren-

333 3743 435 3784 tur.
465 3736 570 3786 Nos
597 3749 710 3787 esse
751 3735 967 3788 danaum
1017 3738 1207 3790 David.
1242 3735 1599 3793 Christum'iu
1639 3743 1822 3796 multis

337 3805 578 3881 pronioris
621 3807 814 3858 nostris
859 3809 1160 3876 cognitum,
1195 3811 1434 3862 eumdem
1476 3825 1637 3864 unum
1668 3822 1822 3881 atque

333 3872 612 3926 indirisum
643 3890 776 3926 esse.

331 3979 462 4035 Dum
495 3991 547 4036 te
585 3986 820 4048 revelas,
857 3985 1081 4041 Domine
1114 3987 1524 4057 universorum,
1559 4000 1612 4045 et
1637 3994 1822 4050 vultus

262 4071 336 4124 tui
362 4074 592 4142 gloriam
645 4076 996 4131 manifestius
1027 4078 1401 4144 demonstras,
1438 4090 1583 4136 totus
1623 4091 1818 4146 tremo,

260 4169 312 4216 te
345 4179 577 4231 superne
620 4167 919 4236 aspiciens,
952 4176 1218 4236 quantmn
1266 4183 1366 4239 pro
1413 4170 1605 4224 humili
1642 4182 1695 4226 ct
1728 4175 1826 4228 ab-

257 4255 398 4324 jeCta
441 4268 636 4311 natura
693 4275 811 4314 mea
863 4275 1110 4328 possum,
1145 4271 1196 4315 et
1234 4262 1432 4316 timore
1488 4277 1550 4317 ac
1599 4273 1822 4333 stupore

263 4359 551 4418 correptus
597 4351 744 4412 dico,
801 4354 1076 4420 Superant
1132 4362 1350 4420 captum
1404 4369 1586 4408 meum
1638 4359 1818 4411 omnia

262 4447 374 4504 tua,
417 4441 558 4495 Deus
614 4457 790 4497 meus.
827 4442 958 4496 Sum
1001 4444 1148 4498 enim
1207 4445 1542 4510 immundus,
1573 4455 1628 4500 et
1675 4447 1819 4500 indi-

1926 3258 2094 3319 patet,
2132 3263 2183 3303 et
2223 3261 2353 3304 tunc
2395 3251 2588 3306 melius
2630 3253 2874 3306 cernitur
2909 3252 2976 3305 ab
3013 3253 3324 3308 hominibus
3357 3275 3369 3306 :
3405 3255 3484 3308 sic

1924 3354 1978 3397 et
2010 3351 2067 3396 tu
2100 3343 2234 3397 mihi
2264 3343 2600 3401 accessibilis
2638 3360 2719 3410 es,
2751 3345 2926 3400 latens
2960 3346 3099 3399 intra
3142 3361 3248 3410 me,
3284 3347 3483 3418 alioqui

1927 3439 2269 3499 inaccessus,
2321 3437 2497 3490 oculis
2551 3437 2721 3500 meis,
2779 3453 2918 3506 quos
2977 3437 3281 3492 intellectus
3337 3438 3488 3494 novit

1925 3535 2280 3597 conSpectus,
2313 3535 2371 3580 ut
2409 3527 2540 3591 scis,
2582 3529 2844 3598 paulatim
2881 3543 3160 3595 crescens,
3197 3529 3484 3598 majorem-

1925 3632 2031 3688 que
2067 3617 2241 3672 lucem
2299 3616 2632 3681 diffundens,
2665 3625 2719 3672 et
2755 3619 2989 3687 amplius
3020 3634 3341 3674 coruscans.
3376 3621 3487 3674 Ali-

1924 3709 2146 3777 quando
2197 3708 2395 3762 iterum
2447 3708 2579 3762 tnihi
2624 3710 2941 3764 inaccessus
2993 3725 3075 3764 es.
3123 3709 3302 3776 Quare
3346 3711 3483 3780 quod

1924 3799 2313 3868 comprehendi
2340 3815 2446 3852 non
2476 3812 2652 3868 potes,
2688 3799 2811 3855 ideo
2841 3813 2891 3854 te
2925 3803 3165 3866 celebro,
3202 3812 3252 3856 et
3275 3804 3486 3873 magnis

1926 3888 2153 3943 vocibus
2186 3888 2482 3943 bonitatem
2528 3897 2677 3944 tuam
2705 3892 2961 3960 praedico,
2996 3903 3354 3961 naturamque
3394 3909 3489 3947 no-

1932 3985 2102 4032 stram
2139 3977 2538 4048 glorificantcm
2571 3980 2838 4049 gloritlco.

1997 4067 2226 4132 Gloria,
2282 4084 2315 4122 ο
2378 4069 2653 4135 Verbum,
2711 4071 2990 4127 immensa
3037 4074 3485 4131 condescensioni

1927 4167 2053 4215 ture.
2115 4159 2297 4214 Gloria
2349 4163 2737 4216 misericordize
2802 4171 2928 4216 tuae.
2987 4161 3172 4218 Gloria
3205 4168 3480 4234 potentiae.

1925 4253 2107 4308 Gloria
2169 4254 2304 4318 tibi,
2365 4255 2621 4324 quoniam
2699 4257 3055 4310 immutabilis
3091 4300 3104 4322 ,
3184 4267 3343 4326 atque
3403 4259 3487 4311 in-

1926 4345 2207 4401 variabilis
2284 4363 2560 4412 manens,
2615 4357 2762 4402 totus
2839 4365 2896 4404 cs
2963 4350 3296 4414 immobilis,
3362 4365 3485 4403 cum

1926 4454 2142 4506 semper
2193 4442 2487 4506 movearis,
2529 4449 2676 4493 totus
2707 4451 2860 4494 extra
2895 4451 3199 4494 creaturam
3256 4450 3307 4496 et
3339 4451 3485 4495 totus

260 4546 397 4598 gnus
423 4535 652 4588 omnino
688 4534 887 4587 intueri
922 4544 992 4597 te,
1021 4550 1215 4601 pnrmn
1258 4546 1312 4588 et
1351 4545 1602 4590 sanctum
1636 4538 1820 4591 Domi-

1928 4530 1982 4582 in
2035 4539 2327 4590 creatura,
2372 4539 2520 4583 totus
2559 4530 2750 4598 imples
2801 4531 2980 4582 omnia
3020 4541 3073 4583 et
3131 4538 3273 4584 totus
3329 4540 3484 4582 extra

263 4639 412 4686 num,
450 4639 610 4692 quem
656 4634 975 4678 reverentur
999 4626 1197 4695 angeli,
1223 4635 1276 4680 et
1307 4628 1394 4680 cui
1430 4643 1554 4681 cmn
1589 4635 1824 4684 tremore

265 4713 615 4778 ministrant;
662 4715 818 4783 cujus
875 4731 902 4768 a
957 4716 1095 4771 facie
1129 4721 1467 4783 concutitur,
1519 4729 1570 4773 et
1609 4731 1824 4776 contre-

264 4806 438 4858 miscit
483 4810 661 4860 omnis
693 4816 963 4862 creatura.
995 4808 1132 4864 Cum
1161 4810 1275 4863 hare
1300 4810 1433 4872 dixi,
1466 4811 1663 4864 claudo
1694 4826 1825 4866 ocu-

265 4897 367 4960 los,
403 4899 502 4952 hoc
535 4907 640 4960 est,
697 4901 762 4951 ad
814 4898 1026 4952 inferna
1073 4911 1264 4955 averto
1323 4911 1558 4955 mentem
1624 4917 1822 4966 meam,

261 4988 387 5056 quia
420 4991 602 5045 videre
630 5006 694 5046 ac
725 4993 1038 5060 perspicere
1079 4990 1307 5047 Deitatis
1345 5003 1447 5047 tuae
1480 4995 1819 5062 majestatcm

267 5095 368 5132 non
404 5085 670 5136 Sustinet).
707 5083 773 5136 Et
831 5092 941 5136 tum
975 5084 1266 5148 lamentor,
1303 5085 1527 5138 orbatus
1570 5085 1821 5154 pulchri-

264 5172 454 5225 tudine
493 5183 608 5236 tua,
644 5188 742 5228 nec
772 5174 888 5228 fero
937 5176 1178 5243 separari
1212 5177 1310 5229 abs
1355 5185 1428 5239 te,
1455 5177 1545 5243 qui
1581 5180 1732 5230 solus
1760 5193 1818 5231 es

263 5261 551 5332 benignus.
589 5263 664 5316 Tu
695 5278 822 5317 vero
844 5265 923 5318 sic
958 5267 1367 5329 lamentantem,
1403 5274 1454 5320 et
1491 5268 1816 5334 plorantem,

261 5363 454 5414 totum,
490 5358 672 5424 papae!
703 5357 1119 5427 circunifulges,
1147 5365 1202 5412 et
1232 5360 1562 5427 obstupefio,
1595 5368 1648 5413 et
1684 5363 1816 5414 ube-

260 5450 376 5500 rius
427 5445 603 5502 fluunt
667 5448 804 5501 mihi
882 5448 1152 5517 lacrymze,
1196 5450 1322 5503 dum
1381 5451 1816 5505 misericordiam

261 5547 407 5590 tuam
443 5553 567 5606 erga
611 5554 696 5592 me
752 5539 1026 5608 perditum
1086 5542 1350 5595 admiror.
1393 5541 1528 5595 Tum
1568 5545 1817 5612 corporis

260 5632 362 5684 mei
400 5633 627 5686 multam
668 5631 990 5697 fmditatem,
1020 5643 1071 5686 ct
1101 5632 1429 5689 miserabilis
1454 5634 1648 5689 animae
1680 5648 1809 5687 mete

338 5813 376 5849 '9
407 5809 520 5862 Jac.
554 5827 615 5875 tt,
639 5810 730 5862 ‘20.

1923 4621 2128 4674 omnia.
2184 4620 2358 4687 Super
2400 4622 2584 4674 omnia
2643 4638 2702 4674 es
2737 4661 2750 4685 ,
2807 4620 3055 4685 Domine,
3112 4637 3276 4689 super
3327 4637 3487 4674 onme

1924 4711 2273 4780 principium,
2295 4727 2457 4780 super
2477 4727 2691 4764 onmem
2717 4712 3031 4771 essentiam,
3057 4727 3216 4777 super
3239 4721 3484 4765 naturam

1925 4811 2153 4864 natm-aa,
2219 4819 2382 4870 super
2409 4804 2592 4856 omnia
2626 4803 2841 4857 saecula.
2874 4817 3039 4869 super
3070 4816 3229 4854 omne
3280 4802 3484 4868 lumen,

1927 4910 2093 4960 super
2141 4894 2513 4962 intelligentes
2563 4893 2848 4946 beatarum
2913 4893 3175 4944 tuentium
3219 4905 3484 4946 naturas:

1927 5001 2054 5039 nam
2084 4995 2140 5039 et
2173 4986 2278 5039 illa:
2308 4997 2482 5044 tuum,
2511 4986 2592 5038 vcl
2622 4987 2800 5052 potius
2830 4985 3178 5053 cogitationis
3204 4993 3308 5037 tuae
3349 4999 3486 5053 opus

1932 5087 2080 5132 sunt.
2112 5077 2192 5130 Tu
2224 5079 2365 5129 enim
2402 5075 2533 5128 nihil
2563 5091 2620 5129 es
2653 5076 2918 5138 omnium,
2955 5081 3007 5126 et
3037 5073 3286 5142 superior
3310 5073 3486 5124 eruni-

1934 5169 2054 5222 bus.
2083 5167 2215 5220 Nam
2271 5168 2601 5220 exstantium
2636 5179 2800 5217 causa
2839 5180 2916 5225 es,
2969 5171 3026 5216 ut
3070 5163 3311 5215 omnium
3360 5177 3487 5228 pro-

1930 5267 2168 5321 creator,
2213 5267 2270 5313 et
2312 5258 2516 5310 idcirco
2567 5263 2851 5323 Separatus
2883 5269 2960 5314 es,
2991 5269 3050 5305 ac
3075 5253 3245 5306 distas
3273 5252 3338 5304 ab
3367 5254 3489 5303 uni~

1927 5355 2203 5417 vcrsis,et
2235 5367 2398 5421 supra
2437 5350 2620 5402 omnia
2662 5363 2782 5417 qua:
2831 5356 2961 5400 sunt
3011 5345 3254 5399 eminere
3286 5345 3484 5396 inte-lli.

1931 5446 2091 5514 geris,
2126 5445 2403 5497 oculorum
2433 5443 2682 5494 obtutum
2724 5438 3012 5508 effugiens,
3035 5438 3368 5494 inacccssus,
3406 5437 3487 5487 iu-

1935 5535 2382 5604 :omprchcnsus,
2438 5531 2719 5594 iutactilis,
2777 5531 2917 5582 hami
2974 5529 3354 5596 intclligibilis.
3391 5527 3463 5578 im

1933 5625 2229 5686 mutabilis,
2271 5634 2417 5676 totus
2470 5621 2718 5690 simplex,
2749 5629 2803 5673 ct
2857 5632 3032 5673 tamen
3072 5627 3216 5672 totus
3278 5616 3461 5669 ratius
