4156 6340
237 389 342 449 533

1280 385 1714 446 DlVl‘NORUM
1755 386 2076 446 AMORUM
2109 387 2358 447 LIBER.

3311 385 3416 452 534

236 508 418 553 autem
457 498 591 552 citra
634 513 1088 568 comparationem
1154 498 1336 562 distat,
1403 507 1458 550 ut
1512 499 1556 553 si
1623 499 1984 567 superAsed
2061 502 2195 555 caelo
2266 515 2482 571 quoque
2568 506 2621 555 et
2691 503 2929 557 omnium
3005 515 3125 570 quae
3195 501 3246 554 in
3277 504 3428 557 metis

234 589 579 643 altitudinem
613 591 755 654 εαξη,
787 588 1037 643 autinfra
1058 588 1379 656 profundum
1408 588 1585 658 abyssi
1614 591 1783 642 esset!

235 681 302 734 Et
347 683 624 750 quisnam,
677 693 770 737 aut
824 699 932 752 quo
1003 695 1156 750 pacto
1209 683 1262 735 in
1325 683 1522 735 coelum
1573 681 1785 734 tandem

238 775 545 828 ascendet?
586 787 677 828 aut
736 776 1003 844 quomodo
1045 775 1144 827 sub
1200 782 1394 828 terram
1431 773 1788 838 descendens,

237 865 578 917 Scrutabitur
610 864 882 931 abyssos?
932 873 986 917 et
1037 865 1404 934 margaritam,
1464 872 1519 917 ut
1560 879 1786 930 granum

236 953 418 1018 sinapi
458 954 834 1021 parvissimum
861 955 1186 1022 evquirens,
1220 955 1489 1021 quomodo
1547 955 1790 1009 invenire

238 1043 484 1108 poterit?
506 1043 631 1106 Sed,
655 1059 687 1096 ο
715 1044 826 1103 ﬁlii.
853 1046 1275 1112 congregamini,
1300 1058 1332 1097 ο
1365 1051 1560 1103 matres
1586 1044 1786 1108 adeste,

240 1144 273 1183 ο
330 1144 517 1197 patres
569 1133 880 1200 prarvenite,
938 1141 1223 1199 antequam
1279 1148 1424 1187 mors
1475 1134 1784 1201 prmveniat,

240 1237 571 1288 mecumque
601 1222 994 1284 latnentamini,
1031 1232 1081 1276 et
1143 1224 1346 1290 plurale
1397 1238 1607 1289 omnes,
1647 1225 1786 1292 quod

239 1324 366 1363 etim
415 1312 622 1379 parvuli
682 1314 735 1365 in
795 1305 1110 1379 baptismate
1171 1311 1334 1365 Deum
1401 1316 1786 1383 acceperimus,

239 1400 327 1452 vel
373 1402 552 1467 potius
607 1401 841 1455 infantes
907 1402 1001 1455 filii
1067 1403 1159 1456 Dei
1225 1403 1349 1456 facti
1410 1403 1604 1466 simus,
1666 1419 1788 1456 cum

238 1503 647 1556 peccassemus,
716 1506 840 1545 mox
906 1500 1058 1545 extra
1117 1491 1335 1544 domum
1421 1491 1583 1544 David
1637 1492 1789 1559 eiecti

238 1577 440 1639 simus,
480 1593 652 1647 neque
707 1579 760 1632 id
818 1582 1172 1645 senserimus,
1246 1589 1299 1634 ct
1363 1595 1644 1636 curramus
1700 1597 1793 1651 per

239 1669 670 1735 paenitentiam;
731 1685 826 1739 per
871 1686 989 1725 eam
1049 1671 1246 1740 quippe
1297 1675 1446 1739 e]ecti
1501 1688 1690 1727 omnes
1712 1689 1794 1726 re-

241 1758 574 1823 grediuntur
621 1778 633 1812 :
670 1762 828 1814 aliter
879 1760 1089 1829 regredi
1143 1776 1249 1815 non
1283 1762 1424 1826 licet,
1469 1777 1534 1815 ne
1580 1765 1790 1828 erretis,

245 1861 350 1904 nec
416 1851 625 1916 videre,
659 1867 776 1920 qua:
822 1853 873 1904 in
906 1868 966 1906 ea
1022 1851 1258 1918 perfecta
1316 1861 1460 1912 sunt.
1506 1853 1796 1920 perficiun-

245 1940 525 2006 turquein
600 1942 793 1994 sarcula
845 1940 1262 1995 innumerabilia
1336 1943 1388 1994 in
1443 1941 1662 1996 Christo
1693 1943 1799 1996 Deo

241 2045 391 2092 meo,
442 2044 598 2096 quem
632 2030 982 2084 decetomnis
1041 2032 1232 2100 gloria.
1268 2032 1458 2096 honor,
1483 2033 1797 2086 adoratioiu

244 2119 662 2189 sempiternum.

837 2229 1058 2283 CAPUT
1097 2229 1233 2283 XVI.

247 2339 547 2393 Secundum
621 2352 863 2394 naturam
923 2341 1081 2393 Deum
1134 2340 1300 2392 solum
1377 2341 1674 2399 amabilem,
1742 2357 1803 2392 nc

321 2410 714 2461 desiderabilem
743 2426 850 2462 esse
879 2427 897 2474 ;
942 2411 1088 2476 cujus
1121 2411 1206 2471 qui
1237 2411 1404 2474 [actus
1428 2408 1492 2460 .‘ll
1523 2414 1798 2476 particeps,

319 2494 436 2531 eum
465 2481 709 2530 bonorum
731 2482 1082 2530 universorum
1120 2478 1316 2544 factum
1335 2495 1444 2530 esse
1470 2480 1798 2547 participem.

324 2589 370 2644 Ο
405 2606 524 2658 qum
573 2605 660 2643 res
692 2590 794 2643 ista
845 2598 949 2641 tarn
983 2587 1302 2640 venerabifis
1329 2593 1472 2641 omni
1506 2591 1802 2643 creaturae?

249 2681 398 2750 quod
446 2680 548 2733 hoc
587 2681 687 2733 sub
716 2680 1122 2747 intelligentiam
1165 2681 1361 2733 cadens
1393 2681 1596 2742 lumen,
1661 2681 1801 2747 quod

250 2772 473 2826 videtur
528 2774 594 2824 ab
644 2771 952 2823 omnibus?
997 2785 1112 2834 quae
1166 2771 1280 2824 istic
1341 2779 1500 2823 tanta:
1583 2772 1800 2833 divitiae,

248 2878 388 2931 quas
433 2861 656 2915 omnino
740 2861 1046 2914 mortalium
1117 2862 1299 2915 nullus
1377 2861 1621 2914 invenire
1711 2871 1803 2914 aut

248 2954 534 3019 possidere
564 2952 778 3018 potuit?
839 2959 963 3004 sunt
1022 2952 1161 3004 enim
1204 2952 1451 3006 omnibus
1494 2953 1799 3018 ineompre-

253 3043 577 3103 hensibiles,
623 3053 674 3094 ct
705 3057 731 3094 a
761 3043 963 3095 mundo
995 3042 1111 3110 capi
1144 3051 1451 3109 nequeunt;
1487 3052 1611 3095 sunt
1645 3057 1805 3108 super

251 3133 441 3185 orbem
503 3142 770 3185 terrarum
819 3132 1325 3194 desideratissimzr;
1362 3141 1487 3184 sunt
1519 3130 1800 3197 optabiles,

247 3229 513 3289 quantum
552 3223 712 3275 rebus
766 3222 1185 3288 aspectabilibus
1238 3236 1420 3273 earum
1491 3230 1801 3288 procreator

248 3313 552 3367 antecellit.
598 3313 772 3380 Atque
824 3312 943 3366 ideo
1011 3311 1126 3379 ejus
1182 3312 1452 3364 charitate
1517 3312 1797 3363 vulneror.

248 3406 534 3472 Quatenus
567 3413 746 3458 autem
805 3419 925 3456 eum
961 3419 1064 3469 non
1121 3403 1293 3468 capio,
1349 3409 1533 3455 mente
1559 3417 1815 3454 maceror

250 3507 305 3549 et
338 3498 580 3556 tabesco,
613 3503 660 3548 ct
735 3494 944 3547 ardenti
1010 3493 1169 3546 corde
1236 3492 1551 3557 ingemisco,
1598 3500 1650 3545 et
1715 3486 1801 3546 hic

246 3585 362 3638 illic
387 3583 743 3638 obambulans
769 3598 830 3636 ac
849 3583 1173 3636 circumiens
1205 3582 1568 3634 inﬂammatus
1597 3596 1798 3650 quaero,

247 3691 353 3728 nec
403 3675 614 3742 uspiam
695 3674 908 3726 invenio
960 3688 1116 3740 quem
1191 3672 1362 3738 diligit
1428 3672 1604 3724 anima
1659 3686 1798 3723 mea.

242 3766 640 3833 Circumspicio
676 3765 941 3826 crebrius,
980 3763 1026 3817 si
1081 3762 1277 3830 possim
1312 3762 1491 3815 videre
1525 3776 1683 3828 quem
1711 3762 1804 3814 de-

244 3856 454 3908 sidero.
514 3854 581 3906 At
627 3856 714 3908 ille
786 3854 937 3921 quasi
984 3853 1407 3920 inaSpectabilis,
1450 3852 1665 3919 penitus
1693 3866 1798 3903 non

244 3954 495 4013 apparet.
552 3945 684 3997 Cum
742 3955 919 3996 autem
1006 3958 1223 4010 coepero
1289 3942 1567 3995 lamentari
1645 3942 1798 4008 quasi

244 4036 725 4103 desperabundus,
765 4043 894 4086 tunc
943 4048 1001 4086 se
1058 4033 1186 4084 mihi
1221 4033 1506 4085 videndum
1541 4031 1719 4096 offert,
1749 4045 1800 4084 et

241 4128 490 4180 intuetur
523 4141 602 4177 me
651 4125 739 4191 qui
781 4124 1024 4175 intuetur
1081 4123 1285 4175 omnia.
1341 4122 1611 4183 Admiror,
1643 4131 1695 4174 et
1723 4122 1801 4172 in-

240 4217 388 4286 signi
427 4215 829 4279 pulchritudine
878 4215 1241 4280 obstupesco;
1285 4221 1335 4264 et
1363 4212 1630 4279 quomodo
1664 4212 1800 4263 coelo

241 4315 439 4373 aperto
497 4302 834 4369 prospexerit
886 4301 1010 4353 inde
1075 4301 1350 4363 Conditor,
1412 4299 1649 4365 mihique
1682 4299 1795 4367 glo-

240 4397 382 4451 riam
425 4409 617 4447 novam
665 4406 714 4447 et
772 4392 1188 4446 incnarrahilem
1250 4392 1651 4443 demonstrarit.
1738 4391 1799 4444 Et

1891 603 2036 654 sunt,
2112 591 2349 645 omnium
2407 590 2662 661 Opilicem
2745 607 2952 645 mecum
3019 591 3425 660 babens,que-n

1890 685 2045 738 decet
2105 685 2294 754 gloria,
2369 693 2423 740 et
2510 686 2685 739 honos
2757 700 2902 739 nunc
2983 694 3036 739 et
3100 685 3153 739 in
3209 684 3428 739 saecula.

1889 777 2083 830 Anton.

2443 865 2668 920 CAPUT
2716 865 2878 920 XVII.

1892 979 2148 1032 Timorem
2183 995 2426 1047 generare
2475 979 2800 1040 charitalem,
2857 988 2906 1031 et
2960 979 3106 1031 illaut
3162 979 3431 1032 eradicare

1960 1046 2193 1100 timorem
2222 1065 2285 1100 ea:
2314 1049 2511 1108 anima,
2557 1064 2858 1115 manereque
2887 1049 2941 1101 in
3002 1050 3137 1116 ipsa,
3187 1063 3308 1100 cum
3364 1046 3432 1098 sit

1957 1125 2165 1170 sanctus
2207 1117 2507 1184 divitiusque
2540 1116 2786 1183 Spiritus.

1956 1227 2234 1293 Quomodo
2249 1229 2461 1299 hymnis
2479 1230 2793 1293 decantabo,
2811 1229 3081 1298 quomodo
3097 1226 3434 1298 glorificabo,

1891 1319 2157 1386 quomodo
2189 1320 2347 1387 digne
2391 1319 2690 1387 praedicabo
2741 1320 2906 1372 Deum
2952 1334 3126 1372 meum
3186 1317 3273 1384 qui
3326 1328 3432 1370 tam

1892 1411 2052 1461 multa
2077 1420 2291 1478 peccata
2327 1425 2442 1462 mea
2464 1408 2816 1464 dissimulavit
2843 1410 2865 1462 ?
2896 1408 3162 1476 quomodo
3198 1407 3436 1459 attollam

1893 1501 2080 1552 oculos
2104 1515 2271 1564 meos,
2309 1501 2577 1568 quomodo
2604 1500 2839 1568 aperiam
2875 1515 2936 1553 os
2968 1512 3164 1560 meum,
3194 1496 3439 1549 Salvator

1894 1587 2268 1658 mi,quomodo
2305 1591 2527 1643 movebo
2557 1590 2694 1643 labia
2724 1603 2860 1653 mea,
2889 1587 3158 1658 quomodo
3183 1587 3247 1639 ad
3279 1586 3440 1638 subli-

1894 1696 1978 1734 me
2015 1680 2208 1734 ccelum
2237 1679 2516 1733 extendam
2554 1694 2743 1733 manus
2761 1695 2926 1741 meas,
2958 1695 3115 1746 quem
3136 1691 3439 1733 sermonem

1895 1767 2180 1831 inveniam,
2198 1769 2393 1837 quibus
2417 1769 2590 1823 verbis
2609 1771 3031 1838 utar,quomodo
3051 1770 3194 1837 loqui
3213 1767 3441 1831 audebo,

1899 1860 2166 1925 quomodo
2232 1861 2443 1912 veniam
2485 1858 2732 1928 flagitabo
2750 1871 2856 1913 tam
2875 1860 3060 1915 |multis
3090 1859 3304 1920 erratis,
3335 1867 3440 1909 tam

1903 1953 2385 2008 innumerabilibus
2433 1952 2715 2021 peccatis?
2766 1951 2922 2005 Certe
2953 1952 3194 2005 facinora
3249 1946 3442 2004 admisi

1900 2044 2047 2096 omni
2119 2043 2334 2110 indigna
2370 2043 2570 2095 venia?
2605 2044 2744 2096 nosti
2777 2052 2830 2095 tu
2863 2043 2990 2111 quid
3016 2043 3214 2096 dicam.
3244 2043 3442 2094 Omnes

1903 2143 2108 2186 naturae
2170 2135 2301 2186 lines
2377 2134 2621 2198 transivi,
2682 2142 2873 2202 przeter
2921 2146 3173 2187 naturam
3222 2133 3442 2202 patratis

1904 2225 2220 2287 sceleribus,
2261 2225 2437 2278 brutis
2488 2226 2810 2280 animalibus
2859 2227 3008 2293 pejor
3036 2226 3232 2287 exstiti,
3272 2226 3439 2278 omni-

1905 2314 2005 2366 bus
2039 2313 2285 2377 marinis,
2359 2314 2608 2367 omnibus
2682 2315 3053 2378 terrestribus,
3129 2315 3442 2382 pecudibus,

1906 2405 2207 2470 reptilibus,
2262 2404 2389 2458 feris
2419 2419 2604 2457 revera
2651 2404 2887 2458 deterior
2914 2404 3010 2467 fui,
3044 2420 3163 2457 cum
3197 2404 3443 2457 mandata

1904 2503 1992 2546 tua
2026 2495 2241 2548 violavi.
2280 2494 2380 2559 Qui
2433 2495 2596 2562 igitur
2626 2510 2822 2564 corpus
2850 2510 3026 2549 meum
3081 2496 3150 2547 ita
3187 2494 3436 2547 contami-

1907 2583 2046 2642 navi.
2101 2593 2152 2635 et
2207 2585 2436 2637 a:itr.am
2494 2585 2788 2649 sordidavi,
2855 2586 3123 2652 quomodo
3177 2583 3443 2652 apparebo

1908 2673 2025 2733 tibi,
2077 2673 2350 2738 quomodo
2411 2673 2666 2740 aspiciam
2715 2684 2784 2736 te.
2847 2674 3116 2741 quomodo
3169 2673 3248 2726 vel
3303 2680 3443 2727 stare

1906 2766 2066 2816 miser
2099 2774 2222 2818 ante
2278 2773 2626 2833 conspectum
2670 2772 2824 2817 tuum
2875 2767 3128 2829 audebo?
3179 2765 3445 2830 quomodo

1907 2868 2012 2906 non
2047 2854 2241 2920 fugiam
2293 2855 2513 2921 gloriam
2570 2864 2739 2917 tuam.
2808 2867 2860 2911 et
2923 2857 3098 2910 lumen
3174 2855 3444 2923 fulgurans

1906 2947 2078 3002 sancti
2117 2943 2349 3011 Spiritus
2375 2946 2503 2999 ttti?
2554 2946 2832 3009 Quomodo
2888 2946 3035 3000 solus
3081 2961 3179 3015 ego
3212 2947 3275 2998 ad
3302 2955 3443 2998 tene-

1907 3035 2034 3087 bras
2077 3049 2185 3087 non
2219 3036 2428 3095 vadam,
2463 3045 2515 3088 et
2544 3049 2571 3089 a
2616 3044 2922 3090 sanctorum
2960 3036 3186 3088 cmtibus
3237 3049 3342 3087 non
3369 3049 3434 3087 se.

1905 3125 2156 3190 parabor,
2189 3125 2280 3191 qui
2349 3141 2509 3192 opera
2590 3129 2933 3179 tenebrarum
2980 3125 3122 3178 feci?
3168 3123 3445 3188 Quomodo

1906 3214 2184 3267 sustinebo
2234 3229 2418 3268 vocem
2457 3224 2623 3277 tuam,
2667 3218 2753 3285 qui
2795 3217 2919 3269 hinc
2966 3231 3030 3270 ex
3091 3215 3248 3267 factis
3311 3214 3443 3266 meis

1906 3305 2016 3357 fero
2049 3319 2252 3359 mecum
2309 3305 2705 3358 damnationem
2775 3306 2988 3358 meam?
3035 3312 3176 3356 totus
3231 3303 3443 3364 horreo,

1904 3387 2048 3451 totus
2102 3397 2487 3456 contremisco,
2523 3405 2662 3450 totus
2690 3398 2740 3449 in
2786 3398 3029 3450 timorem
3063 3405 3444 3463 stuporemquc

1903 3503 2093 3542 versus
2144 3489 2384 3540 exclamo
2412 3486 2477 3538 ad
2527 3495 2599 3540 te.
2659 3485 2801 3548 Scio,
2857 3485 3124 3548 Salvator,
3177 3486 3442 3538 neminem

1903 3579 2125 3647 perinde
2166 3586 2223 3630 ut
2279 3593 2376 3645 ego
2425 3591 2676 3645 peccasse
2735 3578 2850 3640 tibi,
2901 3592 2999 3630 nec
3049 3578 3331 3645 quisquam
3387 3591 3443 3630 se

1903 3669 2087 3724 tantis.
2128 3667 2344 3733 quantis
2380 3681 2474 3732 ego
2542 3664 2756 3732 flagitiis
2817 3667 3088 3720 involvit:
3141 3669 3270 3736 quin
3321 3668 3442 3721 aliis

1901 3760 2061 3811 etiam
2096 3768 2280 3810 auctor
2340 3757 2658 3824 perditionis
2721 3757 2813 3809 fui.
2883 3757 3043 3824 Atqui
3102 3758 3203 3810 hoc
3257 3768 3440 3811 contra

1902 3850 2046 3910 novi,
2103 3849 2201 3901 hoc
2231 3862 2520 3915 persuasus
2566 3862 2707 3906 sum,
2743 3846 2881 3900 Deus
2955 3863 3126 3906 meus,
3165 3863 3269 3902 non
3332 3864 3440 3900 ma-

1902 3939 2230 4006 gnitudinem
2265 3937 2646 3998 admissurum,
2703 3952 2807 3989 non
2866 3938 3256 3989 multitudinem
3314 3953 3439 4005 poc-

1902 4037 2169 4090 catorum,
2209 4044 2380 4096 neque
2429 4029 2819 4095 turpitudinem
2878 4029 3149 4081 actionum
3206 4042 3438 4092 unquam

1900 4120 2285 4188 benignitatem
2357 4129 2526 4179 tuam,
2581 4127 2632 4171 et
2682 4134 2948 4186 magnam,
3010 4121 3116 4171 into
3149 4135 3273 4172 vero
3297 4123 3439 4188 plus-

1900 4226 2060 4277 quam
2110 4223 2376 4276 magnam,
2433 4213 2484 4258 ct
2517 4221 2675 4274 quam
2713 4209 2858 4258 nulla
2912 4209 3068 4267 ratio,
3115 4207 3255 4258 nulla
3291 4222 3438 4259 tuens

1901 4302 2044 4367 capit
2074 4298 2496 4355 misericordiam
2567 4306 2710 4348 tuam
2782 4311 3245 4364 supergressurain
3299 4311 3438 4359 esse,

1900 4405 2058 4460 quam
2118 4388 2331 4456 copiose
2388 4389 2438 4439 in
2508 4396 2812 4453 peccatores
2877 4385 3126 4448 edundis,
3178 4386 3436 4438 dutnfer-

239 4485 374 4536 dutn
420 4499 519 4550 ego
571 4484 640 4537 ita
683 4496 892 4534 mecum
937 4480 1135 4548 cogito,
1170 4481 1292 4548 quis
1327 4481 1636 4534 tandemilli
1671 4496 1795 4549 pro-
1830 4498 1874 4550 ι)
1904 4489 2089 4535 venter
2141 4487 2308 4545 agunt
2349 4478 2738 4546 paenitentiam,
2790 4491 2988 4544 eosque
3041 4491 3256 4543 purgas,
3291 4488 3339 4527 et
3375 4477 3438 4526 il—

240 4572 369 4636 pior
411 4569 547 4622 fiet?
596 4563 826 4634 aut‘qua
858 4568 1066 4620 ratione
1128 4567 1181 4620 in
1243 4569 1583 4621 altitudinem
1618 4569 1800 4622 infini-

237 4670 355 4712 tain
387 4659 683 4711 elevabitur
711 4660 732 4709 ?
778 4659 895 4725 ipse
926 4660 1063 4710 intra
1114 4673 1198 4710 me
1237 4661 1408 4718 adest,
1432 4668 1484 4711 et
1522 4660 1571 4710 in
1605 4661 1799 4713 misero

239 4748 412 4802 corde
454 4763 571 4800 meo
598 4757 869 4811 coruscat,
913 4748 1148 4814 undique
1182 4763 1265 4800 me
1312 4749 1595 4800 immortali
1622 4750 1802 4816 splen-

241 4842 377 4893 dore
409 4839 772 4898 convcstiens,
813 4848 1075 4892 etcuncta
1112 4840 1347 4891 membra
1373 4839 1796 4903 meairradians,

237 4939 419 4984 totum
438 4945 522 4982 me
539 4929 1178 4996 complectenscsculum
1200 4941 1367 4982 totum
1388 4931 1701 4996 impertit,et
1718 4939 1798 4984 to-

238 5027 357 5074 tum
382 5034 443 5071 se
462 5018 586 5070 mihi
603 5019 820 5088 indigno
842 5018 1010 5085 dat,ct
1027 5021 1146 5085 ejus
1161 5020 1420 5072 charitate
1442 5019 1796 5086 pulchritudi-

237 5123 421 5178 neque
460 5109 649 5173 satior,
690 5110 1096 5175 divinitatisque
1130 5110 1401 5175 voluptate
1440 5108 1796 5163 etdulccdine

237 5197 843 5266 compleor.'Particeps
890 5199 1127 5262 luminis,
1170 5200 1441 5267 particeps
1486 5201 1551 5253 tio
1585 5201 1790 5267 gloria,

236 5297 288 5341 et
330 5288 640 5355 resplendet
659 5288 824 5341 facies
845 5304 958 5341 mea
985 5288 1434 5357 quemadmodum
1451 5289 1693 5357 ejusaqui
1713 5300 1794 5343 est
1820 5346 1824 5347 ν

239 5379 573 5432 desiderium
594 5395 794 5442 meum,
814 5388 868 5432 et
885 5383 1061 5434 omnia
1084 5379 1318 5432 membra
1339 5393 1452 5432 mea
1465 5384 1790 5446 clarescant,

242 5469 624 5538 speciosisque
667 5472 967 5538 speciosior
997 5481 1122 5526 tunc
1161 5475 1246 5538 lio,
1274 5474 1525 5528 divitibus
1551 5476 1789 5537 divitior,

242 5560 560 5628 potentibus
610 5565 864 5616 Olllllll‘lls
926 5566 1213 5630 potentior,
1273 5576 1324 5618 et
1376 5567 1588 5634 regibus
1623 5567 1790 5634 major

241 5667 390 5715 sum,
447 5660 498 5705 ct
555 5655 922 5707 Itanorabilior
964 5657 1117 5723 longe
1175 5659 1581 5725 quibuscunque
1660 5656 1790 5711 visi-

242 5743 469 5808 Ldibus,
533 5759 637 5796 non
669 5757 806 5797 terra
865 5746 1023 5799 modo
1055 5755 1100 5798 cl
1141 5761 1324 5801 corum
1378 5763 1492 5815 qum
1528 5750 1575 5800 in
1608 5749 1780 5811 terris,

1902 4573 2156 4633 luminas,
2205 4580 2258 4622 ct
2297 4569 2516 4621 luminis
2565 4569 2873 4636 participes,
2926 4578 2977 4619 et
3011 4569 3437 4625 divinitatistua:

1900 4668 2177 4714 consortes
2258 4658 2441 4722 micis,
2506 4668 2559 4711 et
2640 4673 2758 4712 Cum
2838 4658 2916 4711 eis
3013 4657 3150 4708 haud
3257 4659 3432 4718 aliter,

1900 4767 2063 4821 quam
2138 4765 2258 4803 cum
2337 4749 2562 4802 sinceris
2652 4749 2840 4803 amicis
2924 4749 3180 4814 versaris,
3274 4759 3433 4815 atque

1899 4842 2068 4909 colloq
2078 4843 2243 4896 ueris.

1967 4932 2011 4986 0
2047 4933 2387 4986 clementiam
2427 4931 2712 4995 infinitam,
2761 4948 2792 4986 ο
2837 4932 3149 4986 charitatem
3192 4925 3436 4985 ineffabi-

1896 5025 2001 5073 lem
2036 5022 2048 5072 !
2102 5019 2306 5074 Idcirco
2344 5029 2468 5073 ante
2500 5028 2550 5073 te
2588 5019 2640 5072 in
2672 5035 2840 5087 genua
2877 5019 3114 5086 procido,
3166 5028 3212 5072 et
3241 5035 3433 5087 magno

1895 5119 1948 5166 te
1981 5113 2216 5169 clamore
2263 5111 2466 5178 appello
2495 5128 2508 5163 :
2545 5111 2681 5164 sicut
2721 5110 2997 5178 prodigum
3023 5117 3073 5162 et
3098 5110 3429 5164 meretricem

1897 5202 1960 5253 ad
2020 5211 2070 5253 te
2113 5201 2428 5254 accedentes
2486 5201 2542 5253 in
2608 5201 2829 5268 gratiam
2899 5199 3163 5269 recepisti,
3226 5201 3298 5253 ita
3344 5215 3430 5253 me

1901 5291 2102 5358 recipe,
2162 5290 2470 5365 misericors
2525 5290 2787 5352 Salvator,
2840 5292 3180 5358 pcenitentem
3214 5305 3279 5344 ex
3308 5292 3426 5343 ani-

1898 5398 2004 5444 mo,
2060 5390 2114 5434 et
2163 5383 2426 5451 lacrymas
2497 5397 2641 5436 meas
2699 5390 2754 5434 ut
2798 5398 2830 5436 θ
2870 5383 3015 5435 fonte
3088 5382 3425 5436 continenter

1894 5474 2156 5528 stillantes
2208 5487 2314 5526 non
2348 5479 2681 5540 aspernatus,
2727 5473 2883 5526 ablue
2957 5489 3050 5541 per
3084 5473 3201 5526 illas
3233 5475 3425 5526 animae

1895 5558 2045 5627 ineat,
2097 5563 2251 5616 ablue
2308 5563 2568 5630 corporis,
2636 5577 2766 5631 quas
2828 5578 2890 5616 es
2943 5564 3172 5616 motibus
3204 5577 3306 5614 non
3337 5577 3424 5614 reo

1893 5653 1996 5705 ctis
2030 5651 2270 5705 contraxi
2310 5651 2564 5703 maculas.
2603 5635 2732 5704 Eine
2779 5666 2987 5718 quoque
3023 5663 3115 5702 cor
3150 5665 3324 5702 meum
3353 5650 3423 5701 ab

1892 5742 2036 5796 omni
2069 5740 2324 5804 nequitia.
2355 5737 2484 5793 Illud
2549 5739 2809 5810 siquidem
2863 5740 3009 5792 radis
3071 5747 3123 5792 et
3157 5739 3274 5790 fons
3301 5749 3423 5798 nec-
