4136 6338
694 355 799 416 535

1912 366 2267 426 E-lMEONIS
2307 367 2674 430 JUVlOlllS

3821 370 3928 436 53S

688 467 791 519 eati
823 474 929 520 est.
976 466 1223 538 Nequitia
1273 471 1395 524 mali
1457 472 1800 531 seminator-is
1829 480 2027 532 malum
2067 495 2248 534 semen
2283 485 2326 538 Α
2355 491 2409 533 et
2456 497 2673 535 rursum
2717 483 2836 536 sine
2865 481 3059 535 timore
3105 481 3158 535 in
3209 480 3388 534 anima
3448 497 3554 536 non
3585 481 3930 556 progignitur

695 558 811 610 illic
846 561 1136 627 germinat,
1169 570 1224 617 et
1267 563 1321 617 in
1353 566 1518 617 altum
1561 581 1838 634 crescens,
1873 586 2056 626 ramos
2083 572 2256 640 pluri-

692 661 809 698 mos
857 647 1222 717 improbitatis
1283 667 1346 706 ac
1388 654 1706 713 vitiositatis
1775 661 2049 728 producit.
2087 661 2257 731 llujus

689 739 902 794 radices
935 744 1181 800 funditus
1231 746 1423 810 evelle,
1479 746 1696 804 Christe
1775 766 1953 816 meus,
1990 754 2260 809 etanimze

688 841 853 894 atque
887 833 1067 890 cordis
1099 837 1202 892 mei
1243 838 1474 908 agellum
1507 856 1699 910 purga,
1735 852 1788 897 et
1822 845 2068 898 timorem
2104 854 2259 901 tuum

691 921 800 974 illis
851 923 1054 991 insere,
1107 935 1160 980 et
1195 925 1258 982 da
1293 939 1352 982 ut
1396 932 1607 987 radices
1634 941 1779 1001 agat,
1825 949 1888 990 ac
1944 936 2255 1006 repullulet,

689 1014 836 1068 utin
870 1015 1105 1072 sublime
1194 1029 1473 1077 excrescat
1547 1026 1795 1080 custodia
1874 1028 2255 1082 mandatorum

690 1112 930 1169 tuorum,
964 1107 1093 1161 dum
1147 1107 1202 1163 in
1251 1110 1415 1166 horas
1462 1117 1709 1182 apponis,
1767 1117 2144 1188 adbibitasque
2183 1119 2261 1170 la-

688 1211 904 1264 crymas
940 1213 1088 1256 meas
1116 1199 1338 1259 ﬂuentis
1387 1207 1724 1264 scatentibus
1759 1225 1922 1279 auges
1952 1227 1966 1266 :
1997 1226 2107 1279 quo
2134 1211 2259 1266 inde

687 1287 973 1358 irrigatus,
1031 1294 1402 1365 maximopere
1481 1297 1873 1355 incrementum
1949 1302 2147 1371 capiat,
2207 1311 2258 1357 et

689 1389 954 1448 quantum
997 1387 1390 1447 corroboratur
1453 1399 1506 1445 et
1543 1392 1831 1461 attollitur,
1892 1403 2105 1450 tantum
2160 1411 2259 1466 pro

689 1481 807 1526 rata
846 1483 998 1541 parte
1030 1479 1309 1538 humilitas
1359 1498 1480 1539 cum
1527 1501 1592 1541 eo
1629 1497 1906 1556 augescat,
1939 1491 2028 1544 cui
2056 1489 2256 1543 turbidi

691 1579 872 1623 motus
904 1585 1095 1627 omnes
1146 1575 1370 1642 cedunt,
1419 1586 1472 1631 et
1505 1595 1627 1634 cum
1676 1582 1743 1636 iis
1783 1583 2089 1638 daemonum
2123 1585 2259 1654 pha-

688 1659 814 1712 lanx
855 1663 1151 1732 repellitur,
1201 1681 1362 1734 quam
1419 1671 1649 1727 virtutes
1702 1674 1992 1742 universa},
2063 1684 2122 1732 ut
2173 1694 2260 1732 re-

687 1751 892 1817 ginam,
967 1756 1332 1823 circumdare,
1399 1770 1452 1816 et
1527 1775 1785 1833 tanquam
1858 1770 2138 1838 custodes,
2207 1781 2260 1826 et

689 1843 900 1907 amicae,
935 1845 1233 1903 etfamube
1305 1851 1578 1909 dominam
1634 1860 1881 1913 comitari
1937 1874 2247 1921 cernuntur.

688 1934 786 1987 llis
830 1945 1010 1992 autem
1076 1945 1420 2012 congregatis
1473 1953 1526 2000 et
1564 1951 1919 2019 eonsociatis,
1965 1954 2020 2008 in
2081 1956 2256 2011 medio

691 2041 877 2079 earum
914 2029 1061 2083 velut
1093 2021 1266 2087 arbor.
1288 2050 1449 2091 secus
1502 2038 1770 2096 decursus
1805 2059 2064 2115 aquarum
2099 2048 2252 2117 plan-

691 2120 900 2174 tatus“
951 2122 1117 2178 timor
1171 2134 1299 2183 tuus
1381 2131 1695 2201 efﬂorcseit,
1748 2145 1803 2190 et
1859 2140 2064 2195 sensim
2119 2141 2253 2195 mihi

691 2207 875 2263 norem
913 2226 1114 2267 novum
1193 2219 1454 2275 ostendit.
1521 2221 1731 2278 Novum
1800 2226 1935 2292 dixi,
1996 2230 2253 2300 quoniam

689 2309 885 2354 natura
937 2306 1117 2360 omnis
1165 2311 1464 2365 secundum
1518 2327 1692 2384 genus
1747 2331 1907 2372 suum
1977 2320 2138 2389 parit,
2203 2328 2256 2376 et

691 2395 948 2448 arborum
1011 2400 1254 2455 omnium
1309 2419 1493 2459 semen
1545 2408 1844 2463 secundum
1895 2427 2063 2482 genus
2095 2429 2253 2468 suum

692 2486 745 2536 in
803 2501 1131 2559 unaquaque
1162 2493 1324 2548 inest.
1374 2494 1560 2550 Timor
1599 2508 1782 2553 autem
1819 2509 1966 2568 tuus,
1993 2513 2045 2558 et
2068 2504 2254 2561 ﬂorem

691 2593 845 2633 novae
878 2583 1162 2648 cujusdam
1194 2595 1419 2659 natura,
1465 2599 1518 2644 et
1562 2591 1801 2648 fructum
1852 2611 2005 2666 eaque
2033 2612 2254 2664 novum,

690 2681 742 2723 et
778 2686 804 2724 a
839 2687 900 2727 se
937 2675 1174 2731 alienum
1221 2681 1464 2736 exhibet.
1502 2680 1597 2738 Est
1653 2701 1886 2755 namque
1946 2691 2107 2744 timor
2157 2707 2254 2746 sua

692 2769 884 2815 natura
919 2768 1170 2823 maeroris
1204 2770 1418 2838 plenus,
1453 2780 1507 2828 et
1537 2789 1566 2829 a
1601 2790 1661 2831 se
1698 2789 2016 2849 occupatos,
2045 2797 2258 2854 semper

693 2861 889 2907 maesto
929 2855 1102 2922 vultu,
1168 2864 1576 2935 contractisque
1635 2871 1948 2939 superciliis
1999 2874 2257 2931 incedere

694 2941 843 3011 facit,
876 2953 1133 3016 tanquam
1167 2967 1370 3016 servos,
1421 2965 1675 3026 tanquam
1728 2961 1912 3019 multis
1939 2966 2255 3022 verberibus

692 3035 903 3105 dignos,
950 3049 1205 3111 tanquam
1243 3046 1294 3098 in
1351 3049 1510 3103 horas
1551 3053 1791 3107 exscindi
1818 3071 1878 3112 se
1905 3072 1932 3109 a
1965 3067 2134 3114 mcrte
2165 3076 2257 3115 ex-

2363 571 2451 624 hic
2482 571 2710 628 fructus.

2433 662 2573 720 Vere
2624 665 2881 735 quiddam
2935 663 3264 731 mirabilius,
3334 679 3496 734 quam
3571 667 3926 738 cogitatione.

2360 756 2559 810 nedum
2610 769 2864 811 sermone
2915 757 3092 826 possis
3138 757 3381 826 assequi,
3452 757 3702 812 arborem
3743 759 3929 813 labore

2361 850 2560 903 eultam
2635 847 2942 913 ﬂorescere,
3021 859 3074 904 et
3147 852 3380 903 fructum
3456 849 3620 917 ferre,
3687 852 3926 905 fructum

2363 950 2542 994 autem
2585 947 2751 994 totam
2784 940 3030 994 arborem
3062 939 3320 994 radicitus
3347 941 3670 1010 exstirpare,
3720 941 3930 995 solum-

2361 1049 2467 1100 que
2502 1032 2736 1086 fructum
2768 1048 3114 1103 permanere.
3157 1020 3275 1099 Quo
3309 1041 3466 1103 pacto
3484 1031 3692 1091 fructus
3717 1033 3928 1102 absque

2363 1125 2555 1178 arbore
2582 1125 2672 1189 sit,
2702 1125 2976 1194 explicare
3008 1140 3236 1193 prorsus
3262 1141 3499 1196 nequeo.
3539 1126 3724 1183 Manet
3742 1137 3927 1182 tamen

2361 1225 2417 1272 ct
2469 1225 2551 1271 est
2581 1211 2757 1270 ta‘tucn
2799 1217 3044 1272 eharitas
3104 1216 3223 1273 sine
3259 1219 3475 1282 timore,
3530 1233 3594 1272 ex
3644 1234 3756 1291 quo
3808 1227 3928 1273 tan-

2362 1321 2524 1376 quam
2588 1316 2812 1376 parente
2865 1307 3143 1377 proﬂuxit.
3193 1308 3444 1364 Charitas
3490 1307 3658 1378 igitur
3709 1323 3925 1364 omnem

2362 1401 2611 1469 profecto
2663 1401 2713 1453 in
2758 1417 2820 1455 se
2851 1402 3088 1455 laetitiam
3127 1403 3390 1467 continet,
3423 1411 3478 1456 et
3508 1401 3926 1472 gaudiojucnn-

2361 1490 2632 1560 ditateqne
2653 1507 2711 1547 se
2729 1492 3013 1548 habentem
3034 1495 3298 1556 cumulat,
3321 1493 3588 1562 eﬂicitqne
3624 1503 3680 1546 ut
3697 1508 3758 1547 se
3778 1504 3927 1548 extra

2363 1584 2624 1638 mundum
2677 1587 2797 1639 esse
2855 1586 3074 1649 sentiat,
3111 1598 3230 1653 quae
3278 1583 3509 1638 facultas
3557 1583 3608 1636 in
3678 1583 3921 1636 timorem

2363 1677 2676 1745 neutiquam
2714 1677 2879 1730 cadit.
2914 1674 3047 1729 Nam
3079 1691 3201 1730 cum
3255 1675 3300 1731 is
3337 1677 3478 1730 intra
3547 1691 3609 1730 ea
3657 1677 3752 1740 sit,
3812 1691 3920 1745 qua

2362 1771 2483 1826 visu
2536 1772 2851 1838 eaeterisque
2908 1771 3160 1826 sensibus
3211 1773 3602 1842 percipiuntur,
3634 1772 3930 1842 quomodo,

2366 1877 2566 1930 quaeso,
2627 1861 2905 1916 timentem
2985 1861 3175 1932 procul
3250 1863 3318 1917 ab
3380 1864 3463 1918 his
3505 1864 3820 1931 seiungere,
3879 1870 3935 1914 et

2364 1954 2480 2023 ejus
2548 1952 3178 2018 sensumﬁomnimodis
3252 1968 3378 2008 cum
3446 1953 3933 2024 inaspectahilibus

2363 2049 2719 2118 conjungere,
2794 2062 2856 2102 ac
2903 2046 3182 2102 devincire
3237 2048 3344 2102 ulla
3404 2049 3615 2103 ratione
3688 2044 3934 2100 valebit?

2364 2141 2628 2197 Cmtcrum
2665 2141 2782 2203 llos,
2837 2149 2889 2194 et
2922 2139 3156 2204 fructus,
3228 2156 3388 2209 quem
3452 2142 3615 2193 timor
3687 2144 3929 2205 generat,

2364 2234 2623 2295 Charitas,
2666 2235 2909 2302 inquam,
2948 2248 3014 2285 an
3045 2232 3159 2286 lucc
3185 2232 3381 2296 valeat,
3419 2232 3601 2293 velim,
3641 2232 3742 2286 ais.
3771 2243 3934 2284 nosse

2365 2327 2675 2396 perspicue.
2729 2325 2972 2394 Exprimi
3047 2325 3160 2378 haec
3223 2333 3524 2392 nequeunt,
3587 2331 3643 2376 ut
3702 2321 3934 2384 afﬁrma-

2365 2420 2879 2473 vizverumtamen
2958 2416 3178 2471 adverte
3265 2417 3529 2483 attimum,
3611 2425 3666 2469 et
3759 2423 3809 2468 te
3838 2415 3935 2468 do-

2364 2510 2523 2568 cebe.

2397 2603 2666 2668 ,Divinus
2731 2600 2970 2669 Spiritus
3046 2607 3130 2654 est
3179 2599 3444 2660 cbaritas.
3505 2600 3690 2653 lumen
3745 2600 3931 2652 omnia

2364 2708 2623 2763 operans,
2664 2699 2718 2745 et
2772 2691 3077 2745 illustrans.
3135 2689 3520 2744 Verumtamen
3597 2688 3842 2743 nonest
3899 2703 3931 2742 e

2365 2782 2801 2849 mundo,neque
2862 2779 3087 2833 omnino
3146 2778 3350 2847 aliquid
3407 2776 3616 2842 mundi,
3655 2790 3931 2831 neccrea-

2366 2881 2506 2937 tura,
2550 2870 2677 2940 quia
2712 2870 3031 2932 increatum,
3108 2877 3162 2922 et
3210 2875 3363 2921 extra
3398 2875 3680 2920 creaturas
3714 2863 3935 2918 univer-

2365 2977 2478 3027 sas,
2510 2971 2562 3016 et
2590 2962 2656 3015 ab
2683 2960 2934 3016 omnibus
2960 2969 3292 3028 separatum,
3327 2959 3624 3012 increatum
3654 2957 3709 3010 in
3747 2955 3924 3009 medio

2364 3065 2690 3111 creatorum.
2757 3053 3018 3119 lntellige,
3074 3051 3322 3120 ﬁli,quid
3383 3050 3527 3105 dico.-
3568 3049 3680 3103 lloe
3721 3050 3936 3102 incrcac

692 3138 999 3192 spectmtes
1030 3149 1044 3198 ;
1087 3143 1139 3188 et
1172 3135 1361 3191 falcem
1406 3142 1622 3207 quidem
1664 3144 1810 3201 illius
1848 3148 2114 3216 videntes,
2142 3169 2258 3207 mo-

2365 3155 2476 3198 tum
2504 3157 2784 3212 nunquam
2826 3142 2998 3196 creari
3027 3149 3224 3210 potest.
3255 3139 3508 3193 Attamen
3525 3141 3569 3192 si
3589 3138 3734 3201 velit,
3767 3137 3929 3190 etiam

695 3229 936 3274 mentum
999 3239 1129 3278 vero
1175 3227 1527 3298 ignorantes;
1589 3250 1687 3290 nec
1759 3251 1910 3305 spem
1971 3243 2255 3306 habentes,

696 3325 794 3361 nec
827 3311 1036 3379 plenam
1090 3317 1245 3372 fidem
1299 3322 1552 3388 perfectae
1603 3327 1808 3393 veniat;
1842 3330 1934 3384 sed
1966 3339 2258 3389 trementes

679 3402 856 3453 linem
891 3413 940 3456 et
978 3403 1168 3474 jldiCii
1202 3410 1349 3467 illius
1385 3418 1732 3482 sententiam,
1765 3428 1824 3474 ul
1855 3420 2111 3477 incertam
2141 3427 2260 3479 ani-

701 3493 803 3543 tuis
848 3507 912 3545 ac
941 3499 1198 3551 memoria
1237 3499 1702 3562 circumferentes.
1745 3507 1868 3565 Flos
1907 3511 2072 3578 igitur
2094 3530 2254 3581 quem

695 3581 846 3636 eilert
910 3588 1090 3656 specie
1119 3597 1203 3643 est
1262 3593 1664 3663 inexplicabili;
1706 3601 1812 3655 sed
1847 3604 2026 3658 minus
2075 3614 2255 3662 tamen

697 3673 891 3768 modus
941 3678 1057 3746 ejus
1101 3681 1358 3746 explicari
1420 3696 1615 3755 potest.
1654 3688 1786 3744 Nam
1844 3694 1972 3749 dum
2019 3699 2257 3768 erumpit

696 3764 938 3831 videtur;
975 3771 1069 3824 sed
1088 3774 1269 3826 statim
1291 3777 1668 3847 absconditur,
1700 3784 1842 3852 quod
1879 3801 1979 3840 nec
2011 3764 2257 3845 naturale

697 3871 794 3907 nec
843 3872 1184 3928 consequens
1249 3875 1353 3932 est,
1432 3885 1620 3924 verum
1709 3882 1918 3930 natura:
1968 3865 2253 3932 'naturam

697 3947 1132 4006 eonditionemve
1156 3966 1398 4024 superat,
1436 3969 1799 4033 naturamque
1829 3981 2044 4022 omnem
2076 3976 2256 4026 trans-

695 4037 908 4090 cendit.
985 4039 1268 4111 Paulisper
1330 4053 1580 4104 Cernitur
1648 4053 1748 4110 llos
1797 4064 1903 4108 tam
1960 4058 2254 4126 formosus,

697 4143 861 4192 quam
893 4132 1075 4187 verbis
1123 4138 1288 4191 nullis
1321 4137 1586 4196 declarari
1643 4155 1827 4214 queat,
1863 4158 1916 4203 et
1946 4152 2009 4204 ad
2040 4169 2098 4207 se
2129 4169 2258 4208 con-

702 4221 1065 4284 templandam
1122 4229 1264 4297 rapit
1296 4242 1530 4287 mentem
1593 4251 1790 4303 meam,
1839 4256 1940 4295 nec
1980 4244 2256 4312 quidpiam

699 4327 886 4364 eorum
919 4321 1227 4374 meminisse
1276 4325 1427 4384 sinit.
1480 4342 1599 4396 qua:
1646 4329 1808 4382 timor
1870 4335 2132 4402 suggerit,
2165 4337 2256 4390 sed

700 4405 941 4458 omnium
1004 4411 1132 4462 mihi
1195 4422 1304 4465 tum
1364 4417 1688 4474 oblivionem
1745 4422 1991 4488 in.lucit,
2029 4435 2082 4479 et
2118 4439 2258 4480 aetu-

2371 3238 2473 3291 boc
2511 3236 2686 3290 facere
2725 3243 2927 3303 potest,
2951 3233 3178 3294 scilicet,
3213 3240 3270 3284 ut
3290 3239 3538 3285 creatura
3569 3231 3680 3282 tiat.
3721 3226 3933 3282 Etenim

2367 3327 2624 3391 Verbum,
2659 3325 2862 3394 Spiritu
2919 3331 3272 3393 cooperante,
3309 3330 3360 3376 et
3386 3321 3544 3375 Patre
3592 3320 3667 3373 ita
3696 3321 3933 3383 volente,

2366 3421 2570 3473 nullam
2609 3418 2694 3473 sui
2732 3417 3088 3470 mutationem
3159 3429 3400 3483 passum,
3432 3413 3704 3466 hominem
3735 3412 3936 3475 induit,

2365 3511 2569 3579 quique
2604 3517 2725 3562 erat
2779 3517 2976 3561 natura
3020 3504 3160 3560 Deus
3238 3504 3538 3566 increatus,
3590 3503 3753 3557 modo
3801 3503 3938 3556 inef-

2366 3603 2513 3657 fabili
2552 3609 2805 3656 creatura
2880 3601 3061 3652 factus
3111 3609 3215 3662 est,
3280 3607 3333 3652 et
3372 3611 3435 3650 eo
3488 3595 3631 3664 quod
3708 3610 3935 3649 assum-

2366 3692 2842 3766 ps'ratdeificato,
2896 3691 3136 3744 ostendit
3176 3689 3308 3743 mihi
3359 3688 3552 3758 duplex
3610 3687 3933 3740 miraculum

2365 3788 2628 3841 ambabus
2667 3782 3059 3847 functionibus,
3109 3789 3165 3834 et
3228 3780 3601 3833 voluntatibus
3656 3777 3933 3835 similiter.

2367 3879 2711 3940 visibilem,et
2729 3873 3174 3954 invisibilem,qui
3207 3872 3399 3927 teneri.
3422 3887 3522 3925 nec
3540 3869 3712 3924 teneri
3729 3870 3933 3939 possit:

2365 3979 2418 4024 et
2441 3970 2529 4038 qui
2585 3968 2876 4037 apparebat
2924 3974 2984 4020 ut
3012 3976 3258 4019 creatura
3294 3964 3345 4016 in
3389 3962 3566 4017 medio
3648 3973 3934 4015 creatura-

2367 4077 2484 4115 rum
2532 4059 2798 4122 omnium,
2836 4065 2895 4111 ut
2947 4071 3054 4110 non
3117 4063 3366 4110 creatura
3434 4052 3766 4122 disparebat,
3796 4052 3934 4105 sicut

2366 4152 2442 4208 illi
2497 4151 2778 4220 putabant.
2819 4150 2886 4201 At
2962 4148 3110 4202 enim
3169 4146 3481 4214 neutiquam
3525 4145 3933 4206 evaneseebat;

2366 4246 2457 4299 sed
2505 4246 2558 4296 in
2612 4241 2790 4295 medio
2857 4236 3100 4292 omnium
3160 4245 3530 4291 creaturarum
3584 4235 3933 4289 sensibilium

2367 4347 2589 4394 exstans
2629 4332 2887 4395 Verbum,
2941 4344 3063 4384 eum
3111 4342 3175 4383 eo
3231 4327 3375 4396 quod
3409 4335 3784 4396 assumpserat
3841 4341 3934 4380 co-

2369 4431 2632 4500 pulatum,
2686 4434 2744 4477 ut
2819 4431 3068 4477 creatura
3128 4435 3233 4473 non
3300 4419 3642 4473 cernebatur.
3704 4420 3938 4473 Assum-

703 4505 815 4546 tum
870 4499 1068 4553 avolat.
1121 4502 1198 4555 Ita
1241 4505 1402 4558 arbor
1436 4511 1648 4566 timoris
1695 4513 1887 4567 iterum
1924 4514 2053 4570 ﬂore
2095 4517 2264 4573 desti-
2296 4500 2342 4556 Ῑ)
2374 4499 2518 4592 ptam
2556 4528 2733 4572 autem
2779 4523 3083 4570 creaturam
3143 4511 3348 4571 celans.
3394 4520 3483 4563 aut
3512 4510 3568 4563 in
3619 4510 3853 4563 sublime
3883 4511 3934 4562 in

707 4588 893 4651 tuitur,
930 4600 981 4642 et
1013 4606 1111 4660 ego
1174 4595 1226 4646 in
1297 4598 1572 4652 tristitiam
1640 4603 1801 4657 datus
1848 4605 2162 4674 ingemisco,
2214 4616 2266 4661 et

704 4678 767 4727 al
814 4689 862 4728 te
903 4679 1147 4748 impense
1202 4684 1466 4754 clamans,
1533 4690 1717 4745 llorem
1775 4693 1956 4747 denuo
2014 4697 2067 4750 in
2102 4699 2266 4753 ramis

703 4769 1004 4846 tmnspicio,
1041 4783 1095 4825 et
1144 4777 1337 4842 oculis,
1388 4794 1419 4830 ο
1466 4780 1680 4836 Christe
1713 4799 1888 4850 mens,
1947 4788 1998 4840 in
2054 4803 2118 4843 eo
2149 4792 2267 4845 solo

707 4858 939 4925 defixus,
989 4878 1093 4916 nan
1150 4872 1276 4920 tunc
1335 4869 1585 4924 arborem
1635 4873 1813 4939 video,
1872 4877 1966 4929 sed
2020 4879 2265 4934 crebrius

707 4949 889 5000 liorem
949 4954 1240 5008 enitentem
1295 4969 1465 5014 etme
1516 4971 1632 5016 toto
1705 4979 1836 5018 cum-
1871 4966 2142 5020 desiderio
2197 4970 2264 5023 ad

707 5057 764 5090 se
813 5040 1112 5099 trahentem
1168 5048 1401 5114 intueor,
1475 5053 1565 5122 qui
1642 5058 1857 5110 tandem
1914 5060 1968 5111 in
2029 5059 2265 5114 fluctum

707 5131 988 5189 rbatitatis
1023 5152 1433 5196 consummatur
1465 5160 1527 5199 ac
1561 5147 1781 5203 desinit.
1836 5148 2004 5204 Porro
2045 5150 2130 5204 hic
2156 5153 2270 5204 l'ru-

709 5234 831 5277 etus
888 5227 956 5277 ab
1004 5229 1198 5282 arbore
1249 5234 1462 5288 timoris
1514 5239 1716 5305 portari
1769 5255 1828 5295 se
1863 5256 1969 5295 non
2023 5243 2268 5311 patitur;

710 5319 803 5370 sed
843 5318 975 5373 bene
1023 5322 1135 5387 jam
1193 5335 1459 5388 maturus,
1512 5329 1719 5399 absque
1743 5331 1940 5388 arbore
1989 5337 2266 5390 cernitur:

711 5409 860 5458 nullo
918 5412 1058 5464 enim
1095 5417 1255 5468 modo
1313 5418 1474 5472 timor
1527 5420 1578 5474 in
1635 5423 1905 5479 charitate
1975 5428 2265 5494 reperitur,

782 5544 822 5572 “
861 5543 998 5600 Psal.
1046 5562 1084 5607 ι,
1113 5550 1144 5600 5

779 5701 886 5767 (20)
931 5704 1334 5768 lnte'ligendunt
1368 5719 1444 5760 est
1481 5709 1580 5763 hoc
1614 5711 1676 5764 de.
1707 5711 1924 5766 Christo
1959 5720 2251 5770 secundum

706 5769 938 5822 dmnam
978 5785 1258 5839 naturam;
1292 5794 1342 5846 ρ·
1367 5793 1388 5804 '
1426 5783 1686 5847 tplanunt
1718 5783 1772 5836 ﬁt
1826 5801 1886 5837 cx
1931 5791 2103 5841 veri-is
2131 5769 2265 5856 prauo

2373 4609 2597 4683 gloriam
2648 4624 2824 4670 suam,
2870 4620 2990 4676 quae
3060 4603 3470 4670 intelligentiam
3559 4611 3804 4654 nostram
3845 4617 3939 4652 ex-

2374 4703 2537 4762 cedit,
2584 4698 2843 4754 evehens,
2909 4695 3055 4747 illico
3144 4691 3607 4752 abscondebatur,
3707 4690 3808 4743 hoc
3859 4689 3939 4742 illi

2373 4792 2627 4847 dicebant
2678 4787 2967 4842 evanuisse
3042 4783 3382 4844 Dominum;
3444 4781 3534 4833 sed
3594 4795 3706 4833 rem
3773 4795 3836 4831 ex
3879 4793 3946 4834 se

2361 4885 2648 4939 metientes
2702 4879 2880 4943 plane.
2943 4875 3168 4928 Creator
3230 4872 3374 4927 enim
3455 4871 3722 4930 omnium,
3761 4869 3854 4937 qui
3906 4887 3937 4925 a

2365 4973 2576 5028 nemine
2600 4970 2715 5037 capi
2741 4977 2935 5036 potest,
2968 4976 3044 5029 et,
3075 4974 3133 5018 ut
3160 4963 3323 5025 Deus,
3350 4963 3532 5031 implet
3559 4962 3762 5022 omnia,
3799 4975 3943 5030 quc-

2366 5065 2525 5119 modo
2572 5064 2726 5114 aliter
2787 5056 3201 5112 occultaretur?
3281 5053 3417 5128 Num
3498 5053 3785 5104 Dominum
3872 5049 3939 5100 de

2377 5159 2497 5210 loco
2533 5155 2584 5207 in
2628 5154 2805 5205 locum
2866 5150 3028 5202 alium
3075 5147 3418 5210 translatum,
3475 5153 3531 5197 et
3581 5151 3654 5195 tta
3705 5143 3773 5194 ab
3803 5157 3940 5194 oeu-

2378 5247 2443 5302 lis
2483 5246 2853 5316 apostolorum
2905 5243 3144 5296 ablatum
3225 5239 3374 5294 dices
3412 5235 3574 5308 (90)?
3632 5235 3820 5304 Apage
3872 5248 3941 5289 ne

2376 5354 2439 5393 ex
2475 5336 2773 5404 ignorantia
2811 5333 2861 5386 in
2906 5330 3293 5401 blasphemiam
3317 5329 3548 5384 incidas.

2445 5429 2581 5482 Audi
2619 5440 2747 5480 vero
2785 5423 3064 5478 charitatis
3116 5420 3325 5488 eﬂ‘ecta,
3389 5423 3433 5478 si
3473 5422 3670 5491 placet.
3709 5428 3763 5475 et
3797 5434 3937 5491 quo-

2363 5720 2721 5773 red-‘ntibtts:
2766 5719 2983 5774 Creulor
3031 5723 3167 5774 enim
3215 5724 3466 5782 omnium.
3503 5725 3592 5789 qui
3645 5740 3675 5773 α
3729 5722 3937 5774 nemine

2375 5791 2488 5854 rupi
2510 5801 2694 5857 pateat,
2731 5803 2774 5843 et
2807 5803 2857 5842 ut
2892 5793 3023 5843 licus
3053 5794 3226 5854 μηνίει
3260 5796 3453 5855 omnia,
3487 5791 3746 5860 quomodo
3787 5793 3940 5844 aliter
