4156 6340
231 367 340 434 537

1305 376 1748 440 DIVINORUM
1783 377 1992 440 AMOR
2007 380 2114 441 UM
2149 381 2400 444 LIBER.

3372 378 3476 441 538

230 485 397 540 modo
441 501 504 540 ea
551 487 722 556 major
772 488 840 543 sit
907 490 1180 555 omnibus,
1222 505 1544 562 cognosces.
1595 493 1804 560 Quibus
1831 493 1882 552 Δ
1909 509 2013 554 tem
2045 499 2310 554 imbellem
2347 495 2564 568 repulit,
2595 494 2963 551 fortitudinem
2997 492 3207 558 indidit,
3236 505 3472 549 mentem

228 577 714 634 otnnibuslNum
745 589 795 635 te
838 585 966 637 latet
1025 584 1158 639 illud
1207 585 1449 655 Apost‘oli
1476 589 1540 652 ",
1577 587 1810 644 dicentis

228 670 418 738 potius
450 685 576 724 esse
609 670 927 726 charitatem
956 674 1177 739 habere,
1206 691 1369 746 quam
1424 677 1575 746 loqui
1610 676 1810 748 linguis

231 759 581 826 angelorum,
613 771 668 816 et
722 763 921 817 habere
973 779 1188 818 onmem
1242 767 1484 820 omnium
1532 768 1808 826 hominum

229 854 416 919 ﬁdem,
489 855 561 910 ita
620 866 677 910 ut
738 864 952 912 montes
1005 861 1328 925 transferas,
1383 876 1545 914 nosse
1593 875 1808 916 omnem

227 947 546 1013 scientiam,
572 957 626 1002 ct
655 947 1000 1004 abditissima
1032 953 1439 1022 mysteriorum.
1477 952 1810 1009 distribuere

227 1052 427 1093 omnes
465 1038 756 1093 facultates
788 1055 938 1105 suas,
970 1050 1025 1095 et
1077 1041 1257 1111 ipsum
1313 1044 1620 1098 mendicum
1669 1046 1806 1110 fieri,

225 1130 395 1184 etiam
449 1145 651 1201 corpus
701 1131 882 1200 ipsum
917 1133 1130 1189 tradere
1162 1143 1382 1204 propter
1438 1135 1716 1192 Christum
1751 1146 1808 1191 ut

223 1223 462 1278 ardeat?
495 1225 561 1280 Et
615 1226 835 1296 quidem
873 1235 1024 1282 tanto
1080 1228 1252 1298 major
1287 1229 1371 1285 his
1411 1238 1492 1283 est
1545 1231 1804 1296 charitas,

223 1316 374 1384 quod
419 1317 557 1383 haec,
599 1319 717 1372 sive
767 1333 957 1382 unum,
990 1321 1108 1374 sive
1138 1320 1344 1383 omnia,
1395 1321 1514 1375 sine
1545 1322 1806 1376 charitate

223 1409 361 1463 nihil
397 1411 614 1478 penitus
648 1411 898 1466 utilitatis
926 1411 1158 1466 aﬂ'erant
1206 1411 1313 1466 illis
1342 1426 1369 1464 a
1396 1413 1594 1480 quibus
1629 1414 1808 1480 possi—

221 1499 449 1555 dentur.
483 1499 661 1565 Quare
688 1502 1005 1570 quicunque
1038 1512 1086 1554 et
1129 1516 1157 1554 a
1190 1501 1476 1564 charitate,
1507 1509 1560 1553 et
1590 1501 1657 1554 ab
1687 1501 1806 1555 istis

221 1591 571 1645 enumeratis
604 1593 861 1646 omnibus
918 1593 1096 1646 nudus
1130 1599 1236 1655 est,
1268 1592 1358 1646 dic
1402 1592 1556 1656 mihi,
1582 1592 1673 1646 ubi
1711 1607 1809 1660 ap-

224 1696 256 1748 p
295 1681 480 1734 rebit?
510 1682 637 1750 quid
680 1682 879 1737 faciet?
924 1683 1203 1752 quomodo
1251 1681 1714 1751 interrogantibus
1748 1697 1805 1737 se

226 1771 445 1826 ﬁdelem
500 1786 626 1826 esse
680 1774 1012 1842 respondere
1075 1773 1338 1828 audebit?
1400 1773 1802 1827 Attendendum

223 1862 396 1930 igitur
429 1863 503 1916 ita
529 1864 769 1932 IOquenti
800 1865 867 1918 dc
894 1855 1178 1919 charitate.
1213 1864 1388 1919 Sedco
1436 1865 1490 1918 in
1515 1864 1650 1918 cella
1686 1880 1804 1918 mea

222 1962 392 2007 nocte
420 1960 516 2005 aut
560 1954 667 2016 die,
701 1957 874 2017 adest,
911 1964 968 2008 ttt
1017 1973 1122 2010 non
1175 1963 1460 2025 appareat,
1504 1964 1558 2008 ct
1592 1962 1648 2006 ttt
1699 1969 1805 2007 non

222 2056 616 2115 cognoscatur,
651 2047 912 2103 charitas.
945 2045 1009 2102 Et
1037 2063 1157 2102 cum
1187 2057 1339 2101 extra
1371 2055 1648 2102 creaturas
1683 2061 1807 2100 ont-

223 2153 347 2200 nes,
387 2153 719 2205 rursumque
750 2154 873 2191 cum
907 2139 1163 2194 omnibus
1209 2139 1302 2205 sit,
1332 2149 1412 2194 est
1447 2139 1606 2210 ignis,
1641 2148 1692 2192 et
1722 2146 1806 2193 cst

224 2217 435 2297 fulgor,
466 2228 524 2281 ﬁt
553 2229 772 2282 luminis
804 2231 1021 2297 nebula,
1058 2232 1115 2285 iit
1142 2233 1223 2286 sol
1259 2232 1513 2300 denique.
1547 2232 1614 2287 Ut
1642 2232 1802 2302 ignis,

223 2323 470 2374 animam
497 2321 767 2388 calefacit,
801 2332 853 2376 et
899 2337 994 2376 cor
1027 2339 1202 2378 meum
1235 2325 1498 2387 incendit,
1543 2335 1706 2393 atque
1737 2325 1802 2376 ad

223 2411 565 2466 d--siderium
593 2422 646 2464 et
668 2427 909 2465 amorem
939 2414 1256 2468 Conditoris
1299 2420 1621 2470 exsuscitat.
1653 2415 1804 2468 Alfa-

223 2504 320 2554 titu
377 2511 559 2555 autem
603 2501 1016 2570 inﬂammatum,
1072 2513 1126 2558 et
1175 2505 1357 2559 animo
1405 2507 1706 2573 ardentem,
1744 2515 1804 2560 ut

224 2594 488 2662 splendor
517 2595 732 2650 lucidus
754 2609 837 2650 me
871 2604 979 2648 tota
1005 2598 1383 2661 etrcumvolat,
1412 2611 1475 2651 ac
1500 2598 1681 2651 radios
1712 2612 1803 2651 co-

221 2701 424 2741 ruscos
456 2687 512 2740 in
556 2687 794 2740 animam
849 2703 1023 2741 meam
1071 2688 1224 2754 jacit.
1274 2697 1622 2758 mentemque
1654 2690 1800 2748 ,illu-

221 2789 434 2842 strans,
484 2783 538 2831 et
583 2778 951 2846 perspicacem
1005 2780 1256 2844 reddens,
1309 2781 1373 2833 ad
1408 2781 1796 2835 sublimitatem

223 2868 705 2935 contemplationis
728 2870 974 2923 idoneam
1003 2869 1150 2926 facit.
1174 2872 1333 2940 Atqui
1358 2874 1445 2926 hic
1470 2882 1606 2936 erat,
1632 2889 1795 2942 quem

223 2959 442 3013 timoris
477 2959 662 3015 ﬂorem
701 2975 822 3015 esse
848 2977 1014 3031 supra
1050 2963 1184 3017 dixi.
1224 2962 1349 3018 Viso
1380 2975 1560 3020 autem
1613 2967 1795 3036 splen-

222 3044 376 3109 dore,
418 3053 473 3100 et
503 3047 759 3115 impletus
791 3051 986 3116 gaudio
1018 3051 1344 3116 incredibili,
1390 3069 1496 3107 non
1533 3069 1652 3108 sum
1697 3057 1789 3110 la:-

1916 606 2089 644 meam
2122 605 2286 645 sensu
2320 589 2596 644 mundano
2632 587 2803 646 exuit.
2831 595 2884 639 et
2913 585 3155 640 vicissim
3183 600 3346 640 sensu
3387 586 3473 638 in-

1915 681 2208 734 telieetuali
2241 698 2323 734 me
2371 680 2564 733 induit.
2599 678 2679 731 Ah
2710 677 2795 731 his
2827 691 2943 746 quas
2973 677 3226 730 videntur
3276 691 3359 729 me
3389 690 3474 729 se-

1912 773 2096 836 clusit,
2124 781 2319 826 etcum
2353 771 2438 826 his
2467 784 2586 840 quae
2616 784 2721 823 non
2751 766 3001 821 videntur
3033 767 3339 836 colligavit;
3370 764 3473 820 do~

1912 864 2060 918 navit
2117 865 2247 918 mihi
2301 864 2596 917 increatum
2656 862 2861 921 videre.
2915 868 2968 914 et
3021 860 3190 912 laetari
3237 858 3381 928 quod
3441 871 3470 909 a

1911 955 2128 1017 creatis,
2159 963 2213 1008 et
2245 955 2569 1016 visibilibus,
2602 962 2655 1007 et
2686 951 2834 1007 brevi
2867 950 3216 1022 pereuntibus
3253 964 3472 1020 separa-

1909 1056 1998 1100 tus
2025 1061 2222 1110 essem,
2255 1055 2308 1100 et
2360 1046 2685 1112 conjunctus
2731 1058 2855 1097 cum
2907 1041 3174 1102 incrcato,
3205 1055 3326 1093 cum
3371 1041 3472 1091 im-

1909 1140 2144 1199 mortali,
2177 1149 2231 1192 et
2262 1140 2350 1207 qui
2383 1144 2535 1191 caret
2568 1136 2855 1205 principio,
2890 1142 2944 1189 et
2977 1147 3006 1186 a
3039 1132 3255 1187 nemine
3295 1130 3467 1186 videri

1907 1239 2104 1302 potest.
2135 1231 2239 1285 Ista
2270 1231 2412 1284 enim
2451 1229 2691 1283 charitas
2724 1236 2827 1281 est.

1978 1319 2327 1374 lntendantus
2362 1332 2610 1381 cursum,
2667 1329 2699 1367 ο
2735 1313 2939 1374 ﬁdeles,
2969 1311 3281 1364 laboremus
3313 1307 3467 1362 festi-

1908 1427 2038 1466 nare
2065 1426 2278 1479 segnes,
2324 1410 2624 1464 excitemur
2660 1403 2860 1475 ignavi,
2908 1413 2964 1457 ut
3000 1402 3281 1456 charitatis
3321 1415 3472 1454 com-

1908 1512 2084 1570 potes,
2113 1500 2232 1568 ejus
2261 1501 2494 1568 amplius
2527 1498 2718 1552 iiamus
2753 1494 3069 1565 participes.
3094 1501 3147 1546 et
3176 1493 3251 1544 ita
3282 1491 3349 1545 ab
3387 1489 3472 1543 his

1910 1593 2071 1647 rebus
2108 1592 2389 1654 abeuntes,
2425 1598 2630 1644 etcum
2672 1587 2758 1640 illa
2792 1600 2820 1638 a
2865 1582 3176 1638 visibilibus
3228 1581 3468 1642 adducti,

1908 1683 2136 1736 Domino
2167 1683 2486 1737 assistamus
2515 1698 2528 1733 :
2559 1695 2628 1734 ne
2686 1674 2891 1745 alioqui
2939 1674 3060 1729 sine
3097 1671 3364 1725 charitate
3414 1670 3468 1722 in

1909 1774 2012 1839 his,
2047 1787 2169 1842 quas
2226 1773 2328 1826 sub
2369 1770 2582 1825 videndi
2637 1780 2857 1824 sensum
2918 1763 3141 1828 cadunt,
3203 1769 3256 1815 ot
3292 1759 3346 1814 itt
3382 1759 3469 1812 his

1909 1864 2176 1920 creaturis
2223 1873 2280 1916 ut
2335 1872 2597 1917 creaturae
2642 1861 2835 1925 relicti,
2896 1859 2951 1914 in
3009 1857 3131 1927 igne
3184 1851 3468 1918 Tartareo,

1909 1957 2374 2024 horribilibusque
2393 1955 2677 2024 suppliciis
2699 1947 3218 2014 inveniamur.Quod
3243 1944 3286 2000 si
3305 1943 3468 1997 etiam

1907 2053 2104 2105 salvari
2139 2051 2281 2111 licet,
2317 2049 2432 2103 sive
2458 2053 2576 2108 hac,
2609 2047 2826 2100 Christe
2859 2044 3015 2106 bone,
3052 2036 3326 2109 quomodo
3349 2043 3470 2088 tan-

1905 2144 2025 2197 dem
2060 2141 2222 2195 licet?
2267 2139 2320 2193 Si
2351 2154 2378 2191 a
2413 2139 2531 2192 lnce
2563 2151 2900 2206 separemur,
2935 2137 3027 2202 qui
3064 2130 3317 2186 tenebras
3344 2124 3473 2180 εσυ-

1904 2234 2148 2304 giemus?
2175 2231 2227 2284 Si
2270 2229 2468 2300 gaudio
2508 2229 2803 2296 privemur,
2839 2225 3061 2294 quinam
3095 2219 3314 2274 tristitia
3344 2216 3474 2271 libe-

1904 2326 2182 2380 rabimttr?
2207 2322 2456 2376 Thalami
2481 2322 2726 2389 ingressu
2761 2314 3046 2386 prohibiti,
3073 2309 3348 2381 quomodo
3377 2307 3472 2361 la:-

1904 2417 2178 2473 tabimnr?
2217 2413 2434 2469 Exclusi
2488 2426 2674 2481 regno,
2732 2417 2826 2461 tuo
2859 2411 3181 2474 conspectu,
3224 2401 3471 2469 inquam,

1906 2512 2178 2573 Salvator,
2236 2521 2393 2576 quam
2431 2504 2592 2557 aliam
2633 2502 2886 2564 salutem,
2933 2511 3097 2567 quam
3135 2491 3472 2548 consolatio-

1904 2617 2050 2662 nem.
2094 2610 2186 2655 aut
2236 2614 2344 2667 quo
2377 2597 2590 2650 demum
2642 2593 2748 2646 alio
2783 2592 2834 2645 in
2888 2591 3006 2644 loco
3036 2584 3282 2641 invenire
3317 2590 3471 2652 pote-

1900 2692 2117 2749 rimus?
2167 2689 2305 2743 Vere
2336 2700 2605 2753 nusquam
2641 2681 2888 2745 omninu,
2915 2677 3132 2734 etiamsi
3166 2675 3219 2729 id
3250 2673 3472 2745 quibus-

1901 2787 2024 2840 dam
2047 2782 2363 2852 insipienter
2396 2777 2644 2832 videatur
2675 2789 2688 2828 :
2717 2773 2982 2843 insipiens
3014 2778 3099 2826 est
3126 2767 3272 2824 enim
3298 2764 3394 2837 qui
3419 2765 3473 2820 id

1901 2875 2060 2930 dicit.

1976 2969 2241 3024 Occurret
2271 2972 2447 3020 autem
2482 2963 2752 3033 quispiam
2789 2960 3042 3023 fortasse,
3071 2954 3349 3029 quomodo
3379 2968 3475 3009 ex-

1902 3075 1980 3117 tra
2019 3074 2244 3129 regnum
2296 3058 2583 3119 caelorum,
2622 3054 2901 3123 quomodo
2953 3061 3110 3106 extra
3146 3049 3473 3107 thalamum.

221 3144 370 3190 tatus
416 3136 562 3205 quod
614 3139 896 3194 vidissem.
958 3140 1060 3196 Sed
1109 3144 1226 3213 ipse
1279 3161 1401 3198 cum
1452 3148 1660 3202 caelesti
1709 3164 1796 3204 me
1823 3167 1866 3226 ο
1899 3163 1950 3208 et
1983 3167 2172 3222 agmen
2202 3149 2476 3218 justorutn
2508 3147 2660 3199 locus
2701 3143 2842 3198 alius
2880 3142 3098 3207 salutis,
3136 3147 3229 3193 aut
3265 3136 3473 3206 requiei

220 3228 424 3298 gaudio
482 3229 840 3297 implevisset,
892 3233 1147 3297 avolavit,
1209 3251 1507 3305 secumque
1561 3247 1797 3293 mentem

219 3333 425 3378 tneam,
457 3327 510 3371 et
542 3335 788 3385 sensum,
818 3331 866 3374 8|
916 3338 1130 3377 omnem
1167 3343 1347 3380 rerum
1399 3330 1800 3384 mundanarutn

220 3410 582 3475 cupiditatem
615 3413 863 3467 abstulit.
898 3414 964 3468 Et
995 3416 1290 3484 insequens
1316 3434 1431 3472 mea
1462 3438 1613 3474 mens
1651 3437 1804 3476 com-

223 3500 568 3570 prehendere
606 3504 780 3554 visum
812 3503 1152 3572 splendorem
1187 3507 1529 3562 desiderabat
1565 3527 1578 3563 ε
1613 3527 1799 3566 verum

223 3603 332 3641 non
367 3588 685 3641 inveniebat
727 3603 848 3643 eum
881 3599 1212 3659 Creaturam,
1261 3610 1360 3647 nec
1395 3595 1468 3648 illi
1498 3596 1800 3664 jucundum

222 3679 528 3739 accidebat,
555 3694 585 3732 e
607 3681 872 3734 creaturis
900 3697 1125 3750 prorsus
1150 3687 1433 3747 excedere,
1461 3697 1516 3740 ut
1551 3689 1805 3756 splendo-

222 3786 336 3825 rem
375 3771 530 3823 illum
576 3769 826 3830 iucreati.
863 3783 914 3826 et
963 3775 1402 3844 ineomprehcusi
1442 3780 1802 3845 Comprehen-

220 3863 399 3916 deret.
432 3860 804 3917 Nihilominus
835 3865 1164 3919 circumibat
1210 3873 1413 3931 omnia,
1456 3880 1507 3924 et
1541 3871 1690 3924 illum
1726 3871 1808 3925 vi-

223 3955 356 4008 dere
381 3955 711 4007 conabatur.
742 3955 1106 4010 Scrutabatur
1133 3974 1334 4022 acrem,
1367 3962 1566 4014 caelum
1597 3962 1803 4027 obibat,

224 4046 460 4116 abyssos
492 4047 939 4114 perambulabat,
969 4056 1020 4102 et
1051 4059 1290 4103 extrema
1320 4051 1528 4110 mundi.
1576 4063 1633 4104 ut
1660 4054 1806 4108 vide-

223 4139 410 4202 batur,
447 4137 851 4207 pervestigabat
903 4140 1362 4211 excutiebatque;
1435 4143 1528 4197 sed
1561 4145 1698 4197 nihil
1751 4145 1806 4199 in

227 4232 312 4284 his
369 4230 632 4284 omnibus
689 4230 1018 4295 inveniebat,
1068 4241 1251 4285 creata
1302 4233 1446 4286 enim
1501 4236 1704 4288 omnia.
1745 4235 1809 4288 Et

226 4322 596 4387 lamentabar,
630 4332 684 4376 et
715 4323 984 4390 lugebam,
1023 4334 1074 4377 et
1100 4325 1412 4379 medullitus
1449 4327 1725 4391 ardebant,
1755 4335 1809 4382 et

225 4415 392 4468 veluti
451 4425 636 4468 mente
673 4415 942 4468 alienatus
995 4417 1074 4470 sic
1117 4417 1387 4472 vivebam.
1449 4417 1606 4472 Venit
1642 4420 1808 4488 igitur

1906 3262 2012 3299 non
2041 3241 2181 3296 erit?
2220 3240 2430 3292 Stultus
2477 3253 2558 3301 es,
2614 3235 2792 3305 inquit
2818 3233 3082 3294 charitas,
3117 3245 3225 3284 non
3271 3227 3474 3283 audisti

1907 3338 2141 3407 primum
2171 3345 2378 3404 patrem
2414 3340 2563 3382 tuum
2598 3328 2860 3379 Adamum
2892 3322 3110 3376 unicum
3156 3320 3471 3374 mandatum

1905 3429 1958 3482 in
2009 3427 2261 3496 paradiso
2306 3432 2739 3489 transgressum,
2787 3414 3051 3470 nudatum
3117 3426 3238 3465 esse
3290 3408 3473 3463 divina

1903 3520 2096 3590 gloria,
2123 3524 2176 3571 et
2214 3515 2377 3568 Evam
2404 3527 2526 3566 cum
2563 3511 2681 3579 ipso
2716 3523 2838 3561 mox
2873 3506 2998 3560 inde
3049 3502 3274 3572 cjectam
3306 3502 3359 3555 in
3381 3515 3476 3554 ex-

1906 3611 2109 3672 silium,
2144 3621 2242 3678 pro
2292 3602 2540 3659 mercede
2572 3598 2869 3669 voluptatis
2905 3597 3006 3650 heu
3056 3595 3252 3648 misere
3300 3599 3474 3645 morte

1906 3711 2145 3770 recepta,
2183 3707 2235 3753 et
2268 3698 2373 3751 vita
2401 3693 2694 3748 sudoribus
2722 3704 2784 3744 ac
2815 3686 3096 3741 laboribus
3123 3685 3301 3754 plena.
3337 3683 3472 3770 proh

1906 3768 2061 3844 dolor
2093 3788 2271 3854 ljuste
2298 3784 2520 3838 statutis
2553 3796 2583 3834 a
2633 3784 2738 3835 Deo
2763 3789 2819 3831 et
2847 3775 3057 3831 vivendi
3105 3783 3158 3826 et
3205 3768 3473 3824 moriendi

1908 3874 2282 3947 temporibus?
2312 3873 2401 3927 Sic
2432 3871 2672 3924 futurum
2718 3865 2990 3927 existima,
3038 3877 3163 3917 cum
3205 3859 3471 3928 judicium

1907 3967 2272 4023 exercebitur.
2303 3964 2431 4018 Nam
2457 3961 2549 4032 qui
2581 3975 2610 4012 a
2643 3958 2819 4012 divina
2847 3955 3039 4025 gloria,
3071 3961 3128 4004 ut
3153 3953 3241 4006 ille
3286 3963 3474 4004 revera

1907 4058 2086 4112 nudus
2129 4055 2311 4118 fuerit,
2345 4054 2529 4106 statim
2571 4063 2600 4102 a
2649 4045 2924 4117 paradiso,
2970 4053 3022 4096 et
3070 4055 3198 4094 sane
3232 4054 3262 4092 a
3309 4052 3474 4107 regno

1909 4148 2209 4211 etelorum,
2267 4143 2585 4208 cmlestique
2641 4136 2880 4191 thalamo
2914 4132 3177 4198 abigetur,
3223 4127 3473 4198 quamvis

1911 4247 2192 4310 peccatum
2228 4250 2337 4288 non
2367 4231 2638 4295 habuerit,
2670 4227 2764 4282 sed
2797 4224 3088 4280 virtutibus
3119 4234 3321 4274 vacuus
3345 4219 3476 4272 asti-

1910 4308 2054 4386 terit.
2079 4327 2334 4383 Omnium
2369 4338 2530 4392 porro
2563 4321 2823 4373 virtutum
2855 4317 3052 4384 prima,
3085 4314 3264 4382 regina
3292 4319 3344 4363 et
3375 4308 3473 4362 do-

1910 4426 2055 4478 mina
2085 4420 2324 4474 charitas
2351 4424 2434 4470 est
2462 4412 2726 4485 profecto.
2757 4410 2853 4463 Illa
2886 4417 3065 4477 caput,
3105 4414 3158 4459 et
3186 4403 3478 4458 vestimen-

225 4516 518 4576 postquam
550 4506 740 4568 voluit,
776 4515 829 4560 et
862 4507 915 4560 in
946 4508 1182 4576 speciem
1233 4509 1423 4562 Incidm
1469 4511 1680 4563 nebulae
1731 4512 1801 4562 ir-
1837 4515 1880 4569 D
1914 4525 2051 4579 tum,
2080 4522 2134 4568 et
2159 4513 2328 4583 gloria
2361 4520 2440 4565 est
2463 4506 2733 4562 omnium.
2772 4503 2903 4556 Sine
2943 4500 3119 4569 capite
3150 4505 3326 4550 autem
3350 4508 3478 4548 cor-

226 4612 423 4660 ruens,
477 4603 650 4650 totum
687 4609 851 4665 caput
881 4613 1058 4651 meum
1107 4601 1347 4654 insidere
1396 4601 1701 4666 videbatur,
1748 4611 1803 4653 ut

225 4687 645 4756 obstupefactus
672 4689 1055 4742 exclatnarem.
1110 4695 1177 4742 At
1216 4691 1305 4743 ille
1347 4707 1538 4746 rursus
1574 4694 1800 4747 avolans

229 4783 410 4836 solum
448 4797 533 4836 tne
561 4783 823 4850 reliquit;
859 4799 1019 4853 quem
1055 4801 1177 4838 cum
1211 4801 1439 4854 operose
1480 4803 1801 4856 quaererent,

231 4871 430 4926 iterum
473 4881 693 4938 repente
717 4874 770 4925 iu
807 4890 890 4928 me
924 4876 1201 4936 inventum
1231 4877 1420 4939 didici,
1457 4887 1510 4932 et
1545 4881 1595 4931 itt
1631 4879 1806 4935 medie

232 4964 422 5017 cordis
455 4965 560 5017 mei
604 4973 660 5016 ut
688 4965 866 5018 lumen
903 4966 1078 5020 instar
1108 4969 1327 5022 rotundi
1365 4969 1499 5022 solis
1526 4971 1674 5023 visus
1700 4978 1805 5023 est.

231 5055 370 5107 Cum
399 5056 482 5108 sic
511 5057 871 5124 apparuisset,
905 5061 1411 5130 cognovissetnque,
1454 5071 1506 5115 et
1546 5062 1807 5128 suscipis-

233 5160 369 5213 scm,
413 5148 634 5216 globum
670 5148 980 5203 daemonum
1016 5152 1071 5204 in
1106 5152 1287 5222 fugam
1329 5155 1512 5221 vertit,
1549 5155 1808 5210 timidita-

309 5353 352 5384 ²¹
383 5351 400 5407 l
429 5353 561 5409 Cor.
595 5368 714 5420 xm,
739 5353 792 5407 1.

237 5575 634 5630 occultaretur?
663 5573 806 5646 Ergo
838 5587 1054 5642 quando
1080 5573 1332 5631 Christus
1361 5590 1422 5629 ex
1452 5577 1800 5646 praesentium

239 5657 462 5710 aSpH‘Jll
500 5643 878 5702 evanescebat.
916 5658 1021 5696 non
1061 5648 1382 5698 movebatur
1411 5643 1467 5698 ut
1517 5649 1654 5700 Deus
1687 5658 1802 5700 erat

242 5715 487 5768 Ini-aliter
529 5732 542 5767 :
582 5712 685 5766 etsi
717 5713 966 5764 localiter
997 5718 1313 5766 movebatur
1364 5725 1420 5766 ttt
1455 5717 1616 5769 homo
1647 5727 1759 5768 erat
1786 5736 1798 5780 ;

239 5787 385 5842 quod
420 5783 638 5838 Simeon
673 5790 929 5848 testatur,
957 5799 1084 5835 cum
1110 5783 1175 5838 de
1203 5786 1301 5839 (th
1320 5785 1422 5839 isto
1448 5797 1805 5841 cvancsccnte

1911 4623 2013 4677 pus
2047 4615 2343 4667 mortuum,
2378 4615 2441 4653 ac
2486 4599 2605 4652 sine
2637 4595 2833 4665 spiritu
2864 4603 2967 4647 est.
3015 4591 3227 4657 Corpus
3271 4586 3477 4656 absque

1910 4701 2229 4754 chtitnento
2253 4709 2359 4763 quo
2388 4701 2545 4762 pacto
2570 4689 2772 4742 nudum
2804 4699 2910 4738 non
2944 4682 3060 4734 est?
3096 4680 3330 4734 Virtutes
3355 4679 3475 4732 sine

1908 4791 2172 4845 charitate
2208 4785 2458 4840 marcida:
2485 4789 2538 4836 ct
2564 4779 2785 4835 inutiles
2816 4784 2981 4829 sunt:
3009 4781 3061 4827 et
3085 4771 3176 4840 qui
3208 4771 3474 4824 charitate

1906 4880 2160 4951 praeditus
2195 4892 2298 4930 non
2328 4885 2431 4936 est,
2460 4889 2488 4925 a
2520 4871 2690 4940 gloria
2715 4867 2810 4920 Dci
2847 4863 3025 4918 nudus
3052 4873 3135 4916 est
3160 4879 3176 4929 ;
3209 4871 3259 4915 et
3288 4875 3476 4930 quam—

1906 4973 1987 5026 vis
2017 4970 2258 5025 omnium
2291 4969 2551 5020 virtutum
2592 4977 2812 5029 compos
2859 4962 2953 5021 sit.
3003 4957 3180 5012 nudus
3232 4962 3391 5016 astat,
3421 4959 3475 5005 et

1907 5061 2206 5116 nuditatem
2240 5072 2396 5111 suam
2433 5071 2540 5109 non
2565 5054 2766 5114 ferens,
2795 5049 3058 5104 occultari
3086 5045 3306 5098 mavult.
3337 5041 3469 5093 Nam

1906 5167 2029 5207 cum
2089 5151 2169 5206 sic
2207 5149 2443 5204 dedecus
2493 5161 2558 5199 ac
2606 5143 2996 5214 turpitudinem
3057 5139 3270 5201 habeat,
3307 5135 3472 5190 ctiam

1911 5579 1986 5629 sic
2020 5577 2240 5632 scribit:
2277 5578 2611 5643 Assumptam
2649 5581 2822 5625 autem
2851 5579 3152 5643 creaturam
3181 5569 3467 5643 (humani—

1910 5656 2075 5699 tatent
2135 5647 2344 5699 scilicet
2377 5638 2558 5764 suam?|
2592 5643 2765 5695 celans
2815 5652 2904 5693 aut
2937 5644 2987 5693 in
3019 5640 3236 5692 sublime
3272 5641 3323 5690 in
3354 5638 3471 5706 glo-

1912 5718 2044 5764 riam
2075 5733 2245 5764 suam-
2289 5728 2416 5764 rte”
2442 5731 2527 5764 ere
2563 5730 2651 5764 ens
2680 5717 2763 5764 {ett
2795 5720 2998 5764 motum
3038 5710 3258 5764 lucalcm
3311 5708 3469 5760 Chri-

1912 5718 2044 5768 riam
2075 5733 2245 5774 suam,
2289 5728 2416 5777 rte.,
2442 5708 2651 5766 crchens
2680 5717 2763 5779 (en
2795 5720 2998 5764 motum
3038 5710 3258 5765 lucalcttt
3311 5708 3469 5760 Chri-

1910 5790 1977 5840 sti
2012 5787 2269 5847 hominis)
2308 5785 2447 5838 illico
2473 5783 2905 5840 abscondebatur.
