4156 6340
705 395 806 459 5Ἱ9

1911 380 2273 447 SIMEONIS
2307 375 2667 439 JUNIORIS

3827 358 3944 425 5ἷο

705 508 1105 565 damnationem
1155 509 1340 569 habet,
1385 515 1441 563 et
1473 506 1623 561 audit
1671 505 1738 561 ab
1769 504 2142 557 universorum
2174 498 2260 567 ju-
2294 496 2338 553 Α
2368 494 2412 549 si
2443 496 2559 564 ipse
2582 507 2798 562 quoque
2823 490 3106 547 mendicus
3131 489 3249 554 fias,
3279 486 3547 557 planeque
3570 495 3665 552 ραν
3696 478 3944 548 pretim"

705 603 845 662 dice,
875 614 981 653 non
1017 598 1137 653 novi
1172 609 1241 653 te.
1276 597 1435 651 Venit
1472 599 1525 651 in
1558 597 1701 649 hunc
1728 596 1985 648 mundum
2014 592 2263 655 Creator,

708 707 907 760 corpus
933 701 982 745 et
1023 692 1261 745 animam
1299 691 1615 757 assumpsit.
1655 688 1905 756 deditque
1938 686 2096 740 nobis
2124 684 2267 738 divi-

707 796 836 835 num
871 782 1159 850 Spiritum,
1187 783 1288 848 qui
1334 790 1417 835 est
1449 780 1709 832 Charitas.
1757 777 1812 829 Si
1861 778 2041 844 itaque
2074 776 2177 837 vis,
2217 780 2271 825 et

711 860 887 941 placet
920 872 1013 925 tibi
1045 871 1288 924 divinum
1323 871 1569 925 obtinere
1616 869 1899 936 Spiritum,
1958 864 2115 918 crede
2160 864 2270 916 Deo

708 966 966 1035 perfecte,
1015 976 1069 1021 et
1118 965 1324 1034 abnega
1386 975 1437 1019 te
1498 963 1732 1032 perfecte
1802 961 2085 1023 similiter;
2145 957 2270 1011 tolle

709 1073 928 1113 crucem
967 1058 1083 1112 sine
1113 1055 1458 1111 haesitatione
1488 1057 1542 1109 in
1574 1056 1851 1117 humeros,
1901 1068 1964 1106 ac
1997 1050 2271 1120 proposito

709 1158 762 1203 et
816 1151 1094 1202 voluntate
1149 1162 1385 1217 morere,
1439 1146 1536 1208 fili,
1587 1154 1643 1199 ut
1703 1147 1866 1199 vitam
1916 1141 2267 1197 immortalem

711 1240 1035 1307 adipiscare.
1068 1238 1144 1293 Ne
1180 1249 1231 1291 te
1265 1239 1597 1308 impostores
1644 1235 1931 1290 fallacibus
1963 1234 2124 1287 dictis
2154 1233 2271 1287 suis

713 1330 1017 1400 decipiant,
1054 1330 1352 1384 morientes
1378 1338 1498 1397 post
1532 1340 1759 1383 mortem
1794 1328 1957 1381 vitam
2004 1325 2287 1398 accipere,

712 1439 780 1478 ne
821 1423 1075 1478 credulus
1131 1423 1463 1493 negligenter
1525 1436 1676 1492 agas,
1738 1428 1792 1475 et
1836 1419 1956 1473 vitae
2003 1419 2274 1487 particeps

712 1514 935 1569 minimc
969 1516 1084 1568 fias.

781 1610 918 1661 Audi
945 1610 1107 1664 verba
1133 1608 1246 1668 Dei.
1273 1604 1816 1677 audi'apostolorum,
1834 1604 1958 1659 audi
1986 1602 2273 1669 magistro-

714 1716 832 1754 rum
863 1699 1139 1755 Ecelesite.
1170 1699 1307 1767 Quid
1336 1700 1587 1754 Christus
1620 1700 1673 1752 in
1701 1700 1862 1751 horas
1891 1696 2127 1751 clamat?
2153 1694 2280 1747 Flu-

714 1792 861 1844 mina
896 1792 963 1846 de
1007 1800 1195 1846 ventre
1259 1792 1313 1845 in
1353 1806 1437 1845 me
1496 1790 1834 1844 credentium
1890 1787 2055 1840 fluent
2107 1786 2275 1840 divini
2310 1822 2352 1877 Β

715 1882 906 1947 fontis,
939 1899 1093 1954 aquae
1130 1898 1346 1951 semper
1380 1883 1613 1938 viventis
1635 1884 1699 1935 ”.
1743 1879 1914 1947 Quam
1947 1882 2103 1934 aliam
2138 1880 2278 1934 hanc

715 1991 949 2044 aquam,
996 1976 1098 2029 nisi
1167 1975 1409 2045 Spiritus
1467 1977 1643 2031 sancti
1703 1976 1930 2045 gratiam
1991 1973 2277 2042 intelligit?

715 2062 944 2139 blandos
976 2075 1153 2118 autem
1186 2066 1351 2119 corde
1396 2068 1582 2121 beatos
1632 2064 2009 2129 nominans“,
2055 2065 2131 2117 ait
2180 2066 2277 2119 bos

719 2153 888 2209 Deum
944 2156 1031 2209 hic
1068 2156 1302 2210 visuros.
1337 2157 1581 2225 Apostoli
1642 2171 1770 2211 vero
1823 2165 1877 2211 et
1917 2156 2162 2223 magistri
2208 2156 2277 2209 ad

716 2258 883 2297 unum
935 2259 1125 2300 omnes
1159 2247 1423 2310 clamant,
1461 2248 1549 2304 hic
1607 2246 1867 2319 Spiritum
1922 2257 2191 2311 sanctum,
2226 2258 2279 2302 et

714 2332 994 2389 Christum
1033 2337 1435 2406 accipiendum,
1472 2339 1519 2395 si
1557 2341 1771 2406 quidem
1822 2340 2050 2394 salutem
2091 2355 2282 2394 conse-

716 2424 891 2479 Cuturi
921 2424 1113 2481 simus.
1142 2428 1403 2483 Ausculta
1430 2445 1615 2484 vocem
1647 2430 1877 2493 Demini,
1906 2430 2029 2484 audi
2058 2430 2277 2484 verbum

716 2510 903 2580 Verbi,
938 2517 1212 2585 quomodo
1243 2534 1465 2589 regnum
1499 2521 1759 2575 caelorum
1790 2521 1900 2587 jam
1928 2537 2071 2576 nunc
2099 2521 2279 2574 homi-

714 2602 874 2656 nibus
908 2604 1282 2674 accipiendum
1340 2608 1627 2675 signiﬁcet.
1692 2609 1878 2665 Simile
1933 2621 2030 2675 est,
2080 2610 2276 2680 inquit,

712 2696 958 2759 pretiosa:
1014 2701 1321 2767 margarita
1376 2701 1444 2752 '3.
1500 2700 1844 2769 Margaritam
1917 2718 2039 2755 cuin
2100 2704 2279 2767 audis,

715 2787 970 2853 quidnam
1017 2791 1259 2857 cogitas?
1291 2807 1413 2844 nmn
1450 2793 1591 2845 hanc
1622 2807 1792 2859 genus
1819 2793 2012 2861 lapidis
2048 2810 2168 2849 esse
2197 2797 2279 2848 di-

716 2879 892 2933 dicis?
930 2895 996 2934 an
1056 2884 1144 2949 qui
1187 2885 1357 2938 teneri
1417 2887 1660 2949 omnino,
1698 2902 1763 2940 an
1818 2887 1910 2954 qui
1971 2887 2144 2941 videri
2179 2890 2280 2942 ali-

718 2982 979 3039 quantum
1020 2976 1238 3041 potest?
1264 2976 1363 3029 Abi
1396 2991 1518 3029 cum
1563 2985 1651 3030 tua
1682 2978 2039 3045 blasphemia,
2078 2981 2279 3034 intelli-

717 3062 900 3131 gentia
933 3072 1145 3118 tantum
1190 3067 1292 3121 ista
1322 3067 1612 3135 margarita
1647 3070 1965 3137 percipitur.
2010 3051 2280 3127 Mercator

2367 585 2584 639 dedisse
2645 595 2699 638 te
2762 585 2991 653 cogites,
3046 592 3101 636 et
3154 580 3344 634 dicas:
3404 576 3536 630 Date
3585 570 3945 639 margaritam

2370 676 2523 742 mibi,
2556 675 2683 730 dedi
2741 675 2885 728 enim
2943 673 3125 727 omnia
3179 684 3321 733 mea,
3350 666 3637 722 confestim
3682 662 3873 716 audies
3914 672 3947 709 a

2368 766 2620 829 Domino,
2656 781 2777 834 quae
2830 775 2958 819 sunt
2997 765 3100 819 ista
3137 772 3225 816 tua
3255 761 3437 814 omnia
3492 773 3611 827 qua:
3641 754 3818 811 dicis?
3850 752 3946 806 Tn

2369 858 2549 911 nudus
2580 872 2839 926 egressus
2873 872 2931 910 es
2968 856 3035 909 de
3064 862 3221 907 utero
3267 850 3455 904 matris
3500 860 3626 914 tute,
3657 859 3712 903 et
3754 847 3949 901 nudus

2370 948 2424 1002 in
2465 949 2772 1016 sepulcrum
2810 929 3034 1000 omnino
3064 944 3289 1005 redibis,
3323 957 3445 1012 qttte
3494 941 3659 1009 igitur
3686 946 3775 991 tua
3812 949 3951 990 esse

2367 1037 2585 1106 jactas?
2628 1037 2835 1092 Stultus
2858 1052 2916 1092 es
2942 1036 3181 1107 penitus,
3212 1050 3319 1089 non
3354 1032 3633 1099 intelligis,
3668 1044 3765 1081 nec
3788 1028 3950 1081 acci-

2371 1134 2489 1200 pies
2514 1120 2883 1199 margaritam,
2929 1143 3028 1183 nec
3054 1130 3332 1192 continget
3360 1126 3457 1181 tibi
3498 1137 3745 1191 regnum.
3780 1119 3949 1185 Quod

2373 1226 2418 1279 si
2454 1222 3030 1293 qumcunquetandem
3067 1220 3163 1272 tibi
3203 1220 3311 1274 sint
3358 1215 3498 1271 bona
3544 1212 3948 1273 consideraris,

2374 1323 2427 1369 et
2462 1323 2513 1368 te
2540 1313 2943 1382 pauperrimum
2977 1308 3270 1380 repereris,
3302 1312 3358 1360 et
3390 1304 3661 1359 accedens
3702 1302 3775 1355 ita
3810 1314 3949 1379 eum

2374 1406 2750 1475 compellaris?
2776 1405 2983 1458 Intuere
3003 1417 3168 1466 nunc,
3199 1399 3471 1462 Salvator,
3500 1411 3595 1453 eor
3619 1406 3672 1450 et
3702 1394 3951 1449 animam

2377 1513 2548 1552 meam
2581 1499 2893 1559 contritam,
2922 1497 3240 1562 castigatam
3273 1491 3527 1564 graviter,
3555 1496 3608 1543 et
3639 1487 3957 1541 inflamma-

2377 1600 2481 1644 tam
2509 1590 2873 1645 vehementer.
2902 1589 3117 1656 Aspice,
3153 1585 3400 1650 Domine,
3429 1581 3635 1638 nudum
3674 1593 3788 1643 me;
3820 1574 3955 1629 vide

2377 1693 2645 1754 egentem,
2679 1682 2747 1736 ab
2770 1681 2912 1735 omni
2942 1682 3142 1733 virtute
3168 1678 3429 1739 alienum,
3456 1673 3587 1728 etin
3621 1671 3708 1745 his
3729 1682 3959 1724 summa

2382 1776 2715 1831 laborantem
2770 1772 3016 1841 penuria,
3070 1785 3167 1823 nec
3227 1768 3542 1830 habentem,
3576 1778 3685 1833 quo
3740 1761 3838 1814 abs
3896 1768 3957 1812 te

2381 1880 2594 1929 emam;
2632 1863 2773 1921 vide.
2808 1873 2861 1915 et
2914 1862 3175 1915 miserere
3224 1861 3330 1912 mei
3365 1859 3515 1912 solus
3555 1856 3769 1925 patiens
3802 1850 3955 1906 Deus

2383 1974 2554 2012 meus.
2589 1956 2725 2021 Quid
2752 1955 2893 2009 enim
2924 1956 2976 2007 in
3028 1955 3130 2008 hoc
3158 1952 3361 2005 mundo
3390 1949 3662 2003 inveniam
3700 1946 3955 2021 dignqu

2383 2002 2554 2012 ...ην
2595 2002 2724 2021 ψ-.-
3030 2002 3129 2008 νη,
3158 2002 3267 2005 _--_,
3302 2002 3354 2005 η
3757 2002 3783 2014 ν
3941 2002 3951 2006 ,

2381 2048 2524 2118 quod
2571 2048 2686 2098 dem
2723 2047 2774 2099 in
2817 2046 3046 2114 pretium
3081 2044 3182 2107 tui,
3223 2043 3313 2111 qui
3346 2042 3518 2096 fecisti
3551 2038 3772 2093 omnia?
3803 2002 3953 2100 Quid

2380 2153 2615 2207 namque
2639 2137 2894 2206 persolvit
2924 2137 3208 2198 meretrix,
3242 2133 3369 2203 quid
3426 2130 3732 2186 numeravit
3764 2130 3905 2180 latro
3930 2127 3956 2177 ?

2383 2228 2645 2299 Prodigus
2674 2240 2874 2292 autem,
2902 2228 3119 2290 Christe
3148 2227 3391 2293 mi,quas
3421 2224 3515 2277 tibi
3548 2238 3680 2291 opes
3703 2219 3903 2275 obtulit
3932 2220 3958 2272 ?

2384 2324 2437 2377 Si
2475 2324 2607 2383 bmc,
2636 2323 2877 2389 inquam,
2911 2320 3137 2383 dixeris,
3173 2317 3365 2371 audies
3386 2315 3652 2379 vicissim,
3677 2315 3787 2366 imo
3815 2311 3958 2365 olfe-

2378 2415 2568 2469 rcbant
2603 2414 2843 2472 divitias.
2880 2413 3117 2481 datoque
3166 2410 3310 2480 quod
3347 2409 3655 2469 habebant,
3690 2407 3959 2473 margari-

2383 2518 2488 2560 tam
2537 2515 2649 2559 toto
2700 2506 2902 2558 mundo
2958 2503 3389 2572 prmstantiorem
3434 2508 3784 2567 acreperunt.
3823 2496 3955 2551 Haec

2382 2606 2439 2651 tu
2492 2611 2731 2665 quoque.
2766 2596 2811 2649 si
2848 2597 2951 2657 vis,
2985 2594 3114 2646 mihi
3150 2592 3301 2657 affer,
3331 2602 3385 2647 et
3440 2606 3668 2660 prorsus
3699 2588 3955 2642 eamdem

2382 2690 2636 2757 accipies.
2671 2688 2806 2741 Cum
2838 2687 2920 2739 bis
2953 2686 3149 2739 accede
3180 2685 3243 2738 ad
3276 2700 3379 2745 me,
3408 2696 3458 2737 et
3502 2698 3626 2735 mox
3655 2682 3752 2739 tibi
3787 2695 3955 2733 mon-

2381 2781 2569 2834 strabo
2602 2795 2760 2847 quatn
2799 2778 2873 2831 illi
2907 2776 3184 2830 consecuti
3217 2783 3346 2830 sunt
3381 2775 3732 2843 margaritam
3770 2793 3781 2826 :
3811 2782 3861 2826 et
3898 2774 3953 2827 si

2382 2875 2552 2941 ipsam
2620 2872 3142 2933 animamrdederis,
3198 2871 3329 2924 nihil
3377 2871 3598 2939 dignum
3644 2868 3857 2921 dedisse
3897 2874 3957 2921 te

2381 2964 2742 3016 existimabis.
2801 2962 3069 3029 Quidquid
3103 2962 3335 3030 denique
3367 2975 3465 3030 pro
3518 2961 3694 3029 pretio
3736 2958 3952 3029 persol-

2380 3056 2546 3119 veris,
2578 3055 2708 3108 nihil
2735 3063 2785 3109 te
2821 3054 3052 3108 solvisse
3090 3053 3450 3107 arbitrabere.
3487 3052 3617 3121 Ego,
3652 3053 3694 3105 si
3736 3051 3802 3104 ad
3836 3064 3949 3113 mc,

718 3164 899 3209 autem
931 3156 1020 3224 qui
1051 3158 1189 3212 hanc
1216 3159 1447 3222 invenit,
1471 3175 1576 3227 qua
1606 3161 1815 3213 ratione
1844 3162 2107 3217 invenerit
2137 3180 2279 3219 nunc

2384 3154 2439 3198 ut
2491 3146 2581 3198 illa
2640 3145 2895 3199 meretrix
2922 3185 2935 3207 ,
2972 3146 3297 3208 accesseris,
3330 3141 3486 3212 plane
3515 3143 3687 3196 habeo
3713 3149 3954 3209 potesta-

718 3260 945 3315 expone.
985 3245 1039 3301 Si
1074 3263 1180 3302 non
1210 3259 1311 3312 est,
1342 3258 1397 3301 ut
1425 3266 1585 3303 manu
1622 3253 1765 3319 tangi
1834 3263 1923 3305 aut
1956 3254 2124 3307 videri
2155 3271 2282 3322 pos-

719 3337 811 3397 sit,
853 3338 940 3392 ubi
991 3338 1154 3407 igitur
1196 3339 1299 3395 iste
1355 3341 1500 3394 illam
1544 3344 1766 3411 reperit,
1808 3345 2082 3412 quomodo
2116 3346 2285 3399 vidit?

722 3427 878 3481 velim
909 3430 1039 3483 mihi
1070 3430 1240 3483 dicas.
1266 3430 1549 3495 Quomodo
1581 3432 1742 3486 etiam
1767 3434 2000 3487 venditis
2027 3436 2281 3491 omnibus

719 3518 1048 3587 comparavit
1080 3534 1196 3572 eam
1225 3535 1387 3589 quam
1424 3537 1526 3573 non
1553 3522 1777 3583 invenit,
1805 3537 1967 3591 quam
1993 3540 2098 3578 non
2128 3526 2280 3591 vidit,

718 3623 880 3677 quam
914 3610 966 3662 in
1001 3610 1256 3664 manibus
1277 3625 1385 3663 non
1426 3610 1636 3674 habuit,
1671 3626 1771 3666 nec
1803 3612 1857 3664 in
1887 3612 2065 3666 sinum
2100 3615 2281 3668 immi-

719 3701 832 3753 sit?
870 3700 1246 3769 Respondebis
1288 3703 1439 3762 mihi,
1476 3702 1578 3756 fide
1628 3704 1741 3757 sola
1784 3713 1838 3757 et
1892 3720 1988 3773 spe
2036 3706 2115 3759 sic
2151 3705 2281 3761 affe-

718 3802 866 3844 Ctum
897 3791 983 3855 iri,
1018 3806 1081 3843 ac
1112 3794 1155 3847 si
1210 3807 1330 3846 eam
1364 3794 1610 3847 haberet.
1653 3795 1813 3865 Atqui
1847 3811 1958 3849 non
2002 3797 2137 3851 dixit
2176 3797 2282 3851 Do-

722 3883 921 3957 ntinus,
949 3895 1004 3935 ut
1039 3897 1093 3936 tu
1125 3885 1430 3948 existimas,
1460 3899 1559 3939 nec
1585 3900 1679 3953 spe
1705 3886 2033 3951 inveniendi,
2063 3903 2162 3941 nec
2187 3904 2281 3956 Spe

720 3976 1022 4045 accipiendi
1054 3977 1340 4033 facultates
1371 3992 1500 4033 suas
1526 3980 1855 4035 vendidisse.
1880 3981 2018 4046 Quid
2047 3984 2283 4036 erratis?

718 4064 848 4134 quid
900 4080 1035 4119 vana
1069 4080 1164 4135 spe
1216 4068 1477 4129 nitimini,
1527 4075 1581 4121 et
1639 4068 1761 4122 aliis
1809 4069 2031 4137 quidem
2078 4071 2281 4126 frustra

720 4157 1070 4211 credentibus
1107 4158 1354 4223 exitium,
1382 4158 1533 4212 vobis
1570 4160 1774 4228 grande
1804 4160 2129 4228 supplicium
2160 4165 2281 4215 vul-

722 4248 792 4302 tis
822 4249 1075 4303 struere?
1105 4248 1209 4303 Sed
1262 4250 1453 4303 suadet
1485 4250 1606 4314 tibi,
1645 4259 1703 4303 ut
1736 4252 1883 4317 prius
1936 4255 2279 4321 margaritam

721 4338 988 4402 invenias,
1022 4347 1075 4393 ct
1111 4353 1255 4402 cum,
1291 4348 1346 4392 ut
1374 4339 1559 4402 nimis,
1589 4346 1642 4393 ct
1678 4342 1940 4396 immense
1985 4344 2279 4410 pretiosam

721 4431 1120 4497 contemplatus
1176 4429 1367 4494 fueris,
1399 4438 1529 4483 tunc
1569 4430 1805 4485 venditis
1844 4434 2101 4487 omnibus
2130 4450 2279 4489 emas
2315 4468 2356 4521 ο

720 4519 982 4573 eam..Tu
1026 4530 1212 4573 contra
1248 4522 1350 4584 ais,
1403 4520 1456 4572 in
1498 4536 1613 4588 spe,
1647 4527 1699 4574 et
1757 4522 1999 4576 ostendis
2049 4532 2101 4576 te
2141 4524 2282 4578 nolle

722 4624 989 4676 quaerere,
1026 4610 1168 4663 nolle
1218 4609 1480 4671 invenire,
1521 4610 1663 4662 nolle
1700 4609 1947 4665 fortunas
1997 4618 2118 4667 tuas
2156 4630 2285 4668 ven-

721 4700 870 4761 dere,
896 4709 953 4751 ut
1000 4699 1072 4752 ita
1109 4715 1333 4767 regnum
1376 4700 1638 4753 oculorum
1670 4701 1944 4767 arquiras,
1970 4702 2112 4771 quod
2142 4704 2282 4757 intra

722 4797 793 4850 te.
828 4787 873 4842 si
906 4789 1055 4851 velis,
1100 4790 1359 4842 Dominus
1389 4802 1510 4842 esse
1544 4790 1844 4844 affirmavit.

795 4877 903 4933 Sed
932 4878 1157 4931 forsitan
1200 4880 1251 4931 in
1284 4887 1523 4947 egestate
1554 4894 1632 4943 es,
1661 4894 1759 4933 nec
1787 4894 2003 4945 aurum,
2031 4897 2129 4938 nec
2153 4899 2278 4950 pos-

724 4970 1021 5033 sessiones,
1059 4978 1153 5022 aut
1183 4971 1402 5023 divitias
1445 4971 1611 5024 babes
1638 4988 1652 5035 ;
1684 4978 1740 5023 et
1775 4972 2000 5025 audiens
2033 4975 2278 5027 omnium

722 5061 1077 5114 distractione
1112 5060 1428 5113 facultatum
1472 5062 1904 5115 inaestimabilem
1944 5063 2088 5116 illam
2142 5078 2286 5116 mar-

722 5151 949 5216 garitam
985 5152 1113 5215 emi,
1148 5152 1305 5216 diris,
1335 5166 1455 5217 ego,
1490 5154 1579 5205 cui
1623 5151 1781 5205 nulla:
1834 5163 1958 5206 sunt
1986 5168 2141 5219 epes,
2177 5168 2281 5223 qua

724 5242 940 5291 tandem
962 5240 1043 5291 via
1074 5239 1311 5293 divinam
1345 5240 1485 5293 banc
1516 5251 1567 5293 et
1596 5240 1897 5309 Speciosam
1925 5240 2275 5293 margaritam

724 5342 1043 5395 comparare
1074 5331 1296 5396 potero?
1325 5329 1520 5382 llortor
1548 5331 1730 5398 itaque
1758 5341 1829 5395 te,
1882 5340 1941 5382 ut
1981 5345 2144 5398 super
2180 5332 2280 5384 hoc

724 5415 1001 5482 sapienter
1035 5430 1119 5470 me
1154 5416 1361 5469 audias.
1423 5415 1477 5470 Si
1533 5418 1793 5471 muadum
1849 5419 2183 5481 universmn,
2228 5427 2282 5472 et

725 5521 846 5573 qua:
899 5506 951 5558 in
1009 5510 1210 5562 mundo
1246 5518 1373 5562 sunt
1432 5509 1653 5571 trabeas,
1691 5518 1742 5563 et
1793 5524 1853 5561 ea
1894 5509 1945 5561 in
1982 5509 2278 5577 Orphanos,

726 5598 941 5663 viduas,
971 5600 1246 5654 mendicos
1266 5608 1317 5653 et
1334 5609 1552 5667 egentes
1575 5601 1851 5670 dispergas
1873 5615 1935 5654 ac
1961 5600 2279 5663 distribuas,

799 5778 845 5809 ⁸³
876 5775 1047 5833 δοίιιιν
1092 5794 1181 5842 vn,
1251 5781 1338 5834 58.
1418 5780 1461 5810 ’ί
1492 5778 1682 5834 Matth.
1717 5796 1768 5841 v,
1803 5786 1859 5835 ti.

2386 3246 2513 3296 tem,
2549 3236 2707 3301 plane
2742 3236 2913 3289 habeo
2958 3234 3300 3301 margaritas,
3338 3248 3470 3300 quas
3509 3232 3555 3287 si
3586 3228 3819 3284 mundus
3854 3242 3955 3281 ae-

2384 3328 2570 3395 cipiat,
2624 3335 2676 3379 et
2735 3341 2859 3379 cum
2903 3326 3108 3378 mundo
3167 3326 3268 3377 hoc
3330 3324 3558 3395 aiiorum
3618 3321 3951 3375 mundorum

2384 3418 2674 3489 myriades,
2710 3431 2775 3470 ne
2805 3432 2910 3470 una
2941 3416 3156 3484 quidem
3188 3414 3478 3483 margarita
3505 3414 3789 3468 thesauro
3826 3428 3953 3467 meo

2383 3508 2574 3572 deerit,
2616 3518 2670 3559 et
2702 3506 2916 3559 donabo
2978 3516 3050 3568 te,
3106 3505 3244 3559 sicut
3294 3506 3441 3559 illam
3486 3506 3703 3559 donavi.
3760 3506 3850 3559 Sic
3896 3512 3953 3559 te

2385 3600 2526 3654 Deus
2555 3597 2809 3652 aﬂabitur
2838 3607 2890 3652 et
2927 3598 3163 3657 docebit,
3199 3598 3472 3665 quoinodo
3509 3596 3572 3649 ad
3635 3613 3693 3650 se
3727 3597 3864 3648 latro
3896 3606 3953 3650 et

2384 3691 2639 3744 meretrix
2675 3688 3022 3751 accesserint,
3050 3689 3140 3755 qui
3170 3703 3266 3754 per
3289 3687 3473 3741 orbem
3500 3696 3767 3741 terrarum
3801 3685 3948 3740 fama

2382 3779 2756 3836 celebrantur;
2790 3778 3060 3846 quomodo
3096 3778 3222 3829 item
3259 3778 3401 3830 filius
3454 3776 3733 3845 prodigus,
3783 3778 3948 3829 simul

2382 3886 2448 3925 ac
2501 3886 2754 3925 reversus
2799 3878 2903 3933 est,
2963 3880 3248 3939 susceptus
3284 3869 3379 3923 sit.
3426 3869 3556 3922 Fide
3613 3884 3777 3938 porro
3810 3870 3949 3923 Ialm

2385 3962 2625 4016 salvatus
2660 3969 2763 4024 est,
2797 3963 2890 4029 qui
2914 3962 3107 4015 trnultis
3147 3969 3262 4015 erat
3299 3961 3600 4014 sceleribus
3649 3961 3945 4029 obligatus;

2385 4070 2484 4109 nec
2525 4054 2822 4117 immerito,
2853 4054 3291 4121 quandoquidem
3347 4055 3494 4106 solus
3526 4053 3661 4120 ipse,
3694 4054 3948 4107 onmibus

2382 4160 2469 4200 me
2510 4145 2852 4214 negantibus,
2910 4143 3167 4195 omnibus
3220 4141 3537 4195 scandalum
3589 4141 3943 4209 patientibus,

2384 4236 2437 4289 in
2472 4251 2636 4289 cruce
2668 4236 3011 4304 pendentem,
3043 4231 3208 4287 Deum
3234 4246 3296 4285 ac
3324 4246 3501 4299 regem
3530 4230 3816 4284 confessus
3842 4239 3945 4292 est,

2380 4338 2435 4382 et
2489 4326 2845 4380 immortalem
2887 4340 3005 4379 esse
3031 4340 3093 4375 ex
3126 4324 3303 4376 animo
3335 4323 3692 4389 exclamavit;
3745 4323 3947 4379 ideirco

2385 4421 2547 4471 etiam
2584 4425 2708 4472 ante
2736 4432 2926 4472 omnes
2970 4430 3195 4484 regnum
3234 4422 3318 4468 est
3350 4414 3597 4481 adeptus.
3648 4413 3946 4469 Meretricis

2390 4520 2591 4573 autem,
2624 4524 2861 4583 amorem
2928 4523 3046 4577 quae
3102 4506 3275 4583 oratio
3327 4507 3729 4573 consequatur?
3783 4520 3943 4576 quem

2389 4602 2596 4656 scilicet
2634 4602 2719 4654 illa
2756 4579 2809 4654 in
2847 4600 3009 4653 corde
3052 4614 3152 4653 suo
3185 4598 3455 4666 gestabat.
3491 4613 3613 4651 cum
3649 4598 3714 4650 ad
3770 4612 3858 4651 me
3890 4606 3947 4649 ut

2390 4694 2556 4746 Deum
2606 4708 2668 4746 ac
2706 4690 2987 4745 Dominum
3036 4689 3334 4747 visibilium
3369 4696 3424 4742 et
3463 4687 3821 4753 invisibilium
3855 4702 3946 4741 ae-

2390 4785 2610 4847 cedens,
2644 4800 2765 4835 eum
2806 4782 3027 4850 largiter
3056 4782 3208 4841 mihi,
3235 4788 3293 4833 ut
3316 4794 3476 4834 nemo
3508 4786 3668 4834 antea
3701 4778 3943 4833 offerret.

2388 4876 2556 4941 Quem
2596 4874 2784 4927 videns
2842 4873 3132 4941 approbavi
3169 4910 3185 4934 ,
3239 4886 3337 4925 nec
3395 4885 3633 4924 amorem
3673 4868 3823 4922 illum
3857 4884 3947 4923 ae-

2388 4968 2542 5035 cepi;
2578 4968 2667 5019 scd
2697 4967 2820 5018 data
2851 4967 2898 5017 ei
2942 4964 3253 5031 margarita,
3289 4964 3476 5032 reliqui
3510 4962 3561 5017 ei
3594 4962 3758 5017 etiam
3791 4976 3943 5015 amo~

2391 5073 2527 5121 rem,
2552 5057 2633 5109 vel
2664 5058 2841 5121 potius
2865 5055 3100 5123 amplius
3124 5069 3244 5108 cum
3275 5053 3518 5115 accendi,
3545 5062 3597 5107 et
3619 5053 3671 5106 in
3696 5050 3941 5106 flammas

2390 5146 2637 5215 ingentes
2661 5144 2913 5205 excitavi,
2946 5157 3175 5211 eamque
3221 5142 3523 5207 virginibus
3579 5141 3941 5196 honestiorem

2390 5251 2451 5289 ac
2480 5235 2923 5289 venerabiliorem
2954 5232 3158 5287 dimisi.
3196 5232 3386 5285 Subito
3411 5231 3550 5284 enim
3577 5231 3746 5300 legem
3776 5239 3941 5283 totam

2393 5336 2448 5379 ιιι
2486 5341 2697 5378 murum
2737 5338 3109 5393 supergressa,
3166 5333 3260 5375 aut
3314 5331 3571 5388 tanquam
3624 5337 3718 5389 per
3768 5326 3941 5373 scalas

2392 5430 2554 5483 supra
2589 5428 2779 5468 omnes
2811 5414 3039 5467 virtutes
3071 5412 3306 5473 sublata,
3337 5410 3402 5464 ad
3436 5410 3594 5465 finem
3630 5412 3762 5480 legis
3820 5425 3941 5477 per-

2390 5508 2557 5569 venit,
2590 5509 2679 5575 qui
2715 5514 2795 5558 est
2827 5505 3082 5567 charitas,
3120 5514 3175 5558 et
3213 5506 3366 5574 abiit,
3410 5519 3580 5573 usque
3609 5502 3673 5555 ad
3715 5513 3933 5556 mortem

2391 5600 2709 5652 charitatem
2750 5596 2969 5651 illa-sam
3005 5609 3354 5652 conservans.
3391 5595 3650 5651 Similiter
3684 5594 3940 5662 prodigus

1935 5783 1980 5814 ’³
2036 5779 2223 5834 Matth.
2262 5794 2376 5842 xm,
2416 5776 2502 5829 4.3.
