4156 6340
233 367 331 434 εει

1292 375 1735 439 DIVINORUM
1766 372 2096 441 AMORUM
2135 382 2387 450 LIBER.

3359 380 3465 446 542

232 486 348 535 toto
388 498 471 536 rex
513 484 678 539 corde
728 499 1004 551 reversus.
1046 482 1261 545 sincere
1291 490 1541 558 ptenituit
1592 498 1645 545 et
1678 504 1798 544 cum
1828 485 1877 545 Α
1906 492 1999 546 libi
2034 496 2325 565 margarita
2348 511 2491 560 sum,
2522 496 2608 552 hic
2639 510 2808 551 enim.
2839 494 2939 552 ilic
2975 494 3071 549 tibi
3107 494 3370 558 triticum,
3408 504 3465 550 et

230 583 380 630 esset
406 584 535 630 ante
571 575 711 632 illius
749 594 924 644 meus,
963 594 1068 635 non
1132 593 1389 652 tanquam
1442 568 1599 637 ~filius
1648 596 1799 635 meus

232 666 296 720 ad
330 684 419 722 me
448 670 626 723 adiit:
662 671 754 725 sed
810 672 951 741 sicut
989 690 1130 729 unus
1171 675 1237 729 de
1287 674 1637 730 mercenariis
1667 673 1801 729 meis

233 758 347 811 fieri
387 760 597 827 petivit.
633 762 742 816 Nec
774 778 902 819 vero
930 765 1111 835 lingua
1145 775 1375 829 tantum,
1409 764 1505 823 sed
1536 774 1589 820 et
1620 766 1801 820 animo

229 848 578 918 loquebatur,
607 863 659 909 et
682 870 802 921 qum
832 872 913 909 vei
932 857 1011 911 bis
1036 859 1269 922 dicebat,
1294 858 1551 938 operibus
1578 860 1800 914 demon-

232 942 469 996 strabat.
504 944 799 999 Humilitas
833 948 951 1015 ejus
988 949 1053 1002 ad
1104 952 1533 1007 misericordiam
1588 969 1673 1007 me
1701 956 1804 1007 im-

229 1031 393 1099 pulit,
427 1049 593 1099 quem
625 1043 747 1090 mox
780 1038 969 1100 ditavi,
1005 1049 1058 1095 et
1101 1045 1367 1097 continuo
1411 1045 1581 1114 gloria
1610 1045 1800 1107 extuli.

230 1123 495 1189 quoniam
552 1142 616 1180 ex
658 1130 843 1182 animo
890 1133 954 1186 ad
1016 1149 1101 1187 me
1162 1125 1488 1191 conversum
1529 1138 1797 1204 videbam,

228 1226 352 1266 cum
396 1216 711 1277 neutiquam
768 1220 934 1290 (quod
966 1224 1120 1277 multi
1155 1226 1353 1293 solent)
1390 1235 1625 1282 mentem
1660 1244 1689 1281 a
1718 1244 1803 1283 me

229 1302 553 1360 reﬂecteret.
590 1307 701 1362 Hoc
732 1314 895 1367 modo
921 1316 1171 1384 quisquis
1198 1318 1263 1371 ad
1295 1335 1378 1374 me
1401 1323 1629 1384 venerit.
1662 1330 1715 1376 et
1740 1336 1803 1376 se

227 1393 358 1447 mihi
391 1395 609 1453 sincere
639 1406 1001 1469 prostraverit
1027 1407 1276 1475 (audiant
1302 1425 1490 1465 omnes
1522 1411 1800 1481 mortales)

226 1483 517 1541 confestim
550 1505 674 1544 eum
731 1496 1045 1563 suscipiam.
1077 1495 1181 1563 Qui
1234 1508 1417 1554 autem
1450 1502 1625 1572 gratia
1668 1518 1802 1569 mea

226 1589 321 1642 per
342 1577 534 1632 dolum
574 1583 735 1651 potiri
771 1586 904 1650 vult,
938 1594 992 1641 et
1022 1603 1147 1643 cum
1186 1590 1458 1663 hypocrisi
1504 1610 1600 1650 seu
1632 1596 1802 1649 simu-

230 1664 435 1722 latione
476 1670 542 1725 ad
575 1677 1005 1742 me'accesserit,
1033 1689 1128 1736 aut
1155 1681 1559 1752 improbitatem
1591 1687 1798 1753 celans,

231 1768 321 1814 aut
345 1764 612 1831 operibus
643 1768 760 1824 suis
784 1771 1084 1839 confidens,
1115 1783 1209 1828 aut
1241 1776 1495 1844 elatione,
1527 1788 1621 1833 aut
1655 1779 1800 1834 invi-

229 1848 316 1904 dia
360 1857 733 1928 constrictus,
761 1859 849 1915 hic
908 1877 1133 1931 prorsus
1186 1881 1293 1935 non
1330 1867 1548 1922 habebit
1588 1878 1797 1938 partem

227 1954 467 1998 mecum.
525 1945 650 2003 Haec
685 1949 803 2018 tibi,
858 1959 912 2007 et
945 1955 1221 2010 universis
1263 1956 1403 2013 Deus
1457 1975 1554 2028 per
1583 1976 1687 2017 nos
1745 1962 1799 2016 in

229 2029 396 2088 horas
427 2037 654 2093 occinit.
1192 2062 1201 2069 '

295 2124 375 2179 Ac
403 2128 450 2183 si
485 2129 661 2197 placet
694 2133 912 2191 aliunde
944 2153 1165 2209 quoque
1203 2142 1559 2211 perspicuum
1590 2146 1687 2201 tibi
1722 2147 1800 2201 fa.

229 2216 394 2284 ciam,
428 2222 517 2275 hic
549 2224 647 2278 tibi
678 2234 848 2283 totum
878 2244 1104 2299 regnum
1130 2233 1393 2287 caelorum
1422 2235 1798 2304 accipiendum

229 2323 369 2371 esse,
398 2312 444 2366 si
475 2324 597 2381 post
628 2319 834 2373 obitum
870 2323 922 2375 in
947 2323 999 2375 id
1028 2324 1233 2392 ingredi
1258 2329 1624 2396 concupiscis.
1656 2330 1798 2387 Audi

228 2397 428 2454 iterum
472 2404 526 2457 in
566 2411 839 2473 parabolis
872 2414 1204 2484 loquentem.
1249 2417 1492 2490 Regnum
1526 2425 1795 2479 ctelorum

227 2492 313 2544 cui
352 2494 531 2548 simile
562 2496 779 2555 dicant?
807 2504 1059 2560 Attende.
1116 2506 1305 2563 Simile
1334 2520 1417 2564 est
1449 2528 1616 2578 grano
1648 2515 1801 2569 sinas

228 2581 331 2649 pis,
366 2586 512 2653 quod
541 2587 701 2643 homo
734 2593 1006 2663 quispiam
1041 2606 1344 2668 acceptum,
1388 2604 1527 2659 sevit
1561 2606 1613 2660 in
1640 2607 1798 2663 horto

229 2686 347 2737 suo,
384 2684 441 2729 et
469 2683 901 2748 comprehendit,
950 2697 1003 2741 et
1052 2704 1240 2744 revera
1279 2691 1333 2745 in
1391 2695 1640 2751 arborem
1683 2714 1800 2752 ma-

231 2779 386 2857 gnam
420 2783 484 2823 se
537 2774 762 2828 sustulit
794 2777 857 2829 ".
897 2777 991 2833 Dic
1047 2788 1102 2833 tn
1156 2781 1265 2851 jam
1323 2786 1419 2855 qui
1454 2787 1567 2841 haec
1614 2790 1796 2857 audis,

232 2854 483 2922 quisnam
511 2866 596 2913 est
629 2876 858 2928 granum
894 2865 1077 2921 istnc?
1109 2870 1242 2937 quid
1269 2886 1391 2925 esse
1412 2854 1550 2926 illud
1590 2854 1799 2943 putasil

231 2946 314 3001 dic
358 2948 555 3015 libere,
598 2951 801 3022 alioqui
858 2970 959 3025 ego
1021 2958 1219 3023 dicam,
1253 2969 1307 3015 et
1344 2964 1631 3019 veritatem
1687 2967 1799 3022 elo-

229 3053 382 3108 quar.
418 3039 641 3095 Certbm
698 3052 783 3099 est
813 3062 1038 3117 regnum
1096 3051 1359 3106 ccelorum
1420 3068 1642 3110 vocasse
1679 3072 1801 3125 gra-

1905 584 2049 639 velut
2078 585 2283 657 sinapis
2302 603 2527 659 granum
2553 602 2694 642 sum.
2718 586 2928 642 Hictihi
2956 586 3282 642 fermentum
3316 602 3461 653 sum,

1901 683 1955 730 et
1988 690 2218 730 massam
2250 684 2396 731 tuam
2428 678 2711 735 fermento.
2747 676 2845 731 llic
2872 679 2967 732 tibi
3018 694 3154 748 aqua
3197 687 3251 731 et
3278 677 3464 751 suavis

1902 764 2044 834 ignis
2079 781 2222 821 sum.
2257 767 2357 821 Hic
2410 777 2465 821 et
2510 770 2892 822 vestimentum
2937 775 2991 819 et
3040 769 3379 825 alimentum,
3410 773 3465 820 et

1903 872 2063 911 omne
2094 873 2265 927 genus
2296 861 2534 926 potionis
2564 860 2656 912 tibi
2693 875 2836 923 sum,
2877 858 2922 913 si
2954 844 3113 910 tundo
3139 867 3190 909 tu
3220 857 3322 909 vis.
3361 855 3465 910 Do-

1903 952 2085 1025 minus
2107 946 2221 1005 haec
2245 949 2397 1007 dicit.
2442 951 2497 1005 Si
2526 952 2691 1021 igitur
2724 953 2795 1004 ita
2828 966 2893 1004 ex
2924 949 3149 1009 caducis
3180 949 3363 1008 rebus.
3410 955 3465 1001 et
3502 1023 3505 1025 ί

1901 1020 2063 1097 talem
2104 1058 2190 1097 me
2217 1020 2566 1113 cognoveris,
2598 1044 2756 1095 ctiam
2791 1042 2864 1095 ibi
2894 1041 3060 1094 talem
3101 1053 3187 1092 me
3219 1037 3462 1102 habebis,

1903 1130 1968 1187 ut
1992 1134 2248 1189 ineﬂahili
2279 1136 2493 1189 ratione
2527 1135 2647 1187 tiam
2675 1133 2768 1186 tibi
2801 1128 3141 1187 omnia.‘Sin
3176 1125 3302 1182 hinc
3326 1127 3465 1181 emi-

1905 1224 2101 1291 graris,
2127 1225 2385 1291 ignorans
2408 1217 2541 1294 quid
2562 1230 2835 1293 operetur
2863 1221 3203 1297 gratia'mea,
3237 1218 3348 1273 illic
3377 1230 3489 1272 me

1905 1316 2285 1370 tantummodo
2340 1300 2578 1385 iudicem
2658 1311 3043 1368 inexorabilem
3114 1307 3377 1375 invenies.
3418 1305 3465 1361 0

1901 1406 2119 1461 Christe
2142 1422 2295 1462 meus
2320 1417 2374 1463 et
2395 1407 2536 1461 Deus
2562 1420 2737 1473 meus,
2761 1420 2831 1463 ne
2854 1418 2940 1459 me
2963 1411 3091 1458 tunc
3114 1401 3463 1463 condemnes,

1904 1512 2040 1555 neve
2061 1498 2237 1568 pmuis
2266 1497 2547 1566 subjicias,
2576 1497 2668 1566 qui
2693 1495 2879 1550 multis
2906 1503 2957 1549 te
2980 1491 3219 1573 peccatis
3241 1487 3463 1555 offendi,

1906 1590 1998 1646 sed
2035 1605 2117 1645 me
2160 1597 2220 1643 ut
2275 1603 2440 1643 unum
2471 1590 2539 1641 de
2572 1584 2773 1641 intimis
2805 1585 2916 1639 tuis
2957 1578 3313 1651 mercenariis
3340 1591 3467 1633 sus-

1904 1681 2056 1748 cipe;
2089 1688 2143 1733 et
2202 1676 2429 1748 dignare
2480 1692 2566 1732 me
2606 1668 2837 1745 posthac
2874 1673 3081 1728 servire
3114 1666 3236 1733 tibi,
3274 1668 3465 1723 Salvae

1905 1778 1993 1823 tor
2030 1770 2125 1836 mi,
2156 1776 2211 1823 et
2268 1768 2530 1836 Spiritum
2562 1774 2812 1821 sanctum
2862 1759 3015 1818 tuuni
3063 1762 3262 1832 pignus
3310 1756 3465 1829 regni

1829 1845 1872 1898 Β
1902 1863 2173 1931 accipere,
2210 1871 2264 1915 et
2293 1862 2403 1915 illic
2440 1859 2664 1914 thalami
2694 1857 2773 1913 tui
2806 1857 2977 1926 gloria
3014 1852 3244 1925 perfrui,
3274 1850 3463 1907 viden-

1901 1959 2009 2006 tem
2038 1960 2088 2006 te
2119 1951 2286 2005 Deum
2324 1965 2501 2003 meum
2526 1949 2587 2003 in
2612 1963 2831 2004 onmem
2862 1946 3243 2001 aeternitatem.
3267 1934 3460 1996 Amen.

2439 2059 2665 2120 CAPUT
2723 2057 2909 2114 XVIII.

1939 2152 2161 2218 Qualem
2190 2160 2427 2222 oporteat
2454 2138 2573 2206 esse
2606 2150 2941 2235 monachum,
2965 2161 3084 2217 qua
3113 2145 3229 2214 ejus
3261 2146 3425 2209 actio,

2447 2231 2497 2275 et
2526 2231 2615 2290 qut
2644 2234 2910 2273 ascensus.

1969 2313 2177 2369 Animas
2209 2321 2314 2367 tuae
2344 2312 2563 2367 domum
2595 2311 2679 2385 fac
2712 2308 2997 2383 palatium,
3026 2304 3172 2375 quod
3206 2303 3462 2389 Christus

1900 2407 2281 2459 universorum
2332 2418 2441 2457 rex
2480 2400 2744 2455 inhabitet
2787 2416 2802 2452 :
2852 2397 2939 2452 fac
2982 2404 3166 2481 autem
3201 2392 3460 2464 lacrymis

1901 2496 2255 2562 Stillantibus,
2305 2495 2623 2565 ejulatibus,
2676 2489 3174 2567 lamentationibus,
3224 2498 3459 2557 genuum

1900 2587 2317 2651 ﬂexionibus,'et
2346 2587 2555 2642 crebris
2582 2582 2890 2653 gemitibus,
2917 2582 2964 2637 si
3004 2577 3304 2634 monachus
3330 2572 3461 2632 vero

1904 2679 2150 2750 μονάζων
2179 2693 2300 2734 esse
2330 2678 2434 2734 vis.
2469 2676 2625 2731 Tunc
2666 2690 2771 2728 non
2804 2674 2914 2729 eris
2944 2671 3222 2741 μονᾶζων,
3269 2662 3323 2723 id
3354 2673 3460 2757 est,

1900 2770 2204 2835 solitarius,
2239 2784 2361 2822 nam
2398 2782 2521 2825 cum
2570 2780 2697 2837 rege
2741 2761 3043 2819 versaberis
3081 2775 3096 2818 :
3134 2758 3244 2814 eris
3273 2763 3457 2811 autem

1904 2861 2150 2933 μονάζων
2193 2858 2489 2915 secundum
2536 2872 2653 2923 nos,
2702 2863 2759 2909 ut
2800 2848 2894 2924 qui
2928 2853 2996 2906 ab
3037 2849 3349 2925 hominibus
3400 2853 3471 2903 et

1899 2950 2105 3004 mundo
2150 2950 2402 3004 universo
2451 2955 2734 3017 separatus
2775 2945 2875 3007 sis,
2911 2941 3056 3012 quod
3099 2945 3185 2994 est
3216 2936 3457 3026 legitime

1902 3040 2155 3111 μονάζειν
2208 3058 2222 3095 :
2278 3038 2386 3095 Deo
2434 3047 2616 3092 autem
2673 3044 2725 3091 et
2773 3034 2885 3102 regi
2936 3032 3283 3102 conjunctus,
3344 3040 3457 3080 non

230 3142 377 3185 num.
412 3130 562 3187 istud
585 3141 762 3189 autem
784 3152 1011 3207 granum
1033 3149 1117 3195 est
1142 3141 1310 3198 divini
1337 3143 1572 3213 Spiritus
1598 3117 1792 3216 gravtia,

1903 3132 2170 3201 μονὰζων,
2196 3129 2287 3185 sed
2311 3131 2552 3183 omnium
2578 3134 2889 3181 sanctorum
2914 3124 3119 3185 socius,
3137 3117 3450 3188 angelorum

229 3216 419 3275 hortus
451 3234 546 3275 cor
569 3223 999 3294 uniuscujusque
1023 3228 1293 3297 hominis;
1326 3232 1438 3298 ubi,
1469 3234 1559 3303 qui
1587 3237 1795 3305 accepit

228 3312 501 3379 spiritum,
553 3314 686 3368 serit
736 3315 867 3370 illud
908 3326 961 3371 et
1007 3321 1267 3390 contegit,
1296 3323 1701 3392 absconditque
1737 3325 1793 3378 in

228 3400 436 3456 intimis
481 3403 805 3471 visceribus,
854 3418 914 3460 ut
948 3423 1109 3463 nemo
1138 3410 1339 3477 videat,
1386 3421 1441 3466 et
1489 3426 1611 3467 cum
1645 3415 1789 3470 omni

228 3492 519 3548 sedulitate
553 3495 813 3560 custodit,
854 3504 913 3550 ut
943 3500 1225 3566 germinet,
1262 3509 1316 3554 et
1349 3503 1510 3556 arbor
1557 3505 1791 3559 evadens

226 3583 361 3655 caelo
390 3599 452 3637 se
507 3584 681 3640 tollat.
739 3585 887 3640 Situ
927 3588 1182 3656 aiiirmas,
1243 3606 1353 3645 non
1392 3591 1501 3659 hic,
1541 3593 1633 3646 sed
1670 3601 1792 3663 post

230 3680 458 3725 mortem
489 3688 678 3729 omnes
710 3689 1031 3745 accepturos
1068 3696 1295 3750 regnum
1335 3681 1451 3744 Dei,
1484 3682 1576 3751 qui
1606 3684 1658 3737 id
1688 3683 1792 3737 fer-

226 3773 415 3817 venter
468 3765 721 3833 diligunt,
764 3766 859 3822 Dei
918 3783 981 3823 ac
1034 3764 1333 3826 Saivatoris
1383 3773 1557 3827 nostri
1626 3774 1791 3827 verba

226 3858 448 3911 evertis.
477 3858 587 3911 Nisi
615 3860 757 3913 enim
786 3863 1062 3929 acceperis
1085 3879 1312 3932 granum
1340 3866 1568 3934 sinapis,
1594 3866 1660 3920 de
1685 3882 1792 3934 quo

232 3945 386 4010 dixit,
432 3947 541 4001 nisi
600 3947 652 4001 id
718 3948 773 4002 in
817 3951 976 4004 horto
1016 3961 1108 4006 tuo
1137 3954 1370 4017 severis,
1401 3958 1663 4009 sementis
1694 3972 1791 4009 ex-

231 4052 350 4101 pers
406 4052 599 4091 manes
657 4039 904 4093 omnino.
936 4038 1091 4104 Quod
1134 4042 1374 4096 si-etiam
1429 4058 1616 4098 semen
1658 4045 1789 4098 illud

226 4127 443 4195 ieceris,
470 4136 522 4181 et
564 4129 645 4183 vel
698 4130 872 4197 spinis
906 4130 1283 4193 suiTocavcris,
1338 4134 1421 4188 vel
1465 4135 1658 4188 avibus
1707 4150 1793 4188 ra-

232 4219 484 4287 piendum
546 4220 878 4288 prodideris.
915 4233 1007 4274 aut
1068 4224 1401 4291 negligentia
1441 4231 1533 4279 tua
1570 4226 1787 4279 hortum

229 4326 333 4365 non
372 4311 658 4377 rigaveris.
684 4322 735 4366 et
770 4329 997 4383 granum
1024 4324 1181 4382 rupta
1214 4315 1411 4370 tellure
1442 4333 1547 4371 non
1573 4320 1791 4386 prodie-

226 4404 310 4463 rit,
339 4419 449 4456 non
474 4406 886 4471 germinaverit,
916 4422 1020 4460 non
1046 4405 1281 4461 fructum
1308 4411 1511 4473 tulerit,
1537 4411 1787 4480 agedum,

1896 3224 2200 3290 convictor,
2210 3222 2479 3291 justorum
2500 3210 2923 3277 contubernalis,
2939 3222 2992 3267 et
3008 3225 3195 3267 revera
3211 3209 3450 3264 omnium

1895 3315 2197 3371 caelestium
2245 3302 2485 3367 cohaeres
2523 3308 2752 3364 effectus
2795 3320 2873 3361 es.
2924 3303 3040 3369 Quo
3092 3301 3255 3371 igitur
3297 3303 3453 3367 pacto

1898 3404 2165 3477 μονάζων,
2202 3403 2293 3473 qui
2327 3403 2401 3457 ibi
2432 3403 2594 3456 vitam
2634 3396 2811 3461 ducis,
2854 3394 2946 3450 ubi
2989 3392 3273 3452 celebritas
3303 3391 3450 3483 mar-

1895 3507 2095 3567 tyrum,
2124 3496 2215 3551 ubi
2242 3495 2444 3549 chorus
2473 3490 2858 3562 prophetarum
2886 3492 2941 3542 et
2963 3485 3293 3547 divinorum.
3323 3493 3454 3548 apo-

1894 3589 2183 3648 stolorum,
2212 3587 2299 3640 ubi
2326 3582 2739 3639 innumerabilis
2756 3576 3451 3649 justornm,episcoporum,

1894 3678 2345 3748 patriarcharum,
2379 3676 2720 3743 aliorumque
2755 3669 3069 3725 sanctorum
3105 3662 3405 3735 frequentia
3426 3661 3453 3713 τ

1894 3770 1997 3836 Qui
2038 3785 2165 3824 vero
2209 3770 2369 3823 etiam
2414 3766 2688 3821 Christum
2732 3764 2787 3818 in
2836 3776 2894 3817 se
2931 3758 3258 3829 habitantem
3292 3752 3449 3822 gerit,

1894 3863 2055 3917 dicite
2105 3860 2256 3923 mihi,
2308 3856 2579 3929 quomodo
2621 3855 2711 3909 hic
2760 3852 2908 3908 solus
2945 3863 3067 3904 esse
3097 3847 3201 3901 dici
3236 3840 3452 3912 potest?

1893 3953 2026 4007 Nam
2060 3966 2182 4005 cum
2226 3950 2443 4004 Christo
2492 3960 2612 4001 meo
2648 3958 2753 3998 una
2794 3950 2875 3998 est
2905 3942 3089 4001 Pater,
3118 3946 3171 3992 et
3216 3935 3452 4004 Spiritus

1894 4053 2132 4101 Sanctus.
2180 4044 2245 4095 Et
2283 4042 2372 4109 qui
2419 4038 2636 4091 tandem
2676 4036 2846 4096 solus,
2896 4031 2987 4104 qui
3031 4030 3226 4091 tribus,
3261 4035 3321 4079 ut
3353 4026 3447 4079 uni

1893 4134 2177 4204 cupulatus
2210 4132 2335 4186 est?
2376 4128 2491 4182 Non
2526 4136 2606 4181 est
2637 4127 2809 4189 solus,
2837 4122 2932 4193 qui
2974 4121 3084 4175 Deo
3118 4128 3202 4174 est
3240 4115 3446 4207 unitus,

1893 4225 2103 4280 etiamsi
2143 4223 2294 4277 solus
2341 4231 2443 4282 est,
2478 4220 2533 4274 'ct
2564 4218 2813 4287 quamvis
2860 4217 2916 4269 in
2957 4212 3269 4274 solitudine,
3300 4217 3353 4263 et
3390 4209 3446 4262 in

1894 4326 2051 4373 antro
2077 4316 2259 4387 degat.
2293 4314 2464 4380 Quem
2496 4313 2675 4367 sinon
2707 4308 2932 4369 invenit,
2960 4308 3003 4360 si
3043 4320 3145 4359 non
3173 4300 3445 4372 cognovit,

1895 4411 1941 4465 si
1988 4424 2095 4464 non
2147 4407 2354 4475 accepit
2404 4414 2574 4459 totum
2634 4404 2979 4457 incarnatum
3039 4397 3130 4451 Dei
3187 4394 3446 4454 Verbum,

228 4494 393 4548 dicito
433 4509 555 4563 qua!
596 4495 693 4548 tibi
729 4512 794 4549 ex
837 4496 939 4550 hac
970 4499 1186 4552 satione
1222 4501 1500 4567 proveniet
1544 4501 1788 4557 utilitas?
1820 4483 1865 4542 θ
1894 4503 1996 4556 heu
2027 4501 2145 4554 me!
2181 4499 2496 4567 neutiquam
2530 4504 2614 4551 est
2652 4493 2952 4547 monachus
2986 4508 2999 4543 :
3038 4488 3130 4543 sed
3164 4486 3321 4557 μόνος
3354 4498 3447 4538 εο-

229 4582 454 4648 Quando
487 4595 691 4648 autem,
732 4594 784 4638 et
823 4600 932 4653 quo
980 4586 1086 4638 alio
1137 4596 1382 4656 tempore
1433 4589 1476 4641 si
1530 4606 1635 4643 non
1675 4592 1782 4657 hic,

227 4690 406 4729 semen
438 4674 687 4743 accipis?
716 4674 843 4729 Post
877 4686 1122 4738 mortem,
1159 4679 1361 4747 inquis.
1408 4679 1510 4733 Sed
1566 4681 1785 4736 aberras

229 4765 292 4819 ab
314 4782 379 4820 eo
406 4767 546 4836 quod
572 4775 655 4819 est
681 4766 878 4819 rationi
908 4774 1359 4823 consentaneum.
1396 4770 1678 4840 interrogo
1709 4781 1782 4835 te,

230 4858 481 4926 quoniam
517 4858 569 4910 in
593 4854 751 4911 horto
788 4866 916 4911 tunc
947 4858 1087 4913 istuc
1116 4874 1345 4929 gramm)
1376 4870 1531 4915 terrm
1554 4864 1787 4916 ahsmn-

230 4949 358 5001 des?
401 4964 640 5017 quonam
689 4949 874 5008 labore
903 4951 1069 5013 coles,
1131 4961 1187 5005 ut
1222 4953 1470 5005 eliciatur
1500 4954 1626 5007 inde
1667 4954 1787 5007 her-

231 5039 450 5096 bescens
484 5054 549 5096 ex
579 5057 641 5094 co
669 5042 959 5095 viriditas?
990 5041 1151 5106 Vere,
1181 5045 1249 5096 mi
1286 5043 1476 5106 frater,
1503 5048 1778 5114 deceptus,

231 5140 279 5185 ct
328 5134 525 5201 plenus
574 5134 778 5186 erroris
824 5148 903 5187 es.
943 5134 1051 5187 lloc
1085 5135 1227 5187 enim
1282 5144 1493 5203 tempus
1536 5152 1784 5206 operum,

234 5221 488 5287 futurum,
526 5240 853 5279 coronarum
902 5237 1003 5283 est.
1044 5227 1139 5283 ilic
1191 5240 1246 5282 tu
1299 5229 1659 5284 arrhabonem
1693 5248 1787 5283 seu

237 5313 424 5382 pignus
470 5316 677 5383 accipe,
720 5315 858 5368 dixit
906 5317 1203 5383 Dominus;
1261 5318 1347 5370 hic
1410 5318 1645 5386 sigillum
1686 5335 1780 5373 seu

236 5414 405 5457 notam
437 5420 605 5473 cape;
642 5407 749 5475 iam
783 5407 942 5461 modo
975 5408 1168 5461 animze
1197 5417 1301 5463 tua:
1354 5409 1654 5477 lampadem
1693 5425 1782 5462 ac-

233 5498 411 5557 ccmle,
454 5497 775 5566 priusquam
828 5500 1199 5563 contenebret,
1264 5500 1583 5569 priusquam
1628 5502 1781 5555 clau-

234 5586 419 5641 dantur
449 5596 615 5656 porta:
653 5589 1031 5645 obeundorum
1080 5605 1328 5660 operum.
1392 5590 1446 5644 Si
1486 5594 1651 5661 sapis,
1692 5594 1775 5645 hic

232 5766 270 5795 "
295 5764 479 5819 .liatth.
508 5782 625 5830 xm,
664 5767 752 5822 5i.

1895 4597 2001 4658 lus,
2047 4608 2077 4646 a
2118 4592 2225 4646 Deo
2255 4595 2557 4657 separatus,
2600 4592 2653 4640 et
2692 4585 2973 4653 sejunctas
2997 4579 3265 4634 videlicet.
3304 4574 3443 4641 Quin

1890 4688 2050 4741 etiam
2093 4682 2289 4752 singuli
2331 4692 2602 4743 nostrum,
2642 4676 2737 4746 qui
2770 4677 2873 4729 hoc
2903 4674 3086 4725 animo
3121 4682 3333 4732 sumus,
3377 4667 3447 4719 ab

1887 4779 2007 4831 aliis
2048 4774 2364 4829 hominibus
2407 4773 2631 4825 omnino
2676 4764 2977 4826 dissociati,
3025 4770 3078 4815 et
3124 4772 3311 4813 omnes
3356 4773 3447 4810 or-

1884 4868 2047 4936 phani
2081 4882 2144 4919 ac
2175 4864 2401 4921 desolati
2431 4875 2643 4923 sumus,
2679 4855 2891 4911 tametsi
2928 4852 3267 4907 habitatione
3308 4863 3444 4905 con-

1881 4959 2035 5030 jungi
2066 4957 2336 5019 videmur,
2367 4962 2419 5009 et
2444 4952 2739 5006 multorum
2766 4946 3149 5017 aggregatione
3175 4942 3319 4995 inter
3345 4954 3446 4995 nos

1888 5050 2125 5105 misceri.
2162 5048 2355 5101 Animo
2399 5046 2542 5099 enim
2588 5049 2641 5097 et
2702 5053 2929 5108 corpore
2957 5032 3194 5103 sejuncti
3226 5045 3441 5093 sumus,

1893 5140 2034 5210 quod
2068 5154 2187 5193 esse
2218 5150 2402 5191 verum
2435 5149 2583 5187 mors
2606 5130 2864 5193 ostendit,
2904 5137 3349 5193 unumquemque
3376 5119 3445 5178 ab

1900 5231 2091 5284 amicis
2150 5237 2199 5281 et
2235 5225 2483 5295 cognatis
2515 5223 2800 5281 divellens,
2833 5227 2888 5273 et
2913 5216 3004 5285 qui
3038 5229 3180 5267 nunc
3208 5211 3446 5277 diligun-

1895 5332 2002 5384 tur,
2047 5333 2235 5373 eorum
2285 5315 2528 5371 oumium
2582 5311 2911 5365 oblivionem
2956 5305 3207 5360 ai‘ferens.
3260 5300 3349 5353 Sic
3388 5306 3444 5353 et

1889 5429 2015 5473 nox,
2050 5419 2102 5465 et
2149 5422 2393 5469 somnus,
2437 5416 2490 5460 et
2535 5404 2774 5457 actiones
2799 5402 2942 5461 vitae,
2976 5394 3435 5449 consociationem

1890 5504 2202 5560 mulierum,
2250 5508 2305 5551 ut
2354 5504 2775 5551 consentaneum
2811 5501 2911 5551 est,
2962 5487 3286 5541 dissolvunt.
3337 5482 3437 5547 Qui

1889 5603 2067 5648 autcnt
2099 5609 2191 5662 per
2222 5592 2470 5645 virtutem
2496 5587 2687 5642 cellam
2724 5599 2873 5639 suam
2900 5581 3093 5637 ccelum
3129 5578 3273 5642 fecit,
3305 5576 3439 5631 etin
