4156 6340
699 327 804 390 54Ἰ

1925 332 2295 394 SIMEONIS
2333 333 2696 400 IUNIORIS

3843 344 3958 414 διι

701 450 762 490 ea
797 437 990 492 Sedens
1022 426 1334 505 Creatorem
1395 441 1518 495 coeli
1550 449 1602 496 et
1640 447 1799 498 terrae
1837 446 2170 507 considerat,
2218 453 2272 497 et
2296 443 2352 507 Δ
2377 460 2483 500 non
2517 447 2771 518 possunt,
2810 466 2910 508 nec
2943 464 3162 510 exserto
3196 455 3376 526 capite
3419 457 3592 514 libero
3628 459 3754 514 cceli
3790 475 3957 531 aspe-

701 530 847 583 ridet
890 538 943 582 et
977 530 1192 606 odorat,
1237 541 1289 587 et
1337 549 1553 602 semper
1585 543 1668 590 est
1713 550 1834 591 cum
1880 537 2085 593 lumine
2119 538 2272 593 inac-

703 634 884 686 cesso,
928 611 1147 676 lumine
1177 620 1295 679 sine
1345 639 1568 688 occasu,
1617 628 1822 683 lumine
1859 629 1979 685 sine
2017 644 2270 698 vespera,

705 726 736 768 ι
770 727 880 780 quo
919 728 1025 768 non
1067 715 1362 780 direilitur,
1399 719 1592 785 procul
1633 719 1854 775 omnino
1884 735 1994 774 non
2027 735 2273 777 remove-

706 810 816 866 tur,
850 818 956 857 non
985 804 1093 868 die,
1128 820 1235 859 non
1269 815 1450 870 nocte,
1484 823 1590 862 non
1628 809 1682 862 in
1713 810 1858 876 cibo,
1891 826 2001 865 non
2029 812 2082 865 in
2116 820 2268 881 potu,

707 893 802 948 sed
854 908 956 948 nec
1005 894 1056 947 in
1102 909 1333 962 somno,
1380 906 1475 952 aut
1515 899 1730 964 itinere,
1761 911 1857 957 aut
1889 902 1945 958 in
1977 905 2275 962 mutatione

706 987 846 1051 loci;
900 987 994 1042 sed
1044 995 1102 1040 ut
1149 989 1328 1051 vivus,
1383 992 1454 1043 ita
1493 992 1766 1057 mortuus,
1801 993 1931 1061 imo,
1965 1004 2024 1050 ut
2069 998 2274 1053 clarius

708 1077 908 1142 dicam,
946 1080 1126 1133 anima
1160 1096 1386 1150 prorsus
1436 1081 1931 1155 in-sempiternnm
1975 1088 2050 1143 illi
2098 1090 2272 1145 adest.

708 1165 992 1229 Quomodo
1023 1169 1167 1223 enim
1201 1187 1403 1240 sponsa
1434 1188 1462 1226 a
1496 1190 1720 1242 sponso,
1753 1187 1847 1232 aut
1877 1183 1958 1234 vir
1989 1183 2056 1237 ab
2084 1198 2272 1248 uxore,

707 1257 793 1310 cui
816 1257 1102 1328 colligatus
1133 1267 1215 1315 est
1245 1263 1431 1325 semel,
1469 1264 1682 1337 seiungi
1711 1272 1921 1337 possit?
1946 1269 2270 1342 chislator,

709 1349 866 1413 cedo,
896 1350 1065 1419 legem
1107 1368 1217 1408 non
1251 1358 1526 1411 servabit?
1558 1359 1662 1424 Qui
1698 1360 1855 1426 dixit,
1891 1361 1958 1416 Et
1989 1375 2143 1418 erunt
2173 1367 2276 1419 duo

710 1438 954 1503 income
994 1459 1097 1496 una
1119 1444 1186 1510 ³⁷,
1236 1448 1517 1513 quomodo
1562 1465 1682 1504 cum
1720 1452 1836 1520 ipsa
1870 1454 2097 1522 spiritus
2135 1472 2278 1511 unus

712 1545 818 1583 non
855 1532 991 1585 erit?
1019 1533 1077 1587 in
1134 1537 1249 1590 viro
1286 1538 1432 1592 enim
1476 1541 1695 1606 mulier,
1720 1541 1772 1596 in
1819 1544 2043 1600 muliere
2086 1547 2189 1610 vir,
2225 1558 2279 1602 et

712 1622 888 1675 anima
920 1625 972 1676 in
1021 1623 1150 1688 Deo,
1191 1635 1245 1682 et
1280 1628 1420 1684 Deus
1448 1631 1500 1684 in
1534 1631 1714 1688 anima
1752 1633 1960 1701 unitur,
1991 1643 2044 1690 et
2071 1652 2277 1706 ωειιο⁴

710 1715 882 1768 scitur
919 1715 973 1768 in
1011 1719 1213 1773 sanctis
1254 1722 1532 1778 omnibus.

783 1806 875 1862 Sic
909 1811 1173 1864 nniuntur
1218 1813 1350 1879 Deo,
1389 1816 1479 1885 qui
1526 1830 1621 1885 per
1654 1820 2034 1886 pmnitentiam
2069 1821 2280 1876 animas

713 1913 842 1954 suas
879 1901 930 1953 in
968 1905 1065 1956 hac
1105 1906 1211 1958 vita
1251 1919 1549 1976 purgantes
1601 1911 1855 1964 monachi
1888 1912 2043 1975 fiunt,
2085 1914 2281 1967 semeti

715 1991 781 2044 ab
811 1993 954 2057 aliis,
986 1997 1190 2064 quique
1221 2013 1441 2052 sensum
1471 1999 1675 2054 Christi
1710 2002 2010 2071 accipiunt,
2044 2005 2200 2073 cujus
2231 2015 2285 2060 et

713 2099 775 2137 os
809 2096 937 2138 sunt
988 2096 1039 2140 et
1074 2089 1254 2156 lingua
1289 2105 1317 2142 a
1351 2093 1637 2145 mendacio
1665 2094 1845 2147 aliena
1884 2104 1988 2158 est,
2023 2111 2147 2150 cum
2176 2113 2280 2166 qua

714 2175 924 2231 Patrem
993 2180 1423 2248 omnipotentem
1480 2183 1856 2252 alloquuntur,
1923 2196 1977 2240 et
2041 2188 2283 2242 clamant

713 2281 927 2334 Semper
977 2285 991 2323 :
1043 2270 1085 2325 Ο
1133 2270 1316 2336 Pater,
1360 2287 1392 2326 ο
1440 2271 1578 2337 Rex,
1621 2281 1675 2328 et
1711 2274 1977 2331 Conditor
2011 2278 2280 2332 omnium.

717 2356 919 2413 llorum
954 2361 1089 2414 cella
1121 2365 1319 2417 coelum
1365 2371 1468 2426 est,
1512 2367 1723 2432 ipsique
1759 2368 1860 2427 sol,
1898 2377 1950 2422 et
1986 2369 2168 2424 lumen
2203 2381 2284 2425 est

714 2450 768 2503 in
813 2450 949 2521 ipsis
999 2470 1281 2521 nunquam
1318 2457 1598 2517 occidens,
1643 2472 1704 2510 ac
1738 2458 2003 2524 divinum,
2042 2463 2184 2530 quod
2233 2473 2285 2518 et

714 2559 927 2598 omnem
963 2545 1238 2600 hominem
1279 2552 1578 2607 venientem
1617 2553 1673 2608 in
1708 2555 1853 2608 hunc
1895 2556 2178 2614 mundum.
2216 2572 2282 2610 ex

718 2638 922 2708 Spiritu
977 2652 1168 2697 sancto
1229 2655 1476 2699 renatum
1535 2648 1806 2701 illuminat
1836 2649 1902 2702 ".
1964 2648 2080 2701 Nox
2137 2648 2280 2701 enim

717 2748 823 2785 non
857 2741 941 2786 est
972 2733 1025 2786 in
1061 2735 1189 2798 illis,
1223 2751 1322 2790 nec
1354 2753 1461 2806 quo
1493 2739 1542 2791 id
1579 2739 1741 2793 modo
1775 2740 1883 2803 fiat,
1914 2739 2095 2793 dicere
2120 2753 2283 2806 queo.

682 2857 684 2859 -
719 2824 927 2879 llorreo
961 2825 1103 2880 enim
1147 2828 1274 2880 dum
1313 2829 1429 2882 haec
1477 2829 1571 2881 tibi
1623 2829 1824 2893 scribo,
1860 2839 1912 2882 et
1955 2829 2286 2897 cegitatione

718 2917 831 2984 ipsa
867 2920 1126 2971 tremisco
1160 2935 1172 2969 :
1218 2918 1311 2971 sed
1348 2919 1518 2973 doceo
1551 2928 1622 2984 te,
1661 2919 1937 2989 quomodo
1968 2927 2021 2974 et
2051 2935 2156 2988 qua
2195 2935 2282 2972 ra-

720 3009 867 3062 tione
903 3010 1109 3070 vivant,
1155 3009 1248 3078 qui
1288 3009 1395 3063 Deo
1431 3011 1698 3073 serviunt,
1743 3019 1797 3065 et
1836 3012 1987 3080 illum
2027 3026 2134 3080 pra)
2167 3027 2284 3063 om-

2379 549 2470 594 ctu
2499 539 2626 596 frui.
2659 545 2836 613 Atque
2865 545 3010 600 istud
3036 554 3158 615 .est,
3197 548 3342 618 quod
3390 549 3515 606 illos
3551 552 3699 620 angit
3727 561 3779 606 et
3809 567 3959 607 cou-

2379 632 2585 698 tristat,
2627 634 2773 703 quod
2807 637 3085 713 Christum
3121 644 3294 692 totum
3335 655 3444 694 non
3481 642 3686 707 vident,
3728 650 3937 698 tamets

2379 732 2556 780 totum
2598 727 2816 794 vident;
2853 743 2950 783 nec
2979 744 3008 782 e
3045 730 3284 786 vinculis
3329 733 3575 801 corporis
3608 749 3664 787 se
3693 733 3959 803 expedire

2379 825 2609 886 queunt,
2656 819 2872 874 etiamsi
2913 822 3440 889 perturbationibus,
3480 834 3533 878 et
3573 825 3717 877 omni
3761 840 3952 878 rerum

2381 906 2575 963 aﬂ'ectu
2626 919 2823 986 vacent
2873 929 2887 965 :
2933 912 3028 966 sed
3077 926 3107 965 a
3141 913 3329 968 multis
3373 914 3528 968 liberi
3572 930 3634 968 ac
3665 915 3850 978 soluti,
3886 916 3953 969 at:

2381 1015 2490 1053 uno
2530 1003 2859 1056 retinentur.
2907 1002 3063 1058 Alius
3110 988 3269 1058 enim|
3298 1004 3488 1059 multis
3536 1005 3767 1059 vinculis
3817 1021 3960 1059 con-

2383 1091 2607 1148 strictus
2661 1104 2766 1158 est,
2825 1109 2924 1149 nec
2975 1096 3042 1150 ab
3092 1095 3199 1151 illis
3253 1096 3440 1151 multis
3489 1111 3547 1150 se
3593 1098 3825 1151 solutum
3885 1098 3956 1150 iri

2382 1195 2587 1252 sperat.
2625 1184 2728 1251 Qui
2762 1197 2941 1241 autem
2979 1189 3199 1241 vincula
3229 1188 3460 1256 plurima
3507 1190 3824 1257 abrumpere
3864 1204 3964 1257 po-

2384 1273 2506 1337 tuit,
2543 1280 2597 1327 et
2634 1275 2812 1329 adhuc
2849 1277 2916 1331 ab
2961 1291 3068 1331 uno
3110 1278 3427 1347 impeditur,
3467 1277 3587 1346 plus
3623 1279 3743 1332 aliis
3781 1280 3958 1339 dolet,

2383 1373 2435 1415 et
2481 1362 2548 1417 ab
2595 1363 2684 1416 illo
2725 1379 2943 1434 quoque
2985 1374 3041 1418 ut
3081 1367 3376 1432 eximatur,
3416 1367 3660 1423 studiose
3697 1369 3786 1422 dat
3819 1383 3961 1436 ope-

2385 1456 2524 1516 ram,
2555 1468 2606 1506 ιιι
2645 1453 2783 1509 liber
2815 1465 3094 1525 appareat,
3125 1468 3182 1510 ut
3209 1457 3449 1526 gaudens
3474 1459 3711 1520 incedat,
3737 1469 3794 1512 ut
3825 1473 3960 1512 cum

2387 1541 2741 1597 festinatione
2782 1544 2849 1598 ad
2880 1560 3002 1599 eum
3037 1545 3441 1614 proficiscatur,
3473 1563 3635 1617 quem
3678 1548 3962 1602 desidera-

2384 1636 2481 1698 vit,
2533 1637 2692 1704 cujus
2743 1651 2911 1692 cansa
2962 1637 3090 1693 item
3131 1639 3366 1694 vinculis
3406 1639 3613 1695 cxsolvi
3651 1639 3958 1711 contendit.

2387 1726 2534 1780 Illum
2592 1729 2758 1798 igitur
2812 1731 3011 1800 singuli
3080 1731 3255 1785 solum
3315 1740 3657 1798 expetamus,
3707 1732 3802 1802 qui
3855 1747 3961 1786 nos

2388 1819 2564 1873 levare
2623 1821 2740 1875 istis
2803 1821 3039 1876 vinculis
3102 1832 3309 1889 potest;
3378 1823 3532 1876 illum
3612 1832 3960 1892 exoptemus.

2387 1911 2563 1974 illum,
2595 1914 2754 1978 cujus
2789 1913 3198 1983 pulchritudine
3230 1915 3410 1967 omnis
3439 1915 3698 1983 cogitatio
3726 1923 3778 1967 et
3809 1929 3961 1967 mens

2387 2003 2749 2073 obstupescit,
2788 2020 3019 2072 qumque
3066 2005 3303 2058 animam
3338 2021 3551 2059 omnem
3596 2009 3870 2067 vulnerat,
3907 2013 3964 2060 et

2386 2095 2712 2163 quihusdam
2767 2096 2867 2150 alis
2918 2095 2982 2149 ad
3031 2096 3356 2151 charitatem
3408 2098 3685 2161 subvehit,
3733 2106 3788 2151 et
3833 2111 3959 2151 cum

2388 2186 2499 2239 Deo
2534 2187 2586 2240 in
2621 2202 2780 2242 omne
2814 2203 2989 2242 aevum
3025 2192 3322 2245 'consocial
3389 2198 3554 2258 atque
3594 2191 3959 2259 conglutinal.

2457 2276 2576 2342 Eia,
2631 2277 2826 2335 fratres
2874 2281 3001 2343 mei,
3055 2281 3118 2332 ad
3176 2282 3322 2333 hunc
3372 2280 3679 2337 actionibus
3731 2281 3957 2335 currite.

2387 2369 2483 2423 Eia
2527 2370 2711 2433 amici,
2755 2371 3048 2439 exsurgite.
3075 2368 3151 2425 Ne
3188 2373 3518 2439 posteriores
3570 2371 3711 2424 ferre
3747 2364 3955 2424 velitis.

2387 2457 2463 2514 Ne
2495 2473 2590 2513 vos
2625 2460 2849 2512 nimium
2900 2469 3166 2523 amantes,
3214 2459 3369 2514 nobis
3417 2461 3818 2529 obloquamini.
3875 2460 3960 2516 Ne

2389 2550 2664 2604 allirmctis
2736 2553 3076 2618 impossibile
3133 2553 3306 2605 videri
3374 2551 3639 2621 Spiritum
3702 2562 3960 2608 sanctum

2387 2643 2653 2710 accipere.
2708 2642 2784 2695 Ne
2835 2642 3022 2705 dicite,
3078 2645 3287 2712 absque
3336 2645 3455 2713 ipso
3506 2646 3735 2698 salutem
3794 2659 3960 2714 posse

2388 2733 2528 2788 dari.
2576 2734 2653 2788 Ne
2699 2733 2883 2797 dicite,
2927 2750 3255 2804 quemquam
3301 2736 3463 2803 hujus
3514 2736 3807 2792 inscienter
3834 2750 3961 2790 esse

2387 2827 2731 2896 participem.
2786 2825 2863 2880 Ne
2909 2826 3094 2888 dicite,
3137 2827 3314 2899 .Deum
3365 2828 3432 2880 ab
3481 2828 3798 2882 hominibus
3846 2841 3957 2881 non

2387 2916 2580 2970 videri.
2636 2915 2711 2970 Ne
2763 2915 2952 2978 dicite,
2999 2916 3245 2970 homines
3299 2916 3540 2970 divinum
3597 2919 3778 2972 lumen
3846 2935 3954 2974 non

2392 3009 2610 3072 videre;
2647 3015 2736 3060 aut
2767 3007 2816 3061 id
2857 3009 2939 3061 his
2968 3008 3304 3076 temporibus
3350 3007 3460 3061 ﬁeri
3497 3024 3599 3062 non
3636 3026 3818 3079 posse.
3850 3009 3961 3066 Ne-

724 3101 882 3154 nihus
911 3101 1254 3167 inquisitum,
1289 3105 1464 3155 solum
1497 3104 1843 3164 invenerunt,
1872 3104 2046 3156 solum
2080 3102 2284 3158 dilexe-

2392 3112 2667 3167 quaquam
2725 3097 2796 3150 ita
2847 3105 2950 3160 est,
3003 3099 3198 3171 amici;
3263 3099 3367 3149 imo
3423 3099 3730 3153 volentibus
3791 3103 3958 3155 etiam

720 3199 882 3254 runt;
919 3193 1192 3256 quomodo
1223 3193 1319 3245 soli
1366 3208 1457 3259 per
1488 3193 1852 3247 monasticum
1891 3201 2090 3246 statum
2129 3194 2286 3257 uniti,

720 3297 844 3337 cum
883 3284 998 3336 solo
1034 3283 1161 3342 soli.
1210 3285 1462 3352 quamvis
1503 3286 1552 3336 in
1598 3285 1871 3354 frequenti
1914 3287 2134 3354 populo,
2180 3285 2287 3339 sint

721 3376 878 3444 quasi
914 3376 1107 3428 relicti.
1139 3374 1201 3427 iii
1239 3379 1382 3428 enim
1414 3391 1600 3430 revera
1640 3387 1766 3431 sunt
1799 3377 2073 3440 monachi,
2104 3386 2156 3431 et
2187 3377 2290 3431 soli

726 3465 1071 3534 μονάζοντες,
1108 3466 1199 3532 qui
1230 3480 1352 3518 eum
1391 3469 1508 3519 soio
1539 3465 1665 3529 Deo,
1691 3469 1821 3521 etin
1858 3467 1964 3521 Deo
1997 3468 2120 3530 soli,
2154 3465 2290 3522 nudi

709 3556 1149 3623 'COgitationibus
1210 3564 1264 3609 et
1301 3558 1604 3623 omnigenis
1639 3557 1808 3611 animi
1843 3558 2237 3628 agitationibus
2272 3577 2287 3612 :

722 3645 895 3697 solum
917 3646 1199 3698 intuentur
1217 3646 1380 3698 Deum
1403 3646 1543 3714 apud
1569 3646 2168 3716 animum,cogitantes,
2190 3664 2291 3704 nec

720 3737 1023 3806 cogitantes
1051 3738 1200 3790 intixi
1232 3740 1485 3790 nimirum
1509 3738 1557 3789 in
1579 3738 1805 3800 lumine.
1827 3740 2288 3811 quemadmodum

721 3831 889 3883 telum
911 3830 963 3882 in
989 3830 1312 3896 pariete,aut
1331 3830 1482 3883 stella
1508 3847 1558 3882 in
1579 3830 1842 3895 cmlo,ant
1859 3830 2044 3883 nescio
2063 3845 2169 3899 quo
2185 3831 2292 3888 alio

727 3920 910 3972 modo.
949 3917 1339 3974 Verumtamen
1384 3931 1441 3972 ut
1489 3921 1777 3987 quemdam
1830 3921 2068 3974 lucidum
2113 3921 2293 3974 thala-

727 4026 872 4063 mum
910 4011 1154 4064 habitant
1185 4012 1351 4064 cellas
1394 4028 1543 4072 suas,
1587 4020 1638 4063 ct
1672 4027 1729 4065 se
1762 4013 1814 4065 in
1851 4012 1989 4076 caelo
2021 4012 2293 4064 arbitran-

725 4107 820 4152 tur
860 4103 1063 4156 vivere.
1112 4100 1249 4154 Num
1283 4111 1462 4155 autem
1507 4119 1633 4156 vere
1675 4102 1941 4168 habitent,
1978 4103 2289 4167 considera,

726 4207 778 4246 et
811 4194 966 4245 [idem
1002 4193 1220 4246 habeto.
1253 4192 1369 4244 Non
1404 4195 1544 4244 enim
1581 4201 1707 4246 sunt
1763 4197 1816 4245 in
1851 4204 2011 4256 terra,
2045 4194 2293 4262 quamvis

729 4293 873 4338 terra
906 4294 1230 4349 teneantur;
1263 4285 1368 4337 'scd
1414 4284 1464 4336 in
1501 4286 1704 4337 lumine
1742 4284 1953 4336 venturi
1989 4284 2172 4338 saeculi
2210 4284 2291 4338 vi-

727 4389 882 4438 vunt,
919 4378 972 4430 in
1004 4393 1108 4445 quo
1136 4378 1378 4430 habitant
1435 4387 1487 4429 et
1527 4377 1864 4430 inambulant
1893 4377 2089 4446 angeli,
2122 4393 2150 4428 a
2183 4392 2292 4446 quo

731 4473 1018 4537 rapiuntur
1089 4467 1428 4535 Principalus
1480 4479 1530 4521 ct.
1582 4470 1900 4529 Polestates,
1966 4470 2169 4521 Throni
2241 4482 2295 4524 ct

734 4562 1142 4614 nominationes
1182 4576 1371 4611 omnes
1416 4560 1829 4614 ermiirmantur.
1877 4560 1938 4612 Et
1980 4575 2291 4628 quanquam

735 4649 876 4703 Dens
926 4651 1223 4717 requiescit
1287 4649 1336 4700 in
1390 4653 1597 4701 sanctis
1655 4650 1789 4712 suis,
1849 4659 2027 4702 tamen
2083 4650 2135 4702 in
2187 4650 2297 4702 Deo

734 4739 906 4792 sancti
944 4741 1151 4798 vivunt,
1190 4747 1237 4789 et
1274 4749 1584 4799 moventur,
1613 4740 1953 4792 ambulantes
1978 4741 2033 4792 in
2067 4739 2295 4801 lumine,

733 4832 878 4882 vrlut
911 4846 1071 4897 super
1106 4831 1439 4897 pavimento.
1477 4829 1719 4882 liliranda
1761 4845 1868 4891 res,
1913 4840 2166 4898 tanquam
2199 4847 2295 4882 an-

733 4923 859 4988 geli,
905 4929 956 4973 et
1009 4921 1097 4973 filii
1134 4921 1398 4975 Altissimi
1440 4931 1560 4989 post
1596 4930 1820 4975 mortem
1853 4930 2032 4985 erunt,
2066 4924 2137 4974 dii
2172 4939 2293 4975 cum

738 5014 846 5065 Deo
880 5015 1145 5074 viventes,
1191 5029 1311 5065 cum
1355 5029 1418 5066 eo
1462 5029 1551 5081 qui
1603 5022 1794 5067 natura
1832 5021 1936 5076 est,
1982 5015 2030 5064 hi
2077 5013 2167 5081 qui
2204 5028 2299 5080 per

738 5105 1082 5173 adoptionem
1115 5106 1321 5158 similes
1349 5108 1395 5157 ci
1435 5106 1557 5158 iacti
1597 5115 1743 5158 sunt.
1777 5104 1888 5159 Hoc
1921 5113 2126 5157 tantum
2156 5121 2297 5157 nunc

740 5198 815 5249 illi
861 5195 1082 5258 cedunt,
1136 5198 1276 5265 quod
1311 5213 1539 5265 corpore
1585 5199 1751 5251 vincti
1789 5208 2067 5261 tenentur,
2103 5213 2296 5261 eoque,

740 5293 843 5343 heu
875 5290 1141 5351 velantur,
1180 5299 1231 5342 et
1271 5292 1625 5356 oblogntilur,
1667 5301 1725 5342 ut
1763 5291 1852 5357 qui
1892 5292 1942 5342 iu
1985 5289 2300 5343 carceribus

745 5382 907 5434 vincti
956 5384 1359 5442 Cllrltltiilllllllr,
1397 5384 1486 5450 qui
1538 5386 1728 5442 solum,
1762 5393 1811 5435 et
1844 5382 2025 5435 radios
2057 5382 2176 5448 ejus
2208 5397 2301 5447 per

747 5473 988 5523 foramen
1034 5472 1400 5539 ingredientes
1454 5475 1785 5540 pirt‘spit'itltti
1835 5472 2074 5540 quidem,
2124 5472 2298 5534 i;SUtll

745 5574 924 5617 autem
969 5571 1136 5614 lotinn
1177 5564 1377 5625 videre,
1417 5574 1465 5617 et
1511 5567 1775 5630 Slltit‘lliitli
1811 5565 2055 5617 custodia
2093 5566 2299 5631 egressi

853 5745 893 5772 ’⁷
934 5743 1064 5793 (inn.
1105 5745 1283 5802 11,23.
1364 5746 1404 5771 τε
1434 5746 1586 5794 ,ἰέι-ει.
1622 5761 1655 5806 ι,
1689 5746 1737 5795 9..

2394 3189 2553 3243 facile
2606 3198 2689 3243 est
2738 3207 2752 3242 :
2810 3189 2902 3243 sed
2959 3188 3026 3244 iis
3073 3189 3163 3257 qni
3207 3191 3371 3243 vitam
3414 3206 3442 3244 a
3485 3193 3958 3259 perturbationum

2394 3281 2720 3334 tumultibus
2753 3289 3039 3334 vacantem
3082 3290 3132 3334 et
3165 3281 3410 3335 sedatam
3453 3293 3642 3351 agunt,
3670 3292 3723 3338 et
3756 3286 3961 3353 quibus

2395 3370 2516 3440 puri
2559 3372 2822 3424 mentium
2859 3371 3025 3424 oculi.
3063 3370 3196 3424 Aliis
3223 3382 3568 3439 peccatorum
3599 3373 3964 3431 immnnditite

2393 3464 2692 3518 caecitatem
2740 3463 2983 3527 pariunt,
3024 3479 3141 3532 qua:
3186 3474 3236 3517 et
3275 3462 3365 3515 hic
3412 3471 3464 3516 ct
3498 3463 3608 3518 illic
3647 3465 3833 3519 divino
3868 3480 3964 3522 eos

2394 3555 2600 3609 lumine
2631 3555 2946 3624 privabant,
2985 3563 3060 3618 et,
3108 3553 3240 3607 mihi
3293 3553 3522 3618 credite,
3576 3555 3628 3608 in
3676 3555 3854 3622 ignem
3909 3563 3965 3609 et

2393 3648 2646 3701 tenebras
2677 3644 3109 3700 mittentNidete
3144 3683 3159 3708 ,
3193 3645 3374 3707 amici,
3410 3645 3608 3713 qualis,
3646 3661 3805 3710 quam
3842 3645 3964 3716 pul~

2396 3739 2544 3798 cher,
2579 3739 2651 3792 sit
2685 3737 2966 3791 Dominus.
3019 3735 3136 3800 Eia,
3184 3752 3248 3788 ne
3289 3735 3630 3788 eonniveatis
3663 3735 3865 3799 animo,
3896 3737 3962 3791 ad

2394 3838 2595 3883 terram
2633 3826 2986 3894 aspicientes.
3037 3825 3152 3889 Eia,
3190 3839 3257 3876 ne
3306 3823 3455 3876 euris
3489 3832 3828 3876 terrenarum
3862 3841 3960 3880 ne-

2393 3917 2662 3988 gotiorum
2689 3926 2743 3970 et
2774 3900 2957 3985 otium,
2984 3915 3352 3981 etcopiditate
3391 3914 3962 3984 glorimloccnpemini,

2395 4020 2455 4064 ut
2481 4012 2581 4064 hoc
2604 4010 2784 4064 lumen
2817 4010 2938 4061 vitm
2968 4015 3182 4061 :cternac
3207 4005 3542 4072 relinquatis.
3567 4007 3740 4074 Agite,
3764 4008 3963 4071 venite,

2398 4101 2579 4163 amici,
2624 4114 2860 4164 mecum,
2907 4107 2958 4151 et
2997 4115 3127 4160 una,
3172 4112 3277 4149 non
3306 4095 3540 4165 _‘qnidcm
3588 4110 3834 4163 corpore,
3872 4099 3964 4152 sed

2400 4192 2580 4244 anima
2616 4202 2669 4244 et
2706 4191 2868 4242 corde
2899 4189 3198 4242 elcvcmnr.
3243 4186 3294 4238 in
3340 4184 3645 4237 humilitate
3684 4187 3824 4239 bono
3865 4187 3968 4240 Do-

2401 4283 2548 4337 mino
2608 4281 2995 4339 acclamantes,
3056 4275 3418 4339 misericordi,
3476 4287 3527 4330 et
3581 4275 3682 4328 soli
3736 4277 3965 4347 benigno

2401 4374 2531 4436 Deo,
2569 4383 2623 4427 et
2657 4372 2880 4425 omnino
2908 4369 3184 4430 exaudiet,
3217 4367 3443 4420 omnino
3491 4367 3876 4434 miserebitur,
3917 4377 3966 4421 et

2410 4464 2634 4518 omnino
2683 4463 3038 4522 revelabitur,
3094 4469 3146 4512 et
3177 4459 3416 4534 omnino
3450 4474 3507 4511 se
3558 4460 3870 4527 patefaciet,
3913 4467 3966 4513 et

2397 4557 2580 4608 lumen
2615 4570 2771 4606 suum
2808 4553 3045 4604 lucidum
3088 4550 3250 4603 nobis
3296 4549 3566 4602 ostendet.
3600 4549 3740 4614 Quid
3773 4565 3965 4617 grava-

2399 4647 2529 4699 mini
2564 4645 2770 4705 miseri,
2806 4643 2938 4710 quid
2984 4642 3313 4710 pigramini‘.’
3365 4639 3506 4703 Quid
3566 4641 3803 4707 requiem
3849 4655 3966 4692 cor-

2398 4742 2568 4808 poris,
2597 4748 2649 4789 et
2683 4737 2907 4805 gloriam
2941 4735 3268 4786 inhonoram
3315 4739 3370 4783 et
3406 4731 3718 4801 inglorium,
3750 4731 3962 4783 inanem

2396 4841 2448 4887 ct
2484 4845 2677 4882 vanam
2735 4827 3026 4891 mavultis"?
3074 4824 3213 4889 Quid
3266 4824 3432 4875 vitam
3485 4823 3671 4874 \‘il‘lllli
3728 4823 3960 4875 deditam

2398 4938 2521 4978 csse
2554 4923 2811 4979 otiosam,
2845 4934 2896 4970 ιιι
2946 4932 3140 4970 vacare
3183 4915 3556 4969 sollicitudine
3595 4915 3816 4968 dicitis?
3849 4913 3963 4967 Non

2405 5015 2478 5066 ita
2512 5021 2613 5071 est,
2652 5009 2870 5064 fratres.
2925 5017 3166 5064 nonest,
3228 5020 3296 5056 ne
3348 5003 3566 5056 erretis.
3624 5003 3728 5055 Sed
3778 5017 3964 5069 quem-

2410 5101 2698 5157 admodum
2731 5101 2821 5166 qui
2859 5099 3023 5150 vitam
3060 5095 3375 5149 sreculareni
3425 5103 3609 5161 agunt,
3659 5094 3963 5159 habentque

2412 5209 2632 5250 uxores,
2671 5202 2722 5243 et
2759 5192 2980 5251 liberos,
3008 5197 3060 5239 et
3090 5187 3327 5244 divitias,
3367 5198 3428 5236 ac
3465 5184 3817 5252 temporalem
3853 5184 3962 5251 glo-

2412 5288 2543 5339 riam
2584 5293 2864 5352 appctuat,
2903 5282 3142 5334 studium
3193 5279 3470 5341 adhibent,
3521 5286 3570 5327 et
3614 5284 3864 5334 currunt,
3911 5280 3965 5325 ut

2413 5379 2653 5447 epinioni
2694 5393 2805 5430 suac
2835 5373 3222 5429 satisfaciant:
3254 5371 3324 5422 ita
3351 5384 3570 5437 queque
3597 5367 3774 5421 omnis
3799 5364 3966 5430 pomi-

2413 5483 2554 5535 t-ns,
2592 5483 2643 5522 ct
2679 5471 2784 5522 Deo
2822 5468 3068 5520 seri-iens
3121 5464 3378 5518 festinare
3424 5462 3604 5519 debet,
3642 5469 3693 5513 et
3738 5460 3792 5512 ili
3838 5472 3962 5511 con—

2419 5566 2565 5616 tinua
2629 5560 3001 5615 sellit'itUtlinc
3055 5553 3284 5621 versari,
3319 5551 3589 5624 quomodo
3630 5551 3748 5620 ejus
3790 5548 3957 5620 pecni-
