4156 6340
149 420 239 486 545

1190 416 1631 480 DIVINORUM
1665 420 1997 486 AMORUM
2028 425 2282 490 LIBER.

3263 432 3364 496 5t6

152 522 302 574 tentia
330 522 421 577 ﬁat
457 524 810 592 aceeptabilis
861 527 1233 600 perfectaque,
1276 541 1328 588 et
1354 532 1461 588 Deo
1503 537 1698 605 placita
1725 538 1777 597 A
1804 539 1979 593 solum
2008 540 2198 594 cellam
2227 540 2536 606 occludere,
2571 554 2617 597 ei
2655 546 2803 597 intus
2833 541 3051 607 sedere;
3086 543 3178 596 se-l
3211 545 3254 598 si
3284 545 3363 597 vel

147 611 392 666 servitus.
425 611 562 666 Tum
595 613 706 670 Deo
745 631 810 671 ex
850 618 936 672 his
987 621 1206 688 penitus
1259 623 1563 689 familiaris,
1601 643 1694 695 pe-

148 704 276 758 nitus
304 704 352 757 ei
387 706 606 776 unitur,
643 707 933 780 ipsumque
999 721 1124 767 ante
1171 718 1363 770 oculos
1415 715 1689 783 intuetur;

144 807 509 867 quantumque
541 792 807 857 voluntati
855 803 975 874 ejus
1008 821 1212 861 morem
1246 823 1436 878 gerere
1472 819 1692 864 conten-

145 885 232 948 dit,
266 896 471 941 tantam
506 892 608 945 sibi
638 894 781 961 apud
822 909 944 948 eum
974 895 1230 950 fiduciam
1293 913 1356 952 ac
1389 899 1691 955 libertatem

144 979 331 1040 sumit;
369 983 510 1048 quod
561 983 762 1037 utinam
809 993 862 1040 et
908 1002 1007 1042 nos
1056 988 1233 1043 facere
1271 1005 1598 1056 mereamur,
1639 1001 1692 1047 et

149 1075 564 1130 misericordiam
626 1079 917 1148 impetrare
970 1098 1092 1136 cum
1152 1083 1408 1139 omn-ibus
1465 1090 1689 1151 sanctis,

144 1179 278 1217 nunc
328 1168 544 1234 quidem
586 1181 845 1239 quantam
888 1173 943 1226 in
979 1173 1086 1227 hac
1122 1175 1228 1228 vita
1277 1177 1493 1244 assequi
1544 1179 1689 1242 licet,

142 1253 244 1305 illic
287 1266 465 1309 autem
510 1257 789 1313 Christum
848 1271 1040 1326 totum,
1099 1279 1163 1317 ac
1215 1275 1385 1318 totum
1431 1265 1690 1335 Spiritum

141 1345 189 1398 in
252 1345 408 1403 Patre
479 1365 881 1422 consequamur
945 1355 1000 1410 in
1079 1357 1274 1412 saecula
1344 1360 1691 1416 saeculorum.

138 1437 320 1492 Aueu.

701 1589 929 1646 CAPUT
984 1591 1127 1647 ΧΙΧ.

138 1719 207 1772 De
240 1721 584 1795 intellectuati
622 1724 940 1795 reuelatione
970 1726 1299 1795 [unctionem
1331 1727 1495 1780 divini
1536 1729 1696 1782 Iunii-

198 1792 298 1863 nis,
328 1792 489 1860 deque
520 1793 723 1856 divina,
757 1805 804 1847 et
845 1792 1168 1863 quw'animo
1215 1801 1451 1849 cernitur
1490 1801 1694 1853 actione

196 1860 336 1913 illius
368 1874 508 1926 υιιιε,
541 1879 656 1931 qua:
690 1879 808 1918 cum
838 1860 1030 1919 uirtute
1062 1867 1399 1936 transigitur.

199 2007 368 2064 Sinite
401 2026 484 2065 ine
516 2012 712 2078 solum,
747 2013 896 2068 cellae
923 2028 1057 2068 meae
1087 2014 1398 2081 inclusum;
1435 2017 1691 2072 dimittite

133 2116 212 2152 me
266 2117 387 2154 cum
434 2103 563 2168 Deo,
609 2105 702 2172 qui
758 2105 906 2159 solus
952 2115 1034 2158 est
1078 2106 1378 2176 benignus;
1420 2109 1688 2173 absistite,

131 2192 337 2260 longius
382 2208 481 2248 vos
533 2193 842 2261 removete;
893 2195 1056 2249 sinite
1098 2211 1182 2251 me
1217 2198 1391 2252 solum
1429 2201 1567 2253 mori
1599 2214 1693 2254 co-

130 2298 234 2336 ram
266 2284 398 2347 Deo,
427 2283 518 2352 qui
554 2283 709 2338 finxit
738 2300 844 2339 me.
866 2284 1034 2340 Nemo
1060 2287 1260 2340 ostium
1289 2289 1496 2357 pulset;
1529 2304 1690 2344 nemo

131 2390 307 2428 vocem
362 2376 581 2440 mittat;
631 2391 792 2431 nemo
842 2387 1203 2446 cognatormn
1277 2381 1690 2450 amicorumque

132 2480 210 2518 me
252 2465 415 2528 visat,
465 2480 623 2519 neruo
666 2475 902 2520 mentem
950 2481 1124 2520 meam
1177 2483 1203 2520 a
1235 2472 1689 2538 contemplatione

129 2555 244 2609 boni
324 2571 385 2609 ac
437 2557 667 2624 speciosi
723 2555 939 2611 Domini
991 2557 1306 2624 abstrahat;
1357 2575 1516 2614 nemo
1558 2562 1690 2614 mihi

124 2643 300 2699 cibum
353 2646 631 2714 porrigat;
687 2662 849 2700 nemo
908 2658 1096 2716 potum
1156 2647 1343 2701 afferat
1395 2664 1408 2701 :
1463 2647 1689 2703 sufﬁciet

126 2735 260 2787 enim
298 2737 427 2790 mihi
471 2738 641 2790 emori
675 2738 726 2790 in
761 2747 1060 2807 conspectu
1096 2739 1190 2793 Dei
1225 2742 1349 2807 mei,
1384 2740 1476 2794 Dei
1519 2742 1686 2796 mise-

125 2827 369 2891 ricordis,
410 2826 509 2882 Dei
547 2830 793 2896 benigni,
831 2832 926 2899 qui
968 2832 1023 2885 in
1064 2842 1240 2886 terras
1282 2834 1586 2897 descendit,
1627 2844 1687 2890 ut

125 2922 430 2980 peccatores
494 2925 735 2980 vocaret,
777 2927 830 2972 et
867 2935 1050 2973 secum
1082 2935 1176 2974 eos
1219 2923 1270 2974 in
1315 2922 1476 2975 vitam
1521 2923 1686 2978 coale-

127 3014 256 3060 stem
322 3008 668 3078 perduceret.
692 3007 829 3065 Nolo
881 3018 1058 3065 lucem
1120 3013 1303 3067 mundi
1353 3013 1537 3084 hujus,
1586 3033 1685 3072 nec

124 3098 290 3166 ipsum
325 3102 518 3165 solem,
551 3118 650 3156 nec
683 3119 804 3170 quae
846 3105 897 3157 in
935 3104 1139 3157 mundo
1172 3113 1320 3171 sunt,
1356 3109 1538 3163 videre
1571 3125 1685 3164 am-

121 3190 274 3259 plius.
324 3189 497 3246 Video
544 3207 783 3262 namque
829 3194 1113 3248 Dominum
1153 3212 1355 3260 meum,
1399 3199 1555 3254 video
1596 3214 1681 3255 re-

119 3296 255 3351 gem,
319 3283 474 3337 video
534 3299 721 3337 verum
779 3284 987 3352 lumen,
1041 3294 1094 3338 et
1149 3288 1416 3356 cujusque
1466 3291 1685 3343 luminis

117 3381 438 3426 creatorem.
473 3370 642 3428 Video
673 3373 877 3428 fontem
909 3377 1087 3430 omnis
1119 3375 1269 3430 boni.
1296 3376 1463 3432 Video
1491 3392 1685 3436 aucto-

118 3477 248 3530 rem,
287 3474 342 3519 et
381 3481 602 3521 causam
634 3483 815 3520 rerum
849 3471 1117 3522 omnium.
1152 3467 1322 3524 Video
1355 3473 1682 3542 principium

116 3557 362 3625 principii
394 3572 608 3627 expers,
647 3573 676 3609 a
709 3573 815 3626 quo
851 3561 1116 3626 producta
1152 3570 1280 3614 sunt
1315 3565 1589 3630 universa,
1628 3578 1681 3620 et

116 3661 205 3713 per
232 3661 393 3714 quem
429 3648 616 3700 vivunt
653 3649 1027 3719 alimentaque
1062 3651 1354 3719 implentur
1386 3659 1600 3722 omnia;
1628 3666 1683 3712 et

115 3737 268 3806 cujus
295 3739 571 3793 voluntate
599 3740 856 3795 deficiunt
918 3756 981 3794 ac
1013 3742 1270 3795 desinunt
1300 3745 1500 3798 omnia.
1533 3747 1682 3811 Quo-

117 3829 272 3881 modo
322 3829 484 3898 igitur
540 3845 603 3884 eo
655 3831 875 3884 deserto
923 3831 1111 3884 cellam
1171 3847 1344 3886 meam
1398 3837 1682 3902 egrediar?

117 3913 285 3971 Sinite
330 3933 436 3980 me,
486 3926 539 3971 et
580 3918 940 3982 lamentabor,
987 3929 1039 3974 et
1072 3919 1368 3988 deplorauo
1408 3937 1592 3980 noctes
1627 3937 1679 3981 et

115 4007 246 4075 dies,
300 4023 438 4077 quos
484 4008 715 4078 perdidi,
759 4008 890 4063 dum
938 4009 1153 4065 intueor
1204 4013 1464 4067 mundum
1514 4016 1677 4082 hunc,

114 4102 322 4155 intueor
353 4102 548 4164 solem,
587 4103 805 4155 intueor
836 4101 1017 4154 lumen
1054 4102 1242 4156 mundi
1281 4109 1382 4158 hoc
1418 4117 1521 4158 SttD
1556 4121 1679 4158 sen-

114 4205 223 4242 sum
271 4192 498 4252 cadens,
555 4199 608 4244 et
643 4191 1031 4259 caliginosum,
1077 4191 1221 4260 quod
1262 4193 1494 4245 animam
1535 4193 1676 4248 haud

114 4279 400 4344 il!uminat,
436 4283 570 4335 citra
605 4283 746 4350 quod
790 4283 953 4335 etiam
994 4283 1166 4336 oculis
1196 4285 1338 4350 capti
1381 4284 1593 4349 vivunt,
1625 4295 1676 4337 et

113 4385 226 4424 curn
257 4375 383 4426 hinc
409 4388 583 4428 morte
609 4375 987 4436 discesserint,
1011 4389 1158 4429 nunc
1183 4375 1491 4431 videntibus
1519 4392 1674 4444 pares

111 4474 292 4528 erunt;
329 4466 380 4517 in
413 4480 522 4532 quo
547 4473 600 4518 et
630 4479 730 4534 ego
763 4464 1122 4534 vagabundus
1153 4465 1374 4518 laetabar
1403 4469 1672 4520 omnimo-

1800 627 1999 684 cﬂ‘ossa
2049 634 2214 686 humo
2237 648 2323 686 me
2370 634 2726 700 abscondere,
2775 645 2829 691 et
2876 636 2948 690 ibi
2997 637 3160 689 vitam
3215 645 3362 687 extra

1799 721 2065 775 mundum
2099 731 2265 778 totum
2318 727 2526 788 vixero,
2577 729 2953 796 aspiciensque
3001 726 3362 780 immortalem

1796 811 2144 869 Conditorem
2173 830 2233 868 ac
2261 817 2567 877 Dominum,
2599 817 2716 886 ejus
2745 833 2924 873 amore
2954 820 3088 872 mori
3119 819 3361 879 voluero,

1798 903 1980 958 sciens
2033 920 2118 958 me
2180 908 2369 976 utique
2426 924 2533 961 non
2585 911 2935 961 moriturum.
2996 909 3135 974 Quid
3198 909 3364 978 igitur

1798 994 2070 1047 COmmOdi
2103 997 2338 1051 mundus
2370 999 2502 1052 mihi
2534 999 2750 1051 attulit?
2787 1008 2840 1052 et
2885 998 3012 1066 quid
3047 1015 3188 1052 nunc
3227 999 3363 1051 lucri

1797 1085 2065 1150 referunt,
2114 1088 2209 1156 qui
2262 1087 2317 1141 in
2367 1089 2570 1144 mundo
2626 1091 2865 1157 degunt?
2905 1089 3154 1143 Profecto
3188 1091 3358 1153 nihil;

1797 1175 1892 1230 sed
1925 1176 2054 1229 nudi
2091 1177 2144 1230 in
2183 1178 2452 1248 sepulcris
2483 1181 2748 1248 habitant,
2777 1193 3173 1250 resurgentque
3207 1181 3359 1244 nudi,

1795 1273 1847 1317 et
1889 1265 2287 1334 judicabantur
2335 1283 2569 1335 omnes;
2617 1267 2744 1340 quia
2785 1288 2964 1326 veram
3007 1274 3194 1335 vitam,
3233 1276 3359 1340 quia

1797 1353 1974 1408 lucem
2030 1357 2244 1421 mundi,
2302 1360 2608 1426 Christum,
2667 1364 2910 1430 inquam,
2969 1366 3357 1435 relinquentes,

1797 1446 2109 1501 dilexerunt
2145 1453 2422 1518 tenebras,
2450 1464 2502 1508 et
2534 1455 2587 1507 in
2622 1454 2752 1522 ipsis
2779 1455 3058 1508 ambulare
3083 1458 3359 1525 elegerunt

1798 1548 2008 1600 omnes,
2041 1537 2132 1605 qui
2185 1538 2362 1593 lucem
2404 1557 2509 1594 non
2561 1553 2904 1609 receperunt,
2948 1559 3067 1612 quae
3119 1545 3265 1598 fulsit
3304 1546 3358 1599 in

1798 1625 2022 1689 mundo,
2059 1643 2221 1695 quam
2268 1632 2502 1685 mundus
2549 1648 2657 1686 non
2699 1634 2863 1701 capit,
2911 1650 3012 1689 nec
3051 1636 3231 1690 videre
3263 1653 3361 1705 po-

1800 1723 1903 1769 test
1927 1716 1994 1770 ".
2024 1715 2294 1782 Quocirca
2330 1721 2643 1790 relinquite,
2675 1725 2837 1780 sinite
2869 1741 2952 1779 me
2984 1729 3180 1788 solum,
3208 1729 3361 1782 obse-

1798 1823 1913 1873 cro,
1948 1817 2004 1862 ut
2038 1808 2194 1864 ﬂeam
2229 1821 2285 1867 et
2314 1815 2583 1882 requiram
2615 1815 2778 1881 hunc,
2811 1827 2865 1870 ut
2901 1819 3058 1873 detur
3091 1820 3222 1873 mihi
3265 1822 3357 1875 vi-

1723 1905 1770 1965 B
1806 1904 2106 1972 deaturque
2151 1918 2182 1958 a
2219 1909 2314 1960 me
2365 1906 2604 1976 largiter.
2655 1908 2773 1964 Non
2818 1912 2960 1964 enim
2998 1913 3207 1966 videtur
3239 1924 3354 1967 tan-

1796 1995 2096 2057 tummodo,
2119 2009 2228 2048 non
2255 1997 2429 2050 solum
2460 2010 2759 2068 spectatur;
2793 2004 2883 2058 sed
2918 2007 3355 2061 communicatur

1793 2084 1980 2148 etiam,
2013 2095 2068 2140 et
2097 2085 2306 2149 incolit,
2339 2097 2392 2142 et
2420 2105 2623 2158 manet,
2652 2103 2704 2146 et
2731 2103 2814 2148 est
2846 2102 3102 2163 tanquam
3139 2099 3356 2151 thesau-

1795 2190 1889 2231 rus
1919 2176 1970 2230 in
2004 2178 2127 2231 sinu
2165 2178 2522 2236 absconditus
2556 2200 2567 2235 :
2622 2199 2781 2252 quem
2821 2188 2910 2254 qui
2957 2197 3153 2256 portat,
3200 2191 3356 2244 volu-

1792 2277 1994 2337 ptatem
2032 2270 2283 2340 percipit,
2323 2281 2378 2326 et
2409 2275 2501 2340 qui
2541 2276 2701 2341 videt,
2737 2279 2936 2345 gaudio
2969 2285 3204 2337 exsultat
3241 2287 3352 2338 exi-

1791 2361 2086 2429 stimatque
2109 2377 2233 2430 eum
2265 2368 2514 2433 quamvis
2539 2371 2870 2424 occultatum
2909 2375 3055 2431 cerni
3080 2377 3147 2427 ab
3180 2378 3354 2429 omni-

1792 2448 1917 2504 bus.
1970 2449 2077 2505 Sed
2136 2451 2295 2520 plane
2343 2468 2449 2508 non
2498 2458 2761 2522 cernitur,
2795 2476 2892 2514 nec
2942 2465 3244 2536 attingitur.
3287 2471 3354 2519 ab

1791 2540 2067 2596 omnibus.
2099 2539 2217 2596 Non
2250 2542 2396 2597 hunc
2431 2544 2537 2608 fur,
2567 2563 2672 2601 non
2703 2551 2839 2606 latro
2896 2555 3169 2623 surripere
3194 2566 3355 2626 atque

1791 2632 2008 2686 auferre
2043 2639 2241 2701 potest,
2280 2640 2631 2703 quantumvis
2671 2648 2975 2708 portantem
3004 2646 3350 2714 jugulaverit.

1792 2722 1848 2777 Si
1888 2738 2077 2793 rapere
2120 2724 2375 2793 voluerit,
2413 2731 2816 2800 quatrendoque
2861 2741 3104 2790 excutiat
3145 2755 3354 2795 marsu-

1791 2814 1962 2883 pium,
1997 2823 2270 2870 scrutetur
2302 2819 2561 2883 tunicam,
2590 2823 2864 2891 cingulum
2897 2826 3089 2890 solvat,
3121 2845 3352 2896 eumque

1789 2905 1959 2960 libere
2007 2906 2262 2976 indaget;
2310 2907 2350 2962 si
2399 2909 2560 2962 etiam
2605 2911 2839 2965 dissecto
2888 2923 3073 2969 ventre
3129 2917 3353 2970 rimetur

1788 2995 2020 3060 viscera,
2052 2997 2294 3052 invenire
2323 3013 2384 3051 ac
2415 3000 2602 3052 tollere
2629 3003 2942 3071 neutiquam
2973 3008 3185 3072 poterit.
3217 3009 3350 3063 Nam

1787 3090 2069 3143 oculorum
2093 3089 2345 3143 obtutum
2373 3090 2579 3161 effugit,
2615 3103 2669 3145 et
2702 3096 2950 3148 manibus
2977 3112 3079 3149 non
3115 3109 3349 3154 tenetur.

1790 3181 1853 3235 Et
1885 3196 2007 3234 cum
2044 3181 2117 3235 sit
2142 3183 2553 3236 contreetabilis
2587 3184 2830 3248 omnino,
2861 3185 3021 3238 simul
3051 3199 3132 3240 est
3162 3189 3350 3244 incon.

1791 3271 2107 3326 trectabilis.
2157 3269 2545 3325 Verumtamen
2583 3282 2796 3326 tenetur
2843 3277 3096 3330 manibus
3139 3294 3348 3345 eorum,

1789 3363 1880 3431 qui
1915 3363 2019 3417 hoc
2045 3364 2190 3433 digni
2224 3371 2351 3419 sunt
2381 3363 2606 3432 (indigni
2631 3365 2698 3416 ab
2723 3364 2826 3418 hoc
2858 3366 3150 3436 facessite),
3180 3369 3351 3436 jacet-

1786 3470 1891 3524 que
1923 3455 1976 3507 in
2009 3469 2168 3508 manu
2203 3454 2484 3523 quiddam,
2518 3471 2549 3507 ο
2578 3455 2897 3508 miraculum
2928 3458 2940 3509 !
2967 3468 3017 3510 et
3049 3474 3154 3511 non
3191 3462 3348 3527 quid-

1784 3545 1931 3606 dam,
1972 3558 2169 3598 nomen
2201 3545 2345 3598 enim
2380 3560 2490 3598 non
2538 3547 2721 3598 habet.
2755 3545 3044 3603 Attonitus.
3075 3549 3258 3616 igitur,
3296 3560 3348 3602 et

1785 3635 1890 3688 hoc
1924 3634 2144 3702 cupiens
2190 3634 2447 3698 retinere,
2497 3635 2880 3701 constringens
2920 3652 3160 3701 manum,
3197 3639 3346 3693 visus

1787 3741 1907 3779 sum
1971 3736 2154 3779 tenere
2205 3733 2260 3778 et
2320 3725 2562 3790 habere,
2621 3726 2841 3794 vidique
2893 3742 3109 3781 rursum
3163 3730 3212 3782 in
3260 3746 3343 3796 ea,

1782 3817 1925 3886 quod
1965 3820 2136 3886 prius,
2181 3830 2213 3869 0
2254 3815 2521 3871 ineffabile
2567 3819 2886 3871 miraculum
2913 3819 2924 3870 l
2951 3834 2981 3872 ο
3019 3821 3342 3874 inusitatum

1781 3909 2099 3978 mysterium
2134 3907 2146 3959 Ξ

1850 3998 1989 4063 Quid
2026 3997 2227 4052 frustra
2275 4013 2464 4052 omnes
2507 4000 2815 4064 turbamur,
2848 4001 2973 4067 quid
3016 4001 3340 4071 decipimus,

1779 4090 1909 4159 quid
1945 4092 2013 4142 ad
2039 4091 2222 4143 lumen
2256 4089 2357 4143 hoc
2384 4091 2527 4157 quod
2563 4090 2746 4145 sensui
2785 4093 3072 4159 subjicitur
3107 4095 3339 4157 hiamus,

1778 4183 1869 4250 qui
1920 4195 2081 4236 sensu
2137 4180 2520 4242 intellectuali,
2581 4196 2774 4249 nempe
2815 4183 3026 4236 ratione
3073 4185 3340 4239 condeco-

1778 4271 1880 4322 rati
1912 4269 2136 4323 sumus?
2168 4269 2276 4323 Cur
2308 4269 2374 4324 ad
2406 4285 2493 4324 res
2525 4270 2645 4323 vita:
2675 4270 2838 4337 hujus
2883 4271 3122 4326 caducas
3152 4283 3206 4346 e}
3249 4290 3339 4343 pe-

1777 4362 1980 4414 rituras
2015 4360 2360 4429 respicimus,
2409 4361 2502 4429 qui
2541 4361 2719 4414 anima
2787 4365 3106 4432 incorporea
3149 4374 3202 4418 et
3242 4367 3340 4419 im-

1780 4450 1992 4504 mortali
2032 4465 2226 4505 sumus
2270 4451 2526 4520 prrediti?
2555 4452 2690 4516 Quid
2731 4452 2834 4505 ista
2871 4454 3205 4507 admiramur
3243 4471 3339 4509 nos

111 4557 207 4617 dis,
250 4573 317 4612 ac
370 4573 596 4630 prorsus
647 4558 793 4611 aliud
841 4558 1022 4611 lumen
1071 4572 1194 4612 esse
1233 4573 1341 4611 non
1393 4560 1669 4628 putabam,

1786 4544 1978 4613 stupidi
2015 4543 2253 4611 penitus,
2302 4552 2376 4607 et,
2417 4544 2590 4597 instar
2630 4558 2918 4607 caecorum,
2962 4547 3169 4612 pondus
3210 4548 3335 4600 ferri

112 4649 243 4716 quod
273 4658 330 4704 et
360 4652 473 4703 vita
504 4656 669 4712 esset,
719 4655 778 4700 ut
821 4649 1082 4715 diximus,
1127 4657 1180 4702 et
1215 4665 1382 4703 causa
1423 4651 1672 4704 essentia:

111 4741 324 4794 omnino
373 4751 484 4794 tum
535 4739 656 4808 ejus
698 4739 841 4809 quod
887 4749 991 4802 εει,
1037 4747 1149 4794 tum
1182 4741 1302 4810 ejus
1330 4742 1476 4810 quod
1517 4743 1669 4796 erit:

110 4842 357 4902 eramque
385 4833 533 4884 velut
567 4830 747 4894 ἄθεος,
781 4844 902 4882 cum
933 4830 1242 4898 ignorarem
1273 4831 1438 4885 Deum
1468 4846 1667 4884 meum.

110 4916 252 4974 Nunc
291 4929 476 4976 autem
511 4929 800 4988 postquam
832 4918 1166 4986 complacuit
1213 4917 1468 4970 ineffabili
1505 4919 1670 4971 mise-

111 5008 352 5065 ricordia:
422 5011 595 5064 videri
646 5025 674 5062 a
719 5025 806 5063 me
873 5016 926 5062 et
969 5001 1199 5061 revelari
1241 5008 1374 5061 mihi
1422 5007 1664 5076 indigno,

109 5098 204 5152 vidi
281 5112 336 5156 et
376 5116 505 5156 vere
549 5100 798 5170 cognovi,
844 5099 1022 5168 ipsum
1068 5099 1236 5152 Deum
1286 5099 1665 5154 universorum

108 5205 234 5258 esse,
292 5195 464 5249 Deum
520 5195 764 5249 omnium
808 5208 927 5262 quae
978 5192 1031 5244 in
1080 5191 1283 5246 mundo
1321 5203 1467 5255 sunt,
1507 5206 1665 5260 quem

110 5296 256 5339 nemo
307 5286 593 5338 hominum
644 5285 806 5350 vidit;
837 5293 991 5336 extra
1041 5284 1534 5352 mundum-quippe
1563 5289 1664 5346 est,

110 5384 252 5431 extra
286 5380 466 5432 lucem
519 5392 581 5430 ac
619 5377 893 5439 tenebras,
926 5385 1076 5430 extra
1110 5389 1312 5436 aerem,
1341 5388 1490 5427 extra
1519 5388 1669 5426 men-

112 5473 205 5520 tem
250 5484 315 5524 ac
363 5484 584 5524 sensum
631 5483 869 5521 munem.
918 5466 1096 5528 Ouare
1142 5481 1241 5535 ego
1283 5480 1498 5534 quoque
1539 5480 1663 5518 eum

110 5559 314 5626 videns,
366 5578 392 5614 a
441 5561 694 5617 sensibus
741 5561 871 5614 abii.
916 5560 1055 5629 Ergo
1089 5573 1186 5614 vos
1231 5558 1429 5626 quibus
1470 5572 1663 5612 sensus

110 5647 388 5718 imperant.
443 5667 529 5705 me
585 5652 816 5705 missum
865 5649 1046 5716 facite,
1095 5664 1157 5704 ac
1209 5647 1371 5704 sinite
1417 5661 1503 5703 me
1554 5662 1661 5701 non

173 5825 219 5854 "
237 5822 388 5883 Joan.
412 5843 488 5892 ut,
526 5828 587 5885 i6
621 5842 768 5892 sentt-

1775 4646 1829 4691 et
1883 4651 2138 4705 magnam
2195 4637 2334 4688 hanc
2392 4638 2695 4704 plaeentam
2780 4637 2993 4690 modico
3057 4652 3190 4690 auro
3245 4647 3336 4690 aut

1775 4728 2024 4796 pretiosae
2069 4728 2396 4796 margaritae,
2434 4738 2489 4781 ut
2523 4744 2634 4782 rem
2665 4730 3020 4782 mstimatioue
3053 4732 3336 4797 majorem,

1775 4818 2171 4877 anteferimus;
2223 4833 2324 4871 nec
2373 4833 2595 4885 parvum
2635 4821 2839 4887 sinapis
2878 4834 3101 4887 granum
3139 4820 3333 4887 quwri-

1774 4925 1917 4970 mus,
1959 4910 2100 4978 quod
2144 4910 2395 4964 omnibus
2437 4926 2556 4979 quae
2590 4911 2762 4964 oculis
2800 4922 3149 4978 usurpantur,
3188 4926 3334 4978 qua:-

1771 5018 1877 5073 qne
1911 5002 2013 5055 sub
2045 5012 2324 5067 aspectum
2361 5019 2463 5055 non
2508 5003 2753 5064 veniunt,
2789 5002 2965 5068 majus
3005 5011 3166 5069 atque
3199 5017 3334 5069 prae-

1773 5095 2006 5151 stantius
2031 5096 2284 5149 est?(.‘.ur
2309 5109 2414 5149 non
2443 5097 2631 5147 damus
2654 5094 2854 5154 omnia,
2875 5102 2928 5146 et
2954 5107 3332 5160 comparamus

1770 5188 1943 5243 illud?
1993 5185 2055 5238 Et
2102 5202 2200 5240 cur
2249 5187 2350 5239 hoc
2394 5186 2639 5239 destituti
2688 5186 2740 5238 in
2772 5187 2882 5238 vita
2918 5198 3137 5237 manere
3172 5184 3330 5236 volu-

1771 5277 1930 5330 mus?
1959 5275 2173 5330 Credite
2221 5275 2374 5341 mibi,
2423 5278 2466 5329 si
2503 5277 2584 5330 vel
2614 5278 2810 5344 smpius
2852 5273 2989 5326 mori
3035 5274 3237 5335 liceret,
3275 5283 3328 5327 ut

1771 5367 1911 5423 istud
1973 5382 2199 5436 parvum
2253 5383 2478 5435 granum
2536 5367 2964 5436 acquireremus,
3021 5380 3127 5421 non
3185 5376 3328 5420 esset

1771 5459 2075 5514 recusanda
2109 5459 2370 5512 conditio.

1842 5550 1932 5605 Va:
1983 5552 2110 5616 illis,
2141 5551 2234 5619 qui
2271 5549 2320 5604 id
2362 5551 2412 5601 in
2462 5551 2584 5604 sinu
2627 5549 2821 5604 animae
2862 5556 3039 5601 satum
3081 5532 3198 5602 lnon'
3226 5545 3324 5598 La-

1770 5645 1918 5711 bent,
1953 5643 2303 5699 vehementer
2344 5642 2533 5710 utique
2565 5641 2830 5698 esuriem.
2871 5637 2962 5694 Va:
2991 5639 3083 5707 qui
3123 5636 3172 5691 id
3207 5649 3326 5705 ger-
