4136 6338
735 374 840 434 5-17

1953 360 2318 424 SIMEONIS
2352 361 2716 422 JUNIORIS

3880 364 3982 425 548

732 495 973 542 ιιὶίιιῖιεεο
1009 493 1116 537 ιιοιι
1164 481 1437 540 viderunt,
1489 477 1749 548 quoniam
1795 477 1946 539 nudi,
1979 484 2039 529 ut
2073 476 2296 528 arbores
2328 481 2372 538 Α
2402 476 2549 529 mino
2585 475 2803 544 penitus
2853 474 3183 530 intolerabili
3242 472 3504 530 habitas?
3539 473 3824 540 Quomodo
3867 490 3983 530 ma-

735 581 876 635 foliis
904 578 1161 636 viduatze,
1192 569 1535 628 stabunt.V.c
1563 570 1654 639 qui
1687 568 1863 623 verbis
1895 566 2107 620 Domini
2138 565 2298 618 fidem

733 686 839 725 non
893 671 1267 730 conunodant,
1325 672 1384 716 ut
1437 663 1552 716 haec
1597 661 1760 714 arbor
1812 660 1962 725 fiant,
2011 666 2064 711 et
2115 670 2297 710 ramos

731 765 1004 824 emittant,
1042 759 1396 824 studiosaque
1443 766 1495 808 et
1534 761 1740 805 attenta
1805 759 1983 805 mente
2025 746 2298 818 quotidia-

731 869 862 906 num
907 853 1062 905 iStius
1092 849 1240 918 parvi
1283 847 1437 916 grani
1474 845 1871 899 incrementum
1906 849 2134 903 curent;
2173 853 2296 890 nam

734 944 856 1010 ejus
895 941 1195 995 eﬂicientiae
1233 937 1619 991 detrimentum
1654 933 1872 994 facient,
1912 935 2054 985 sicut
2084 941 2298 987 servus,

733 1037 824 1101 qui
863 1035 1027 1088 stulte
1067 1037 1332 1086 talentum
1365 1028 1572 1083 defodit
1598 1027 1661 1077 '°.
1693 1028 1934 1091 Quorum
1976 1024 2039 1076 de
2073 1035 2300 1074 numero

732 1142 833 1195 ego
874 1139 1093 1192 quoque
1125 1139 1266 1184 sum,
1299 1120 1609 1188 negligens,
1645 1126 1697 1171 et
1729 1130 1952 1169 cessans
1988 1112 2226 1167 assidue.

805 1221 932 1282 Sed,
973 1234 1005 1272 o
1038 1217 1312 1270 individua
1352 1213 1610 1276 Trinitas,
1646 1227 1678 1264 o
1709 1208 1993 1263 inconfusa
2034 1208 2234 1266 unitas,
2270 1218 2302 1256 ο

736 1311 918 1362 lumen
968 1307 1368 1362 iunominatum
1434 1312 1492 1356 ιιι
1528 1318 1763 1372 prorsus
1810 1313 2002 1352 carens
2054 1299 2302 1359 nomine,

736 1417 769 1455 o
803 1417 1019 1454 rursum
1055 1401 1354 1452 multortnn
1390 1397 1675 1450 nominum
1737 1401 1795 1444 ut
1826 1407 2060 1461 operans
2097 1391 2300 1450 omnia,

736 1509 768 1547 ο
799 1510 905 1547 una
938 1493 1133 1561 gloria,
1177 1490 1534 1559 principium,
1573 1490 1835 1555 potentia,
1870 1499 2115 1556 regnum,
2149 1497 2181 1535 o
2220 1483 2326 1534 ιιι-Δ

737 1601 886 1646 men,
921 1599 1026 1637 una
1060 1585 1333 1646 voluntas,
1361 1581 1654 1645 sententia,
1689 1589 1875 1640 nutus,
1905 1579 1985 1633 vis
2016 1587 2071 1631 et
2103 1574 2302 1631 virtus.

737 1691 824 1729 me
869 1675 1128 1729 afllietum
1181 1676 1266 1742 pie
1304 1675 1585 1727 miserare.
1616 1671 1717 1736 Qui
1749 1671 1891 1723 enim
1929 1685 2035 1722 non
2075 1668 2302 1738 afﬂigar,

736 1769 826 1836 qui
863 1782 970 1820 non
1003 1780 1293 1819 maerorem
1328 1764 1654 1830 concipiam,
1697 1762 1788 1830 qui
1837 1767 2042 1813 tantam
2083 1760 2304 1814 bonita-

735 1869 842 1915 tem
919 1867 972 1914 et
1015 1857 1418 1912 miserationem
1462 1863 1609 1909 tuam
1661 1854 1982 1920 contempsi,
2025 1852 2117 1917 qtti
2165 1852 2303 1904 viam

735 1950 1119 2002 mandatorum
1159 1955 1377 1998 tuorum
1431 1951 1540 1995 tam
1576 1943 1814 2011 segniter
1857 1948 1910 1994 et
1955 1939 2207 2003 remisse,
2253 1948 2308 1994 et

735 2040 1005 2106 improbe,
1040 2038 1221 2091 infelix
1265 2035 1577 2088 ambulavi?
1627 2033 1732 2088 Sed
1772 2040 1826 2087 et
1867 2048 2016 2086 nunc
2057 2033 2307 2086 commo-

734 2137 964 2180 veantur
987 2128 1196 2179 viscera
1225 2135 1338 2186 tua,
1357 2132 1412 2177 et
1439 2139 1580 2178 nunc
1606 2124 1862 2178 miserere
1888 2122 2015 2187 mei,
2041 2131 2092 2176 et
2117 2132 2305 2176 aestum

734 2219 918 2272 cordis
968 2218 1071 2269 ntci
1117 2218 1300 2271 denuo
1349 2216 1608 2278 accende,
1654 2214 1866 2269 Christe
1919 2229 2095 2278 meus,
2147 2230 2304 2281 quem

730 2313 950 2364 miserae
1003 2309 1185 2362 carnis
1249 2324 1382 2362 mete
1431 2306 1722 2361 dissolutio
1761 2307 2046 2369 exstinxit,
2088 2295 2152 2359 et
2215 2321 2306 2360 so-

736 2417 925 2464 mnus,
960 2401 1222 2453 saturitas
1256 2399 1488 2464 ventris,
1533 2408 1587 2452 ct
1622 2399 1733 2451 vini
1785 2398 2159 2466 ingurgitatio,
2193 2405 2306 2452 hazc

737 2499 906 2544 totam
943 2492 1140 2544 anima:
1171 2504 1301 2544 mea:
1344 2488 1615 2543 ﬂammam
1656 2487 2056 2551 exstinxerunt,
2098 2496 2151 2541 et
2186 2487 2308 2541 fon-

733 2583 1305 2657 tem,scaturiginem
1356 2582 1565 2635 scilicet
1622 2581 2008 2649 lacrymarum,
2065 2581 2310 2634 exsicca-

734 2687 885 2728 runt.
935 2674 1146 2727 Etenim
1196 2673 1343 2727 calor
1379 2673 1558 2742 ignem
1605 2681 1853 2741 generat,
1888 2671 2031 2740 ignis
2060 2670 2304 2726 vicissim

734 2764 992 2827 calorem,
1029 2772 1082 2818 et
1104 2781 1168 2818 ex
1199 2765 1464 2818 ambobus
1491 2765 1705 2817 ﬂamma
1733 2763 2068 2827 accenditur,
2100 2770 2154 2817 et
2183 2762 2306 2817 fons

733 2857 1121 2927 lacrymarutn.
1156 2855 1393 2910 Flamma
1428 2857 1680 2924 producit
1706 2854 1946 2920 ﬂuenta;
1978 2855 2180 2908 ﬂuenta
2208 2869 2306 2908 au-

735 2957 842 3002 tem
876 2950 1169 3014 ﬂammam,
1215 2950 1266 3001 in
1303 2949 1504 3017 quibus
1543 2963 1629 3001 me
1673 2947 1984 2999 divinorum
2019 2946 2306 3000 mandato-

734 3057 857 3094 rum
922 3041 1203 3094 meditatio
1266 3039 1536 3107 provexit.
1606 3037 1844 3090 Rursum
1907 3046 2304 3106 prteceptorum

2402 584 2537 622 nens
2592 568 2947 623 immutabilis
2979 611 2994 636 ,
3024 577 3077 622 et
3128 568 3351 624 omnino
3413 567 3807 622 inaccessibilis
3829 607 3842 632 ,
3875 567 3981 622 feni

2403 661 2761 714 substantiam
2817 661 2890 713 ita
2923 661 3172 715 custodis
3195 701 3210 725 ,
3249 668 3309 713 ut
3347 675 3455 713 non
3491 659 3888 715 comburatur?
3921 659 3985 712 Et

2403 767 2630 808 manens
2687 751 2872 806 fenum
2955 751 3043 827 lux
3085 762 3206 816 est,
3246 769 3355 806 non
3414 761 3594 805 autem
3665 752 3754 804 lux
3806 751 3987 805 fenum

2404 854 2522 907 est;
2557 846 2653 898 sed
2703 847 2828 898 fcno
2860 856 2916 898 tu
2952 845 3043 898 lux
3077 847 3214 899 citra
3250 845 3628 904 confusionem
3661 860 3718 898 es
3753 847 3938 898 unitus
3968 877 3981 896 ο

2403 947 2454 989 et
2501 937 2686 990 fenum
2733 937 2790 989 fit
2824 945 2880 990 ut
2915 937 3003 989 lux
3033 978 3046 1000 ,
3081 945 3346 989 mutatum
3387 936 3819 990 immutabiliter.
3868 933 3985 988 Non

2403 1045 2544 1097 queo
2575 1029 2688 1082 haec
2732 1039 2822 1082 tua
2858 1030 3105 1082 miranda
3154 1030 3371 1083 silentio
3421 1036 3650 1098 tegere:
3704 1045 3814 1087 non
3859 1042 3986 1096 pos-

2405 1135 2523 1174 sum
2577 1135 2681 1173 non
2738 1121 2886 1188 loqui
2921 1121 3282 1174 meonomiam
3340 1130 3527 1178 tuam,
3581 1134 3743 1187 quam
3813 1118 3984 1172 fecisti

2405 1227 2659 1274 mecum,
2718 1212 2810 1278 qui
2873 1227 2990 1270 sum
3057 1212 3317 1281 prodigus
3383 1220 3437 1265 et
3493 1211 3870 1273 fornicarius,
3929 1220 3986 1265 et

2404 1301 2755 1370 benignitatis
2838 1313 2942 1355 tuae
3025 1303 3406 1356 inexhaustum
3485 1304 3800 1356 thesaurum
3875 1318 3987 1356 non

2406 1408 2661 1446 enarrare
2713 1394 2966 1448 omnibus
3020 1411 3249 1463 nequeo,
3313 1395 3383 1446 mi
3439 1393 3791 1461 Redemptor.
3834 1393 3988 1448 Desi-

2406 1484 2537 1536 dero
2601 1485 2742 1538 enim
2817 1485 3078 1537 mundum
3148 1485 3461 1539 universum
3524 1499 3582 1537 ex
3646 1484 3749 1537 hoc
3815 1479 3987 1537 lucent

2409 1576 2676 1644 accipere,
2711 1587 2762 1627 et
2800 1578 3069 1630 neminem
3111 1592 3334 1645 prorsus
3367 1591 3427 1629 ea
3467 1591 3695 1637 vacuum
3731 1576 3986 1645 relinqui.

2409 1666 2792 1721 Verumtamen
2837 1669 2884 1719 in
2925 1683 3008 1720 me
3041 1668 3271 1736 primum
3307 1667 3470 1737 fulge,
3511 1682 3541 1720 ο
3572 1684 3663 1721 rex
3693 1668 3939 1722 omnium
3971 1686 3986 1734 ;

2410 1757 2625 1818 incole.
2677 1768 2731 1812 et
2790 1758 3034 1812 illmnina
3108 1760 3373 1827 abjectam
3451 1762 3686 1812 animum
3765 1774 3985 1826 meam,

2411 1851 2636 1904 ostende
2661 1851 2792 1902 mihi
2836 1859 3018 1919 aperte
3048 1850 3274 1903 Deitatis
3305 1860 3409 1903 tum
3440 1849 3632 1903 faciem
3664 1889 3678 1912 ,
3712 1860 3764 1902 et
3804 1849 3986 1904 omni-

2410 1960 2481 1997 n0
2530 1943 2885 1995 invisibiliter
2943 1957 3141 2010 appare
3181 1941 3310 1994 mihi
3341 1982 3356 2006 ,
3411 1941 3550 1995 Deus
3598 1956 3772 1994 meus.
3825 1940 3985 1995 Nullo

2407 2035 2550 2089 enim
2597 2033 2758 2086 modo
2793 2034 2990 2086 videris
3037 2048 3065 2085 a
3119 2049 3205 2087 me
3236 2075 3250 2098 ,
3283 2035 3502 2088 omnino
3555 2042 3734 2087 tamen
3788 2049 3989 2102 appare

2408 2126 2565 2178 mihi.
2616 2124 2716 2190 Qui
2779 2125 2846 2178 ab
2896 2126 3247 2178 universitate
3295 2126 3412 2194 capi
3465 2141 3568 2178 non
3613 2135 3806 2192 poles,
3865 2140 3989 2178 vere

2410 2232 2612 2284 parvus
2643 2218 3044 2286 quodammodo
3077 2218 3137 2270 lis
3169 2219 3221 2269 in
3257 2218 3505 2270 manibus
3539 2222 3693 2277 meis.
3733 2228 3786 2272 et
3827 2220 3985 2273 labiis

2410 2310 2547 2362 meis
2613 2316 2668 2359 ιιι
2737 2309 2867 2361 uber
2924 2308 3287 2372 lucidttm,et
3341 2309 3570 2363 dulcedo
3626 2311 3869 2363 versaris
3932 2321 3986 2365 et

2410 2409 2669 2448 coruscas
2696 2434 2710 2458 ,
2755 2410 2786 2448 ο
2818 2411 3017 2449 novum
3061 2398 3416 2465 mysterium,
3456 2399 3526 2450 ita
3560 2408 3612 2451 et
3661 2416 3799 2452 nunc
3836 2400 3901 2452 da
3937 2409 3990 2454 te

2409 2475 2542 2536 mihi
2568 2524 2581 2546 ,
2623 2493 2680 2535 ut
2722 2493 2774 2537 te
2814 2485 2999 2548 satier,
3044 2497 3103 2539 ut
3155 2487 3384 2552 osculer,
3427 2497 3478 2541 et
3512 2490 3806 2556 amplectar
3838 2499 3986 2544 tuam

2410 2574 2636 2644 gloriam
2675 2577 3092 2630 inenarrabilem
3124 2615 3138 2641 ,
3191 2577 3372 2632 lumen
3430 2580 3613 2632 vultus
3646 2581 3760 2645 tui,
3795 2590 3846 2633 et
3885 2581 3987 2633 im-

2409 2672 2577 2740 plear,
2606 2681 2656 2726 et
2689 2674 2810 2726 aliis
2841 2674 3094 2729 omnibus
3122 2678 3603 2743 communicem,et
3627 2681 3775 2733 obita
3813 2691 3988 2737 morte

2412 2773 2556 2820 totus
2589 2767 2924 2834 glorificatus
2974 2767 3040 2819 ad
3085 2774 3138 2821 te
3175 2770 3414 2824 veniam.
3469 2769 3547 2824 Ex
3576 2771 3778 2826 lumine
3807 2781 3902 2826 tuo
3933 2782 3989 2824 ct

2408 2869 2506 2924 ego
2538 2855 2718 2908 lumen
2750 2855 2921 2911 factus
2950 2857 3041 2910 tibi
3072 2857 3323 2912 assistam
3348 2899 3363 2923 ,
3396 2867 3449 2912 et
3495 2866 3626 2915 tunc
3655 2863 3802 2916 euris
3839 2864 3986 2917 mul-

2409 2954 2588 3000 torum
2621 2947 2882 3001 malorum
2921 2949 3227 3016 expeditus,
3259 2951 3420 3003 etiam
3458 2953 3652 3006 timore
3687 2953 3985 3018 liberabor,

2409 3054 2477 3092 ne
2509 3055 2700 3094 rursus
2735 3040 3011 3095 immuter.
3045 3040 3220 3095 Etiam
3244 3082 3258 3106 ,
3289 3042 3542 3108 Domine,
3575 3044 3641 3097 da
3675 3047 3805 3098 mihi
3845 3047 3945 3099 hoc
3973 3064 3985 3111 ;

733 3133 1045 3186 observatio
1094 3132 1465 3200 pmnitentiam
1515 3141 1573 3183 ut
1618 3129 1944 3197 adjutricem
1989 3144 2303 3195 assumens,
2333 3140 2374 3198 C
2408 3133 2570 3186 etiam
2619 3132 2816 3202 largire
2863 3135 2989 3188 mihi
3048 3137 3190 3200 hoc,
3226 3136 3316 3203 qui
3367 3136 3587 3204 indigno
3637 3138 3768 3190 mihi
3802 3142 3989 3192 omnia

736 3223 791 3274 in
829 3223 1006 3275 medio
1035 3221 1385 3291 praesentium
1444 3235 1508 3273 ac
1538 3219 1850 3272 futurorum
1883 3234 1967 3272 me
1995 3220 2303 3273 constituit.

737 3314 895 3369 Unde
930 3325 1152 3383 repente
1202 3314 1463 3382 abreptus
1508 3327 1537 3365 a
1570 3313 1902 3377 visibilibus,
1944 3313 2144 3387 timore
2181 3326 2305 3366 cor-

734 3417 924 3476 reptus
955 3423 1100 3468 sum,
1130 3421 1360 3460 cernens
1397 3407 1540 3459 unde
1573 3413 1822 3458 servatus
1866 3418 2064 3457 essem.
2100 3403 2304 3456 Futura

737 3510 918 3554 autem
971 3500 1286 3568 longissime
1331 3499 1588 3553 distantia
1629 3499 1895 3562 videbam,
1943 3505 1995 3550 et
2040 3495 2131 3548 illa
2173 3496 2305 3549 mihi

737 3593 1206 3662 comprehendere
1237 3595 1593 3656 desideranti,
1633 3595 1774 3662 ignis
1805 3595 2008 3645 amoris
2039 3605 2305 3645 accensus

736 3696 842 3747 est,
881 3686 973 3753 qui
1009 3686 1271 3754 paulatim
1320 3689 1468 3738 visus
1499 3695 1582 3738 est
1623 3686 1836 3737 ﬂamma
1881 3687 2040 3736 modo
2071 3682 2303 3748 inexpli-

735 3777 918 3837 cabili.
958 3779 1109 3846 prius
1144 3777 1362 3845 quidem
1396 3778 1449 3828 in
1486 3785 1663 3830 mente
1705 3790 1846 3838 mea,
1894 3783 2017 3842 post
2057 3776 2216 3827 etiam
2251 3774 2304 3825 in

736 3869 921 3930 corde,
971 3868 1295 3936 ﬂammaque
1356 3864 1442 3919 illa
1502 3868 1674 3919 divini
1730 3866 1986 3920 desiderii
2037 3866 2306 3933 expressit

739 3961 1026 4028 Iacrymas,
1056 3969 1106 4013 et
1138 3974 1258 4011 cum
1291 3959 1367 4011 eis
1406 3958 1776 4011 incredibilem
1817 3957 1942 4008 mihi
1976 3957 2302 4008 suavitatem

738 4053 984 4121 przcbuit.
1015 4052 1268 4103 Confisus
1313 4049 1472 4117 igitur
1519 4048 1574 4100 in
1623 4048 1853 4113 meipso,
1897 4060 2123 4113 prorsus
2159 4044 2300 4097 haud

735 4145 1060 4198 exsdnctum
1114 4143 1178 4195 iri
1237 4143 1485 4210 (pulchre
1533 4139 1677 4192 enim
1725 4141 1878 4190 ardet
1931 4136 2198 4205 dicebam)
2250 4139 2303 4191 et

738 4235 960 4288 desidire
996 4250 1078 4287 me
1111 4234 1338 4296 dedens,
1382 4248 1574 4287 somno
1630 4240 1682 4284 et
1716 4230 2004 4283 saturitate
2037 4230 2301 4297 insipien-

739 4335 819 4380 ter
852 4326 1171 4394 subiugatus
1204 4341 1346 4386 sum,
1392 4334 1444 4378 et
1483 4324 1766 4376 remissius
1816 4321 2018 4383 vivens,
2070 4323 2300 4389 vinoque

738 4419 1036 4472 libet-aliter
1065 4431 1215 4478 usus,
1250 4431 1356 4468 nnn
1393 4416 1609 4483 quidem
1656 4424 1709 4466 ut
1756 4414 2076 4475 inebriarer,
2111 4417 2204 4466 sed
2237 4422 2296 4464 ut

739 4522 982 4584 poteram
1013 4522 1214 4571 tamen,
1245 4512 1388 4563 illico
1410 4511 1738 4564 exsdnctum
1767 4511 1912 4564 sensi
1943 4510 2073 4562 illttd
2105 4513 2298 4560 mirum

739 4614 795 4657 et
825 4604 1131 4656 venerabile
1172 4603 1506 4656 desiderium
1545 4617 1736 4667 nempe
1768 4601 1950 4654 cordis
1990 4601 2118 4662 mei,
2155 4600 2300 4652 illam

741 4697 1034 4758 flammam,
1067 4711 1186 4763 qua:
1221 4696 1284 4746 ad
1322 4694 1515 4746 emittm
1551 4694 1889 4761 pertingebat
1924 4701 1976 4744 et
2008 4694 2061 4743 in
2101 4707 2184 4743 me
2217 4705 2303 4742 ar-

740 4784 898 4837 debat
949 4785 1168 4852 quidem
1204 4786 1552 4836 vehemt-nter
1590 4801 1602 4834 :
1647 4797 1752 4834 non
1795 4791 1976 4834 tamen
2025 4782 2299 4834 fenaceatn

742 4873 883 4925 intra
909 4875 1112 4926 viscera
1137 4889 1249 4926 mea
1280 4873 1640 4926 subsmntiam
1669 4871 1961 4933 exurebat;
1990 4870 2080 4924 sed
2108 4879 2298 4935 totam,

742 4965 937 5014 mirum
982 4963 1175 5015 dictu!
1216 4963 1266 5014 in
1310 4960 1580 5013 ﬂammam
1615 4961 1983 5022 convertebat,
2026 4968 2078 5012 et
2116 4957 2298 5012 fenum

743 5055 810 5106 ab
853 5054 975 5121 igne
1024 5062 1253 5117 tactum,
1310 5054 1524 5121 penitus
1568 5066 1673 5103 non
1725 5053 1968 5104 ardebat.
2019 5049 2130 5103 lmo
2173 5065 2304 5103 vero

743 5143 882 5212 ignis
931 5145 1112 5196 fenum
1164 5144 1651 5210 eomprehendens,
1710 5143 1786 5195 illi
1835 5143 2170 5203 uniebatur,
2220 5147 2305 5193 ιο-

746 5244 964 5302 tumque
1002 5216 1445 5301 inconsumptum
1481 5233 1848 5285 custodiebat.

816 5325 855 5380 υ
887 5326 1049 5378 divini
1081 5327 1215 5392 ignis
1257 5326 1505 5377 virtutem
1534 5363 1548 5386 ,
1580 5339 1612 5376 ο
1664 5338 1856 5376 novam
1891 5323 2258 5377 efficacitatem
2289 5326 2299 5376 !

742 5415 841 5481 Qui
877 5417 1128 5470 dissolv.s
1163 5423 1360 5483 petras,
1407 5427 1460 5469 et
1491 5415 1656 5468 colles
1699 5430 1728 5467 a
1765 5414 1880 5468 solo
1922 5417 2112 5467 timore
2138 5454 2152 5478 ,
2186 5424 2240 5468 et
2274 5429 2303 5467 a

746 5506 883 5558 faeie
941 5516 1071 5568 tua,
1144 5507 1360 5558 Christe
1437 5506 1579 5558 Deus
1645 5520 1815 5569 meus,
1847 5505 2117 5571 quomodo
2181 5507 2304 5558 l'eno

747 5599 1118 5653 conttniscerts
1155 5608 1206 5651 ιιι
1234 5639 1246 5660 ,
1284 5598 1437 5667 plane
1468 5598 1648 5651 divina
1687 5597 1921 5654 essentia
1949 5637 1963 5663 ,
2002 5597 2093 5664 qui
2126 5598 2178 5650 in
2221 5597 2304 5649 lu-

799 5769 801 5772 i
853 5779 898 5810 ³⁸
929 5776 1120 5832 Matth.
1154 5791 1279 5841 xxv,
1310 5777 1398 5830 25.

2409 3233 2601 3278 cmtcra
2630 3225 2800 3294 gratis
2831 3225 3049 3279 dedisti.
3092 3225 3206 3280 Hoc
3244 3227 3386 3280 enim
3420 3229 3652 3282 maxime
3685 3245 3824 3297 Opus
3861 3242 3948 3284 est
3973 3270 3988 3293 ,

2409 3325 2462 3371 et
2493 3319 2544 3370 in
2573 3317 2676 3370 hoc
2707 3325 2835 3371 sunt
2863 3319 3064 3372 omnia.
3096 3315 3230 3371 Nam
3266 3320 3366 3373 etsi
3393 3335 3540 3374 nunc
3571 3336 3599 3373 a
3630 3337 3716 3376 me
3745 3322 3949 3378 videris
3971 3364 3988 3389 ,

2409 3409 2512 3463 etsi
2542 3425 2712 3472 _nunc
2749 3425 2966 3478 quoque
3017 3409 3294 3464 misereris
3322 3452 3336 3474 ,
3374 3412 3476 3466 etsi
3527 3427 3671 3465 nunc
3709 3414 3988 3470 illuminas

2409 3517 2495 3555 me
2523 3542 2537 3566 ,
2571 3511 2625 3553 et
2659 3500 2883 3570 mystice
2918 3485 3120 3565 doces,
3153 3509 3207 3555 et
3235 3504 3443 3570 potenti
3492 3518 3654 3557 manu
3685 3513 3776 3558 tua
3804 3519 3988 3575 prote-

2409 3594 2487 3663 gis
2543 3601 2598 3646 et
2640 3594 2920 3656 custodis,
2973 3602 3028 3646 et
3083 3594 3246 3656 ades,
3280 3604 3332 3649 et
3369 3595 3645 3651 daemonas
3697 3599 3752 3650 in
3802 3598 3986 3669 fugam

2408 3685 2610 3747 vertis,
2647 3693 2700 3738 et
2732 3686 2911 3737 omnia
2951 3683 3081 3737 mihi
3109 3684 3369 3751 subjicis,
3398 3695 3451 3738 et
3475 3689 3656 3742 omnia
3694 3691 3827 3742 mihi
3862 3708 3990 3760 sup-

2408 3778 2616 3846 peditas
2641 3815 2654 3837 ,
2681 3785 2733 3828 et
2775 3778 2962 3845 imples
2995 3793 3078 3830 me
3105 3777 3259 3831 bonis
3289 3779 3541 3834 omnibus
3563 3821 3577 3845 ,
3612 3780 3754 3836 Deus
3789 3799 3946 3837 meus
3971 3824 3986 3848 ,

2409 3877 2588 3920 tamen
2637 3866 2771 3940 nihil
2807 3881 2874 3920 ex
2907 3866 3162 3920 omnibus
3195 3867 3278 3921 his
3306 3869 3553 3936 proficio,
3585 3873 3689 3924 nisi
3723 3873 3858 3926 mihi
3911 3875 3990 3928 ci-

2408 3970 2486 4012 tra
2546 3960 2805 4027 pudorem
2859 3959 3072 4012 dederis
3150 3961 3426 4027 praeterire
3483 3971 3664 4030 portas
3719 3969 3916 4022 mortis
3971 3986 3985 4022 :

2407 4052 2512 4106 nisi
2566 4051 2819 4119 princeps
2874 4051 3226 4104 tenebrarum
3285 4053 3508 4107 veniens
3565 4057 3793 4123 gloriam
3835 4068 3986 4113 tuam

2407 4145 2536 4197 mihi
2577 4139 2771 4197 adesse
2800 4144 2994 4196 viderit
3025 4184 3037 4206 ,
3072 4152 3125 4197 et
3157 4143 3436 4198 erubuerit
3463 4185 3477 4208 ,
3511 4146 3738 4201 adustus
3778 4150 3986 4206 lumine

2405 4244 2500 4288 tuo
2555 4233 2859 4298 inaccesso,
2920 4242 2972 4286 ct
3021 4248 3210 4287 omnes
3262 4235 3590 4289 adversaria:
3635 4248 3988 4326 potestates,

2403 4327 2517 4378 visa
2544 4333 2673 4376 nota
2712 4323 2869 4391 sigilli
2904 4324 3004 4384 tui,
3047 4339 3167 4376 cum
3205 4324 3322 4390 ipso
3356 4325 3407 4376 in
3441 4328 3618 4393 fugam
3657 4323 3987 4386 converten;

2407 4423 2515 4473 tur,
2553 4421 2606 4464 et
2641 4429 2739 4481 ego
2777 4416 2945 4479 gratia
2976 4421 3066 4464 tua
3103 4420 3345 4466 conlisus
3374 4417 3618 4470 transibo
3653 4419 3986 4488 intrepidus,

2411 4504 2619 4569 tibique
2681 4503 3153 4571 appropinquabo,
3204 4515 3256 4557 et
3316 4515 3439 4559 ante
3487 4516 3538 4560 te
3588 4513 3986 4578 procumbam,

2412 4613 2570 4664 quem
2613 4596 2841 4648 refe-ram
2903 4595 3136 4648 fructum
3169 4612 3234 4649 ex
3277 4597 3363 4649 his
3421 4615 3538 4666 qua:
3590 4615 3732 4653 nunc
3783 4603 3835 4656 in
3899 4619 3987 4661 me

2411 4690 2587 4742 fiunt?
2625 4689 2826 4742 ltevera
2877 4688 3082 4741 nullum
3109 4726 3123 4749 ,
3183 4688 3275 4741 sed
3311 4689 3486 4758 ignem
3533 4690 3585 4742 in
3636 4707 3720 4745 me
3747 4697 3990 4762 amplius

2408 4783 2727 4835 accendent.
2751 4780 2852 4844 Qui
2879 4781 3020 4833 enim
3055 4795 3138 4831 tne
3167 4779 3431 4832 bonorum
3465 4791 3712 4847 tuorum,
3737 4792 3788 4836 et
3819 4797 3992 4842 ater.

2410 4887 2491 4925 me
2522 4871 2705 4939 gloria:
2748 4883 2852 4922 tum
2889 4870 3205 4936 participem
3235 4907 3252 4932 ,
3298 4878 3347 4923 et
3383 4886 3597 4924 servum
3649 4880 3808 4942 atque
3841 4877 3991 4932 atni-

2405 4978 2529 5016 cutn
2573 4974 2719 5014 tuum
2775 4960 2890 5013 fore
2921 4960 3153 5023 confido,
3187 4959 3231 5012 si
3287 4962 3541 5028 privabor
3592 4965 3753 5016 simul
3803 4967 3996 5020 omni-

2407 5055 2507 5107 bus
2535 5092 2548 5114 ,
2585 5064 2639 5105 et
2674 5061 2724 5105 te
2759 5053 2896 5119 ipso,
2932 5051 3148 5104 Christe
3181 5056 3670 5122 meus.quomodo
3709 5069 3815 5107 non
3852 5071 3991 5123 gra-

2408 5144 2526 5196 vius
2559 5144 2884 5203 tribulabor,
2916 5156 3077 5208 quam
3116 5141 3384 5204 infideles,
3426 5143 3514 5209 qui
3558 5152 3607 5195 te
3635 5158 3739 5196 non
3774 5158 3991 5213 cogno—

2408 5241 2634 5294 verunt,
2674 5247 2773 5286 nec
2807 5232 3148 5298 splendorem
3187 5232 3410 5285 luminis
3443 5233 3520 5284 tui
3560 5234 3806 5287 viderunt
3831 5275 3852 5298 ,
3885 5253 3990 5293 nec

2411 5321 2694 5376 dulcedine
2741 5333 2827 5374 tua
2880 5321 3107 5374 saturati
3138 5321 3309 5375 sunt?
3357 5323 3509 5386 Quod
3546 5326 3590 5376 si
3626 5326 3753 5378 mihi
3804 5330 3990 5383 conti-

2414 5415 2552 5482 gerit
2582 5413 2796 5478 assequi
2831 5412 3195 5464 arrhaboncm
3227 5411 3441 5474 horum,
3473 5413 3610 5466 hanc
3636 5417 3985 5486 pensionem,

2413 5514 2465 5560 ct
2521 5507 2632 5556 haec
2684 5502 2899 5568 prmmia
2951 5500 3218 5568 adipisci,
3268 5517 3388 5570 quae
3439 5502 3490 5553 in
3537 5510 3589 5554 te
3625 5506 3986 5562 credentibus

2413 5592 2710 5665 promisisti
2740 5631 2753 5656 ,
2790 5600 2902 5644 tum
2931 5604 3029 5658 ego
3061 5605 3276 5659 quoque
3304 5591 3492 5645 beatus
3519 5607 3633 5656 ero,
3661 5602 3712 5646 et
3745 5593 3987 5651 laudabo
