4156 6340
185 395 289 458 549

1247 400 1685 463 DIVINORUM
1717 401 2046 463 AMORUM
2093 404 2334 465 LIBER.

3312 412 3419 479 550

182 510 400 563 Patrem
434 550 446 573 ,
499 509 694 562 Filium
722 547 738 574 ,
782 519 833 564 et
863 509 1123 580 Spiritum
1157 525 1402 569 sanctum
1432 530 1598 569 unum
1631 529 1756 568 vere
1784 521 1829 575 Α
1860 515 2174 583 prophetas,
2208 518 2506 586 apostolos,
2558 527 2609 573 et
2649 520 2837 577 Patres
2866 540 2988 579 vere
3022 529 3314 596 sapientes,
3356 530 3423 580 il-

183 601 352 657 Deum
385 603 442 655 in
470 602 797 656 satculorum
829 605 1047 659 szecula.
1076 606 1266 662 Amen.

781 695 1007 752 CAPUT
1048 697 1166 752 XX.

182 810 368 865 Saturn
404 813 472 866 iis
501 822 824 880 perspectas.
858 823 906 867 et
940 817 1246 883 manifestas
1279 833 1387 870 esse
1416 835 1496 871 res
1528 818 1754 883 divinas,

247 885 440 948 quibus
465 899 554 949 per
569 885 988 956 feruntunionem
1019 890 1187 940 sancti
1222 886 1448 956 Spiritus
1475 891 1597 943 totis
1621 899 1757 943 totus

247 955 437 1006 unitas
458 964 535 1005 est.
560 952 717 1006 Deus.

249 1062 546 1118 Undenam
583 1067 770 1130 venis,
800 1074 854 1144 et
903 1069 1120 1137 quinam
1172 1071 1224 1124 in
1268 1055 1461 1125 cellam
1516 1074 1757 1143 undique

181 1154 434 1209 clausam
488 1156 832 1224 ingrederis?
887 1158 988 1212 hoc
1043 1159 1240 1213 novum
1302 1162 1558 1229 quiddam
1633 1171 1754 1228 est,

183 1247 330 1314 quod
376 1261 476 1301 nec
512 1247 614 1301 dici
650 1248 786 1302 satis
829 1264 930 1302 nec
990 1250 1216 1320 cogitari
1248 1261 1464 1320 potest:
1497 1255 1639 1308 intra
1674 1271 1757 1309 me

183 1346 368 1390 autem
423 1354 544 1393 esse
585 1348 635 1395 te
657 1381 671 1403 ,
703 1347 755 1393 et
789 1348 962 1396 totum
1013 1355 1235 1413 repente
1267 1347 1446 1401 lucere
1468 1387 1481 1410 ,
1520 1348 1752 1401 lumino-

183 1445 420 1499 suntque
450 1432 595 1486 cerni
624 1474 637 1495 ,
673 1443 730 1485 ut
763 1434 940 1487 lunam
972 1444 1137 1488 totam
1172 1437 1402 1490 lucidam
1431 1478 1446 1502 ,
1491 1439 1592 1491 hoc
1627 1439 1755 1493 mihi

187 1532 434 1576 mentem
491 1534 540 1577 ct
582 1525 819 1592 linguam
858 1528 1057 1595 eripit,
1083 1527 1297 1581 Christe
1348 1544 1518 1584 meus.
1552 1529 1675 1583 Scio
1707 1541 1758 1584 te

182 1626 308 1667 esse
343 1654 356 1675 ,
387 1615 479 1681 qui
515 1615 747 1677 venisti,
778 1623 835 1669 ut
863 1615 1200 1671 illuminares
1236 1617 1498 1673 sedentes.
1521 1620 1575 1671 in
1607 1628 1756 1676 tene-

184 1704 300 1756 bris
333 1703 373 1735 ³³
410 1743 424 1766 ,
458 1713 511 1757 et
562 1705 912 1773 ohstupesco,
969 1720 1071 1759 nec
1125 1709 1262 1775 apud
1321 1723 1405 1762 me
1453 1725 1601 1773 sum;
1658 1726 1757 1764 nec

187 1793 286 1848 fari
321 1809 499 1862 queo;
530 1797 786 1863 quoniam
825 1795 1146 1850 miraculum
1181 1813 1378 1856 novum
1403 1799 1579 1866 video,
1612 1803 1755 1869 quod

187 1899 406 1938 omnem
439 1894 739 1938 creaturam
765 1924 781 1948 ο
822 1902 1035 1940 omnem
1070 1897 1316 1940 naturam
1338 1929 1350 1952 ,
1391 1905 1606 1943 omnem
1639 1907 1756 1944 SCT-

186 1993 403 2031 :nonetn
458 1985 774 2046 exsuperat.
816 1977 1202 2031 Verumtamen
1265 1980 1561 2048 proloquar
1611 1997 1755 2037 nunc

186 2069 480 2134 omnibus,
513 2083 634 2136 quae
667 2067 797 2120 mihi
823 2067 1036 2122 donasti
1066 2069 1333 2136 proloqui.

255 2157 302 2212 Ο
336 2159 598 2213 mortales
637 2159 910 2220 universi,
946 2176 1097 2230 reges
1126 2198 1142 2222 ,
1174 2161 1485 2230 principes,
1526 2163 1754 2228 divites,

191 2267 486 2321 pauperes,
518 2252 792 2315 monachi,
829 2253 1111 2316 mundani,
1138 2257 1317 2309 omnis
1360 2255 1756 2324 terrigenarum

188 2345 362 2409 natio,
395 2330 526 2416 mihi
571 2345 730 2400 modo
764 2359 920 2399 aures
952 2345 1074 2399 date
1096 2385 1112 2411 ,
1170 2344 1296 2400 dum
1329 2347 1754 2416 magnitudinem

191 2436 546 2506 benignitatis
577 2432 667 2489 Dei
701 2437 802 2491 mei
831 2437 1092 2492 edissere.
1147 2436 1365 2493 Peccavi
1401 2439 1449 2493 ei
1475 2481 1489 2505 ,
1536 2451 1592 2494 ut
1618 2441 1756 2513 alius

191 2526 246 2580 in
276 2527 412 2582 orbe
465 2537 728 2581 terrarum
780 2543 955 2582 nemo.
999 2529 1077 2584 Ne
1112 2530 1234 2597 quis
1259 2546 1341 2585 me
1373 2531 1514 2585 istud
1539 2549 1606 2588 ex
1639 2535 1757 2587 ani-

193 2621 265 2672 mi
306 2620 640 2673 demissione
668 2620 963 2674 arbitretur
989 2621 1188 2676 dicere.
1219 2623 1442 2677 Peccavi
1475 2625 1757 2695 plusquam

192 2725 384 2764 omnes
454 2711 749 2774 mortales,
811 2712 1015 2778 peccati
1075 2728 1234 2766 omne
1298 2730 1505 2784 genus,
1549 2724 1608 2771 ut
1649 2733 1758 2774 uno

192 2803 359 2856 verbo
385 2801 561 2854 dicam
585 2844 598 2865 ,
626 2811 679 2855 et
713 2803 1011 2858 sceleribus
1055 2819 1138 2858 me
1185 2807 1435 2860 astrinxi.
1472 2807 1758 2864 Verumta-

195 2907 314 2946 men
360 2896 574 2946 vocavit
610 2909 726 2959 me,
760 2902 814 2948 et
849 2894 1122 2948 exaudivit
1162 2897 1345 2950 statim
1373 2935 1387 2960 ,
1429 2899 1573 2966 quod
1620 2902 1754 2956 scio.
1787 2933 1790 2936 -

191 2984 258 3036 At
289 2986 438 3038 enim
471 3001 577 3053 quo
607 2993 663 3038 tu
704 3000 787 3038 me
815 2987 883 3039 ab
921 2987 1040 3053 ipso
1077 2997 1322 3040 vocatum
1354 3003 1474 3042 esse
1514 2992 1758 3059 suspica-

194 3085 281 3131 tus
311 3077 418 3131 es?
446 3093 571 3130 num
605 3077 670 3129 ad
703 3076 926 3146 gloriam
961 3078 1289 3132 mundanam
1319 3119 1333 3143 ,
1370 3081 1714 3136 aut'delicias
1738 3123 1756 3151 ,

1864 607 1966 659 lam
2003 609 2173 676 ipsam
2212 610 2535 680 sapientiam
2573 622 2739 666 totam
2779 617 3148 685 possidentes,
3183 636 3303 688 qua:
3331 628 3416 674 est

1862 698 2111 753 Christus
2162 702 2386 769 ipsemet
2421 702 2509 758 Dei
2552 707 2840 774 sapientia.
2883 708 2991 765 Hos
3029 712 3192 779 igitur
3239 713 3417 781 lacry-

1859 801 2036 850 mans,
2070 803 2193 841 cum
2225 790 2525 846 incredibili
2559 795 2747 850 dolore
2777 798 2961 852 cordis
2992 800 3094 854 nn-i
3135 804 3417 869 regabam,

1860 889 1918 934 ut
1943 880 2194 934 dicerent.
2229 882 2383 944 mihi,
2419 886 2505 937 ubi
2536 886 2755 940 tandem
2791 890 2966 958 ipsum
3002 891 3286 954 vidissent,
3323 902 3418 944 aut

1857 986 1968 1040 quo
2001 973 2054 1024 in
2089 973 2228 1038 loco,
2261 983 2351 1027 aut
2381 980 2672 1045 quomodo,
2717 989 2771 1034 et
2800 997 2904 1049 qua
2941 984 3171 1036 ratione.
3204 982 3417 1037 Certior

1857 1063 2013 1116 abiis
2050 1063 2260 1129 factus,
2311 1069 2594 1120 currebam
2637 1080 2900 1138 quantum
2943 1080 3212 1141 poteram,
3243 1082 3294 1125 et
3322 1091 3412 1129 so-

1858 1172 2045 1211 mnum
2075 1158 2292 1225 penitus
2312 1160 2628 1222 excludens,
2653 1152 2897 1216 mihimet
2930 1167 3229 1218 instabam.
3261 1163 3414 1219 Unde

1856 1247 2081 1316 contigit
2107 1256 2164 1298 ut
2193 1247 2428 1300 viderem
2454 1262 2613 1314 quem
2647 1247 3043 1316 desiderabam,
3076 1251 3170 1303 sed
3205 1251 3416 1302 medio-

1856 1334 2048 1396 criter,
2093 1342 2145 1386 et
2187 1349 2584 1404 recognoscens
2620 1351 2766 1402 eum,
2799 1338 2960 1391 celeri
2986 1352 3169 1399 cursu,
3201 1347 3258 1388 ut
3290 1347 3418 1391 ante

1857 1427 1990 1492 dixi,
2025 1427 2368 1494 insequebar.
2399 1425 2689 1496 Postquam
2719 1430 2899 1498 itaque
2935 1430 3069 1481 vidit
3106 1443 3190 1482 me
3237 1435 3418 1482 omnia

1858 1517 2146 1572 ducentem
2193 1534 2290 1586 pro
2325 1519 2495 1571 nihilo
2549 1534 2772 1588 quazque
2819 1521 2872 1573 in
2909 1521 3111 1574 mundo
3161 1531 3311 1584 sunt,
3365 1531 3418 1574 et

1858 1608 2032 1677 ipsum
2063 1610 2346 1670 mundum,
2375 1616 2428 1661 et
2457 1609 2702 1662 homines
2727 1609 2888 1675 hujus
2920 1609 3102 1662 mundi
3126 1612 3278 1678 quasi
3307 1625 3416 1664 non

1856 1710 2149 1764 exstarent,
2185 1709 2521 1769 reputantem
2560 1717 2624 1753 ex
2657 1702 2841 1754 animo
2868 1708 2922 1754 et
2950 1715 2978 1752 a
3022 1702 3226 1754 mundo
3259 1716 3416 1770 sepa-

1860 1801 2058 1856 ratum,
2099 1793 2149 1844 in
2206 1793 2305 1844 hac
2355 1790 2641 1846 aliectione
2689 1807 2805 1846 mea
2858 1800 3006 1846 totus
3047 1794 3140 1846 toti
3195 1793 3321 1844 nubi
3360 1808 3418 1846 se

1859 1884 2300 1952 conspiciendum
2330 1885 2574 1951 praebuit,
2607 1890 2751 1937 totus
2784 1899 2842 1938 se
2871 1899 3079 1937 mecum
3110 1884 3418 1951 conjunxit,

1859 1971 1949 2040 qui
1974 1981 2124 2025 extra
2151 1972 2412 2024 mundum
2448 1983 2551 2036 est,
2581 1988 2815 2041 eumque
2843 1988 2968 2026 cum
3011 1974 3264 2028 omnibus
3295 1988 3416 2041 quae

1859 2063 1914 2116 in
1954 2078 2016 2115 eo
2044 2074 2170 2114 sunt
2198 2069 2391 2129 portat,
2421 2071 2474 2115 et
2525 2078 2686 2115 manu
2745 2064 2863 2116 sola
2923 2079 3150 2133 quaeque
3182 2078 3419 2116 cernun-

1860 2163 1949 2207 tur
2012 2168 2242 2222 qureque
2298 2168 2405 2206 non
2455 2163 2753 2208 cernuntur
2796 2157 3056 2210 continet.
3097 2153 3243 2222 ‘Ergo
3294 2154 3415 2216 hic,

1861 2246 2061 2310 audite,
2095 2261 2218 2300 eum
2245 2247 2560 2311 ocurrisset,
2593 2247 2797 2299 invenit
2857 2263 2977 2310 me;
3015 2245 3155 2300 unde
3183 2247 3417 2310 venerit,

1829 2324 1831 2327 ’
1859 2338 2067 2392 nescio.
2111 2336 2394 2401 Quomodo
2425 2339 2568 2390 enim
2598 2351 2757 2390 nosse
2810 2347 3075 2405 poterant,
3103 2352 3223 2389 cum
3259 2351 3418 2390 nemo

1861 2431 2138 2485 hominum
2175 2443 2416 2498 unquam
2457 2429 2671 2483 noverit
2708 2443 2810 2482 nec
2855 2426 3017 2481 unde
3042 2428 3285 2491 venerit,
3321 2442 3421 2482 nec

1861 2523 1952 2577 tibi
1997 2523 2090 2585 sit,
2122 2523 2210 2576 ubi
2258 2530 2463 2590 pascat,
2503 2521 2591 2576 ubi
2638 2521 2839 2576 cubet?
2869 2521 3103 2575 Prorsus
3135 2521 3276 2575 enim
3309 2535 3418 2573 non

1863 2614 2094 2673 videtur,
2128 2629 2355 2681 prorsus
2385 2629 2492 2668 non
2526 2615 2866 2682 intelligitur,
2901 2623 2952 2668 et
2990 2614 3195 2667 habitat
3239 2614 3413 2667 lucem

1860 2704 2316 2769 inaccessmilem,
2370 2714 2424 2759 et
2482 2705 2572 2758 lux
2617 2713 2700 2759 est
2747 2706 2797 2758 in
2853 2705 3054 2773 triplici
3111 2705 3414 2773 hypostasi,

1861 2799 2021 2853 modo
2067 2799 2456 2867 inexplicabili,
2500 2801 2552 2853 in
2584 2800 2720 2854 locis
2758 2799 3266 2868 incircumscriptis,
3299 2793 3447 2853 nul?

1860 2891 1928 2944 lls
1961 2891 2157 2944 finibus
2198 2906 2260 2944 ac
2289 2893 2540 2946 terminis
2575 2892 2838 2957 inclusus,
2879 2902 2930 2946 et
2969 2893 3416 2959 circumscriptus

1863 2983 2004 3037 Deus
2041 2999 2213 3047 meus,
2247 2999 2387 3038 unus
2418 2985 2597 3046 Pater,
2625 2985 2873 3038 similiter
2915 3002 3053 3040 unus
3084 2985 3256 3039 Filius
3288 2999 3413 3039 cum

1865 3075 2068 3141 Spiritu
2100 3083 2307 3141 sancto,
2341 3091 2506 3128 unum
2545 3077 2671 3140 tria,
2698 3085 2751 3130 et
2782 3077 2884 3129 tria
2928 3093 3066 3129 unus
3103 3076 3242 3130 Deus
3276 3076 3415 3130 inef-

192 3176 284 3221 aut
319 3168 694 3222 remissionem
740 3175 792 3221 et
836 3167 1038 3221 ferias?
1089 3167 1225 3220 Num
1260 3170 1326 3222 ad
1378 3171 1592 3225 divitias
1619 3212 1632 3237 ,
1669 3181 1760 3226 aut
1789 3177 1829 3231 (ι
1866 3165 2117 3221 labiliter.
2142 3165 2257 3220 Non
2281 3169 2422 3221 enim
2447 3182 2629 3222 sermo
2655 3169 3003 3236 expresserit,
3034 3167 3230 3235 quibus
3255 3167 3418 3222 verba

195 3259 490 3312 amicitiam
536 3259 840 3329 principum
869 3297 882 3322 ,
916 3269 1007 3313 aut
1053 3260 1118 3314 ad
1150 3275 1336 3315 eorum
1368 3263 1570 3330 aliquid
1595 3307 1608 3330 ,
1641 3281 1759 3333 quat

189 3354 242 3404 in
281 3353 384 3405 liae
434 3352 540 3404 vita
571 3351 695 3403 sunt
722 3351 744 3402 ?
791 3350 940 3404 Mitte
978 3352 1117 3405 male
1154 3354 1320 3422 loqui.
1363 3355 1439 3407 Ad
1486 3358 1759 3424 poeniten-

188 3443 320 3494 tiant
356 3457 444 3495 me
475 3444 685 3496 vocavit
711 3484 723 3508 ,
754 3442 968 3511 inquam
988 3483 1002 3506 ,
1032 3446 1323 3514 statimque
1351 3459 1630 3502 vocantem
1672 3460 1760 3505 se-

187 3546 349 3591 cutus
371 3576 389 3601 ,
433 3543 484 3589 et
518 3551 679 3590 cursu
713 3544 1016 3590 currentem
1050 3535 1452 3607 fugientemque
1476 3579 1490 3602 ,
1527 3551 1582 3593 ttt
1617 3542 1762 3611 lepo-

187 3642 306 3683 rem
359 3629 535 3692 canis,
571 3627 845 3682 insecutus
876 3644 1015 3682 sum.
1064 3627 1303 3684 Distante
1363 3639 1538 3684 autem
1594 3648 1622 3685 a
1677 3649 1760 3686 me

189 3719 408 3787 longius
469 3727 522 3772 et
583 3719 904 3772 abscondito
989 3719 1309 3782 Salvatore,
1367 3737 1473 3774 non
1541 3722 1760 3777 adhibui

188 3811 630 3880 desperationem
668 3812 718 3864 in
750 3811 1078 3874 consilium,
1119 3827 1215 3865 nec
1246 3820 1303 3865 ut
1340 3827 1403 3866 eo
1430 3814 1631 3871 amisso
1670 3831 1760 3883 pc-

187 3904 312 3958 dem
346 3905 509 3958 retuli
545 3921 558 3957 :
589 3903 680 3959 sed
714 3906 766 3957 in
804 3919 911 3972 quo
939 3919 1084 3956 eram
1133 3905 1250 3957 loco
1279 3904 1472 3958 sedens
1502 3905 1761 3958 lamenta-

187 3995 312 4058 bar,
348 3995 541 4048 ﬂebam
574 4035 587 4059 ,
621 3997 972 4062 ablatumque
1002 4010 1030 4047 e
1057 4004 1352 4062 conspectu
1405 4011 1524 4049 meo
1576 3996 1760 4050 Domi-

189 4103 322 4142 num
355 4085 696 4140 revocabant.
732 4085 865 4138 Cum
919 4087 1000 4138 sic
1026 4085 1261 4153 jactarer
1312 4096 1364 4140 et
1412 4086 1759 4153 vociferarer,

189 4196 248 4234 se
284 4177 464 4231 oculis
513 4177 647 4228 meis
677 4176 950 4237 reddidit,
986 4177 1226 4246 mihique
1272 4178 1516 4245 proxime
1561 4193 1761 4246 appro-

187 4260 500 4337 pittquavit.
533 4265 700 4330 Quem
735 4280 964 4317 cernens
994 4266 1156 4318 exiltii
1185 4307 1199 4329 ,
1227 4275 1280 4319 et
1313 4269 1375 4318 ad
1411 4282 1532 4319 eum
1565 4283 1759 4335 appre-

189 4359 543 4411 hendendum
597 4357 840 4425 prosilui.
876 4356 1072 4410 Verum
1123 4358 1212 4410 ille
1247 4357 1497 4410 celeriter
1529 4374 1586 4412 se
1637 4374 1760 4426 pro-

189 4450 386 4518 ripuit.
417 4447 524 4513 Ego
547 4464 764 4502 currere
784 4449 1084 4512 incitatius,
1111 4459 1160 4501 et
1189 4463 1328 4516 saepe
1368 4450 1485 4515 ejus
1513 4449 1758 4502 laciniam

187 4543 550 4611 prehendere.
587 4538 679 4593 Ille
729 4538 1029 4593 consistere
1086 4540 1396 4606 paululum;
1439 4555 1538 4609 ego
1589 4539 1756 4592 laetari

188 4631 680 4685 mirilit-e..Avolat
729 4631 931 4693 denuo,
973 4630 1230 4698 insequor
1274 4630 1474 4684 denuo.
1534 4629 1594 4682 Et
1635 4646 1757 4683 cuin

189 4723 266 4776 ita
299 4722 528 4775 abiisset
578 4722 669 4790 qui
719 4731 982 4782 venerat,
1012 4724 1344 4775 occultasset
1379 4736 1437 4774 se
1464 4720 1554 4789 qui
1592 4737 1756 4790 appa-

191 4821 384 4867 ruerat
413 4853 428 4876 ,
460 4830 568 4868 non
600 4829 684 4866 me
721 4821 862 4867 retro
892 4814 1131 4867 converti
1165 4854 1179 4878 ,
1209 4828 1310 4868 nec
1360 4828 1445 4868 me
1485 4814 1756 4867 tantillum

191 4905 367 4973 piguit
388 4947 401 4968 ,
435 4919 532 4958 nec
557 4906 622 4958 de
648 4919 815 4958 cursu
851 4905 1031 4959 remisi
1061 4943 1074 4968 ,
1106 4913 1319 4969 nec‘me
1363 4905 1430 4958 ab
1481 4907 1572 4959 illo
1602 4906 1758 4959 dece-

186 5006 389 5066 ptum,
429 4989 528 5050 aut
583 5005 850 5051 tentatum
901 4997 1206 5052 existimavi
1257 4998 1366 5051 ullo
1416 4997 1610 5062 modo;
1660 4997 1752 5051 sed

189 5103 355 5155 quem
435 5103 543 5142 non
618 5091 854 5157 amplius
907 5089 1188 5150 videbam,
1244 5089 1462 5157 quantis
1515 5089 1760 5142 valebam

193 5179 405 5233 viribus
433 5219 448 5243 ,
504 5188 558 5232 et
604 5181 750 5233 omni
788 5181 1041 5233 facultate
1097 5195 1211 5234 niea
1250 5180 1388 5247 carpi
1422 5180 1710 5247 exquirere
1740 5218 1754 5242 ,

192 5275 419 5340 viasque
447 5279 502 5325 et
545 5285 703 5339 scpes
734 5271 1158 5338 circumspicere
1185 5310 1199 5333 ,
1250 5269 1423 5324 sicubi
1451 5277 1754 5338 appareret.

193 5361 416 5418 Obortis
461 5372 637 5415 autem
673 5362 984 5430 contplebar
1013 5362 1266 5431 lacrymis
1293 5399 1308 5425 ,
1341 5371 1394 5414 et
1422 5375 1612 5415 omnes
1642 5375 1762 5428 per-

193 5455 493 5520 contabar,
537 5456 628 5524 qui
687 5454 976 5522 aliquando
1045 5454 1220 5520 ipsutn
1274 5452 1555 5507 vidissant.
1609 5452 1755 5516 Quos

195 5559 361 5612 porro
391 5559 418 5596 a
457 5558 544 5597 me
576 5554 734 5611 putas
765 5544 1040 5613 intelligi?
1088 5544 1169 5594 An
1225 5542 1388 5610 hujus
1435 5543 1621 5597 mundi
1663 5558 1753 5596 sa-

192 5634 407 5702 pientes
431 5673 446 5696 ,
477 5642 529 5686 et
576 5635 817 5688 scientiis
855 5634 1144 5709 excultos?
1197 5632 1416 5688 Minime
1463 5647 1624 5698 sane;
1662 5632 1754 5687 sed

267 5815 310 5846 ³³
346 5811 479 5868 Luc.
508 5829 544 5879 ι,
579 5815 667 5869 79.

1866 3257 2013 3310 nulla
2045 3267 2176 3312 sunt
2209 3259 2379 3326 paria,
2410 3267 2463 3311 et
2495 3274 2615 3327 quae
2657 3273 2810 3313 mens
2851 3274 3039 3326 parum
3082 3259 3416 3328 assequitur.

1935 3350 2092 3401 Certe
2119 3363 2240 3417 qua:
2272 3349 2323 3402 in
2358 3350 2514 3404 nobis
2545 3359 2692 3412 sunt,
2727 3356 2812 3403 vix
2845 3365 2904 3403 ea
2939 3349 3034 3404 tibi
3065 3350 3414 3419 aliquantum

1866 3441 2140 3508 explicare
2170 3456 2350 3508 queo:
2393 3441 2508 3493 haec
2563 3449 2743 3493 autem
2781 3440 2965 3492 divina
3017 3456 3118 3495 nec
3149 3457 3268 3510 ego,
3321 3455 3416 3496 nec

1863 3533 2006 3588 ullus
2039 3531 2179 3587 alius
2217 3533 2324 3586 ulla
2363 3533 2571 3586 ratione
2601 3547 2614 3583 :
2647 3547 2754 3600 quo
2801 3542 2957 3601 pacto
2991 3532 3245 3587 videlicet
3279 3533 3420 3588 Deus

1862 3638 2175 3696 segregatus
2208 3626 2276 3679 ab
2308 3624 2558 3678 omnibus
2585 3624 2845 3687 essentia,
2881 3634 3096 3687 natura,
3122 3634 3414 3692 potestate,

1863 3718 2054 3783 gloria,
2079 3724 2132 3770 et
2153 3715 2428 3786 quomodo
2451 3715 2653 3784 ubique
2684 3714 2736 3766 in
2762 3715 3042 3777 omnibus,
3066 3715 3421 3783 singulariter

1864 3822 1990 3860 vero
2013 3808 2063 3858 iu
2094 3805 2300 3859 sanctis
2335 3804 2559 3866 habitet,
2595 3803 2725 3856 etin
2759 3803 2842 3856 his
2876 3803 3287 3857 tabernaculum
3318 3803 3421 3858 sibi

1861 3898 2175 3961 constituat,
2212 3896 2285 3948 ita
2317 3906 2374 3949 ut
2423 3895 2658 3965 idipsum
2699 3903 3076 3963 cognoscant,
3124 3903 3177 3950 et
3225 3911 3418 3950 essen-

1861 3992 2084 4052 tialiter,
2113 3990 2205 4057 qui
2237 3988 2448 4057 penitus
2477 3986 2771 4040 essentiam
2800 4002 3016 4039 omnem
3043 3988 3284 4040 excedit:
3311 4001 3421 4056 quo

1863 4089 2022 4148 pacto
2059 4081 2405 4133 contineatur
2436 4077 2690 4131 humanis
2724 4077 3047 4141 visceribus,
3084 4078 3174 4144 qui
3201 4093 3420 4141 omnem

1863 4182 2166 4227 creaturam
2221 4171 2334 4239 ipse
2396 4170 2639 4223 continet
2674 4187 2687 4221 ε
2722 4186 2831 4236 quo
2879 4177 3042 4238 pacto
3097 4168 3301 4237 fulgeat
3363 4168 3420 4223 in

1862 4264 2023 4318 corde
2086 4263 2292 4316 carnali
2356 4270 2519 4328 atque
2575 4275 2803 4316 crasso:
2840 4261 3116 4329 quomodo
3166 4262 3308 4314 intra
3359 4260 3424 4315 il-

1864 4358 1956 4410 lud
2016 4354 2126 4420 sit,
2178 4355 2452 4422 quomodo
2497 4362 2646 4405 extra
2711 4353 2894 4405 omnia
2957 4353 3072 4416 sit,
3137 4362 3191 4406 et
3243 4362 3423 4408 tamen

1863 4447 2085 4514 impleat
2151 4445 2355 4496 omnia.
2393 4445 2485 4497 Die
2547 4453 2817 4512 noctuque
2864 4444 3137 4507 splendet,
3199 4451 3251 4497 et
3311 4459 3423 4517 non

1867 4537 2128 4589 Cernitur.
2184 4535 2311 4588 Haec
2377 4534 2602 4597 omnia,
2661 4533 2747 4586 dic
2805 4532 2965 4595 mihi,
3013 4533 3203 4601 ecquid
3269 4549 3424 4588 mens

1867 4631 2100 4680 humana
2162 4625 2627 4695 penetrabit,aut
2682 4628 2975 4691 explanare
3025 4625 3121 4677 tibi
3190 4625 3425 4694 poterit?

1865 4718 2112 4770 Profecto
2193 4730 2300 4769 non
2360 4715 2623 4783 angelus,
2677 4730 2783 4768 non
2850 4715 3208 4784 archangelus
3259 4731 3425 4783 expo-

1865 4824 1991 4861 nere
2041 4809 2332 4875 verbisque
2377 4808 2654 4859 declarare
2702 4807 2812 4859 liazc
2839 4807 3076 4870 valebit,
3114 4822 3235 4875 qua:
3272 4807 3424 4862 solus

1863 4901 2099 4969 Spiritus
2165 4898 2382 4951 divinus
2448 4899 2768 4963 cognoscit,
2820 4897 2965 4952 solus
3019 4900 3121 4952 scit
3163 4917 3176 4951 :
3226 4904 3427 4968 quippe

1859 4993 2102 5061 ejusdem
2148 5002 2355 5044 natura;
2401 4990 2691 5057 thronique
2741 4993 2967 5055 socius,
3006 4999 3057 5042 et
3107 4993 3266 5045 simul
3300 5007 3422 5051 cum

1863 5083 2021 5136 Patre
2042 5122 2056 5145 ,
2089 5097 2150 5134 ac
2181 5080 2317 5134 Filio
2348 5080 2598 5148 principii
2633 5095 2846 5147 expers.
2877 5080 2928 5133 Is
2955 5080 3155 5148 quibus
3189 5080 3422 5146 fulserit,

1861 5180 1913 5224 et
1960 5171 2172 5224 abunde
2223 5171 2505 5237 copulatus
2561 5170 2761 5230 fuerit,
2822 5169 2928 5222 illis
2976 5169 3159 5221 omnia
3213 5183 3269 5221 re
3310 5170 3422 5237 ipsa

1862 5262 2136 5324 ostendit,
2171 5261 2328 5314 modo
2359 5274 2466 5326 quo
2511 5259 2618 5312 dici
2657 5274 2763 5312 non
2803 5265 2999 5327 potest.
3063 5243 3426 5323 Quemadmo—

1865 5355 1990 5406 dum
2016 5353 2157 5405 enim
2189 5365 2386 5416 caecus,
2420 5352 2463 5404 si
2495 5350 2743 5420 aspiciat,
2772 5352 3005 5418 primum
3033 5349 3182 5404 videt
3217 5349 3421 5413 lumen,

1861 5442 2056 5496 deinde
2087 5442 2141 5494 in
2169 5441 2392 5501 lumine,
2420 5439 2611 5492 mirum
2639 5439 2806 5501 dictu.
2832 5452 3047 5492 onmem
3072 5447 3373 5492 creaturam
3399 5448 3418 5486 :

1861 5536 1940 5589 sic
2000 5534 2205 5588 cmlesti
2267 5531 2468 5600 Spiritu
2531 5530 2831 5584 illustratus
2893 5529 3128 5582 animam
3164 5564 3180 5591 ,
3243 5529 3420 5580 statim

1863 5628 2042 5681 lumen
2086 5624 2371 5693 participat
2401 5661 2416 5689 ,
2444 5630 2497 5679 et
2527 5621 2712 5677 lumen
2748 5620 2932 5686 videt,
2973 5620 3155 5674 lumen
3188 5616 3284 5673 Dei
3317 5659 3332 5684 ,
3368 5624 3424 5675 et
