4136 6338
706 418 767 486 ’51
1884 416 2248 477 SIMEONIS
2286 414 2653 477 JUNIORIS

3809 412 3914 473 532

671 540 841 594 Deum
891 532 1137 595 omnino,
1170 530 1260 601 qui
1291 528 1338 583 ei
1374 536 1642 583 monstrat
1670 528 1850 582 omnia
1876 569 1889 591 ,
1920 530 2005 583 vel
2059 527 2239 597 potius
2266 532 2313 588 A
2342 532 2434 585 sed
2467 547 2529 585 ea
2582 531 2698 600 ipsa
2732 545 3013 599 assequar,
3053 544 3172 599 qua:
3222 529 3435 598 assequi
3490 524 3911 589 desiderabam,

673 631 855 684 omnia
885 642 1006 696 qua:
1030 626 1212 695 jubet,
1246 637 1366 692 quae
1400 620 1546 683 vult,
1576 630 1627 675 et
1661 621 1828 688 cupit.
1862 618 2008 683 Quos
2043 618 2243 671 illumi-

674 733 805 787 nat,
838 722 905 775 iis
936 720 1029 773 dat
1060 715 1260 772 intueri
1289 729 1409 783 quas
1441 723 1566 769 sunt
1598 714 1649 766 in
1682 712 1868 767 divino
1908 711 2151 776 lumine;
2179 724 2242 763 ac

676 831 776 881 pro
825 813 1075 883 portione
1127 807 1396 863 claritatis
1442 815 1495 861 et
1549 804 1811 859 custodiae
1863 802 2239 858 mandatorum

677 909 771 963 Dei
804 905 1091 961 illuminati
1125 910 1357 957 cernunt
1385 940 1399 965 ,
1435 900 1887 965 occultorumque
1922 895 2010 948 Dei
2043 900 2244 963 myste-

673 1002 879 1055 riorum
919 996 1209 1051 altitudine
1240 994 1547 1048 initiantur.
1604 992 1835 1046 Perinde
1868 997 1924 1042 ut
1953 987 1999 1041 si
2032 987 2155 1054 quis
2186 985 2243 1037 in

673 1091 893 1145 domum
927 1088 1271 1142 tenebrosam
1316 1100 1475 1137 mantt
1527 1082 1828 1151 lampadem
1881 1088 2069 1131 tenens
2104 1117 2119 1143 ,
2151 1083 2246 1128 aut

674 1180 780 1233 alio
829 1195 951 1235 eum
1002 1177 1249 1247 lampade
1301 1174 1641 1244 praecedente
1698 1173 2017 1238 ingressus,
2064 1169 2244 1223 omnia

675 1286 795 1341 quae
826 1271 933 1323 illic
965 1280 1089 1323 sunt
1125 1267 1373 1336 aspiciat.
1429 1263 1561 1318 Nam
1619 1262 1870 1317 similiter
1905 1260 2073 1314 radiis
2118 1260 2246 1314 solis

674 1365 777 1417 sub
815 1362 1231 1429 intelligentiam
1284 1357 1531 1412 cadentis
1584 1356 1730 1409 clare
1786 1352 2131 1415 illustratus,
2178 1351 2246 1405 ab

674 1455 933 1509 omnibus
978 1452 1100 1504 aliis
1149 1450 1395 1519 ignorata
1437 1447 1624 1510 videt,
1683 1454 1738 1501 et
1793 1446 2035 1513 loquitur
2076 1460 2091 1496 :
2136 1443 2247 1495 imo

675 1560 783 1600 non
815 1544 1016 1605 omnia,
1055 1542 1149 1596 sed
1187 1556 1306 1609 quae
1337 1539 1518 1594 verbis
1550 1537 1809 1606 consequi
1843 1534 2077 1590 licuerit.
2117 1533 2250 1598 Quis

674 1637 969 1703 enimqute
999 1634 1108 1686 illic
1137 1640 1265 1685 sunt
1286 1669 1300 1693 ,
1339 1630 1551 1699 qualia,
1583 1637 1783 1698 quanta
1806 1668 1819 1687 ,
1853 1626 2009 1696 cujus
2034 1625 2249 1694 generis

674 1729 787 1783 sint
810 1712 981 1790 ,“cum
1033 1722 1485 1792 incomprehensa
1539 1730 1591 1773 ct
1638 1718 1938 1772 invisibilia
1985 1718 2093 1771 sint
2126 1716 2249 1770 uui-

677 1819 887 1881 versis,
940 1817 1185 1870 oratione
1259 1810 1641 1884 expressain
1697 1809 1943 1880 Speciem
2012 1824 2247 1878 namque

675 1910 860 1979 specie
918 1909 1220 1963 carentium
1256 1944 1273 1970 ,
1315 1907 1672 1975 quaniitatem
1715 1920 1821 1960 non
1870 1909 2201 1973 quantorum
2228 1942 2241 1964 ,

674 2003 1137 2071 pulchritudinem
1180 2014 1285 2053 non
1329 1996 1749 2066 intelligibilium
1787 1996 1912 2065 quis
1940 1995 2243 2065 intelliget?

673 2094 947 2162 quomodo
991 2092 1240 2145 metietur
1271 2088 1545 2159 quomodo
1596 2086 1797 2141 formas
1849 2086 2077 2139 formam
2133 2102 2241 2140 non

681 2184 997 2237 habentium
1027 2182 1129 2236 ulla
1163 2181 1372 2234 ratione
1408 2179 1585 2232 verbis
1616 2177 1878 2243 proferre,
1913 2184 1963 2229 et
1996 2189 2245 2230 sermone

677 2273 988 2327 describere
1071 2269 1315 2339 poterit?
1371 2267 1781 2335 Respondebis,
1834 2267 2057 2320 omnino
2134 2278 2243 2317 non

681 2382 862 2440 posse.
885 2363 991 2421 Sed
1019 2365 1092 2418 illi
1122 2371 1499 2417 tantummoao
1531 2361 1645 2414 haec
1672 2367 1893 2424 norunt,
1921 2357 2013 2428 qui
2039 2358 2241 2411 vident.

746 2456 899 2521 Quod
931 2470 1057 2510 cum
1085 2454 1157 2507 ita
1191 2453 1294 2513 sit.
1328 2467 1432 2503 non
1468 2449 1648 2503 verbis
1671 2489 1686 2512 ,
1720 2448 1811 2501 sed
1846 2446 2003 2499 factis
2036 2443 2246 2498 edicere

677 2547 1017 2608 festinemus,
1056 2552 1113 2596 ut
1138 2543 1437 2604 videamus,
1470 2540 1887 2606 divinorumque
1917 2548 2241 2589 arcanorum

677 2639 897 2694 divitias
920 2637 1217 2699 discamus,
1254 2648 1387 2704 quas
1422 2632 1586 2685 donat
1620 2628 1879 2683 Dominus
1907 2641 2029 2679 cum
2057 2625 2247 2678 labore

676 2729 1110 2800 inquirentibus,
1148 2734 1200 2780 et
1249 2739 1387 2793 quos
1424 2723 1588 2775 totius
1639 2720 1825 2774 mundi
1878 2717 2243 2780 oblivionem,

678 2834 971 2888 rerumque
1023 2820 1170 2872 illius
1220 2817 1461 2869 ninnium
1513 2813 1615 2866 sibi
1659 2824 2006 2879 comparasse
2039 2819 2243 2861 certqu

676 2924 777 2967 est.
815 2912 1024 2964 Etenim
1077 2912 1167 2979 qui
1201 2908 1291 2961 illa
1330 2906 1601 2974 exquirit,
1634 2912 1855 2971 totoque
1900 2901 2081 2954 animo
2112 2914 2249 2952 con-

679 3012 938 3065 sectatur,
971 3001 1063 3070 qui
1115 3000 1328 3053 tandem
1380 2998 1623 3050 omnium
1684 2993 2122 3063 praetereuntium
2184 3004 2248 3043 ac

677 3093 969 3147 labentium
1037 3090 1352 3144 memoriam
1414 3104 1541 3140 vere
1589 3102 1696 3139 non
1738 3086 1951 3154 ejiciet,
1984 3094 2038 3137 et
2081 3083 2147 3137 ab
2180 3082 2247 3137 iis

677 3192 911 3238 mentem
933 3182 1187 3234 nudatam
1210 3179 1541 3248 possidebit,
1567 3187 1620 3231 et
1647 3191 1765 3229 mox
1798 3176 2050 3243 superior
2072 3174 2218 3228 omni

676 3275 816 3340 htts,
844 3284 896 3327 et
943 3272 1093 3326 solus
1135 3269 1486 3324 invenietur?
1521 3268 1688 3332 Quem
1733 3265 1909 3327 Deus,
1939 3264 2029 3333 qui
2094 3264 2241 3318 solus

678 3374 796 3428 est,
827 3372 1047 3432 propter
1072 3378 1129 3416 se
1164 3363 1338 3414 solum
1386 3361 1583 3412 factum
1608 3398 1621 3420 ,
1655 3373 1715 3410 ac
1753 3354 2014 3409 mundum
2038 3394 2052 3419 ,
2090 3368 2244 3407 mun-

678 3456 930 3523 danaque
998 3460 1347 3520 aspernatum
1421 3449 1798 3515 conspiciens,
1856 3448 2005 3501 solus
2069 3445 2243 3499 solum

677 3548 963 3603 inveniens
987 3586 1001 3608 ,
1032 3560 1152 3599 cum
1190 3560 1253 3598 eo
1300 3559 1466 3597 unum
1505 3544 1582 3595 lit.
1615 3541 1657 3593 ί)
1692 3538 2057 3593 venerandam
2100 3551 2247 3591 (Bco-

679 3639 955 3700 nomiam,
988 3652 1020 3690 o
1070 3636 1365 3689 bonitatem
1424 3632 1885 3701 inexplicabilem!
1943 3629 2074 3694 Quae
2121 3630 2248 3681 hinc

679 3738 982 3799 sequuntur
1006 3768 1019 3789 ,
1048 3743 1115 3781 ne
1150 3728 1419 3794 interroga
1443 3765 1459 3789 ,
1491 3740 1555 3778 ne
1603 3731 1846 3777 scrutare
1869 3760 1883 3785 ,
1910 3736 1976 3776 ne
2002 3721 2247 3789 exquire.

682 3823 815 3875 Nam
847 3821 894 3873 si
924 3819 1199 3873 stellarum
1231 3816 1630 3871 multitudinem
1651 3853 1664 3876 ,
1694 3822 1787 3867 aut
1815 3814 2011 3883 pluviae
2032 3821 2209 3880 guttas
2233 3850 2246 3872 ,

681 3922 775 3967 aut
810 3926 1002 3965 arenas
1047 3923 1368 3969 numerare,
1408 3908 1537 3976 quin
1586 3915 1638 3960 et
1670 3905 2002 3973 reliquarum
2031 3911 2248 3956 creatu-

682 4018 865 4058 rarum
886 4002 1227 4072 dignitatem,
1247 4002 1590 4071 elegantiam,
1624 4010 1899 4058 naturam,
1930 3994 2244 4064 dispositio-

682 4109 804 4148 nem
837 4102 890 4147 et
922 4095 1197 4156 ordinem,
1235 4102 1288 4146 et
1326 4094 1518 4145 barum
1550 4103 1743 4143 causas
1774 4096 1829 4141 ut
1862 4093 2029 4151 sunt,
2069 4084 2249 4138 nullus

681 4183 865 4239 dicere
898 4192 991 4237 aut
1027 4185 1264 4252 cogitare
1300 4193 1499 4252 pmest,
1522 4182 1791 4249 quomodo
1824 4175 2250 4232 misericordiam

679 4274 950 4329 Creatoris
1007 4272 1158 4326 eﬂ'ari
1208 4281 1441 4341 poterit,
1488 4284 1649 4339 quam
1698 4268 1919 4320 exhibet
1970 4266 2255 4319 animabus

682 4366 925 4427 sanctis,
959 4362 1284 4431 quibuscum
1337 4362 1524 4416 unitus
1573 4358 1777 4413 fuerit?
1826 4356 2056 4410 Prorsus
2109 4355 2254 4409 enim

682 4447 807 4509 illas
849 4456 1239 4524 conjunctione
1276 4470 1370 4508 sua
1399 4455 1633 4522 quadam
1679 4450 1963 4505 divinitate
1994 4449 2254 4519 impertit.

678 4547 781 4612 Qui
818 4555 931 4599 tum
966 4548 1076 4600 sint
1111 4562 1289 4600 mores
1321 4548 1515 4599 anima:
1549 4545 1806 4598 deiiieata:
1852 4558 1971 4612 qua:
2015 4550 2243 4605 natura,

678 4651 799 4706 quae
827 4634 1058 4699 affectio,
1091 4652 1209 4706 quae
1237 4637 1487 4691 voluntas
1509 4677 1523 4699 ,
1556 4638 1678 4704 quis
1712 4635 1925 4687 domum
1955 4641 2149 4696 status,
2189 4643 2243 4686 et

678 4726 940 4793 conditio,
984 4730 1074 4796 qui
1109 4741 1334 4780 narrare
1376 4727 1471 4780 tibi
1504 4727 1655 4788 vult,
1693 4724 1740 4779 is
1780 4726 1945 4779 etiam
1992 4738 2241 4779 sermone

679 4816 863 4871 nescio
913 4830 1021 4885 quo
1071 4815 1196 4883 quid
1250 4814 1395 4869 Deus
1436 4818 1548 4879 sit,
1595 4815 1790 4868 docere
1836 4820 1887 4867 te
1939 4813 2236 4869 contendit.

682 4903 877 4961 Verum
925 4905 1041 4957 base
1085 4903 1340 4973 indagare
1370 4902 1453 4957 fas
1504 4918 1613 4957 non
1651 4915 1735 4957 est
1783 4902 2109 4968 mundanis,
2147 4911 2239 4956 aut

677 4994 979 5052 secundum
1038 5006 1256 5050 carnem
1305 4995 1612 5048 viventibus
1637 5035 1650 5059 ,
1692 4995 1784 5050 sed
1835 4994 1936 5049 ﬁde
1977 4994 2089 5049 sola
2121 5008 2239 5048 am-

676 5086 1156 5157 plectendasunt;
1204 5083 1464 5139 imitanda
1494 5084 1737 5152 exempla
1772 5096 2083 5139 sanctorum
2118 5097 2239 5137 om-

676 5178 826 5233 nium
853 5215 868 5241 ,
904 5188 956 5231 et
1000 5176 1054 5231 in
1105 5176 1362 5246 lacrymis
1408 5190 1471 5229 ac
1524 5178 1846 5245 pmnitentia
1874 5214 1890 5240 ,
1923 5185 1977 5228 et
2030 5175 2237 5244 reliqua

678 5269 994 5322 austeritate
1027 5268 1152 5321 vitae
1173 5308 1189 5335 ,
1221 5268 1720 5337 tentationibusqne
1751 5266 2075 5323 sut‘lerendis
2110 5281 2238 5322 cur-

676 5356 904 5415 rendum
926 5402 940 5427 ,
976 5370 1031 5414 ut
1080 5356 1339 5415 mundum
1372 5360 1637 5424 evadant,
1672 5360 1815 5429 quod
1851 5374 2015 5430 supra
2062 5360 2238 5428 tetigi-

679 5468 824 5515 mus,
857 5463 910 5508 et
936 5453 1140 5519 omnia,
1169 5461 1228 5507 ut
1260 5453 1559 5518 aiebamus,
1580 5452 1910 5508 sufﬁcienter
1938 5452 2233 5507 invenient.

674 5541 1072 5614 Olistupescent
1112 5557 1290 5602 autem
1334 5560 1401 5601 eo
1434 5547 1671 5611 invento,
1703 5553 1758 5602 et
1803 5546 2237 5609 admirabuntur,

676 5650 738 5691 ac
771 5651 871 5705 pro
903 5651 987 5690 me
1021 5637 1221 5692 misero
1256 5636 1677 5709 supplicabunt,
1705 5652 1772 5693 ne
1806 5637 1918 5692 hanc
1948 5635 2188 5690 amittam
2223 5654 2235 5690 :

745 5807 787 5839 "
813 5804 945 5862 Luc.
982 5823 1079 5871 nt,
1106 5808 1194 5863 t9.

2346 631 2398 677 et
2433 622 2700 685 desidero,
2753 621 3134 688 desiderioque
3181 618 3507 675 desiderium
3552 616 3805 677 obfusco.
3856 627 3912 668 et

2346 714 2559 768 heheto.
2610 711 2833 766 Etcum
2895 711 3158 765 audierim
3211 708 3525 779 aliquando,
3575 707 3911 762 desiderium

2345 805 2642 860 accendere
2691 803 3069 868 desiderium;
3110 811 3163 857 et
3210 801 3385 871 ignem
3425 802 3566 854 alere
3595 800 3866 854 ﬂammam
3895 836 3911 860 ,

2345 896 2397 949 id
2432 897 2486 949 in
2520 910 2604 948 me
2635 911 2742 949 non
2775 895 3025 964 experior
3060 913 3072 948 :
3107 893 3200 948 sed
3238 892 3426 948 nescio
3452 891 3728 961 quomodo
3760 905 3918 945 amo-

2346 988 2422 1043 ris
2457 987 2773 1056 magnitudo
2808 1001 3044 1040 amorem
3092 1001 3269 1039 meum
3306 984 3621 1051 exstinguit.

2418 1075 2534 1130 Non
2576 1077 2753 1130 dicam
2782 1084 3045 1145 quantum
3080 1075 3269 1129 vellem
3306 1073 3488 1126 dicere
3511 1113 3525 1139 ,
3559 1082 3612 1125 et
3646 1079 3778 1140 puto
3820 1085 3918 1123 ne-

2348 1183 2619 1239 quaquam
2650 1181 2887 1220 amorem
2929 1164 3021 1219 Dei
3053 1180 3137 1219 me
3164 1164 3539 1234 acquisivisse.
3574 1163 3706 1214 Dum
3737 1172 3918 1215 autem

2350 1260 2737 1315 insatiabiliter
2772 1273 2955 1311 amare
3002 1257 3196 1311 studeo
3247 1265 3511 1326 quantum
3561 1255 3719 1319 volo,
3752 1255 3918 1307 etiam

2348 1368 2457 1421 quo
2491 1351 2745 1421 praeditus
2769 1366 2917 1403 eram
2950 1389 2963 1414 ,
2998 1349 3130 1402 mira
3159 1363 3245 1402 res
3266 1388 3281 1413 ,
3321 1363 3557 1401 amorem
3592 1346 3681 1399 Dei
3726 1345 3917 1414 perdo.

2348 1441 2419 1496 Ut
2458 1458 2654 1496 avarus
2687 1442 2868 1504 homo,
2906 1440 2997 1509 qui
3046 1440 3360 1494 thesaurum
3396 1438 3557 1491 habet
3584 1479 3597 1501 ,
3627 1438 3753 1505 quia
3808 1452 3917 1489 non

2348 1534 2531 1587 omnia
2564 1532 2745 1595 habet,
2777 1533 2935 1599 plane
2968 1530 3099 1583 nihil
3146 1530 3430 1583 sehabere
3464 1536 3635 1597 putat,
3665 1530 3919 1597 quamvis

2350 1627 2463 1679 auri
2517 1624 2810 1695 plurimum
2870 1622 3226 1677 babeat:sie
3286 1636 3415 1676 sane
3473 1622 3524 1674 in
3580 1635 3695 1674 mea
3750 1634 3916 1673 causa

2349 1718 2534 1774 infelix
2569 1733 2668 1787 ego
2705 1724 2833 1787 puto
2869 1716 3139 1770 accidere.
3175 1715 3310 1781 Quia
3363 1729 3471 1768 non
3515 1728 3637 1767 anno
3678 1723 3735 1765 ut
3770 1712 3915 1777 volo,

2349 1821 2403 1866 et
2464 1813 2624 1880 plane
2684 1824 2794 1863 non
2853 1818 3117 1878 quantum
3179 1807 3323 1869 volo,
3381 1821 3487 1860 non
3548 1805 3784 1860 arbitror
3833 1819 3919 1857 me

2349 1918 2535 1958 aliiare
2560 1904 2641 1957 vel
2669 1904 3033 1971 aliquantum.
3067 1902 3260 1954 Amare
3289 1898 3454 1968 igitur
3479 1906 3742 1966 quantum
3769 1896 3914 1959 volo,

2349 2012 2504 2051 amor
2540 2010 2707 2065 supra
2763 2008 3000 2047 amorem
3036 2000 3117 2047 est
3144 2034 3157 2058 ,
3189 2001 3240 2047 et
3281 2006 3414 2060 cogo
3458 1998 3709 2043 naturam
3740 2002 3916 2041 meum

2347 2103 2509 2155 supra
2561 2096 2806 2140 naturam
2862 2099 3065 2138 amare.
3130 2083 3348 2137 lnﬂrma
3399 2070 3578 2135 autem
3636 2087 3916 2139 naturaket

2346 2179 2468 2249 ipso
2498 2178 2641 2247 quod
2691 2176 3004 2247 possidebat
3037 2177 3232 2231 robore
3281 2174 3563 2243 spoliatur,
3595 2182 3650 2227 et
3683 2172 3918 2227 moritur

2348 2269 2670 2323 mirabiliter
2720 2268 2911 2322 vivens
2944 2281 3129 2330 amor;
3174 2266 3348 2334 magis
3404 2264 3549 2318 enim
3588 2274 3719 2317 tunc
3772 2262 3919 2316 vive-

2350 2363 2477 2424 scit,
2508 2368 2563 2415 et
2594 2362 2647 2414 in
2682 2374 2769 2414 me
2802 2358 3063 2414 ﬂorescit.
3121 2356 3191 2412 Ut
3222 2357 3321 2410 tibi
3350 2356 3620 2411 declarem
3651 2353 3918 2425 quemad-

2350 2452 2571 2505 modum
2597 2450 2809 2513 floreat,
2850 2448 3113 2517 exemplis
3140 2462 3321 2502 careo.
3361 2446 3475 2502 Hoc
3504 2446 3677 2502 solum
3708 2446 3915 2513 accipe,

2348 2542 2534 2596 verbis
2567 2541 2680 2596 luce
2717 2538 2873 2593 an‘ari
2916 2553 3076 2608 posse
3105 2538 3399 2593 neminem.
3428 2536 3531 2603 Qui
3576 2536 3727 2593 solus
3754 2536 3915 2600 Deus,

2349 2644 2403 2688 et
2444 2633 2633 2687 talium
2693 2632 2961 2687 bonorum
3016 2644 3177 2684 verus
3224 2629 3601 2699 suppeditator
3651 2636 3781 2693 est,
3827 2628 3920 2683 det

2351 2723 2603 2779 omnibus
2643 2737 2735 2791 per
2771 2721 3146 2791 paenitentiam
3178 2722 3291 2774 haec
3334 2719 3744 2789 exquireutibus
3773 2759 3787 2783 ,
3824 2720 3912 2773 ln-

2351 2814 2644 2883 gentibus',
2674 2820 2724 2867 et
2753 2810 3181 2865 lamentantibus
3209 2848 3222 2871 ,
3254 2817 3306 2861 et
3340 2809 3475 2863 bene
3506 2809 3751 2879 purgatis
3800 2810 3919 2862 adi-

2354 2907 2528 2975 pisci,
2557 2912 2610 2958 et
2654 2917 2776 2957 cum
2804 2902 3046 2970 jucuudo
3092 2915 3255 2955 sensu
3302 2900 3387 2954 his
3423 2900 3669 2969 perfrui,
3702 2908 3754 2954 et
3793 2916 3915 2954 cum

2352 2997 2438 3050 his
2475 2994 2967 3063 peregrinationem
2998 3006 3151 3046 suam
3186 2991 3604 3045 conficientibus
3630 3032 3644 3053 ,
3677 2998 3730 3047 et
3770 2991 3821 3044 in
3853 2993 3931 3045 iis

2351 3084 2761 3154 quiescentibus
2804 3082 2915 3135 vita
2955 3093 3154 3135 reterna
3189 3081 3386 3150 potiri,
3418 3090 3471 3137 et
3498 3091 3780 3137 consortes
3808 3082 3923 3150 glo-

2354 3176 2446 3229 rise
2474 3173 2760 3229 inefl'abilis
2794 3188 2889 3242 per
2920 3188 2982 3225 ea
3011 3172 3263 3227 inveniri.

2912 3286 3139 3343 CAPUT
3198 3285 3340 3341 XXI.

2344 3402 2427 3457 Ad
2474 3403 2745 3472 quemdam
2804 3402 3142 3469 discipulum.
3204 3403 3423 3455 Anima:
3478 3402 3819 3471 paenitentia,
3868 3415 3915 3455 et

2417 3473 2624 3541 ﬂetibus
2657 3483 2909 3539 purgatas
2951 3488 3067 3523 cum
3107 3472 3315 3525 divinus
3358 3472 3490 3538 ignis
3528 3475 3704 3525 sancti
3741 3473 3916 3538 Spiri-

2419 3554 2502 3595 tus
2542 3542 2791 3610 afﬂaverit
2818 3584 2831 3605 ,
2864 3557 2951 3594 eas
2974 3542 3281 3607 complecti,
3315 3551 3363 3593 ct
3397 3558 3621 3611 purgare
3651 3543 3916 3608 amplius,

2417 3624 2589 3678 partes
2638 3628 2821 3664 earum
2876 3621 3087 3677 propter
3134 3620 3401 3677 peccatum
3454 3613 3763 3664 obscuratas
3796 3613 3920 3663 illa“-

2420 3682 2655 3744 minare,
2693 3690 2737 3730 et
2772 3683 3048 3734 sanatione
3091 3682 3308 3749 vulnera
3358 3686 3426 3730 ad
3466 3681 3747 3749 perfectam
3778 3684 3918 3734 cica-

2420 3752 2597 3803 tricem
2630 3749 2908 3818 perducere
2934 3790 2947 3812 ,
2990 3759 3045 3801 ut
3088 3748 3285 3809 divina,
3328 3748 3713 3816 pulchritudine
3760 3766 3920 3820 supra

2420 3822 2629 3873 modum
2657 3830 2946 3872 coruscant.
3328 3820 3332 3823 ⁷

2422 3910 2561 3965 Vere
2596 3911 2738 3981 ignis
2766 3914 2849 3963 est
2886 3908 3150 3963 Divinitas
3172 3946 3185 3970 ,
3224 3918 3283 3962 ut
3316 3908 3521 3962 dictum
3550 3916 3633 3963 est
3672 3924 3703 3967 a
3734 3907 3919 3964 Domi-

2352 4017 2446 4067 no,
2492 4016 2652 4072 quem
2690 4009 2745 4053 ut
2793 4000 2847 4053 in
2900 4007 3072 4052 terras
3122 3999 3402 4063 mitteret,
3442 3998 3646 4052 idcirco
3677 4002 3826 4053 venit
3851 4001 3916 4055 ".

2357 4092 2461 4147 Sed
2504 4092 2557 4146 in
2586 4106 2745 4161 quam
2797 4092 3038 4144 terram?
3072 4090 3224 4143 cedo.
3275 4087 3331 4140 ln
3384 4103 3574 4143 omnes
3628 4089 3916 4153 homines,

2354 4184 2447 4255 qui
2489 4192 2707 4238 terrena
2747 4181 3002 4249 sapiunt,
3036 4174 3195 4249 quem
3243 4181 3454 4246 voluit,
3494 4189 3548 4235 et
3588 4180 3703 4235 vult
3733 4176 3922 4238 ardere

2358 4276 2411 4329 in
2443 4274 2717 4330 omnibus.
2750 4273 2909 4337 Audi,
2950 4272 3023 4325 mi
3070 4271 3141 4325 fili
3166 4313 3181 4337 ,
3229 4280 3283 4326 et
3317 4286 3588 4342 cognosce
3609 4273 3921 4328 divinorum

2358 4365 2741 4436 mysteriorum
2804 4361 3165 4416 altitudinem.
3215 4363 3372 4417 Hune
3420 4362 3697 4418 ccelestem
3744 4364 3921 4432 ignem

2361 4458 2704 4527 qualemnam
2756 4468 2879 4509 esse
2948 4453 3213 4523 judicas?
3285 4455 3367 4508 An
3432 4454 3821 4523 aspectabilem
3868 4464 3922 4511 et

2284 4525 2330 4580 D
2358 4525 2620 4611 creatum,
2657 4553 2751 4599 aut
2784 4545 3059 4599 intellectu
3090 4542 3492 4613 percipiendum
3516 4544 3538 4597 ?
3559 4543 3678 4599 Non
3710 4546 3922 4614 utique,

2350 4651 2472 4691 nam
2520 4637 2587 4690 de
2634 4651 2698 4690 eo
2748 4650 2893 4689 nunc
2945 4634 3163 4688 deceris
3197 4673 3213 4695 .
3266 4643 3321 4688 et
3353 4634 3620 4700 initiaris,
3663 4643 3926 4706 certoque

2349 4729 2488 4791 scis,
2520 4728 2671 4781 illum
2710 4742 2833 4782 nou
2854 4725 2974 4795 capi
2998 4764 3012 4789 ,
3049 4725 3348 4780 increatum
3371 4764 3384 4788 ,
3417 4724 3486 4779 ab
3518 4726 3669 4785 omni
3691 4735 3918 4795 aspectu

2348 4828 2666 4873 extraneum
2699 4856 2713 4880 ,
2765 4814 2883 4870 sine
2932 4813 3222 4884 principio,
3255 4814 3323 4868 ab
3372 4814 3521 4868 omni
3571 4816 3925 4871 concretione

2347 4909 2617 4972 liberum,
2663 4907 3053 4960 immutabilem
3097 4916 3151 4960 et
3181 4905 3720 4974 incircumscriptum
3762 4907 3922 4975 peni-

2351 5006 2459 5060 tus,
2491 4998 2879 5052 inexstiuctuin
2909 5038 2921 5059 ,
2958 4996 3319 5051 immortalem
3351 5036 3367 5062 ,
3423 4997 3646 5051 omnino
3705 4997 3925 5051 incom-

2342 5090 2665 5159 prehensum
2702 5128 2714 5152 ,
2743 5095 2893 5140 extra
2927 5101 3116 5141 omnes
3163 5096 3441 5143 creaturas
3496 5088 3729 5142 materia
3789 5101 3925 5141 eon«

2342 5188 2551 5236 stantes
2576 5218 2592 5244 ,
2623 5188 2675 5232 et
2718 5192 2747 5230 a
2781 5178 3007 5231 materia
3042 5187 3352 5248 segregatas
3376 5221 3392 5245 ,
3428 5178 3672 5235 visibiles
3723 5180 3921 5234 invisi-

2346 5273 2480 5328 biles
2505 5312 2520 5337 ,
2550 5286 2845 5342 corporeae
2900 5271 3251 5339 incorporeas
3275 5311 3290 5335 ,
3323 5279 3611 5327 terrestres
3663 5278 3718 5326 et
3751 5271 3925 5327 cccle-

2344 5371 2493 5427 stes,
2522 5370 2677 5416 extra
2724 5362 2821 5415 bas
2849 5402 2862 5427 ,
2919 5362 3139 5431 inquam
3167 5400 3182 5426 ,
3237 5375 3427 5416 omnes
3474 5369 3557 5417 est
3616 5363 3921 5418 secundum

2346 5462 2597 5506 naturam
2634 5459 2689 5507 et
2719 5451 3034 5519 essentiam,
3064 5452 3173 5506 imo
3198 5452 3362 5507 etiam
3393 5452 3697 5509 secundum
3728 5464 3925 5523 poten-

2349 5546 2502 5598 tiam.
2554 5545 2656 5599 llic
2719 5543 2903 5614 igitur,
2938 5542 3028 5597 dic
3091 5544 3265 5610 mihi,
3303 5543 3355 5597 in
3418 5559 3580 5615 quam
3635 5545 3921 5600 materiam

2350 5633 2665 5689 inscretur?
2719 5634 2781 5688 In
2852 5633 3064 5689 animas
3133 5634 3319 5702 utique
3396 5634 3657 5691 habentes
3738 5638 3919 5691 oin-nu:
