4136 6338
245 399 268 429 ἲ,
283 397 343 429 2.2

245 424 347 462 2'30

1284 387 1723 450 DIVINORUM
1766 385 2100 447 AMOllUM
2139 386 2370 445 LIBER

3360 389 3457 451 55$

246 513 543 570 uberrime,
572 517 624 562 et
656 516 780 563 ante
809 509 949 563 istuc
981 518 1032 562 et
1066 522 1185 561 cum
1216 507 1352 560 istoc
1387 505 1564 569 tidem,
1597 517 1647 558 et
1675 520 1804 574 ope-
1835 509 1880 565 Α
1911 500 2205 557 manifeste
2240 501 2388 557 isttee
2418 499 2618 562 omnia,
2646 507 2698 554 et
2738 499 2858 556 istis
2913 500 3255 557 iiiell‘abiliter
3304 519 3455 558 arca-

243 619 300 658 ra
331 603 488 656 fidem
546 600 925 654 confirmantia
955 599 1318 670 possidentes.
1367 597 1460 652 llis
1491 606 1547 651 ιιι
1588 597 1804 667 lychno,

243 692 364 748 oleo
423 699 476 745 et
535 699 728 760 stuppa
787 691 944 759 pleno
1001 692 1174 760 ignem
1213 689 1472 743 Dominus
1529 689 1807 751 immittit,

243 797 401 853 quem
446 781 679 835 mundus
715 796 821 834 non
853 780 1024 846 vidit,
1061 796 1159 834 nec
1193 780 1374 834 videre
1405 787 1606 848 potest.
1659 779 1808 833 Mun-

245 872 373 927 dum
403 872 545 934 dico,
575 875 664 942 qui
700 873 752 926 in
786 874 988 927 inundo
1014 881 1160 938 sunt,
1193 881 1248 928 et
1275 874 1546 927 mundana
1572 871 1809 942 sapiunt.

244 963 398 1019 Sicut
453 979 617 1034 porro
655 964 890 1034 lychnus
938 980 1032 1018 seu
1069 964 1288 1019 lucerna
1320 979 1482 1033 quam
1518 965 1765 1020 videmus
1796 1006 1810 1028 ,

246 1054 467 1108 admoto
504 1055 628 1124 igne
655 1055 974 1130 accenditur
1017 1073 1030 1108 :
1067 1056 1139 1108 ita
1189 1055 1546 1125 spiritualiter
1577 1057 1816 1127 intellige

253 1144 498 1200 divinum
538 1148 714 1215 ignem
761 1147 973 1201 animas
1026 1148 1329 1217 attingere,
1370 1163 1573 1218 easque
1605 1148 1815 1203 inﬂam-

246 1252 414 1292 mare.
457 1236 745 1303 Quomodo
784 1240 1182 1304 inilammabit,
1220 1250 1507 1311 antequam
1538 1243 1817 1312 attingat?

246 1328 525 1397 quomodo
575 1331 848 1399 attinget,
895 1339 1187 1400 antequam
1229 1331 1521 1385 mittatur?
1565 1332 1816 1388 Profecto

247 1435 588 1494 nequaquam
634 1422 878 1476 omnino.
935 1424 1146 1477 Ardens
1207 1431 1387 1476 autem
1446 1422 1676 1492 lychnus
1701 1463 1730 1488 ,.
1763 1433 1817 1478 et

245 1511 456 1566 clarum
481 1513 668 1567 lucens
706 1515 996 1580 omnibus,
1045 1515 1091 1569 si
1121 1514 1297 1568 oleum
1334 1511 1618 1580 defecerit,
1656 1511 1817 1568 num-

246 1602 376 1668 quid
402 1618 507 1655 non
539 1603 952 1672 exstinguetur?

321 1693 481 1746 Aliud
515 1693 692 1762 majus
726 1695 976 1762 observa,
1020 1695 1164 1765 quod
1201 1711 1288 1750 me
1321 1705 1488 1753 terret
1523 1699 1644 1767 plus
1694 1714 1816 1753 om-

247 1780 434 1835 nibus.
489 1783 864 1851 Conspicuum
905 1785 1160 1855 lychnum
1221 1801 1400 1841 meum
1464 1789 1644 1854 valde,
1688 1805 1810 1844 cum

248 1874 353 1926 olei
412 1874 578 1927 infusi
634 1877 811 1946 cepia,
857 1887 911 1931 et
963 1886 1154 1948 stuppa
1187 1880 1439 1949 plurima,
1501 1898 1642 1945 mus,
1701 1885 1812 1937 sive

248 1963 355 2016 alia
395 1966 661 2033 quaepiam
707 1967 934 2020 bestiola
978 1982 1300 2036 prorepens,
1337 1977 1428 2021 aut
1455 1970 1669 2032 evertit,
1720 1977 1813 2024 aut

249 2055 516 2124 paulatim
549 2058 713 2111 linctu
747 2059 925 2111 oleum
961 2059 1289 2128 absumpsit,
1330 2068 1692 2130 stuppamque
1719 2078 1814 2115 co-

252 2148 446 2211 medit,
480 2157 644 2217 atque
702 2150 774 2202 ita
829 2149 1130 2218 lampadem
1187 2154 1465 2208 exstinxit.
1517 2153 1816 2208 Mirabilius

253 2247 465 2304 autem,
502 2241 642 2309 quod
709 2253 903 2311 stuppa
953 2251 1061 2297 tota
1109 2244 1457 2316 (ellyclinium
1501 2257 1716 2317 vocant)
1751 2247 1815 2298 il-

257 2332 411 2400 lapsa
462 2332 514 2385 in
545 2333 744 2398 oleum,
783 2344 1002 2402 repente
1048 2336 1223 2406 ignem
1254 2338 1579 2406 exstinguit,
1628 2345 1818 2391 etest

253 2423 389 2475 inihi
432 2424 653 2478 lucerna
685 2441 803 2479 mea
841 2427 1130 2481 tenebrosa
1162 2442 1403 2495 prorsus,
1436 2443 1535 2480 nec
1568 2436 1813 2497 apparet.

254 2512 561 2568 Lucernam
592 2532 687 2570 seu
711 2517 1014 2586 lampadem
1044 2519 1277 2572 animam
1314 2520 1614 2589 intelligit»,
1639 2521 1814 2573 oleum

253 2604 509 2671 virtutes,
543 2615 779 2660 mentem
818 2609 986 2676 ipsam
1029 2609 1382 2678 ellychniuin,
1418 2619 1470 2663 et
1505 2611 1559 2664 in
1584 2625 1649 2664 eo
1682 2610 1819 2663 divi-

254 2709 387 2746 num
437 2695 614 2764 ignem
672 2695 962 2762 lucentem,
1022 2698 1525 2767 illuminantemque
1582 2701 1814 2753 animam

251 2788 437 2852 simul,
469 2799 520 2842 et
549 2790 888 2843 domicilium
928 2798 1100 2845 totum
1131 2792 1379 2860 corporis
1432 2793 1561 2854 mei,
1594 2809 1818 2864 qumque

252 2878 309 2929 in
344 2892 408 2931 eo
436 2888 560 2932 sunt
593 2880 975 2949 cogitationes,
1026 2890 1077 2936 et
1125 2883 1450 2952 agitationes
1501 2885 1667 2937 animi
1704 2901 1818 2940 Otii-

255 2983 378 3022 nes.
414 2969 529 3023 lloc
565 2981 744 3025 autem
776 2987 881 3026 non
919 2972 1158 3037 lucente,
1191 2975 1234 3028 si
1264 2974 1488 3040 invidia,
1526 2987 1619 3029 aut
1655 2977 1818 3030 male-

254 3060 520 3127 volentia,
547 3071 641 3116 aut
677 3076 827 3116 amor
855 3064 1064 3133 gloriae,
1088 3071 1179 3116 aut
1214 3065 1484 3133 cupiditas
1503 3065 1605 3118 alia
1630 3067 1818 3131 cujus-

1917 597 2069 650 ni0ra
2102 596 2278 659 docet,
2326 604 2382 650 et
2438 594 2676 648 ostendit
2722 595 2826 659 his,
2883 610 2908 647 a
2958 595 3153 665 quibus
3210 595 3457 650 habetur.

1917 684 2077 752 Audi,
2113 685 2157 741 si
2199 686 2394 756 placet,
2432 684 2527 740 fili.
2558 686 2693 741 Cum
2734 685 2964 748 fulserit,
3009 687 3461 756 quemadmodum

1915 775 2047 841 dixi,
2092 784 2145 831 et
2184 793 2412 832 examen
2461 779 2757 832 motionum
2811 780 3003 833 rationi
3047 781 3462 850 repugnantium

1915 867 2210 936 expulerit,
2267 869 2604 942 domumque
2665 873 2857 926 animae
2904 879 3008 924 tua:
3062 873 3462 941 expurgavt-rit,

1917 953 2034 1014 sine
2069 959 2321 1015 mistione
2345 960 2419 1014 illi
2455 961 2809 1028 admiscetur,
2858 970 2911 1018 et
2964 967 3121 1017 modo
3170 963 3466 1033 inexplica-

1916 1050 2009 1103 bili
2038 1050 2405 1107 essentialiter
2429 1050 2547 1120 ejus
2595 1054 2867 1116 essentiaz,
2912 1061 3058 1109 totus
3111 1055 3206 1108 toti
3255 1057 3466 1124 penitus

1917 1141 2126 1205 unitur,
2161 1157 2394 1211 eamque
2433 1143 2634 1198 sensim
2682 1143 2915 1215 lucidam
2959 1144 3112 1211 facit,
3147 1145 3466 1206 inflammat,

1916 1245 1970 1286 et
1994 1232 2260 1287 illuminat
2288 1235 2390 1299 sic,
2417 1243 2474 1289 ut
2508 1251 2536 1290 a
2581 1251 2665 1290 me
2697 1237 2970 1308 explicari
3008 1254 3112 1293 non
3159 1241 3353 1308 possit.
3385 1238 3471 1292 Fit

1920 1339 2089 1378 unum
2148 1341 2210 1380 ex
2260 1325 2507 1390 duobus,
2563 1343 2624 1381 ex
2683 1329 2862 1382 anima
2916 1339 2968 1384 et
3013 1339 3278 1396 creatore,
3326 1339 3380 1384 et
3420 1332 3470 1382 in

1921 1418 2103 1469 anima
2134 1423 2217 1470 est
2275 1419 2660 1482 creatorsolus
2684 1433 2807 1473 cum
2829 1420 2940 1475 sola
2972 1429 3136 1474 totus.
3179 1421 3280 1486 Qui
3307 1435 3470 1475 manu

1919 1524 2015 1562 sua
2065 1515 2371 1563 creaturam
2421 1525 2635 1564 omnem
2682 1511 2944 1575 continet,
2997 1527 3064 1566 ne
3115 1511 3325 1578 dubita,
3385 1513 3472 1566 hic

1918 1608 2065 1655 totus
2097 1615 2219 1653 cum
2262 1600 2441 1664 Patre,
2485 1610 2536 1656 et
2581 1609 2773 1657 sancto
2820 1602 3022 1672 Spiritu
3044 1620 3149 1658 una
3175 1606 3349 1657 anima
3382 1620 3474 1658 ca-

1917 1693 2084 1760 pitur,
2124 1701 2177 1746 et
2212 1693 2442 1746 animant
2479 1695 2617 1747 intra
2649 1710 2706 1749 se
2745 1702 2909 1749 totam
2951 1697 3352 1765 complectitur.
3385 1698 3475 1749 ln-

1922 1784 2119 1853 tellige,
2149 1784 2288 1849 vide,
2324 1787 2595 1853 perpende
2649 1787 2764 1841 haec
2797 1803 2810 1838 :
2856 1787 2968 1840 dixi
3008 1789 3150 1841 enim
3202 1789 3318 1852 tibi,
3354 1791 3471 1841 ani-

1920 1891 2056 1928 mam
2112 1876 2290 1930 lumen
2354 1877 2714 1941 intolerabile,
2769 1886 2823 1932 et
2874 1878 3212 1934 inaccessum
3265 1883 3472 1949 angelis

1918 1967 2059 2019 intra
2089 1981 2148 2020 se
2179 1966 2484 2030 continere,
2519 1977 2570 2020 et
2602 1967 2776 2034 ipsum
2811 1970 2990 2023 lumen
3039 1971 3281 2024 vicissim
3319 1971 3472 2024 habia

1918 2068 2049 2114 tare.
2082 2059 2227 2113 intra
2274 2059 2536 2120 animam,
2568 2047 2620 2112 et
2655 2072 2774 2113 eam
2811 2059 3127 2128 neutiquam
3169 2076 3347 2115 urere.
3379 2062 3476 2116 Co-

1920 2151 2097 2219 gnosti
2163 2149 2494 2220 profundum
2547 2150 2903 2220 mysterium;
2959 2151 3154 2217 homo,
3219 2153 3357 2206 inter
3413 2168 3474 2207 ea

1923 2259 2040 2312 quae
2102 2243 2203 2298 sub
2264 2250 2543 2312 aspectum
2607 2236 2976 2311 subjiciuntur
3033 2245 3287 2314 exiguum
3348 2245 3493 2314 quid,

1926 2333 2116 2387 umbra
2155 2342 2208 2388 et
2249 2334 2448 2403 pulvis,
2507 2335 2558 2387 in
2601 2335 2779 2389 medio
2812 2335 2896 2389 sui
2946 2335 3113 2389 Deum
3147 2345 3315 2391 totum
3347 2353 3477 2392 con-

1922 2425 2077 2487 tinet,
2116 2440 2143 2475 a
2190 2425 2350 2492 cujus
2400 2425 2567 2493 digito
2615 2427 2812 2493 pendet
2873 2435 3146 2486 creatura.
3202 2437 3255 2481 ct
3302 2444 3330 2482 a
3371 2444 3476 2496 quo

1921 2516 2144 2583 quilibet
2173 2516 2466 2570 essentiam
2505 2531 2684 2580 suam,
2716 2517 2900 2580 vitam,
2950 2528 3004 2573 et
3047 2529 3250 2574 motum
3293 2521 3474 2575 habet.

1921 2603 2071 2658 Mens
2097 2605 2292 2665 omnis,
2334 2607 2539 2669 anima,
2590 2614 2644 2660 et
2692 2607 2835 2660 ratio
2876 2608 3086 2663 ratione
3131 2610 3472 2679 prazditorunt

1921 2695 1986 2746 ab
2017 2694 2120 2746 hoc
2150 2705 2234 2749 est
2265 2715 2274 2747 :
2310 2697 2608 2765 eodemque
2661 2697 2822 2751 tnodo
2875 2699 3097 2768 spiritus
3156 2703 3473 2769 aiiimaliuiu

1920 2786 2276 2852 intelligentia
2321 2789 2652 2854 vacantium,
2713 2797 2765 2842 et
2820 2791 3043 2845 omnino
3093 2793 3472 2849 universorum

1921 2885 2036 2928 tum
2100 2876 2572 2941 ratiocinantitim,
2626 2888 2736 2931 tum
2805 2883 3181 2936 tantummodo
3234 2886 3475 2940 sentien-

1921 2968 2055 3019 tium
2088 2982 2207 3021 esse
2245 2968 2372 3021 hinc
2405 2977 2609 3025 manat.
2642 2967 2797 3023 Hunc
2832 2971 3062 3039 habens,
3108 2975 3356 3043 quisquis
3389 2978 3477 3030 lia-

1921 3059 2089 3122 bcbit,
2131 3069 2184 3112 et
2223 3062 2362 3113 intra
2400 3076 2459 3116 se
2493 3069 2734 3130 gestans,
2771 3071 2824 3115 et
2852 3064 2966 3129 ejus
3011 3068 3473 3134 pulchritudinem

252 3152 401 3221 piam
437 3155 748 3223 voluptatis,
789 3167 879 3208 aut
913 3158 1250 3224 perturbatio
1294 3156 1510 3211 demum
1567 3159 1668 3211 alia
1702 3173 1818 3212 sese
1845 3175 1886 3233 ρ
1922 3162 2194 3220 spectans,
2230 3152 2500 3220 quomodo
2529 3151 2786 3206 desiderii
2828 3153 3099 3207 flammam
3133 3155 3303 3209 feret?
3343 3174 3479 3226 quo-

254 3245 644 3308 commoverit,
694 3253 747 3298 et
797 3246 1097 3311 lampadem
1150 3247 1428 3312 everterit,
1460 3248 1511 3300 id
1543 3256 1647 3309 est,
1700 3262 1819 3301 sco-

256 3354 410 3406 pum,
468 3347 521 3394 et
567 3339 910 3409 prepositnm
949 3339 1244 3392 voluntatis
1303 3354 1456 3402 mete,
1490 3348 1581 3392 aut
1643 3340 1817 3394 oleum

253 3431 536 3494 elinxerit,
570 3432 798 3485 virtutes
831 3446 1022 3485 omnes
1078 3441 1169 3483 aut
1221 3431 1420 3497 alioqui
1469 3431 1819 3498 ellyclinium,

256 3537 453 3589 nempe
489 3533 718 3574 mentem
752 3537 948 3586 meam,
982 3521 1188 3584 utdixi,
1221 3525 1273 3573 in
1308 3537 1374 3574 se.
1391 3521 1502 3589 ipsa
1537 3522 1820 3574 habentem

254 3615 442 3667 lumen
474 3615 618 3667 clare
652 3613 889 3682 fulgens,
923 3613 1106 3680 pravis
1131 3614 1551 3682 cogitationibus
1587 3614 1822 3668 absumit

253 3712 311 3758 ct
373 3704 616 3768 devorat,
671 3712 765 3756 aut
818 3705 982 3757 etiam
1035 3713 1201 3757 totam
1254 3705 1310 3758 in
1368 3705 1484 3759 oleo
1539 3706 1819 3776 demergit,

255 3797 390 3849 dum
449 3795 698 3850 videlicet
743 3796 1006 3848 virtutum
1061 3810 1284 3850 suarum
1337 3797 1580 3851 actiones
1636 3799 1824 3852 recolit

259 3905 324 3937 ac
361 3894 561 3946 versat,
602 3893 655 3938 et
688 3885 814 3937 hinc
854 3884 922 3937 de
954 3900 1010 3937 se
1057 3885 1341 3953 magnifice
1381 3886 1703 3939 existimans
1732 3903 1825 3938 ex—

257 3983 525 4041 cwcatur,
566 3978 608 4031 si
661 3976 962 4044 lampadem
1025 3991 1196 4028 meam
1253 3977 1400 4040 hinc,
1457 3987 1550 4029 aut
1608 3977 1825 4030 aliunde

260 4069 507 4122 fortasse
534 4067 805 4135 exstingui
839 4067 1146 4133 contingat,
1190 4067 1278 4119 ubi
1311 4074 1440 4120 tunc
1470 4069 1643 4136 ignem
1674 4084 1821 4140 esse,

255 4170 354 4212 aut
384 4157 513 4226 quid
574 4172 660 4210 me
721 4158 836 4211 fieri
890 4157 1078 4210 dices?
1132 4156 1453 4211 Permanere
1502 4159 1651 4212 illtitit
1702 4175 1824 4214 cum

256 4251 536 4320 lampade,
571 4267 636 4303 an
664 4249 729 4303 ab
755 4264 816 4303 ea
845 4249 1048 4302 secludi
1081 4263 1144 4301 ac
1188 4248 1434 4317 sejungi?
1467 4248 1605 4302 Proh
1641 4266 1827 4304 amen-

255 4344 431 4396 tiam!
496 4341 628 4411 proh
693 4341 989 4394 insaniam!
1051 4338 1168 4403 Quo
1232 4348 1387 4407 pacto
1425 4341 1630 4406 lampas
1691 4341 1826 4394 citra

258 4438 445 4503 ignem
481 4433 729 4496 accendi,
763 4443 852 4486 aut
909 4433 1050 4500 ignis
1095 4432 1300 4499 absque
1344 4431 1567 4484 materia
1608 4448 1826 4486 manere

1923 3238 2087 3292 modo
2115 3239 2291 3308 ignem
2324 3241 2528 3295 amoris
2582 3242 2915 3295 sustinebit?
2954 3245 3227 3312 quomodo
3275 3250 3478 3304 calidas

1930 3330 2151 3383 ecorde
2209 3331 2476 3399 lacrymas
2530 3347 2636 3385 non
2675 3334 2937 3388 stillabit?
2985 3338 3256 3404 quomodo
3311 3341 3482 3394 admi-

1922 3421 2091 3473 randa
2125 3421 2212 3472 illa
2245 3423 2586 3476 ennntiabit?
2619 3426 2890 3492 quomodo
2933 3442 3052 3494 quae
3091 3428 3142 3481 in
3181 3431 3298 3499 ipso
3345 3433 3480 3486 fiunt

1923 3513 2302 3567 enumerabit?
2335 3519 2603 3582 quomodo
2631 3517 2786 3583 plane
2823 3519 3045 3583 tacebit,
3083 3536 3204 3574 cum
3253 3534 3477 3592 cegatiir

1926 3603 2116 3669 loqui?
2157 3603 2311 3659 Videt
2339 3607 2501 3659 etiam
2553 3622 2672 3660 sese
2725 3608 2776 3660 in
2827 3608 3037 3672 inferis,
3086 3624 3207 3680 post
3239 3616 3478 3668 illustra-

1927 3698 2126 3750 tionem
2164 3697 2403 3760 luminis,
2441 3698 2681 3766 inquam.
2728 3698 2936 3753 Etenim
2975 3718 3135 3755 nemo
3181 3706 3250 3758 ibi
3288 3699 3482 3760 seden-

1928 3788 2059 3840 tium
2089 3797 2211 3842 ante
2271 3788 2438 3841 divini
2497 3789 2721 3843 luminis
2778 3791 3228 3846 illuurinationem
3287 3809 3348 3849 se
3387 3811 3483 3850 co-

1924 3877 2165 3944 gnoscitg
2198 3879 2289 3930 sed
2334 3878 2386 3930 iii
2438 3879 2746 3947 ignorantia
2808 3881 3087 3949 caliginis,
3126 3898 3230 3952 qua
3266 3886 3473 3940 obsessi

1929 3977 2202 4028 tenentur,
2270 3971 2768 4039 corrtiptionisqne,
2836 3981 2890 4025 et
2930 3981 3119 4028 mortis
3169 3985 3477 4030 versantur.

1931 4041 2312 4114 Verumtamen
2346 4061 2489 4113 videt
2523 4063 2612 4115 ubi
2651 4063 2816 4131 fulget
2862 4066 3045 4118 anima
3089 4066 3200 4126 illa.
3236 4077 3288 4120 ct
3323 4085 3380 4123 se
3426 4072 3480 4123 in

1929 4151 2272 4205 densissimis
2311 4153 2569 4216 tenebris,
2632 4161 2685 4207 et
2734 4156 2984 4209 custodia
3040 4159 3311 4212 tutissima
3358 4177 3484 4229 pro-3

1932 4237 2268 4292 ftindissimm
2293 4240 2612 4308 ignorantia:
2650 4250 2818 4296 totam
2848 4259 2966 4300 esse
3012 4249 3281 4318 intelligit.
3327 4249 3482 4307 Tunc

1929 4330 2120 4394 cernit,
2185 4331 2273 4384 ubi
2337 4334 2521 4386 clausa
2572 4335 2660 4398 sit,
2716 4337 2892 4390 locum
2949 4347 3116 4393 totum
3178 4343 3310 4394 nihil
3363 4360 3482 4397 esse

1931 4429 2122 4488 przeter
2185 4437 2423 4488 caenum,
2479 4427 2915 4492 immundortim,
2948 4442 3374 4498 venenatorum,
3427 4445 3482 4489 et

256 4529 318 4581 iii
357 4527 599 4594 lampade
639 4524 853 4594 potest?
890 4524 1112 4591 Semper
1157 4523 1297 4576 enim
1355 4522 1494 4591 ignis
1547 4523 1824 4576 materiam
1860 4512 1902 4568 D
1935 4516 2270 4583 ερτρεηιίιιιη
2330 4518 2585 4585 plenum;
2649 4521 2882 4590 seipsam
2940 4538 3068 4576 vero
3151 4525 3394 4594 ligatam,
3429 4539 3482 4582 et

257 4620 474 4687 appetit
505 4633 609 4685 qua
643 4625 922 4684 pascatur.
983 4613 1238 4667 Nostrum
1291 4622 1374 4666 est
1430 4620 1608 4665 autem
1665 4615 1821 4681 plane

259 4722 408 4761 lianc
462 4719 788 4774 praeparare,
825 4713 878 4757 et
922 4711 1167 4771 prompte
1221 4717 1318 4755 nos
1380 4703 1524 4770 ipsos
1569 4715 1820 4770 tanquam

257 4797 537 4866 lampades
573 4797 846 4856 exhibere,
880 4796 997 4848 olco
1033 4793 1241 4862 plenos,
1294 4793 1342 4846 id
1377 4804 1479 4857 est,
1521 4795 1823 4862 omnigenis

255 4889 560 4943 virtutibus
639 4897 948 4941 exornatos.
1021 4885 1214 4940 Mentis
1297 4900 1424 4940 vero
1494 4887 1822 4957 ellychnium

255 4993 508 5035 erccuitn
569 4980 834 5048 proferre,
898 4989 953 5030 ut
1011 4979 1132 5047 igne
1183 4988 1511 5040 contactum,
1567 4980 1821 5046 paulatim

258 5073 539 5125 ﬂammam
579 5071 872 5139 concipiat.
909 5071 999 5123 Sic
1023 5085 1142 5123 cum
1185 5070 1250 5124 iis
1294 5080 1493 5132 manet,
1527 5073 1615 5138 qui
1648 5070 1822 5137 ipsum

261 5164 666 5233 acquisierunt.
719 5163 915 5224 Aliter,
974 5177 1038 5213 ne
1098 5162 1220 5229 quis
1275 5161 1376 5214 sibi
1424 5160 1664 5213 fraudem
1714 5162 1822 5224 det,

261 5276 379 5313 non
417 5258 657 5317 videtur,
689 5273 795 5310 non
835 5266 1070 5319 tenetur,
1121 5270 1227 5307 non
1267 5253 1554 5308 cohibetur
1589 5256 1822 5322 penitus.

262 5347 366 5400 Est
398 5346 566 5408 enim,
587 5346 726 5413 quod
757 5345 1049 5399 memoravi
1077 5360 1260 5412 supra,
1286 5355 1440 5398 extra
1475 5345 1611 5397 hanc
1646 5361 1822 5397 rerum

265 5446 550 5501 naturain,
594 5448 645 5489 et
681 5438 752 5488 ita
776 5439 988 5504 capitur
1014 5438 1208 5488 unione
1245 5434 1526 5498 ineffabili,
1565 5446 1620 5488 ut
1648 5445 1822 5488 tamen

261 5530 389 5598 capi
444 5534 682 5597 nequeat
733 5529 1142 5596 :similitcrque
1180 5527 1670 5591 circumscribitur,
1729 5542 1827 5580 nec

265 5634 454 5676 tamen
489 5620 983 5675 circumscribitur.

339 5711 463 5767 Haec
498 5725 662 5781 porro
702 5712 1012 5780 neutiquam
1064 5713 1422 5776 sermonibus,
1478 5728 1575 5765 nec
1621 5712 1821 5780 cogita~

261 5805 516 5858 tionibus
541 5803 839 5870 investiga:
875 5802 968 5855 sed
1002 5803 1175 5869 ignem
1215 5819 1375 5871 posce
1433 5805 1700 5872 accipi-re,
1738 5805 1825 5870 qui

555 5897 826 5953 PA'I‘ROL.
877 5896 989 5954 Gn.
1025 5897 1126 5956 CX
1144 5900 1188 5954 .\
1204 5941 1217 5954 .

1928 4607 2160 4660 vinculis
2189 4610 2540 4663 constrictam
2571 4626 2766 4665 manus
2793 4623 2842 4666 et
2866 4615 3048 4681 pedes,
3075 4623 3124 4667 ct
3151 4618 3478 4684 squalidam,

1927 4707 1978 4750 et
2006 4700 2304 4764 sordidam,
2363 4711 2415 4754 et
2466 4712 2778 4772 serpentum
2820 4706 2977 4757 simul
3037 4707 3308 4764 morsibus
3354 4726 3484 4763 sau-

1931 4793 2093 4855 ciam,
2134 4800 2184 4845 et
2238 4802 2451 4861 gestare
2511 4809 2568 4848 se
2626 4811 2840 4849 carnem
2909 4811 3060 4850 suam
3110 4800 3478 4863 tumcfactam,

1929 4892 2333 4954 scateiitemque
2379 4887 2671 4940 vermibus.
2705 4887 2827 4940 Haec
2859 4889 2949 4957 qui
2996 4889 3161 4953 videt,
3209 4896 3480 4960 quomodo

1932 4992 2036 5026 non
2072 4977 2459 5031 exhorrescet?
2483 4979 2755 5046 quomodo
2776 4995 2881 5032 non
2916 4981 3185 5048 plorabit?
3210 4986 3480 5052 quomodo

1931 5081 2038 5117 non
2075 5066 2351 5131 clamabit,
2416 5075 2467 5121 et
2529 5067 2802 5123 ferventer
2861 5071 3169 5138 pmnitebit,
3233 5082 3393 5140 atque
3453 5091 3482 5126 a

1931 5159 2228 5212 teterrimis
2262 5159 2498 5213 vinculis
2526 5168 2586 5214 ut
2628 5160 2888 5214 liberetur
2933 5163 3182 5231 rogabit?
3233 5163 3482 5218 Profecto

1931 5249 2248 5318 quicunque
2308 5250 2422 5304 haec
2495 5266 2618 5304 vere
2668 5253 2885 5317 viderit,
2931 5262 2983 5306 et
3038 5255 3372 5323 ingcmiscct,
3429 5267 3483 5309 rt

1931 5341 2338 5403 lanientabitttr,
2377 5350 2427 5394 et
2473 5356 2594 5394 cum
2641 5357 2704 5395 eo
2758 5345 2848 5411 qui
2905 5345 3082 5396 lumen
3139 5345 3298 5407 fudit,
3355 5361 3476 5398 cum

1929 5433 2167 5495 Christo,
2207 5433 2448 5501 inquam,
2480 5449 2600 5487 esse
2620 5435 2781 5487 volet.

2002 5526 2128 5580 Haec
2160 5527 2342 5595 itaque
2376 5526 2609 5581 faciente
2638 5544 2741 5592 ine,
2770 5543 2886 5596 quae
2918 5529 3054 5592 dixi,
3113 5540 3164 5581 et
3201 5530 3252 5581 in
3305 5544 3480 5597 genua

1932 5623 2054 5669 ante
2085 5614 2429 5684 eliulgentem
2457 5616 2686 5670 cadente
2728 5616 2916 5687 (probe
2971 5618 3099 5670 mihi
3147 5633 3266 5686 qua:
3304 5620 3480 5671 dicant

1932 5707 2240 5774 censidcra)
2275 5707 2446 5775 tangit
2482 5707 2569 5761 ille
2602 5708 2875 5770 manibus,
2906 5707 3150 5770 vulnera,
3181 5718 3232 5761 et
3255 5709 3480 5762 -vinCula

1936 5815 2070 5853 mea.
2110 5800 2284 5867 Atque
2316 5799 2408 5854 tibi
2441 5814 2632 5855 manus
2670 5815 2755 5854 me
2794 5801 2987 5871 tangit,
3037 5810 3129 5854 aut
3158 5799 3371 5870 digitus
3396 5801 3482 5854 ad.

3089 5891 3154 5954 18
