4136 6338
188 348 289 413 557

1208 342 1644 407 DlVlNORUM
1686 341 2292 412 AMORUMJJBER.

3281 337 3387 399 558

190 463 378 525 tentia,
409 468 460 514 et
490 458 1112 528 Duentislacrymarum,
1139 456 1441 511 etdeilicati
1466 457 1737 525 corporis,
1770 455 1811 514 A
1842 455 2283 524 quandoquidem
2318 453 2556 511 nondum
2589 454 2661 504 ita
2698 456 2920 506 tenuata
2958 456 3061 515 est,
3104 457 3161 503 ut
3200 448 3386 504 statim

189 562 245 609 ut
282 551 398 615 Dei,
430 550 608 604 factus
640 549 909 618 particeps
962 548 1016 602 in
1063 562 1216 603 sacra
1267 546 1613 602 Eucharistia
1652 548 1738 600 ni-

193 648 409 707 mirum,
451 659 566 713 .ego
612 658 835 712 quoque
880 642 1141 697 ineﬂ'abili
1193 643 1395 699 unione
1456 642 1595 698 Dens
1652 642 1735 696 ﬁo.

195 737 322 791 Vide
348 746 402 791 et
430 737 660 791 observa
693 738 1034 807 mysterium.
1058 735 1249 789 Anima
1277 736 1439 805 igitur
1463 742 1515 790 et
1542 749 1741 803 corpus

193 829 270 898 (ut
331 828 519 883 eadem
594 828 857 881 iteremus
917 842 982 881 ex
1046 827 1353 881 incredibili
1414 826 1626 895 laetitia)
1686 826 1739 878 in

190 921 399 975 duabus
450 920 779 975 substantiis
808 935 977 973 unum
1022 928 1168 974 sunt.
1229 918 1351 973 Haec
1402 920 1585 987 itaque
1618 932 1740 972 cum

194 1026 358 1065 unum
394 1010 504 1065 sint
534 1016 585 1063 et
617 1009 749 1075 duo,
778 1010 869 1064 ubi
904 1024 1101 1078 corpus
1151 1008 1353 1065 Christi
1390 1007 1741 1077 sumpserint,

190 1112 243 1155 et
273 1101 394 1170 ejus
425 1100 742 1170 sanguinem
774 1100 1037 1165 biberint,
1084 1099 1349 1154 ambabus
1395 1098 1743 1160 substantiis,

190 1201 241 1245 et
273 1192 488 1245 naturis
521 1192 667 1244 unita
706 1192 813 1245 Deo
846 1204 988 1254 meo,
1035 1190 1290 1244 similiter
1323 1190 1747 1259 participatione

193 1283 430 1351 quadam
462 1283 605 1337 Deus
633 1283 791 1347 liunt,
825 1295 1097 1353 vocorque
1127 1292 1181 1337 et
1217 1282 1453 1335 honoror
1497 1282 1616 1349 ejus
1648 1297 1746 1337 no-

193 1373 357 1438 mine,
384 1373 540 1441 cujus
565 1372 996 1427 substantialiten
1019 1373 1293 1442 particeps
1317 1370 1545 1426 effectus
1601 1387 1745 1426 sum.

194 1463 366 1519 Dicite
418 1464 604 1534 igitur,
644 1449 922 1535 quomodo
958 1465 1145 1529 carbo,
1193 1472 1247 1519 et
1310 1463 1511 1519 ferrum
1569 1472 1745 1517 atrum

194 1554 358 1623 ignita
393 1555 537 1624 ignis
560 1555 847 1611 videntur?
871 1556 1022 1621 Quod
1054 1565 1339 1626 apparent,
1367 1556 1419 1609 id
1444 1563 1744 1611 vocentur:

196 1642 335 1710 ignis
391 1651 675 1712 apparent,
741 1643 881 1712 ignis
922 1646 1289 1699 nominentur.
1349 1644 1403 1698 Si
1432 1652 1565 1699 tute
1599 1646 1748 1714 ejus-

196 1730 340 1784 modi
376 1747 484 1801 nnn
517 1732 907 1802 deprehendis,
938 1733 1004 1787 de
1060 1732 1381 1802 bujusmodi
1432 1734 1623 1789 saltem
1653 1734 1746 1788 tibi

193 1819 591 1879 disserentibus
642 1822 800 1879 [idem
851 1823 1118 1893 denegare
1188 1823 1326 1889 noli,
1375 1824 1472 1878 sed
1510 1839 1576 1878 ex
1638 1832 1749 1878 toto
1782 1803 1821 1856 Β

194 1914 359 1967 corde
416 1921 511 1968 tuo
570 1929 771 1983 quaere,
828 1926 881 1971 ct
936 1917 1173 1985 accipies
1231 1915 1604 1983 margaritam,
1660 1923 1752 1969 aut

192 2012 424 2073 guttam,
473 2015 565 2059 aut
614 2007 823 2077 sinapis
878 2022 1129 2078 granum,
1184 2007 1425 2063 divinum
1476 2023 1660 2063 semen
1696 2021 1752 2063 ut

194 2096 505 2150 scintillam.

265 2187 330 2240 At
354 2188 496 2257 enim
520 2202 628 2258 quo
659 2198 821 2259 pacto
848 2205 1059 2259 quaeres
1086 2190 1228 2260 quod
1260 2190 1359 2245 tibi
1395 2190 1562 2245 dico?
1588 2192 1749 2257 Audi,

197 2288 249 2331 et
282 2277 572 2348 diligenter
617 2280 806 2345 facito,
839 2291 895 2336 et
930 2297 1053 2336 mox
1092 2282 1357 2351 reperies.
1389 2284 1591 2351 Accipe
1626 2299 1752 2352 per»

196 2370 437 2437 spicuam
473 2371 786 2440 imaginem,
847 2373 962 2429 sive
997 2372 1405 2428 similitudinem
1456 2373 1669 2443 lapidis,
1702 2382 1753 2428 et

198 2458 359 2525 ferri;
398 2460 451 2514 in
487 2460 571 2516 his
612 2463 754 2521 enim
775 2474 983 2518 natura
1012 2464 1158 2532 ignis
1195 2464 1420 2518 omnino
1444 2479 1551 2517 una
1584 2473 1636 2517 ct
1665 2479 1754 2517 ea-

196 2551 314 2605 dem
334 2564 437 2617 est,
462 2554 674 2609 tametsi
702 2555 859 2631 plane
883 2571 989 2610 non
1017 2565 1292 2622 cernatur,
1322 2556 1482 2626 ignis,
1512 2556 1751 2625 inquam.

197 2640 351 2706 Quod
402 2645 447 2699 si
490 2644 841 2711 collidantur,
896 2656 949 2701 et
982 2650 1263 2701 materiam
1319 2648 1676 2717 arripuerint,
1704 2651 1752 2702 ei

196 2748 259 2787 ex
310 2734 503 2789 borum
552 2736 839 2795 collisione
882 2753 1044 2805 parva
1096 2739 1334 2793 scintilla
1385 2739 1643 2795 exsiliens
1693 2756 1755 2795 ac

197 2839 316 2879 sese
344 2826 677 2898 conjungens
707 2829 967 2898 penitius,
992 2814 1236 2883 eamdem
1266 2830 1524 2899 paulatim
1554 2846 1751 2887 accen-

197 2920 300 2984 dit,
333 2921 715 3000 ﬂammamqne
756 2927 809 2978 in
845 2924 1015 2978 altum
1049 2925 1233 2991 mittit,
1290 2939 1350 2979 ac
1400 2924 1573 2995 pulsis
1606 2935 1755 2980 tene-

198 3013 308 3067 bris
345 3014 560 3067 domum
597 3015 890 3077 illuminat,
926 3024 977 3069 et
1012 3026 1280 3084 quotquot
1314 3016 1365 3069 in
1398 3018 1561 3072 domo
1601 3025 1748 3083 sunt,

196 3117 288 3157 eos
319 3104 372 3155 in
418 3114 717 3175 conspectu
773 3106 1077 3160 constituit.
1134 3106 1329 3162 Vidisti
1365 3121 1476 3165 rem
1518 3111 1752 3163 miram?

202 3192 297 3247 Dic
325 3194 508 3262 igitur,
539 3195 753 3260 amabo,
797 3206 1088 3264 antequam
1116 3197 1363 3252 crebrius
1403 3197 1749 3263 collidantur,

198 3284 472 3349 quomodo
506 3284 774 3339 scintillas
825 3284 1122 3341 emittunt?
1166 3284 1299 3340 Sine
1328 3286 1567 3340 scintilla
1603 3302 1750 3352 vero,

199 3371 471 3437 quomodo
502 3387 596 3441 per
622 3389 685 3427 se
716 3373 939 3427 materia
970 3370 1335 3427 accendetur?
1380 3365 1447 3428 Si
1467 3376 1618 3444 prius
1645 3391 1755 3430 non

198 3461 551 3522 accendatur,
585 3460 858 3529 quomodo
888 3461 1136 3515 tenebras
1166 3462 1414 3531 dispellet
1434 3464 1456 3515 ?
1478 3466 1755 3533 quomodo

198 3548 340 3602 ardes
364 3547 736 3603 collustrabit?
778 3550 1056 3618 quomodo
1091 3551 1186 3605 tibi
1218 3551 1475 3607 cernendi
1525 3554 1754 3608 faculta-

198 3646 306 3691 tem
347 3637 537 3692 dabit?
592 3637 786 3707 Utique
834 3641 1209 3710 respondebis,
1250 3644 1563 3711 neutiquam
1610 3644 1750 3699 istud

197 3728 314 3782 ﬁeri
362 3742 541 3798 posse.
577 3728 717 3797 Ergo
755 3740 809 3783 et
840 3740 896 3784 tu
938 3733 1009 3784 ita
1044 3731 1226 3787 facere
1271 3733 1514 3797 studeas,
1560 3742 1614 3788 et
1666 3750 1757 3788 ac-

197 3820 392 3888 cipies.
446 3818 586 3885 Quid
647 3820 922 3889 accipies?
970 3820 1166 3876 divina:
1202 3830 1407 3877 naturae
1441 3823 1752 3888 scintillam,

196 3924 364 3979 quam
397 3919 631 3974 creator,
660 3911 911 3979 pretiosa?
936 3914 1257 3988 margaritae,
1278 3923 1327 3966 ct
1355 3928 1522 3980 grano
1552 3914 1756 3981 sinapis

214 4002 574 4068 comparavit.
623 4001 763 4068 Quid
787 4010 869 4055 est
888 4012 1066 4057 autem
1095 4004 1233 4072 quod
1260 4004 1361 4057 tibi
1391 4004 1752 4072 praestandum

199 4090 369 4146 dico?
404 4092 539 4146 Audi
576 4093 970 4161 patienter,fili.
1003 4094 1081 4148 Sit
1105 4095 1198 4149 tibi
1223 4108 1443 4163 corpus,
1485 4102 1537 4149 et
1576 4096 1754 4149 anima

199 4198 297 4250 pro
332 4182 478 4236 ferro
506 4194 556 4237 et
588 4185 785 4253 lapide,
822 4200 974 4250 mens
1008 4194 1064 4239 ut
1102 4186 1420 4254 imperatrix
1456 4193 1509 4239 et
1534 4186 1754 4239 domina

198 4272 570 4334 aifectionum,
603 4274 657 4325 in
692 4274 993 4328 actionibus
1028 4289 1151 4328 cum
1193 4276 1391 4330 virtute
1426 4274 1752 4343 conjunctis,

198 4370 250 4413 et
271 4352 699 4429 cogitationibus
728 4360 837 4415 Deo
863 4364 1076 4431 placitis
1099 4377 1156 4419 se
1179 4378 1458 4428 exercens,
1486 4375 1539 4420 et
1560 4381 1755 4435 CQrpus

1842 548 2191 603 accendatur.
2249 545 2345 601 Ubi
2398 554 2577 600 autem
2618 546 2859 599 divinum
2915 542 3097 597 cordis
3144 541 3386 608 jaoulum

1843 654 2132 694 accensum
2163 638 2348 702 fuerit,
2378 647 2492 691 tum
2526 646 2578 690 et
2610 633 2781 706 ipsam
2821 635 3054 689 animam
3092 631 3385 697 illuminat,

1842 739 1895 785 et
1923 739 2154 785 mentem
2202 736 2419 799 purgat,
2455 735 2619 797 atque
2649 728 2702 781 in
2740 726 2903 779 altum
2940 725 3213 787 subvehit,
3245 733 3299 778 et
3336 724 3389 777 in

1843 824 2041 878 ctelum
2076 822 2305 883 extollit,
2340 834 2504 892 atque
2548 835 2667 873 cum
2704 818 2886 872 divino
2923 816 3125 872 lumine
3153 814 3390 886 conjun-

1843 915 1939 982 git.

1915 1005 2237 1075 Priusquam
2260 1005 2374 1059 haec
2398 1002 2582 1066 facias,
2609 1016 2727 1071 qua:
2750 1017 2817 1055 ex
2844 1013 2929 1055 me
2956 998 3179 1072 audisti,
3210 1012 3393 1069 quzeso

1849 1098 2121 1169 quomodo
2186 1094 2549 1167 purgaberis?
2596 1081 2884 1163 antequam
2935 1105 3064 1153 vero
3119 1090 3391 1159 purgeris,

1847 1206 1957 1259 quo
1994 1197 2153 1259 pacto
2202 1202 2353 1243 mens
2387 1194 2479 1241 tna
2535 1185 2747 1240 divinas
2803 1184 3067 1238 scintillas
3117 1182 3396 1249 accipiet?

1848 1282 1912 1335 Et
1978 1281 2277 1350 quomodo,
2321 1278 2573 1342 obsecro,
2632 1284 2687 1333 et
2732 1276 2777 1331 si
2830 1274 3066 1337 aliunde,
3121 1275 3394 1328 undenam

1849 1371 1999 1426 cordi
2054 1377 2149 1425 tuo
2189 1368 2413 1439 illapsus
2464 1366 2604 1437 ignis
2657 1366 2873 1420 divinus
2950 1363 3295 1425 accendetur,
3344 1371 3399 1416 et

1850 1464 2023 1532 ipsum
2076 1462 2352 1525 accendet,
2394 1469 2461 1516 et»
2499 1458 2873 1522 inllammahit,
2926 1465 2979 1510 et
3020 1453 3193 1518 uniet,
3227 1462 3279 1507 et
3309 1469 3399 1507 co-

1850 1556 2076 1627 pnlabit,
2129 1562 2183 1610 et
2226 1562 2534 1608 creaturam
2590 1567 2617 1604 a
2669 1549 2927 1605 Creatore
2985 1546 3396 1616 inseparabilem

1849 1647 2087 1702 efﬁciet?
2134 1644 2344 1699 Nemini
2384 1643 2529 1698 istud
2566 1643 2807 1696 omnium
2855 1639 2945 1710 qui
2996 1652 3141 1693 nunc
3165 1646 3311 1700 sunt,
3348 1644 3401 1690 et

1850 1741 1940 1810 qui
1973 1746 2095 1808 post
2148 1736 2271 1790 aliis
2299 1742 2459 1790 erunt
2505 1733 2556 1787 in
2590 1732 2748 1787 annis
2781 1729 3038 1801 possibile
3069 1729 3237 1783 dices.
3271 1725 3397 1792 Qua:

1853 1829 2109 1895 deinceps
2140 1831 2463 1893 sequuntur,
2511 1836 2579 1876 ne
2620 1821 2916 1888 interroga.
2950 1818 3006 1872 Si
3037 1817 3183 1872 enim
3210 1817 3396 1872 lumini

1854 1919 2043 1974 unitus
2073 1916 2267 1979 fueris,
2305 1915 2482 1985 ipsum
2532 1922 2584 1966 te
2613 1910 2831 1966 docebit
2862 1910 3067 1975 omnia,
3106 1917 3160 1964 et
3190 1907 3398 1962 revela-

1853 2010 1931 2064 bit
1964 2010 2060 2063 tibi
2093 2007 2294 2071 omnia,
2335 2014 2389 2062 et
2439 2005 2795 2068 monstrabit,
2840 2018 2904 2059 ac
2942 2009 3213 2072 suggeret,
3255 2016 3401 2070 quae-

1851 2114 2067 2171 cunque
2114 2097 2326 2153 discere
2356 2107 2462 2151 ‘tua
2510 2095 2805 2150 intererit:
2832 2107 2955 2148 nam
2996 2093 3192 2163 alioqui
3226 2092 3405 2147 verbis

1851 2192 2106 2246 humanis
2150 2189 2429 2259 percipere
2470 2204 2530 2243 ea
2563 2202 2680 2257 quae
2713 2187 2821 2241 illic
2866 2193 3013 2248 sunt,
3064 2200 3174 2238 non
3217 2191 3303 2239 est
3346 2192 3406 2236 ut

1854 2285 1974 2335 ﬁeri
2009 2289 2198 2350 queat.
2230 2280 2399 2334 Deum
2430 2280 2585 2333 decet
2614 2279 2807 2349 gloria,
2844 2291 2985 2331 nunc
3015 2281 3069 2329 et
3099 2274 3149 2327 in
3181 2273 3398 2327 saecula.

1855 2373 2044 2424 Amen.

2413 2451 2629 2509 CAPUT
2672 2452 2839 2506 XXII.

1856 2570 2044 2625 Omnes
2085 2579 2294 2623 sanctos
2324 2572 2648 2624 tltuntinatos
2674 2570 2960 2633 illustrari,
2994 2570 3260 2635 videreque
3286 2567 3401 2633 glo-

1924 2643 2055 2693 riam
2087 2641 2219 2703 Dei,
2244 2651 2500 2709 quatenus
2531 2656 2643 2694 eam
2677 2658 2708 2694 a
2745 2648 2934 2693 natura
2974 2637 3206 2691 humana
3245 2636 3403 2691 videri

1923 2710 2006 2775 fas
2046 2717 2142 2763 est.

1922 2821 2148 2891 Respice
2183 2821 2249 2875 de
2280 2827 2550 2890 supernis,
2588 2820 2727 2875 Dens
2758 2833 2930 2884 meus,
2980 2833 3034 2873 et
3073 2817 3404 2885 complaceat

1856 2915 1978 2979 tibi,
2012 2924 2071 2970 ut
2101 2930 2365 2985 apparcas
2399 2914 2552 2976 mihi,
2598 2922 2649 2967 et
2681 2927 2803 2966 cum
2838 2911 3087 2987 mendico
3116 2922 3407 2964 converse-

1853 3008 1949 3059 ris.
1985 3006 2147 3076 Aperi
2181 3006 2403 3069 cmlum,
2432 3012 2484 3058 et
2517 3003 2690 3057 revela
2731 3002 2861 3055 mihi
2891 3002 3073 3056 lumen
3107 3012 3294 3055 tuum:
3327 3000 3408 3054 vel

1858 3098 2034 3165 potius
2076 3097 2221 3165 aperi
2276 3102 2511 3149 mentem
2557 3108 2753 3156 meam,
2788 3103 2841 3147 et
2887 3095 3048 3147 etiam
3080 3107 3224 3146 nunc
3264 3092 3406 3144 intra

1856 3188 2040 3249 inme,
2073 3187 2279 3242 dissere
2330 3201 2425 3255 per
2470 3185 2737 3252 impuram
2774 3183 3013 3253 linguam
3062 3197 3231 3237 meam
3266 3182 3409 3236 sicut

1854 3280 2001 3344 olim,
2047 3289 2100 3333 et
2140 3278 2323 3332 refelle
2358 3292 2453 3332 eos
2502 3279 2594 3347 qui
2642 3278 2711 3331 ita
2759 3278 3077 3345 loquuntur,
3128 3287 3234 3326 non
3285 3287 3407 3328 esse

1856 3370 2038 3434 hodie,
2079 3370 2173 3439 qui
2216 3370 2383 3423 Deum
2419 3385 2479 3424 se
2512 3369 2709 3423 vidisse
2759 3367 3011 3431 noverit,
3068 3380 3241 3434 neque
3284 3370 3408 3419 ante

1858 3462 1959 3515 hoc
1998 3469 2213 3529 tempus
2254 3460 2447 3523 fuisse,
2479 3470 2627 3513 extra
2663 3457 2955 3526 apostolos.
2999 3453 3100 3509 Sed
3139 3469 3313 3523 neque
3346 3455 3411 3506 il-

1856 3552 2119 3610 los.ainnt
2147 3552 2290 3604 clare
2320 3549 2518 3603 vidisse
2555 3548 2739 3614 Deum,
2763 3546 2975 3600 Patrem
3007 3554 3181 3607 tuum,
3202 3544 3406 3599 docen-

1858 3653 1937 3695 tes
1970 3657 2093 3696 eum
2125 3642 2380 3712 cognosci
2403 3649 2455 3695 et
2486 3640 2655 3693 videri
2685 3654 2713 3690 a
2746 3638 2896 3692 nullo
2927 3651 3119 3705 posse;
3154 3643 3209 3689 ct
3237 3648 3407 3702 oppo-

1857 3742 2048 3787 nentes
2084 3736 2306 3787 verbum
2357 3731 2589 3785 Joannis
2619 3728 2958 3783 dilectissimi
2981 3727 3229 3797 discipuli
3264 3726 3340 3779 tui
3382 3742 3395 3779 :

1857 3826 2019 3880 Deum
2054 3840 2201 3877 nemo
2242 3823 2366 3875 vidit
2416 3837 2643 3891 unquam
2677 3821 2740 3873 ³⁸.
2784 3820 2917 3882 Eia,
2968 3817 3185 3872 Christe
3233 3831 3407 3879 meus,

1859 3918 1946 3971 dic
1998 3925 2264 3979 acturum,
2303 3921 2455 3967 utne
2495 3909 2921 3980 imprudentibus
2958 3924 3059 3975 ego
3094 3908 3279 3977 nugari
3328 3906 3410 3960 vi-

1858 4010 2005 4063 dear.
2029 4008 2232 4069 Scribe,
2267 4006 2473 4075 inquit,
2509 4020 2627 4073 quae
2662 4002 2802 4065 dico,
2845 4000 2977 4055 nihil
3015 4014 3251 4055 vereare.
3287 3998 3396 4067 Ego

1860 4102 1999 4157 Deus
2031 4110 2154 4154 ante
2186 4113 2373 4152 omnes
2404 4096 2539 4159 dies,
2563 4097 2724 4149 horas
2753 4103 2807 4148 et
2862 4102 3124 4162 tempora,
3148 4092 3254 4146 imo
3285 4099 3411 4144 ante

1858 4193 2039 4247 omnia
2077 4190 2270 4245 saecula
2298 4230 2311 4253 ,
2370 4196 2498 4241 ante
2543 4194 2821 4241 creaturas
2857 4198 3043 4238 omnes
3078 4180 3321 4235 visibiles
3358 4190 3410 4234 et

1860 4281 2178 4343 invisibiles,
2212 4294 2373 4348 supra
2401 4291 2614 4332 omnem
2646 4275 2869 4330 omnino
2907 4280 3126 4341 captum
3154 4311 3168 4335 ,
3204 4283 3411 4325 sermo-

1865 4388 2007 4435 nem,
2040 4371 2423 4440 cogita’tionem
2459 4368 2611 4421 solus
2641 4380 2762 4420 cum
2804 4366 2917 4420 solo
2948 4364 3120 4427 solus,
3172 4370 3226 4417 et
3273 4362 3409 4415 nihil

197 4455 425 4523 quidem
472 4469 568 4508 ccu
624 4454 878 4523 lapidem,
915 4457 1148 4509 animam
1205 4463 1385 4511 autem
1440 4464 1499 4511 ut
1553 4458 1754 4512 ferrum
1785 4466 1835 4524 Ι)
1862 4480 2050 4519 eorum
2087 4479 2205 4532 qua;
2236 4458 2609 4529 aspiciuntur;
2648 4457 2741 4512 sed
2790 4471 2887 4510 nec
2921 4470 3103 4509 eorum
3141 4470 3258 4523 qua:
3303 4469 3411 4507 non

199 4556 423 4610 tenens,
485 4546 738 4601 manibus
788 4561 908 4616 quae
958 4547 1317 4616 intelligentia
1359 4548 1755 4617 percipiuntur,

197 4655 317 4694 eam
355 4639 560 4704 trahat,
594 4647 646 4692 et
696 4639 763 4692 ad
813 4639 1077 4709 agendum
1120 4642 1169 4692 vi
1206 4641 1484 4709 impellat:
1526 4640 1757 4711 Regnum

201 4731 390 4796 quippe
414 4728 659 4781 malorum
692 4730 791 4781 vim
820 4730 1023 4797 patitur
1047 4730 1109 4781 “.
1145 4731 1288 4794 Quas
1312 4740 1490 4785 autem
1519 4733 1760 4788 actiones

201 4820 465 4889 intelligis
490 4820 512 4871 ?
537 4821 720 4889 quas?
758 4823 1217 4890 pervigilationes,
1253 4822 1478 4891 jejunia,
1502 4824 1757 4877 fervidam

203 4912 607 4981 pmnitentiam,
641 4911 847 4966 imbres
901 4913 1287 4981 lacrymarum,
1325 4914 1552 4978 luctum,
1581 4916 1758 4969 conti-

204 5018 370 5057 nuam
432 5004 620 5058 mortis
660 5005 1004 5069 memoriam,
1051 5021 1245 5075 preces
1282 5006 1554 5072 assiduas,
1588 5008 1759 5061 omni.

203 5107 471 5162 genarum
501 5094 857 5149 tentationum
889 5095 943 5147 in
978 5106 1027 5149 te
1059 5096 1381 5151 irruentium
1418 5098 1758 5165 patientiam.

202 5187 342 5239 Ante
371 5186 488 5238 haec
524 5184 703 5236 omnia
748 5185 1047 5249 silentium,
1083 5194 1135 5239 ct
1174 5185 1494 5255 profundam
1528 5188 1761 5241 humili-

202 5288 395 5340 tatem,
440 5276 730 5345 perfectam
772 5276 1161 5341 obedientiam,
1198 5279 1604 5347 abnegationem
1638 5294 1761 5350 pro-

204 5370 335 5438 priae
388 5366 711 5422 voluntatis.
752 5367 866 5428 llis,
920 5376 973 5421 et
1027 5370 1216 5421 horum
1267 5369 1535 5425 similibus
1583 5373 1762 5425 anima

202 5474 429 5523 vacans,
476 5469 528 5514 et
580 5473 791 5526 semper
863 5460 1090 5521 intenta,
1147 5461 1198 5512 in
1247 5461 1438 5527 primis
1491 5464 1761 5520 scintillas

204 5550 526 5621 suppeditat
581 5550 746 5601 menti
798 5557 926 5614 tute,
979 5566 1099 5617 qua:
1133 5551 1241 5603 cito
1290 5554 1761 5615 exstinguuntur:

308 5740 353 5770 "’
394 5741 580 5795 Matth.
622 5736 810 5802 11,12.
888 5739 971 5792 ³³1
1011 5737 1165 5794 Joan.
1202 5752 1274 5799 tv,
1307 5738 1391 5792 l2.

1864 4555 2217 4625 aspiciuntur.
2278 4551 2440 4605 Eram
2501 4563 2729 4611 revera,
2795 4554 3085 4614 antequam
3138 4558 3411 4597 nascerer.

1864 4646 2023 4700 Solus
2051 4660 2148 4710 ego
2180 4644 2451 4696 increalus
2486 4654 2610 4692 cum
2644 4637 2817 4700 Patre,
2854 4644 2905 4689 et
2936 4634 3139 4703 Spiritu
3197 4642 3408 4687 sancto.

1864 4739 2025 4793 Solus
2058 4740 2262 4807 absque
2302 4736 2566 4805 principio
2605 4747 2669 4784 ex
2710 4729 2870 4783 Patre
2925 4742 3062 4787 meo,
3094 4726 3251 4794 cujus
3286 4725 3412 4776 item

1867 4831 2072 4884 nullum
2103 4836 2187 4881 est
2220 4826 2567 4895 principium.
2596 4820 2765 4874 Nemo
2798 4817 3108 4886 angelorum
3146 4828 3407 4882 unquam,

1869 4936 1964 4975 nec
1991 4919 2459 4987 archangelorum,
2489 4929 2588 4967 nec
2612 4911 2839 4965 aliorum
2873 4907 3122 4963 ordinum
3157 4903 3291 4958 vidit
3326 4920 3418 4955 na—

1868 5021 2043 5066 turam
2097 5026 2290 5071 meam,
2346 5022 2444 5062 nec
2493 5020 2576 5058 me
2622 4995 2931 5056 Creatorem
2987 5006 3191 5057 totum,
3242 4992 3415 5060 qualis

1868 5118 2009 5166 sum,
2046 5104 2138 5156 sed
2175 5097 2551 5154 tantummodo
2579 5092 2786 5146 radium
2814 5088 3018 5157 glorim,
3060 5094 3111 5138 et
3142 5083 3413 5137 dcﬂuxum

1869 5196 2155 5262 quemdam
2202 5188 2423 5243 luminis
2454 5186 2556 5240 mei
2607 5184 2809 5242 vident,
2856 5176 3417 5244 contemplanturque.

1876 5286 2026 5338 Sicut
2056 5283 2200 5337 enim
2233 5278 2515 5348 speculum
2544 5272 2811 5327 solaribus
2858 5270 3024 5322 radiis
3057 5278 3373 5334 percussum
3399 5297 3414 5323 ,

1871 5386 1923 5429 et
1964 5384 2019 5426 ut
2060 5373 2197 5442 lapis
2235 5368 2568 5426 cristallinus
2622 5367 2673 5417 in
2718 5360 2939 5413 meridie
2973 5358 3305 5416 il'ustratus;
3341 5358 3418 5405 sic

1872 5481 2059 5520 omnes
2092 5464 2306 5519 deitatis
2338 5475 2471 5515 meae
2500 5455 2683 5510 radios
2724 5449 3053 5519 suscipiunt.
3088 5445 3279 5499 Totum
3322 5458 3422 5495 an—

1876 5570 1979 5612 tem
2011 5572 2094 5611 me
2126 5554 2305 5609 videre
2337 5549 2574 5605 nondum
2604 5545 2912 5613 quisquam,
2960 5540 3042 5593 vel
3073 5536 3415 5606 angelorum,
