4156 6340
666 412 776 479 550

1890 412 2270 476 SYMEONIS
2310 411 2673 475 JUNIORIS

3819 417 3927 483 ιδο

666 533 752 587 vel
788 526 1073 586 hominum
1103 565 1116 590 ,
1144 526 1228 581 vel
1262 532 1576 581 sanctarum
1611 522 1875 578 virtutum
1914 522 2238 595 promeruit.
2271 521 2314 576 Α
2344 534 2645 590 percussus
2675 526 2874 591 caput,
2915 519 3091 591 spinis
3123 530 3449 591 coronatus,
3481 523 3830 598 chlamydem
3868 534 3930 584 ut

667 620 803 679 Sum
831 620 975 677 enim
1006 628 1165 675 extra
1198 618 1403 681 omnia,
1440 626 1492 671 et
1533 616 1697 672 nullis
1730 617 1904 671 oculis
1934 614 2247 685 aspectabi-

670 716 761 773 lis.
797 716 982 782 Neque
1016 727 1145 768 vero
1177 712 1263 766 his
1294 719 1575 777 aspectum
1626 710 1731 764 mei
1779 709 1995 764 invideo
2018 748 2032 774 ,
2067 722 2246 778 neque

672 818 733 865 ut
767 806 1031 864 deformis
1090 820 1176 860 me
1224 802 1440 857 occulto
1490 817 1557 856 ne
1616 816 1903 871 appaream
1938 817 1952 852 :
1987 799 2083 857 sed
2119 800 2245 871 quia

669 916 835 957 nemo
864 900 1066 956 deitate
1091 911 1209 950 mea
1243 893 1443 962 dignus
1473 902 1557 950 est
1598 896 1852 951 inventus
1883 909 1899 947 :
1931 908 2108 963 neque
2148 907 2246 963 par

670 1009 796 1049 esse
836 991 1012 1062 potuit
1043 997 1296 1044 creatura
1336 986 1607 1043 Creatori.
1640 985 1750 1041 Nec
1778 986 1885 1040 illis
1918 984 2156 1055 expedit,
2187 991 2245 1037 ut

672 1102 759 1143 me
806 1085 1045 1142 videant.
1096 1081 1332 1135 Parvum
1374 1088 1555 1135 autem
1596 1094 1662 1135 ex
1699 1094 1783 1133 me
1824 1077 2090 1149 fulgorem
2126 1090 2246 1131 cer-

672 1186 891 1246 nentes,
928 1168 1237 1237 initiantur,
1281 1173 1427 1228 unde
1473 1173 1653 1228 sciunt
1696 1186 1820 1227 vere
1872 1185 1959 1224 me
1996 1183 2140 1236 esse,
2191 1174 2247 1223 et

672 1289 761 1329 me
809 1270 980 1327 Deum
1030 1278 1392 1340 cognoscunt,
1439 1267 1531 1337 qui
1581 1267 1730 1335 ipsos
1777 1264 2147 1335 procrearim,
2192 1271 2247 1317 et

673 1381 797 1420 cum
826 1370 1064 1419 tremore
1108 1376 1173 1416 ac
1210 1361 1402 1415 timore
1441 1374 1527 1414 me
1577 1358 1879 1423 celebrant,
1929 1364 1983 1411 et
2038 1354 2242 1409 colunt.

676 1457 831 1512 llaud
862 1457 1006 1511 enim
1042 1454 1218 1523 potuit
1262 1452 1403 1507 Deus
1438 1452 1603 1506 alium
1641 1451 1943 1520 producere
1971 1490 1986 1514 ,
2015 1448 2109 1517 qui
2144 1461 2245 1516 po-

675 1549 842 1604 tentia
875 1554 1116 1618 :equaret
1140 1546 1478 1607 Creatorem,
1508 1558 1609 1598 nec
1643 1550 1851 1595 naturae
1883 1554 1995 1595 sua:
2019 1552 2247 1594 consor-

674 1651 806 1697 tem.
844 1640 954 1695 Nec
995 1640 1105 1694 ulla
1140 1638 1351 1691 ratione
1379 1636 1523 1706 quod
1553 1633 1834 1690 conditum
1869 1640 1976 1697 est,
2002 1630 2245 1685 consub-

674 1734 925 1789 stantiale
959 1740 1135 1803 potest
1165 1745 1289 1785 esse
1331 1726 1628 1783 conditori.
1664 1724 1767 1791 Qui
1801 1724 1948 1777 enim
1997 1722 2241 1776 increato

2348 615 2667 669 coccineum
2709 628 3007 684 purpuram
3055 615 3299 680 indutus,
3352 614 3545 672 faciem
3592 630 3925 689 consputus,

2349 705 2454 761 heu
2492 722 2599 770 me,
2633 714 2687 762 et
2741 707 2939 762 illusus
2966 721 3047 772 es,
3080 707 3396 779 audistique
3441 724 3539 778 per
3576 711 3877 768 ludibrium
3909 733 3924 770 :

2348 798 2479 863 Ave,
2523 812 2615 851 rex
2651 796 2983 853 Iudaeorum.
3017 797 3095 852 Tu
3147 798 3389 856 humeris
3432 805 3662 871 portasti
3704 820 3925 861 crucem

2349 888 2469 955 tibi,
2500 889 2659 958 eique
2683 888 2908 953 inﬁxus,
2940 891 2994 943 in
3022 889 3191 943 altum
3221 891 3469 948 sublatus
3500 908 3559 947 es
3586 893 3724 949 Deus
3750 911 3927 952 meus.

2349 979 2429 1035 Tu
2473 997 2671 1038 manus
2703 999 2767 1038 ac
2813 985 2980 1055 pedes
3019 985 3342 1050 transﬁxus,
3396 997 3553 1044 aceto
3599 999 3837 1060 potatus,
3870 1004 3926 1046 et

2347 1072 2493 1129 latus
2539 1074 2729 1129 lancea
2781 1075 3063 1145 perfossus
3123 1091 3203 1131 es.
3252 1075 3380 1132 Huic
3432 1079 3598 1133 tellus
3644 1080 3923 1151 indignata

2349 1166 2719 1235 contremuit,
2759 1178 2815 1222 et
2854 1182 2990 1235 quos
3018 1170 3333 1225 continebat
3360 1182 3630 1239 mortuos,
3658 1175 3925 1242 sepulcris

2351 1257 2554 1327 apertis
2583 1256 2694 1311 cito
2716 1257 2971 1314 reddidit.
3001 1258 3097 1314 Sol
3126 1252 3182 1315 te
3207 1262 3502 1331 aspiciens,
3526 1264 3921 1334 insanguinem

2350 1357 2465 1404 tum
2498 1364 2799 1407 conversus
2830 1360 2934 1419 est,
2967 1359 3021 1407 et
3049 1354 3177 1409 luna
3200 1364 3394 1424 operta
3426 1364 3512 1410 est
3540 1358 3806 1429 caligine;
3833 1374 3928 1413 ve-

2348 1444 2460 1497 lum
2492 1450 2753 1513 praeterea
2788 1444 2975 1514 templi
3015 1460 3047 1500 a
3105 1460 3322 1503 summo
3356 1462 3531 1518 usque
3576 1450 3833 1505 deorsum
3870 1452 3925 1505 in

2349 1536 2484 1591 duas
2516 1546 2699 1606 partes
2723 1536 2951 1594 scissum
2982 1546 3091 1594 est.
3114 1538 3289 1611 Atque
3316 1542 3510 1595 horum
3538 1542 3670 1597 nihil
3701 1543 3928 1599 omnino

2350 1628 2427 1682 illi
2477 1627 2709 1699 improbi
2748 1630 3181 1685 intellexerunt:
3216 1630 3312 1686 sed
3361 1640 3417 1687 et
3463 1631 3516 1685 in
3567 1642 3927 1688 monumento

2346 1720 2550 1790 jacenti
2599 1720 2855 1777 custodes
2889 1730 3287 1792 apposueram,
3320 1732 3375 1776 et
3404 1722 3641 1793 lapidem
3670 1724 3929 1794 signave-

672 1835 919 1881 creatura
946 1822 1239 1892 aliquando
1269 1817 1637 1875 assimilctur?
1666 1818 1842 1884 Atque
1880 1823 1939 1867 ut
1967 1815 2080 1868 haec
2110 1812 2245 1866 fate-
2276 1858 2320 1913 Β
2351 1820 2498 1879 runt,
2550 1812 2626 1866 ita
2676 1822 2729 1868 te
2761 1823 3072 1868 retenturos
3124 1814 3395 1870 arbitrati.
3440 1814 3508 1869 At
3543 1825 3599 1870 tu
3628 1856 3642 1880 ,
3676 1817 3925 1882 Domine,

674 1921 841 1982 beris,
876 1918 953 1972 sic
982 1916 1112 1972 illud
1145 1929 1252 1970 non
1282 1912 1524 1982 negabis,
1557 1924 1621 1964 eo
1654 1910 1744 1978 qui
1778 1922 1991 1977 semper
2020 1916 2126 1972 est,
2150 1905 2243 1976 qui

673 2013 891 2067 initium
933 1999 1148 2071 nescit',
1191 2021 1292 2060 nec
1328 2014 1547 2059 creatus
1593 2011 1699 2068 est,
1751 2010 1933 2057 creata
1978 2000 2243 2054 inferiora

674 2119 830 2167 esse;
881 2110 1203 2167 tantumque
1239 2098 1307 2152 ab
1356 2110 1423 2151 eo
1470 2093 1712 2162 dill‘erre,
1749 2101 2014 2162 quantum
2046 2105 2243 2145 currus

672 2207 726 2249 et
783 2207 936 2249 serra
985 2206 1014 2245 a
1065 2189 1218 2243 fabro
1253 2200 1355 2242 suo
1403 2182 1682 2241 differunt.
1738 2179 2026 2248 Quomodo
2082 2179 2246 2249 igitur

674 2300 872 2341 currus
933 2283 1322 2337 fabricatorem
1393 2293 1553 2333 suum
1612 2275 1922 2345 intelligat,
1972 2272 2244 2343 quomodo

676 2391 826 2433 serra
886 2375 1178 2429 ducentem
1232 2386 1291 2426 se
1346 2377 1660 2439 cognoscat,
1714 2367 1819 2420 nisi
1879 2364 2244 2435 cognitionem

677 2472 785 2524 illis
824 2469 938 2532 det,
976 2466 1086 2521 nisi
1119 2462 1337 2519 videndi
1372 2477 1593 2518 sensum
1626 2461 1704 2515 eis
1736 2458 2022 2521 immittat,
2052 2458 2142 2526 qui
2180 2471 2243 2509 ea

676 2561 925 2634 paravit?
974 2560 1120 2630 quod
1179 2558 1376 2612 creatis
1433 2554 1686 2607 omnibus
1748 2560 1831 2607 est
1886 2549 2239 2621 impossibile.

676 2656 914 2710 Prorsus
948 2654 1113 2719 igitur
1140 2650 1321 2703 nullus
1351 2647 1660 2709 hominum,
1697 2645 1878 2699 nullus
1903 2644 2244 2713 angelorum,

681 2746 848 2802 dandi
890 2744 1011 2799 aliis
1054 2743 1305 2813 spiritum
1358 2748 1453 2794 aut
1498 2740 1661 2792 vitam
1712 2738 1989 2808 praebendi
2036 2737 2246 2806 accepit

676 2848 1025 2911 potestatem.
1078 2835 1345 2889 Dominus
1394 2839 1600 2897 autem,
1652 2847 1811 2901 quem
1865 2845 2029 2899 penes
2069 2828 2244 2884 solum

674 2940 760 2987 est
789 2938 1030 3001 potestas
1060 2927 1298 2981 omnium
1333 2934 1494 2992 atque
1529 2923 1793 2992 potentia,
1828 2931 2087 2991 tanquam
2112 2921 2243 2976 fons

675 3024 818 3089 vitae,
855 3022 1089 3076 animata
1128 3018 1398 3087 producit,
1432 3017 1616 3085 qualia
1648 3016 1899 3081 voluerit,
1940 3025 1992 3069 et
2018 3014 2247 3085 largitur

675 3116 871 3184 cuique
915 3121 973 3165 ut
1016 3108 1237 3173 artifex,
1270 3116 1328 3161 ut
1378 3107 1643 3162 Dominus
1690 3121 1790 3176 pro
1849 3106 2128 3159 voluntate
2180 3118 2245 3157 ac

2348 1919 2445 1973 pro
2474 1912 2743 1974 potestate
2768 1909 2987 1977 propria
3017 1908 3367 1962 resurrexisti
3396 1944 3413 1974 ,
3442 1917 3497 1962 et
3541 1907 3783 1962 claustra
3831 1909 3926 1963 illa

2346 2000 2858 2069 transgressoribus
2898 2000 3105 2054 intacta
3139 2002 3460 2071 integraque
3499 2000 3789 2071 reliquisti.
3817 2001 3929 2057 Ad-

2346 2091 2575 2145 veniens
2601 2099 2785 2147 autem
2816 2092 3043 2163 angelus
3078 2092 3317 2163 lapidem
3353 2095 3620 2160 revolvit,
3652 2102 3706 2149 et
3730 2103 3926 2151 custo-

2347 2183 2441 2237 des
2476 2181 2597 2238 illos
2648 2184 2843 2239 timore
2867 2185 3220 2241 exanimavit.
3269 2185 3382 2241 Nec
3426 2194 3539 2240 tum
3582 2188 3667 2242 vel
3714 2186 3925 2258 aliquid

2348 2276 2653 2347 intelligere
2690 2277 2960 2345 volentes,
2999 2278 3133 2336 caeci
3172 2288 3533 2346 manserunt,
3584 2288 3641 2335 et
3688 2290 3925 2336 mentem

2347 2381 2513 2439 atque
2534 2384 2628 2425 cor
2651 2370 2978 2426 obduratum
3006 2385 3180 2441 usque
3200 2371 3270 2427 ad
3297 2381 3529 2429 mortem
3558 2372 3928 2428 retinuerunt.

2348 2456 2487 2522 Quid
2522 2472 2651 2527 ergo
2683 2473 2937 2528 magnum
2977 2459 3141 2526 facio,
3194 2462 3240 2517 si
3290 2471 3345 2517 et
3389 2476 3491 2531 ego
3542 2462 3657 2517 haec
3702 2463 3922 2533 patiar,

2346 2562 2464 2617 qua:
2492 2555 2548 2602 tu
2578 2564 2799 2620 quoque
2824 2564 3021 2619 passus
3051 2566 3132 2616 es,
3164 2554 3255 2622 qui
3292 2555 3413 2608 sine
3437 2562 3663 2623 peccato
3695 2571 3842 2621 eras,
3869 2565 3928 2611 ut

2349 2627 2610 2695 mundum
2645 2640 2889 2697 salvares
2920 2659 2933 2695 :
2967 2656 3087 2712 ego,
3123 2644 3366 2712 inquam,
3398 2645 3492 2715 qui
3526 2645 3653 2701 inde
3689 2660 3718 2699 a
3746 2649 3923 2717 prima

2346 2733 2506 2793 aetate
2535 2727 2752 2795 peccavi
2786 2729 3114 2797 plurima,et
3136 2730 3203 2785 ad
3234 2734 3367 2785 iram
3391 2743 3442 2788 te
3474 2733 3640 2789 dictis
3670 2744 3724 2792 et
3751 2724 3911 2791 iactis

2350 2818 2660 2886 provocavi.
2685 2817 2801 2873 Hoc
2824 2819 2959 2873 mihi
2986 2834 3240 2893 magnum
3265 2838 3475 2889 revera,
3498 2833 3552 2879 et
3572 2825 3752 2896 majus
3776 2829 3925 2882 omni

2347 2908 2540 2978 gloria,
2565 2912 2708 2979 quod
2741 2926 2827 2967 me
2858 2913 3179 2982 participem
3210 2912 3343 2969 facit
3367 2915 3560 2985 gleriae
3595 2928 3701 2973 tuas
3728 2919 3917 2975 ineffa-

2350 2998 2501 3065 biiis,
2548 3000 2859 3055 communio
2913 3001 3261 3071 passionum,
3313 3012 3368 3060 et
3420 3007 3650 3063 imitatio
3698 3004 3923 3079 operum

2349 3099 2603 3156 tuorum;
2659 3100 2713 3147 et
2761 3094 3046 3150 humilitas
3077 3105 3168 3150 tua
3211 3096 3296 3151 his
3330 3099 3421 3167 qui
3461 3114 3579 3153 eam
3612 3103 3918 3157 consectari

678 3174 1017 3271 υρηξριδείιο
1050 3214 1169 3262 δυο,
1199 3199 1286 3253 cui
1319 3199 1491 3268 gloria
1518 3238 1531 3262 ,
1566 3207 1617 3251 ει
1652 3174 1942 3264 imperium
1969 3234 1985 3262 ,
2016 3208 2161 3249 nunc
2192 3204 2245 3249 ei
2273 3189 2318 3252 ο
2350 3185 2555 3248 sciunt,
2583 3184 2922 3240 divinitatem
2957 3174 3234 3245 coiiciliat.
3266 3190 3488 3247 Gratias
3522 3209 3621 3262 ago
3664 3193 3781 3257 tibi,
3816 3194 3928 3249 Do-

678 3308 912 3365 semper,
946 3302 1001 3347 et
1042 3290 1254 3347 saeculis
1287 3288 1667 3359 sempiternis.
1702 3288 1896 3342 Amen.

1234 3401 1456 3458 CAPUT
1506 3399 1698 3456 XXIII.

679 3498 990 3554 Gratiarum
1023 3496 1161 3549 actio
1190 3512 1284 3565 pro
1315 3496 1526 3556 exsilio,
1549 3502 1598 3544 et
1625 3498 2013 3565 agitationibus,
2041 3506 2171 3561 quas
2191 3491 2243 3544 in

1073 3561 1428 3635 persecutione
1471 3579 1567 3615 sua
1597 3561 1832 3631 pertulit.

746 3662 969 3718 Gratias
1000 3675 1099 3729 ago
1135 3658 1253 3719 tibi,
1287 3655 1533 3721 Domine,
1582 3656 1785 3723 gratias
1834 3668 1934 3722 ago
1982 3652 2076 3706 tibi
2118 3652 2241 3717 soli,

678 3757 928 3826 cognitor
983 3751 1256 3811 cordinm,
1339 3763 1429 3802 rex
1479 3746 1644 3814 juste,
1706 3745 2244 3810 misericordissime,

679 3847 769 3917 qui
805 3845 857 3896 in
897 3854 1074 3896 terras
1110 3837 1465 3899 descendisti,
1497 3846 1551 3889 et
1575 3849 1795 3889 carnem
1828 3834 2075 3900 induisti,
2105 3834 2246 3888 Deus

680 3953 855 4000 meus,
903 3946 957 3988 et
1003 3932 1177 3985 factus
1205 3944 1261 3981 es
1293 3928 1437 3996 quod
1487 3942 1593 3979 non
1641 3940 1786 3989 cras,
1836 3924 1997 4004 homo
2055 3924 2247 3978 similis

680 4029 835 4090 mihi,
862 4027 977 4078 sine
1008 4020 1336 4075 mutatione.
1366 4018 1485 4073 sine
1517 4017 1683 4080 ﬂuxu,
1719 4026 1771 4070 et
1795 4015 1943 4069 omni
1977 4023 2201 4083 peccato
2230 4028 2244 4065 :

681 4134 737 4177 ut
771 4135 962 4191 passus
995 4128 1085 4182 tu,
1123 4118 1214 4185 qui
1247 4113 1353 4183 pati
1402 4127 1510 4165 non
1554 4118 1790 4179 poteras,
1832 4107 2032 4176 injuSte
2065 4107 2132 4158 ab
2164 4107 2249 4157 in-

677 4217 838 4284 justis
864 4252 877 4276 ,
908 4213 1037 4265 mihi
1071 4209 1327 4263 damnate
1368 4204 1702 4257 vacationem
1746 4202 1990 4253 omnittm
2038 4198 2249 4268 passio-

682 4324 809 4361 num
842 4306 1095 4361 donares,
1120 4300 1248 4354 dum
1280 4298 1522 4351 imitarer
1549 4294 1832 4363 passiones
1864 4301 2007 4346 tuas.
2032 4290 2245 4343 Justum

682 4404 846 4469 igitur
876 4395 1142 4464 judicium
1195 4400 1346 4444 tuum
1369 4426 1385 4453 ,
1415 4396 1467 4441 et
1502 4395 1832 4456 praeceptum
1869 4385 2064 4445 simul,
2101 4383 2248 4452 quod

684 4509 782 4547 nos
812 4504 1031 4545 scrvare
1056 4484 1295 4555 jussisti.
1332 4479 1475 4551 quod
1508 4479 1726 4549 quidem
1765 4486 1848 4531 est
1879 4477 2113 4531 imitatio
2146 4476 2246 4527 liti-

685 4582 933 4637 militatis
965 4590 1068 4632 tua:
1100 4594 1112 4630 :
1145 4585 1201 4630 ut
1233 4571 1688 4643 quemadmodum
1721 4580 1776 4624 tu
1810 4584 2005 4637 passus
2036 4584 2116 4632 es,
2151 4568 2245 4637 qui

687 4686 909 4745 peccato
946 4671 1191 4734 carebas,
1237 4670 1314 4722 sic
1355 4682 1452 4721 nos
1484 4664 1577 4733 qui
1625 4664 1987 4732 peccavimus,
2024 4660 2252 4716 sutl'era-

686 4783 808 4821 mus
848 4765 1052 4826 omnia,
1104 4775 1228 4831 puta
1277 4760 1626 4819 tentationes,
1679 4756 2106 4825 persecutiones,
2157 4752 2251 4805 ila-

684 4861 841 4929 gella,
874 4855 1273 4914 tribulationes,
1302 4860 1355 4903 et
1393 4849 1605 4903 tandem
1629 4848 1798 4916 ipsam
1820 4863 2036 4915 quoque
2061 4861 2246 4899 necem

688 4953 753 5004 ab
797 4949 1057 5017 improbis
1109 4944 1266 4997 nobis
1319 4942 1541 4994 illatam.
1579 4940 1657 4993 'l'u
1684 4940 1829 4993 enim
1879 4939 2249 4993 ᾱιιξιιιοιιὶιιειιδ

688 5041 964 5099 audivisti,
1001 5046 1053 5091 et
1098 5037 1353 5089 seductor
1384 5050 1442 5087 es
1476 5032 1707 5096 habitus,
1760 5041 1811 5084 cl
1859 5030 1955 5083 Dei
1996 5031 2251 5083 adversu-

690 5134 825 5193 rins,
856 5138 907 5182 et
938 5126 1321 5195 praevaricator
1355 5124 1509 5192 legis.
1550 5121 1628 5174 Tu
1659 5132 1715 5173 ut
1739 5120 2080 5175 facinorosus
2106 5135 2252 5173 com-

690 5222 1015 5292 prehensus,
1076 5216 1298 5283 ligatus,
1358 5222 1410 5266 et
1471 5214 1668 5265 ductus
1696 5226 1752 5264 es
1812 5212 1983 5274 solus,
2036 5214 2250 5265 cunctis

690 5311 987 5381 discipulis,
1018 5316 1069 5362 cl
1096 5308 1285 5360 amicis
1310 5314 1360 5361 te
1384 5304 1783 5358 deserentibus.
1811 5300 1892 5355 Tu
1923 5305 1986 5355 ad
2015 5301 2248 5370 judicent

696 5416 753 5460 ut
804 5406 1195 5459 condemnatus
1244 5415 1365 5451 cum
1417 5399 1770 5460 adducerere,
1803 5411 1965 5464 quam
2016 5398 2059 5448 is
2104 5398 2154 5448 in
2204 5407 2253 5448 te

694 5496 915 5567 protulit
950 5491 1272 5547 sententiain
1302 5487 1611 5555 suscepisti.
1641 5486 1720 5539 Tn
1774 5489 2013 5550 locutus,
2040 5489 2249 5554 alapam

696 5606 724 5641 a
762 5601 919 5641 servo
946 5582 1275 5644 sustinuisti,
1314 5589 1366 5633 et
1415 5589 1616 5641 tacens,
1652 5578 1798 5630 illico
1842 5579 2005 5631 morti
2051 5593 2109 5630 es
2160 5580 2253 5630 ad-

695 5682 873 5734 dictus
917 5697 929 5730 :
974 5691 1097 5727 nam
1158 5674 1319 5726 verba
1372 5682 1462 5723 tua
1524 5670 1696 5722 instar
1748 5669 1910 5739 gladii
1974 5670 2253 5722 sceleratis

695 5782 869 5827 erant.
901 5774 1104 5825 Idcirco
1149 5784 1253 5824 non
1306 5767 1541 5821 ferentes
1586 5767 1687 5833 ipsi
1734 5764 1920 5832 injusti
1989 5774 2037 5819 te
2078 5764 2251 5817 solum

694 5864 895 5932 juslltltt
934 5863 1149 5923 intucri,
1182 5857 1509 5927 turpissimae
1533 5859 1646 5913 neci
1677 5865 1725 5909 te
1749 5854 2087 5910 dcdidcrunl.
2120 5854 2252 5910 llinc

2348 3276 2518 3343 mine,
2554 3290 2679 3329 cum
2706 3276 2905 3346 injuste
2934 3281 3130 3347 patior.
3152 3278 3289 3335 Cum
3319 3284 3681 3354 autemjuste,
3711 3285 3763 3339 id
3787 3288 3923 3342 mihi

2348 3371 2403 3423 in
2451 3370 2954 3440 compensationem
3020 3377 3398 3441 peccatorum,
3449 3385 3503 3430 et
3542 3380 3921 3449 purgationem

2346 3460 2829 3516 innumerabilium
2862 3462 3188 3518 delictorum
3242 3482 3488 3521 meorum
3523 3478 3661 3524 esto.
3701 3471 3921 3538 Quaeso,

2350 3554 2600 3621 Domine,
2634 3572 2700 3611 ne
2744 3557 2877 3610 mihi
2921 3574 3158 3628 unquam
3190 3560 3404 3617 labores
3440 3573 3533 3617 aut
3564 3544 3917 3632 tentationes,

2349 3657 2440 3700 aut
2461 3646 2781 3701 amictiones
2806 3662 2969 3716 supra
2999 3650 3140 3703 vires
3164 3650 3343 3704 ittvehi
3375 3652 3549 3718 sinas;
3575 3653 3667 3706 sed
3695 3654 3918 3718 exitum,

2348 3746 2401 3792 et
2429 3740 2493 3791 ad
2521 3740 2901 3793 sustinendum
2950 3741 3116 3794 robur
3159 3741 3290 3794 mihi
3337 3758 3553 3812 semper
3603 3743 3909 3813 impertias.

2351 3828 2432 3883 Tu
2459 3832 2605 3884 enim
2637 3846 2697 3885 es
2724 3833 2989 3886 bonorum
3025 3833 3249 3903 largitor
3282 3834 3351 3888 ab
3383 3834 3559 3898 initio,
3595 3835 3681 3890 his
3705 3838 3794 3905 qui
3827 3853 3921 3908 po-

2350 3923 2532 3976 tentia:
2581 3934 2686 3975 [0:13
2731 3939 2798 3977 ex
2849 3926 3033 3977 animo
3094 3924 3369 3994 supplices
3415 3925 3639 3990 cadunt,
3690 3942 3918 3997 erogans

2349 4012 2495 4076 ﬁdei,
2529 4029 2886 4087 operumque,
2912 4024 2965 4068 et
2992 4015 3147 4069 bona:
3176 4018 3289 4086 spei
3315 4018 3669 4082 charismata,
3705 4030 3758 4073 et
3778 4021 3915 4075 dona

2349 4106 2532 4159 omnia
2587 4106 2755 4159 divini
2808 4107 3180 4177 adorandique
3233 4108 3470 4177 Spiritus
3513 4110 3614 4175 tui,
3672 4127 3817 4167 nunc
3866 4122 3917 4165 et

2352 4219 2587 4272 semper,
2620 4212 2673 4258 et
2702 4206 2757 4258 in
2777 4206 2987 4259 saecula
3021 4206 3371 4259 saiculurum.
3406 4208 3599 4260 Amen.

2904 4294 3128 4349 CAPUT
3174 4295 3366 4349 XXIV.

2352 4388 2585 4455 Supplex
2617 4386 2685 4440 ad
2714 4386 2878 4440 Deum
2930 4386 3165 4455 precatio
3201 4403 3294 4455 pro
3330 4387 3527 4441 auxilio
3562 4389 3915 4456 impetrando.

2427 4479 2651 4532 Domine
2697 4477 2823 4530 Jesu
2857 4476 3088 4539 Christe,
3128 4477 3355 4531 Domine
3392 4477 3650 4533 Salvator
3703 4482 3915 4535 anima-

2354 4586 2494 4633 rum,
2533 4583 2565 4623 ο
2595 4568 2757 4631 Deus,
2797 4567 3024 4621 Domine
3057 4569 3322 4622 virtutum
3355 4570 3600 4624 omnium
3645 4587 3766 4640 quae
3812 4576 3913 4626 suh

2354 4668 2630 4730 aSpectum
2674 4660 3058 4726 subjiciuntur,
3111 4668 3165 4714 ct
3216 4675 3336 4730 quae
3383 4675 3492 4715 non
3533 4662 3917 4731 subjiciuntur,

2354 4762 2539 4820 utpote
2566 4752 2820 4806 conditor
2856 4753 3098 4806 omnium
3150 4767 3272 4831 quae
3328 4754 3381 4805 in
3436 4754 3595 4820 cmlo,
3649 4764 3701 4808 et
3754 4770 3916 4827 supra

2353 4847 2523 4899 caelos
2574 4854 2720 4904 sunt,
2759 4844 2882 4898 coeli
2928 4846 3300 4913 malorumque
3350 4848 3618 4910 omnium,
3666 4848 3940 4901 similiter-

2354 4938 2596 4990 omnium
2633 4951 2756 5003 quas
2811 4935 2863 4987 in
2918 4946 3082 4998 terra,
3137 4944 3190 4989 et
3231 4937 3333 4989 sub
3382 4945 3523 4990 terra
3570 4948 3717 4990 sunt.
3746 4935 3824 4990 Tu
3859 4954 3919 4993 es

2358 5028 2519 5088 Deus,
2546 5035 2597 5079 et
2650 5022 2965 5079 Dominator
3001 5022 3281 5078 Deminus.
3321 5023 3401 5079 Tu
3437 5042 3598 5079 manu
3633 5036 3720 5079 tua
3760 5043 3917 5082 crea-

2355 5130 2532 5172 turam
2564 5133 2780 5172 omnem
2826 5116 3133 5177 concludis,
3184 5118 3439 5185 quoniam
3491 5119 3605 5186 ipsa
3670 5119 3920 5175 contines

2356 5211 2632 5264 universa.
2669 5209 2860 5263 Manus
2895 5218 3009 5273 tua,
3041 5209 3292 5274 Domine,
3346 5221 3432 5264 est
3475 5211 3564 5262 illa
3598 5226 3793 5280 magna
3827 5229 3917 5282 ρον

2356 5310 2547 5365 testas,
2582 5316 2703 5370 quae
2733 5298 2913 5355 Patris
2942 5302 3277 5355 voluntatem
3312 5300 3566 5369 implens,
3599 5301 3918 5369 fabricatur,

2356 5402 2634 5461 Operatur,
2670 5400 2840 5453 creat,
2878 5398 2931 5443 et
2984 5390 3332 5443 administrat
3359 5405 3452 5444 res
3484 5402 3705 5445 nostras
3756 5395 3917 5448 modo

2359 5484 2739 5539 inenarrabili.
2790 5483 2907 5552 lpsa
2948 5484 3113 5551 igitur
3146 5493 3198 5537 et
3229 5497 3377 5535 nunc
3425 5498 3509 5536 me
3557 5483 3831 5551 produxit,
3870 5496 3920 5538 ct

2358 5595 2480 5634 cum
2516 5594 2624 5633 non
2661 5592 2837 5631 essem
2866 5616 2881 5641 ,
2913 5576 3040 5631 fecit
3073 5585 3132 5629 ut
3169 5591 3368 5631 essem.
3410 5576 3513 5641 Qui
3555 5577 3717 5630 etiam
3762 5587 3917 5631 natus

2367 5672 2439 5723 ita
2475 5686 2623 5724 erant
2662 5670 2715 5723 in
2747 5670 2850 5724 hoc
2883 5670 3106 5735 mundo,
3143 5680 3199 5723 ut
3238 5670 3543 5739 ignorarem
3582 5680 3633 5723 te
3661 5671 3921 5725 omnimo-

2376 5763 2461 5826 lis,
2498 5762 2699 5814 bonum
2730 5760 3013 5813 Dominum
3043 5798 3057 5824 ,
3091 5772 3391 5815 creatorem
3420 5775 3599 5814 meum
3628 5802 3642 5824 ,
3673 5763 3918 5828 opilicem

2372 5872 2561 5917 .ueum,
2592 5866 2640 5908 et
2694 5855 2865 5909 instar
2910 5855 3035 5909 caici
3083 5868 3251 5917 cram,
3305 5860 3358 5907 et
3394 5852 3538 5908 velut
3582 5853 3760 5919 ἄθεος,
3800 5868 3915 5906 cum
