4136 6338
675 431 781 493 .563

1895 426 2279 489 SYMEONIS
2303 427 2668 491 JUNIORIS

3798 415 3901 481 5:64

673 559 838 603 noetu
868 547 1138 605 luceret.e
1169 543 1307 599 ferro
1334 552 1387 599 et
1411 544 1560 600 silice
1578 559 1866 599 excussum
1894 543 2235 597 mirabiliter.
2271 541 2312 595 A
2347 543 2585 609 riiicuni,
2615 557 2702 599 _et
2765 542 3101 614 inopinabile
3167 553 3305 608 Opus
3361 538 3453 595 Dei
3527 535 3800 593 altissimi.
3861 537 3903 592 Ο

677 638 798 708 Ipse
833 647 1011 692 autem
1049 637 1183 691 nihil
1212 650 1502 691 commune
1532 637 1692 690 habet
1720 650 1841 689 cum
1873 634 1981 687 ullo
2011 633 2232 695 lumine,

679 732 826 786 omni
887 731 1007 786 luce
1049 731 1322 796 lucidior,
1393 730 1661 798 longeque
1723 727 2238 798 splendidissimus,

680 837 941 899 quantum
971 825 1116 881 ferre
1147 826 1293 880 nulla
1319 835 1566 880 creatura
1598 833 1793 894 potest.
1841 823 1913 879 Ut
1957 823 2100 878 enim
2157 837 2243 876 ra-

681 923 867 978 diante
902 922 1016 975 sole
1061 929 1208 975 astra
1246 937 1356 976 non
1386 929 1646 988 apparent
1693 935 1707 972 :
1759 919 1838 972 sic
1885 920 1929 973 si
1982 918 2244 972 Dominus

684 1013 816 1070 solis
846 1014 1026 1068 lucere
1050 1013 1301 1077 voluerit,
1330 1014 1449 1082 ejus
1477 1022 1654 1068 ortum
1682 1006 1843 1067 nemo
1861 1013 2054 1083 vivens
2081 1009 2248 1067 susti—

687 1107 857 1160 nebit.
894 1105 1236 1173 Quapropter
1275 1113 1506 1158 mentem
1537 1105 1783 1171 pulveri,
1830 1104 1908 1158 rei
1950 1112 2249 1172 corporataa

686 1198 981 1266 copulavit,
1004 1203 1054 1250 et
1079 1211 1178 1250 nos
1203 1196 1452 1250 homines
1478 1197 1763 1252 universos
1792 1197 1845 1249 in
1876 1194 2249 1250 materialibus

687 1290 995 1352 collocavit,
1029 1297 1086 1342 ut
1114 1289 1166 1342 in
1204 1288 1306 1342 ﬁde
1335 1289 1632 1351 constanti,
1664 1297 1717 1342 et
1753 1288 2124 1342 mandatorum
2154 1288 2251 1342 oh-

691 1382 1020 1442 Scrvatione,
1055 1387 1288 1434 mentem
1327 1381 1565 1435 materiae
1596 1387 1896 1449 expertem,
1927 1393 2089 1449 quam
2125 1393 2253 1447 prae-

692 1472 1047 1527 varicationis
1081 1473 1313 1542 caligine
1341 1471 1688 1527 contudimus
1735 1481 1788 1526 et
1843 1472 2241 1527 contaminavio

697 1583 815 1622 nius
846 1566 899 1620 in
943 1566 1410 1634 concupiscentiis
1458 1565 1850 1630 materialibus,
1885 1573 1939 1618 et
1972 1573 2134 1634 gustu
2165 1577 2257 1617 vo-

695 1662 962 1727 luptatum
997 1658 1268 1720 videlicet,
1312 1671 1529 1710 rursum
1564 1663 1976 1726 perpurgantes,
2012 1655 2258 1708 immate-

696 1753 828 1806 riale
861 1753 913 1805 in
944 1749 1317 1805 materialibus
1348 1748 1779 1802 immaterialiter
1811 1746 2138 1815 aspiciamus
2171 1746 2256 1798 lu-

2346 635 2758 705 mysteriorum,
2792 646 2913 701 quae
2947 628 3158 685 occulte
3186 637 3527 698 peraguntur
3584 628 3781 682 virtus.
3825 627 3901 680 Tn

2347 736 2400 780 et
2453 726 2710 785 labentia.
2757 731 2811 780 et
2857 730 3057 778 eterna
3119 722 3273 776 nobis
3312 722 3506 777 donas.
3550 721 3630 776 Tu
3686 729 3903 775 terrena

2346 834 2470 874 cum
2507 817 2846 879 ccelestibus,
2867 817 3151 882 praesentia
3177 830 3298 869 cum
3321 815 3541 879 futuris,
3574 823 3633 868 ut
3658 815 3903 867 omnium

2349 908 2550 978 apifex,
2586 916 2643 962 ut
2676 916 2996 977 potestatem
3043 907 3249 961 habens
3276 905 3580 960 cmlestium
3615 918 3679 958 ac
3733 913 3906 958 terre-

2351 1006 2568 1063 strium.
2629 1002 2740 1056 Cur
2793 1000 2958 1071 igitur
3021 995 3265 1053 infelices
3317 1012 3438 1062 nos,
3486 996 3736 1051 homines
3787 995 3911 1064 plus

2351 1115 2512 1170 quam
2546 1108 2598 1153 te
2628 1096 2931 1164 diligimus,
2983 1100 3037 1146 et
3079 1090 3186 1145 illis
3215 1093 3412 1154 misere
3460 1088 3693 1155 amplius
3741 1085 3909 1141 servi-

2353 1205 2493 1255 mus,
2531 1197 2588 1243 ut
2627 1188 2694 1242 ab
2728 1187 2807 1242 eis
2835 1185 3082 1254 exiguam
3144 1191 3198 1235 et
3242 1179 3439 1234 ﬂuxam
3478 1177 3785 1232 mercedem
3822 1191 3911 1231 re-

2353 1285 2642 1356 cipiamus,
2693 1279 2891 1349 quibus
2942 1276 3248 1332 addicimus
3297 1272 3508 1328 animas
3568 1276 3808 1344 nostras,
3859 1275 3911 1323 et

2355 1392 2606 1447 corpora,
2645 1385 2702 1429 ut
2732 1375 2798 1430 iis
2822 1388 2918 1427 ceu
2950 1371 3096 1426 vasis
3138 1369 3336 1423 vilibus
3388 1365 3727 1433 ahjectisque
3772 1362 3910 1415 abu-

2356 1477 2562 1534 tantur,
2594 1475 2800 1523 etcum
2839 1464 3012 1520 simus
3041 1460 3280 1514 membra
3325 1468 3413 1512 tua
3450 1455 3658 1509 domini
3696 1455 3916 1508 univer-

2359 1575 2567 1625 sorum,
2605 1566 2815 1622 sancta,
2847 1556 3094 1623 inquam,
3119 1551 3358 1606 membra
3388 1537 3564 1604 sancti
3598 1547 3831 1609 Domini,
3864 1552 3914 1598 et

2360 1652 2516 1718 Cujus
2549 1657 2793 1720 potestas
2827 1646 3046 1701 aliunde
3097 1659 3207 1699 non
3243 1642 3465 1711 pendet,
3497 1655 3603 1693 non
3636 1637 3921 1707 perhorre-

2364 1746 2567 1800 scimus
2594 1758 2656 1797 ea
2681 1740 2952 1812 perversis
2987 1737 3330 1794 daemonibus
3383 1740 3576 1802 sponte
3627 1741 3816 1785 nostra
3851 1726 3917 1780 ad

699 1859 822 1898 men
856 1843 1011 1907 illud,
1051 1841 1195 1911 quod
1227 1841 1337 1895 dixi
1366 1855 1488 1896 esse
1522 1840 1687 1894 Deum
1724 1840 2013 1908 plusquam
2051 1839 2260 1908 absque
2293 1869 2333 1922 Β
2365 1834 2668 1891 fcedissime
2701 1830 3036 1903 peccandum
3067 1824 3373 1896 exponere?
3396 1823 3530 1890 Quis
3561 1836 3690 1890 ergo
3736 1834 3922 1874 servo-

701 1934 972 2004 principio
1003 1934 1176 1988 oculis
1228 1933 1351 1988 istis
1389 1931 1664 2000 corporeis
1698 1931 2134 1999 inaspectahilem
2162 1968 2176 1989 .
2211 1939 2264 1984 et

703 2024 1161 2080 inte!lectualibus
1183 2023 1367 2078 cordis
1399 2023 1576 2078 oculis
1604 2022 2066 2076 inaccessibilem.
2098 2021 2264 2076 Miror

705 2119 874 2182 enim,
904 2133 1013 2186 quo
1044 2126 1204 2186 pacto
1235 2117 1442 2179 anima,
1474 2129 1594 2168 cum
1615 2121 1726 2166 tota
1753 2129 1779 2166 a
1806 2114 2029 2166 materia
2056 2121 2264 2168 semota

707 2211 798 2272 sit,
836 2217 890 2263 et
939 2207 1359 2268 intellectualem
1413 2205 1608 2258 mentis
1659 2203 1878 2258 oculum
1918 2202 2138 2267 habeat,
2167 2217 2265 2255 ceu

707 2299 919 2353 duabus
965 2297 1216 2352 fenestris
1253 2293 1588 2350 sensibiliter
1625 2307 1722 2346 usa
1764 2294 2009 2357 corporis
2070 2291 2265 2354 oculis,

709 2406 804 2459 per
829 2391 1046 2445 eosdem
1082 2388 1421 2457 prospiciens
1455 2385 1636 2440 omnia
1669 2401 1786 2455 qua:
1817 2383 1985 2437 videri
2017 2390 2267 2452 possunt,

710 2480 909 2543 rideat,
945 2493 1272 2546 reversaque
1295 2477 1479 2531 omnia
1511 2461 1609 2529 sub
1634 2474 1968 2527 intellectqu
1995 2473 2269 2539 cadentia,

711 2581 763 2624 et
813 2570 1036 2630 materia
1078 2567 1324 2620 vacantia
1371 2560 1801 2618 immaterialitcr
1846 2563 2044 2626 videat,
2097 2570 2150 2618 et
2211 2564 2265 2618 in

712 2659 889 2715 medio
920 2657 1282 2728 pereuntium,
1312 2671 1373 2708 ac
1396 2653 1827 2720 permanentium
1849 2652 2108 2722 singulari
2142 2669 2275 2722 quo-

712 2757 834 2810 dam
873 2755 1035 2820 modo
1067 2754 1309 2815 detenta,
1338 2753 1404 2806 ah
1438 2752 1543 2807 illis
1583 2749 1647 2804 ad
1691 2749 2022 2818 voluptates.
2060 2757 2110 2803 et
2147 2751 2274 2802 vitia

714 2847 1061 2917 pertrahatur
1097 2861 1112 2898 τ
1147 2848 1213 2899 ab
1255 2845 1361 2899 illis
1408 2853 1598 2900 contra
1650 2844 1712 2897 ad
1756 2843 1954 2897 coelum
1991 2842 2138 2895 velut
2174 2841 2276 2894 alis

717 2939 997 3002 Subveeta,
1026 2937 1096 2991 ibi
1122 2937 1422 2991 consistere
1453 2937 1777 3000 contendat;
1804 2934 1896 2988 sed
1926 2932 2275 2986 abstrahatur

717 3040 920 3094 tamen,
959 3030 1266 3095 iterumque
1296 3025 1582 3079 subvolare
1615 3023 1868 3077 ardenter
1912 3021 2145 3081 studeat,
2184 3033 2280 3088 per

717 3127 915 3179 coelum
955 3123 1177 3190 cupiens
1203 3119 1473 3179 incedere,
1509 3125 1564 3171 et
1591 3116 1694 3170 sub
1728 3131 1784 3171 se
1813 3130 2038 3168 cernere
2071 3113 2278 3176 omnia,

2367 1946 2486 1984 rum
2515 1937 2733 1983 tuorum
2766 1925 3004 1980 ﬁdelium
3034 1937 3060 1976 a
3087 1914 3345 1990 lacrymis
3392 1913 3765 1984 temperabit?
3795 1911 3919 1980 quis

2367 2020 2506 2076 adeo
2568 2027 2913 2086 arrogantem
2970 2013 3248 2066 audaciam
3318 2024 3426 2064 non
3493 2002 3924 2061 lamentabitur?

2367 2111 2489 2182 quis
2523 2125 2631 2164 non
2658 2116 2861 2163 tantam
2892 2105 3206 2174 patientiam
3251 2110 3423 2163 tuam,
3453 2098 3612 2158 Deus.
3641 2095 3928 2151 venerabi-

2367 2205 2500 2259 tur?
2529 2204 2651 2273 quis
2690 2201 2860 2255 divini
2892 2197 3082 2267 judieii
3119 2193 3530 2249 retributionem
3564 2204 3669 2242 non
3704 2187 3928 2241 tremis-

2371 2298 2499 2352 cet?
2550 2296 2808 2367 gehennze
2870 2291 3125 2345 videlicet
3181 2289 3360 2355 ignem
3425 2281 3845 2343 intolerabilem,
3879 2288 3932 2334 et

2369 2389 2534 2444 nullis
2557 2384 3010 2454 exstinguendum
3043 2380 3279 2442 saeculis,
3309 2377 3402 2432 ubi
3433 2375 3614 2436 ﬂetus,
3647 2383 3699 2427 e’t
3729 2370 3934 2427 stridor

2372 2481 2638 2542 dentium,
2681 2487 2734 2531 et
2781 2476 2936 2532 dolor
2975 2489 3080 2529 non
3113 2470 3488 2534 consolabilis,
3549 2475 3601 2522 et
3658 2466 3935 2521 cruciatus

2371 2571 2780 2641 inexplicabilis.

2449 2662 2624 2726 Sed,o
2657 2660 2770 2724 Sol,
2806 2658 2938 2715 solis
2969 2657 3135 2726 hujus
3167 2671 3330 2725 quem
3368 2652 3663 2713 cernimus,
3692 2658 3744 2702 et
3772 2648 3938 2708 lunas,

2376 2767 2429 2811 et
2460 2755 2697 2809 siderum
2730 2752 3000 2815 omnium,
3032 2760 3086 2804 et
3117 2749 3271 2812 lucis,
3322 2756 3374 2800 et
3423 2745 3590 2798 totius
3627 2756 3809 2795 rerum
3845 2755 3940 2792 na.

2380 2858 2512 2901 tum
2540 2845 2810 2905 conditor,
2849 2840 3126 2896 absconde
3169 2854 3254 2893 me
3284 2839 3351 2895 ab
3388 2838 3474 2892 his
3506 2839 3557 2890 in
3590 2845 3684 2889 tuo
3710 2835 3940 2892 lumine.

2381 2949 2439 2993 ut
2471 2938 2522 2991 in
2551 2951 2615 2991 eo
2657 2947 2706 2990 te
2738 2935 2912 2989 solum
2957 2933 3196 2995 intuens,
3235 2929 3521 2990 mundum,
3552 2936 3604 2981 et
3637 2942 3698 2980 ea
3732 2940 3853 2994 quae
3886 2926 3942 2978 in

2381 3033 2583 3084 mundo
2609 3038 2755 3086 sunt.
2783 3041 2890 3080 non
2925 3025 3136 3077 videam
3166 3042 3179 3076 :
3214 3022 3304 3076 sed
3342 3031 3393 3075 et
3435 3020 3624 3073 videns
3652 3020 3754 3073 sim
3785 3015 3942 3086 quasi

2386 3139 2490 3177 non
2528 3123 2793 3184 viderem,
2825 3127 2876 3173 et
2911 3117 3142 3170 audiens
3191 3115 3348 3191 quasi
3397 3129 3502 3168 non
3547 3111 3818 3164 audirem.
3875 3109 3947 3161 Et

722 3234 844 3286 ane
881 3224 1108 3285 aspectu
1146 3214 1483 3269 sentiuntur.
1526 3210 1659 3263 Nam
1691 3224 1814 3262 eum
1849 3208 2029 3261 omnia
2071 3223 2190 3277 qua:
2221 3207 2273 3259 in
2311 3210 2352 3267 C
2388 3213 2534 3284 quod
2575 3211 2776 3268 accidit
2821 3208 3140 3265 sedentibus
3173 3207 3224 3259 in
3279 3204 3442 3274 hujus
3504 3203 3628 3256 vitae
3677 3199 3946 3258 tenebris,

723 3309 925 3363 mundo
967 3316 1123 3370 sunt,
1186 3306 1289 3375 ipsi
1331 3302 1510 3373 laquei
1558 3303 1866 3366 videantur,
1902 3301 2040 3354 male
2089 3300 2279 3353 metuit

726 3405 905 3471 plane,
941 3401 994 3453 in
1027 3411 1165 3454 terra
1196 3397 1402 3466 ingredi
1429 3405 1481 3450 et
1508 3395 1897 3458 considere,--ne
1926 3394 2045 3447 istis
2076 3392 2285 3460 laqueis

728 3495 1008 3563 imp‘icala
1045 3491 1365 3550 retineatur,
1398 3495 1453 3542 et
1488 3487 1776 3539 immitium
1813 3485 2109 3538 bestiarum
2159 3497 2282 3554 esca

727 3590 840 3642 fiat.
872 3586 1015 3639 Talis
1052 3585 1286 3653 piorum,
1319 3581 1576 3641 ﬁdelium,
1609 3586 1662 3632 et
1699 3586 2018 3631 sanctorum
2045 3575 2283 3629 omnium

726 3683 834 3732 vita
873 3685 977 3739 est,
1015 3689 1175 3744 quam
1222 3686 1412 3726 omnes
1462 3669 1661 3723 imitari
1714 3675 1969 3735 oportet;
2020 3676 2078 3720 ut
2120 3665 2285 3720 etiam

733 3784 856 3824 cum
892 3768 1080 3821 iisdem
1116 3764 1335 3818 Christo
1371 3763 1477 3816 Deo
1506 3804 1520 3826 ,
1554 3761 1930 3815 universorum
1977 3757 2170 3827 judici,
2207 3757 2290 3810 iu-

733 3871 917 3918 sontes
956 3859 1240 3920 sistantur,
1281 3865 1334 3911 et
1359 3855 1601 3924 ejusdem
1638 3854 1788 3923 regni
1825 3860 1986 3923 atque
2019 3851 2200 3923 gloria:
2232 3852 2285 3905 in

731 3968 892 4008 omne
925 3965 1098 4006 aevum
1131 3956 1412 4004 consortes
1446 3946 1594 3999 ﬁant.

1283 4035 1511 4092 CAPUT
1538 4034 1730 4090 XXVI.

740 4135 1085 4198 Desiderium,
1131 4141 1179 4187 et
1217 4145 1448 4183 amorem
1509 4143 1636 4197 erga
1693 4127 1856 4179 Deum
1888 4125 2115 4193 quemvis
2149 4140 2295 4176 amo-

809 4223 941 4266 rem,
977 4215 1025 4259 et
1059 4197 1276 4270 quodvis
1315 4199 1632 4251 desiderium
1676 4197 1960 4270 Immanum
2021 4205 2295 4270 trgnscen-

808 4263 949 4338 dere,
1001 4263 1324 4332 mentemque
1374 4276 1724 4338 purgatarum
1756 4268 1808 4318 in
1849 4266 2032 4338 iumen,
2065 4263 2164 4338 Dei
2192 4267 2294 4315 im-

809 4333 1079 4404 mersam,
1138 4333 1383 4395 divinam
1451 4333 1702 4388 naturam
1768 4334 2006 4395 induere,
2075 4333 2298 4403 indeque

807 4415 1003 4469 Christi
1033 4419 1278 4472 mentem,
1311 4425 1401 4461 seu
1425 4423 1636 4460 sensum
1666 4405 1946 4472 appellari.

813 4503 1153 4560 Incredibilis
1182 4497 1532 4567 pulchritudo
1580 4508 1688 4555 tua.
1731 4495 1958 4550 Domine
2007 4493 2158 4557 Iesu,
2215 4495 2294 4546 in-

743 4593 1138 4663 enmparabilis
1169 4589 1402 4658 species,
1435 4587 1726 4640 ineﬂ‘abilis
1763 4583 2054 4653 elegantia,
2085 4597 2294 4638 sermo-

745 4704 866 4744 nem
903 4696 958 4741 et
995 4683 1306 4753 opinionem
1357 4680 1604 4733 vincunt.
1641 4678 1816 4732 Mores
1845 4677 1944 4740 tui,
1979 4676 2218 4738 bonitas,
2250 4683 2304 4728 et

749 4777 1114 4834 mansuetudo
1148 4785 1240 4828 tua
1278 4773 1518 4826 omnium
1574 4770 1886 4824 mortalium
1939 4768 2304 4837 cogitationes

746 4869 1034 4928 excedunt.
1071 4867 1302 4934 Ideoque
1327 4862 1659 4918 desiderium
1691 4861 1790 4920 tui,
1819 4868 1872 4913 et
1896 4874 2049 4912 amor
2074 4873 2201 4927 erga
2232 4866 2301 4919 te,

749 4974 963 5014 omnem
991 4955 1270 5010 hominum
1304 4966 1566 5016 amorem,
1613 4964 1676 5003 ac
1732 4946 2069 5001 desiderium
2125 4945 2308 4998 multis

751 5049 996 5120 partibus
1020 5054 1261 5114 superat.
1301 5041 1571 5108 Quantum
1600 5041 1742 5092 enim
1779 5047 1830 5091 tu
1881 5035 2306 5103 aspectabilibus

757 5137 1058 5199 antecellis,
1091 5144 1243 5189 tanto
1277 5134 1449 5202 major
1475 5140 1556 5185 est
1579 5144 1730 5183 amor
1758 5129 1854 5192 tui,
1883 5137 1934 5181 et
1969 5142 2182 5180 omnem
2219 5126 2308 5194 qui

756 5229 1069 5284 hominibus
1099 5225 1384 5281 intercedit
1404 5239 1641 5278 amorem
1665 5224 1943 5284 obscurat,
1973 5235 2158 5274 Omnes
2187 5235 2310 5273 cor-

759 5335 1043 5391 porearum
1091 5319 1429 5386 voluptatum
1493 5330 1706 5369 amores
1759 5314 1969 5376 evertit,
2015 5323 2312 5378 oinneSqnc

761 5413 930 5466 maias
959 5408 1284 5478 cupiditates
1322 5422 1443 5460 mox
1478 5406 1710 5474 repellit.
1755 5406 1887 5458 Vere
1919 5403 2060 5458 enim
2101 5417 2304 5456 concu-

771 5505 1050 5574 piscentiae
1107 5501 1346 5557 tenebm
1387 5509 1534 5564 sunt,
1576 5510 1626 5553 et
1661 5514 1762 5551 nox
1823 5497 2088 5566 profunda
2141 5497 2312 5563 turpis

761 5601 1106 5662 peccatorum
1145 5590 1493 5662 perpetratio,
1530 5605 1683 5643 amor
1722 5597 1923 5649 autem,
1977 5599 2031 5643 et
2075 5589 2313 5643 charitas

757 5699 885 5755 erga
912 5691 964 5738 te
991 5683 1080 5737 lux
1122 5699 1133 5736 :
1171 5698 1290 5751 qua:
1316 5697 1436 5735 cum
1473 5682 1527 5734 in
1568 5681 1850 5735 animabus
1882 5679 2044 5733 Deum
2085 5680 2314 5732 amanti-

761 5777 861 5830 bus
891 5776 1155 5839 exoritur,
1184 5775 1326 5828 illico
1360 5774 1599 5843 depulsis
1624 5773 2092 5841 pcrturhatiomim
2130 5788 2191 5824 ae
2219 5788 2313 5825 vo-

764 5868 1032 5936 iuptatum
1063 5865 1321 5931 tenebris,
1354 5865 1494 5919 diem
1533 5862 1796 5925 ἀπκοείπς
1840 5861 2108 5916 tliﬂ‘undit.
2141 5860 2183 5917 0
2211 5861 2311 5916 mi-

2386 3305 2587 3374 quibus
2623 3301 2965 3373 operiuntur,
2998 3299 3362 3364 voluptatum.
3400 3296 3644 3363 inquam,
3699 3303 3752 3347 et
3794 3306 3950 3343 vana:

2389 3398 2597 3467 gloriae,
2647 3395 2890 3448 videntes
2926 3407 3032 3445 non
3079 3388 3266 3444 vident
3306 3387 3538 3462 gloriam
3592 3392 3739 3436 tuam
3783 3382 3952 3436 cade-

2391 3501 2551 3553 stem,
2593 3497 2645 3543 et
2677 3486 2960 3540 audientes
2989 3484 3239 3535 mandata
3273 3495 3333 3532 ac
3360 3485 3623 3547 praecepta
3651 3485 3764 3534 tua.
3795 3489 3954 3542 pror-

2393 3595 2487 3634 sus
2523 3592 2629 3630 non
2690 3574 3018 3641 intelligunt,
3059 3569 3201 3622 idem
3251 3566 3383 3620 mihi
3445 3563 3735 3619 usuveniet
3779 3564 3831 3614 in
3871 3561 3957 3614 lu-

2395 3665 2541 3718 mine
2592 3673 2709 3723 tuo,
2772 3676 2894 3713 cum
2946 3673 3053 3711 non
3104 3656 3298 3710 Videbo
3348 3655 3634 3715 mundum,
3685 3667 3784 3704 nec
3833 3665 3956 3718 quae

2395 3756 2628 3811 mundus
2665 3753 2928 3807 continet.
2971 3749 3103 3814 Quis
3144 3763 3376 3815 namque
3415 3757 3466 3801 te
3516 3744 3656 3810 viso,
3689 3750 3744 3797 et
3776 3758 3802 3794 a
3837 3743 3959 3810 glo-

2395 3850 2498 3914 ria,
2539 3846 2828 3912 divinoque
2859 3843 3061 3899 lumine
3097 3849 3187 3891 tuo
3217 3851 3276 3892 se
3306 3836 3641 3889 illustratum
3679 3834 3954 3891 sentiens,

2396 3956 2507 3995 non
2544 3948 2808 4001 mentem,
2857 3933 3115 3996 animam,
3175 3927 3227 3984 et
3279 3926 3576 3997 prmeordia
3633 3925 3960 3977 immutatus

2395 4043 2504 4098 est,
2538 4033 2802 4096 aliterque
2833 4026 3038 4084 videre,
3074 4031 3124 4077 et
3159 4021 3347 4074 audire
3394 4018 3595 4088 ingenti
3643 4030 3774 4068 sane
3806 4014 3961 4067 dide-

2398 4125 2569 4181 rentia
2600 4120 2842 4176 meruit?
2882 4115 3225 4183 lnnnergitur
3249 4112 3447 4181 quippe
3479 4123 3633 4162 mens
3665 4107 3716 4159 iu
3753 4104 3962 4159 lumine

2402 4228 2516 4283 tuo,
2551 4225 2606 4268 et
2637 4213 2813 4267 simile
2845 4209 3032 4279 gloria:
3061 4215 3165 4259 tua:
3206 4205 3386 4257 lumen
3423 4199 3662 4270 perfecte
3693 4197 3959 4262 adipisci-

2400 4317 2511 4372 tur,
2538 4317 2588 4362 et
2615 4301 2988 4374 hujuscemodi
3024 4312 3176 4352 mens
3209 4305 3299 4348 tua
3332 4303 3574 4352 vocatur,
3606 4304 3728 4344 cum
3760 4296 3814 4340 tu
3844 4301 3958 4340 eam

2403 4397 2655 4466 dignatus
2688 4393 2762 4446 sis
2796 4390 2931 4450 ﬁeri,
2969 4397 3021 4440 et
3062 4385 3263 4438 habere
3301 4388 3537 4434 mentem
3591 4379 3705 4431 sive
3738 4389 3959 4428 sensum

2406 4500 2581 4552 tuum,
2630 4496 2922 4552 tecumque
2967 4479 3155 4534 unitur
3204 4473 3426 4530 vinculo
3471 4469 3856 4525 indissolubili.
3905 4466 3964 4517 Et

2407 4577 2680 4650 quomodo
2711 4591 2817 4630 non
2853 4573 3036 4627 omnia
3065 4568 3478 4639 imperturbate,
3513 4566 3655 4619 sicut
3693 4573 3772 4625 tu,
3816 4559 3962 4614 vide-

2411 4675 2489 4730 bit
2535 4680 2586 4725 et
2640 4667 2863 4723 audiet?
2913 4663 3192 4735 quomodo
3248 4660 3586 4713 divinitatem
3647 4660 3962 4711 consecuta,

2408 4760 2686 4830 quidpiam
2724 4757 2867 4825 quod
2899 4769 3064 4809 sensu
3119 4751 3473 4820 percipiatur,
3528 4743 3795 4813 expetet?
3831 4754 3961 4807 quo-

2410 4852 2570 4906 modo
2603 4849 2782 4912 labile,
2813 4855 2867 4900 et
2898 4842 3233 4911 corruptioni
3278 4839 3576 4894 obnoxium
3602 4833 3833 4901 aliquid,
3870 4845 3963 4885 seu

2418 4948 2632 5001 inanem
2669 4941 2920 5011 gloriam,
2968 4952 3088 5007 quae
3143 4933 3420 4995 omnibus,
3468 4937 3520 4984 et
3569 4928 3715 4982 omni
3776 4923 3966 4993 gloria,

2411 5051 2531 5106 ([II‘JE
2556 5033 2785 5093 videtur,
2829 5029 3005 5097 major
3044 5026 3170 5081 est?
3209 5023 3342 5077 Nam
3378 5022 3472 5091 qui
3511 5019 3768 5073 onmibus
3829 5014 3966 5077 istis,

2412 5104 2532 5195 qua:
2571 5124 2623 5177 in
2650 5123 2838 5175 oculos
2879 5119 3186 5178 incurrunt,
3217 5111 3435 5181 spretis,
3471 5109 3523 5163 in
3556 5108 3646 5160 Dei
3681 5104 3968 5158 familiari-

2413 5226 2574 5272 tatem
2627 5230 2685 5269 se
2727 5210 3046 5273 insinuavit,
3077 5207 3162 5261 vel
3211 5205 3394 5274 potius
3432 5202 3546 5271 ipse
3577 5213 3798 5268 quoque
3834 5196 3970 5249 Deus

2415 5308 2738 5379 appellatur,
2771 5304 2862 5374 qni
2911 5301 3128 5356 tandem
3160 5313 3222 5352 ex
3257 5296 3400 5350 infra
3430 5309 3489 5350 se
3518 5291 3829 5361 jacentibus
3859 5288 3973 5357 glo-

2417 5401 2551 5453 riam
2587 5397 2772 5457 ullam,
2811 5402 2904 5447 aut
2931 5389 3151 5444 delicias
3177 5387 3319 5440 volet
3347 5381 3632 5454 quaerere?
3668 5380 3793 5434 llaec
3827 5379 3970 5432 enim

2414 5489 2660 5559 profecto
2693 5484 2885 5555 pudori
2928 5496 2988 5536 ac
3020 5479 3275 5536 dedecori
3311 5485 3438 5532 sunt
3473 5474 3570 5537 illi,
3601 5469 3970 5532 contumelia,

2416 5578 2772 5647 contemptui,
2815 5574 3071 5630 infamiae.
3113 5571 3296 5625 Gloria
3333 5581 3534 5629 autem,
3566 5564 3886 5642 etdeliciae,
3923 5564 3974 5616 et

2417 5673 2618 5728 divitiae
2643 5672 2759 5740 ejus
2793 5669 2932 5722 Deus
2967 5665 3228 5727 Trinitas,
3265 5675 3491 5732 qumque
3519 5659 3637 5722 Dei,
3677 5670 3739 5710 ac
3784 5654 3968 5706 divina

2418 5773 2568 5826 sunt,
2600 5776 2759 5831 quem
2813 5760 2966 5814 decet
3013 5757 3189 5809 omnis
3239 5753 3431 5822 gloria,
3484 5752 3678 5811 honor,
3736 5747 3976 5815 potentia.

2420 5871 2654 5925 semper,
2694 5862 2744 5908 et
2780 5866 2947 5917 nunc,
2981 5858 3028 5905 ct
3065 5850 3117 5903 in
3149 5847 3330 5903 omnia
3364 5845 3586 5903 saecula.
3632 5842 3828 5896 Anien.
