4136 6338
259 443 375 508 5ί>5

796 547 1022 603 CAPUT
1076 545 1293 601 XXVII.

265 687 544 758 Confessio
571 686 760 756 gratia:
798 685 1058 758 donorum
1087 684 1201 749 Dei,
1228 694 1275 738 et
1304 681 1561 754 quomodo
1586 683 1641 736 in
1659 682 1829 758 ‘Patre

347 752 454 814 haec
493 752 749 811 scribente
799 755 1031 824 Spiritus
1083 752 1323 809 sanctus
1352 763 1596 824 operatus
1649 752 1828 820 fuerit.

348 827 484 881 Item
512 843 543 878 a
572 827 676 880 Deo
701 823 986 894 paraétresis
1011 824 1137 894 quid
1158 825 1228 878 ad
1245 823 1468 878 salutent
1494 823 1831 879 obtinendam

344 898 644 964 faciendum
685 898 776 950 sit.

354 1014 592 1068 Rursum
649 1011 818 1081 fulget
869 1010 1000 1064 mihi
1055 1009 1168 1063 lux.
1211 1007 1425 1064 Rursus
1471 1007 1646 1063 lucem
1689 1006 1833 1062 clare

269 1104 502 1173 aspicio.
534 1101 773 1156 Rursum
813 1101 994 1171 aperit,
1034 1101 1257 1165 coelum,
1291 1112 1343 1155 et
1385 1107 1604 1153 noctem
1658 1097 1829 1170 fugat.

278 1196 518 1249 Rursum
552 1194 768 1262 retegit,
795 1203 849 1249 et
884 1193 1123 1248 ostendit
1149 1193 1353 1246 omnia.
1382 1191 1621 1245 Rursum
1655 1191 1834 1245 cerui~

275 1293 367 1338 tur
390 1285 527 1338 sola.
553 1283 794 1338 Rursum
836 1297 922 1337 me
950 1283 1018 1337 ab
1041 1281 1296 1336 omnibus
1326 1279 1632 1335 visibilibus
1663 1277 1833 1332 abdu-

271 1376 373 1441 cit,
410 1375 771 1443 similiterque
800 1374 869 1429 ab
899 1375 1153 1428 omnibus
1201 1370 1268 1426 ad
1309 1387 1526 1427 sensum
1562 1372 1836 1441 pertinen—

272 1465 445 1528 tibus,
472 1479 641 1534 papae,
670 1477 757 1520 me
805 1463 1094 1534 disjungit.
1149 1463 1383 1518 Rursum
1435 1464 1524 1532 qui
1561 1471 1642 1518 est
1677 1477 1838 1531 super

273 1566 468 1606 omnes
500 1552 693 1619 cmlos,
729 1567 887 1623 quem
919 1552 1198 1607 hominum
1233 1566 1392 1607 nemo
1419 1550 1554 1606 vidit
1578 1566 1835 1619 unquam,

275 1660 388 1698 non
429 1661 682 1711 reserans
729 1646 952 1713 coelum,
1009 1661 1118 1701 non
1166 1645 1415 1701 dividens
1454 1655 1686 1712 noctem,
1729 1659 1837 1700 non

273 1737 542 1793 dirimens
606 1754 813 1804 aerem,
886 1755 991 1794 non
1042 1755 1305 1809 rumpens
1367 1739 1560 1795 domus
1620 1747 1839 1801 tectum,

273 1831 427 1884 nulla
463 1831 681 1900 penitus
720 1846 778 1886 re
829 1839 1113 1901 penetrata
1174 1846 1388 1887 mecum
1441 1831 1645 1886 misero
1693 1829 1835 1885 intra

273 1923 468 1977 cellam
506 1940 708 1990 meam,
739 1926 884 1980 intra
925 1935 1162 1980 mentem
1195 1941 1368 1981 meam
1402 1934 1669 1989 versatur,
1701 1937 1753 1978 et
1781 1925 1835 1979 in

277 2016 522 2072 medium
567 2031 663 2072 cor
717 2033 898 2074 meum
951 2018 1018 2089 (ο
1062 2017 1430 2072 venerandum
1488 2015 1836 2087 mysterium)

276 2106 540 2163 onmibus
571 2118 630 2162 ut
652 2119 782 2164 sunt
803 2110 1169 2175 manentibus,
1202 2108 1445 2164 illabitur
1474 2103 1602 2163 mihi
1635 2107 1836 2174 lumen,

273 2205 333 2249 et
363 2197 568 2252 attollit
599 2214 682 2253 me
717 2215 886 2273 super
925 2201 1143 2266 omnia;
1190 2201 1391 2271 quique
1425 2200 1482 2255 in
1507 2198 1686 2257 medio
1718 2215 1838 2256 sum

274 2289 543 2354 omnium,
587 2291 656 2344 ilo
685 2299 837 2346 extra
885 2293 1091 2358 omnia,
1128 2293 1269 2348 haud
1313 2294 1447 2360 scio,
1492 2309 1620 2348 num
1672 2294 1836 2348 etiam

273 2384 430 2430 extra
459 2381 682 2450 corpus.
708 2381 866 2437 Nunc
904 2385 977 2439 ibi
1019 2393 1169 2440 totus
1199 2400 1321 2440 sum
1352 2401 1565 2450 revera,
1619 2387 1720 2441 ubi
1752 2387 1838 2441 lu-

281 2482 408 2522 men
435 2480 517 2526 est
546 2474 750 2539 solum,
780 2486 832 2528 et
859 2477 1121 2545 simplex;
1157 2476 1302 2546 quod
1337 2478 1577 2542 intuens,
1612 2478 1840 2546 simplex

273 2563 450 2618 evado
482 2567 812 2622 innocentia.
843 2565 966 2622 Haec
989 2576 1140 2634 sunt,
1171 2567 1406 2633 Christe,
1449 2569 1834 2625 miraculorum

275 2665 498 2714 tuorum
526 2657 830 2723 mirabilia;
865 2658 975 2713 haec
1002 2660 1273 2728 potentiae,
1294 2668 1346 2714 et
1364 2661 1710 2732 benignitatis
1737 2671 1839 2716 tua:

275 2761 466 2816 opera,
498 2761 619 2817 qua:
652 2746 708 2800 in
751 2762 849 2802 nos
876 2748 1126 2819 indignos
1172 2750 1311 2824 edis.
1350 2750 1426 2804 Ea
1469 2752 1535 2807 de
1568 2766 1732 2807 causa
1770 2753 1838 2806 ti-

279 2853 402 2893 meo
426 2846 481 2894 et
497 2845 690 2904 tremo,
722 2848 775 2892 et
795 2839 1166 2898 sollicitudine
1199 2836 1404 2898 afﬁcior
1442 2843 1687 2909 assidua,
1722 2859 1839 2900 ma-

276 2940 550 2997 cerorque
581 2928 959 2999 vehementer,
980 2932 1109 3002 quid
1144 2933 1238 2988 tibi
1270 2949 1368 3004 pro
1398 2935 1597 3001 tantis,
1651 2944 1708 2992 et
1758 2937 1843 2991 in-

280 3019 716 3076 numerabilibus
745 3021 907 3078 donis
943 3039 1008 3079 ex
1043 3014 1192 3080 tanta
1243 3027 1621 3083 misericordia
1662 3029 1716 3082 in
1754 3044 1841 3085 me

278 3108 501 3164 collatis
551 3111 875 3178 retribuam,
923 3113 1123 3183 quidve
1157 3109 1537 3189 tibi‘olleram,
1597 3117 1841 3188 nihilque

1281 433 1725 499 DIVINORUM
1765 431 2093 492 AMORUM
2128 431 2383 491 LIBER.

1855 547 1896 601 Α
1929 546 2071 598 ineo
2115 543 2280 598 Deum
2317 541 2548 606 videbis,
2606 553 2766 608 quem
2823 552 2982 592 nemo
3041 536 3172 590 vidit
3213 552 3472 607 unquam.

3376 424 3477 482 565

1932 636 2084 701 Quod
2135 636 2179 689 si
2212 634 2377 689 etiam
2410 639 2630 702 propter
2664 630 2931 701 justitiam
2965 637 3016 686 te
3048 629 3478 698 persecutionem

1931 728 2041 798 pati
2068 728 2366 794 contingat,
2396 717 2628 787 exsulta,
2655 721 2910 791 quoniam
2949 735 3172 789 regnum
3217 720 3478 789 caelorum

1933 831 2086 873 tuum
2123 818 2320 871 factum
2361 823 2463 870 est.
2499 814 2562 867 Et
2592 812 2723 884 quid
2755 813 2858 867 hoc
2888 810 3103 881 majus?
3137 810 3278 871 llaec,
3307 819 3361 865 et
3398 810 3480 880 his

1932 913 2109 982 plura,
2146 924 2265 978 quas
2296 908 2566 972 mandavi,
2605 905 2790 968 facito,
2814 913 2876 959 'et
2907 905 3042 959 alios
3072 904 3228 967 doce,
3258 913 3309 955 et
3345 904 3481 956 inter

1933 1018 2028 1057 vos
2065 1002 2199 1078 alter
2228 1001 2481 1064 alterum,
2514 999 2603 1067 qui
2629 1000 2681 1052 in
2712 1013 2800 1054 me
2846 997 3094 1068 creditis,
3128 997 3174 1051 si
3226 996 3483 1052 salvatio-

1936 1109 2058 1148 nem
2098 1091 2388 1162 exaptatis,
2431 1105 2752 1157 mecumque
2806 1091 2858 1145 in
2914 1088 3108 1143 saecula
3156 1089 3483 1158 sempiterna

1937 1185 2186 1240 habitare
2211 1183 2399 1238 vultis.
2438 1180 2494 1236 Si
2519 1180 2772 1246 renuitis,
2803 1190 2855 1235 et
2881 1179 3262 1250 indignamini,
3297 1188 3350 1235 et
3393 1179 3486 1234 de-

1935 1278 2102 1332 decus
2135 1273 2563 1344 interpretamini
2596 1273 2698 1327 ista
2733 1271 2865 1342 pati,
2893 1281 2943 1327 et
2985 1271 3282 1336 contemni,
3311 1281 3363 1325 et
3389 1285 3485 1340 pro

1938 1366 2213 1423 mandatis
2256 1366 2390 1420 meis
2440 1363 2650 1419 animas
2681 1379 2902 1433 ponere,
2934 1361 3066 1434 quid
3113 1377 3244 1434 ergo
3277 1361 3490 1417 discere

1937 1455 2206 1528 quieritis,
2237 1456 2510 1525 quomodo
2540 1470 2634 1510 vos
2658 1456 2854 1510 salvari
2890 1461 3159 1525 Oporteat,
3186 1462 3240 1510 et
3290 1453 3489 1524 quibus

1939 1548 2244 1605 actionibus
2286 1548 2416 1602 mihi
2442 1546 2851 1603 conciliemini?
2889 1547 3018 1616 quid
3057 1547 3269 1601 tandem
3320 1546 3486 1601 Deum

1940 1647 2183 1696 vestrum
2214 1654 2297 1694 me
2328 1638 2658 1709 appellatis?
2686 1637 2817 1705 quid
2865 1639 2994 1694 item
3032 1653 3127 1692 vos
3159 1638 3212 1691 in
3243 1652 3326 1692 me
3368 1653 3490 1692 cre-

1940 1733 2070 1788 dere
2100 1731 2422 1802 insipienter
2471 1731 2856 1786 arbitramini?
2887 1730 2996 1802 Ego
3034 1730 3233 1800 quippe
3261 1730 3376 1783 hinc
3405 1745 3491 1782 vc-

1943 1835 2054 1880 stra
2089 1839 2256 1880 causa
2313 1825 2511 1889 libens,
2557 1839 2619 1879 ac
2670 1831 2865 1896 sponte
2913 1839 3203 1895 perpessus
3241 1837 3382 1888 sum,
3439 1823 3492 1875 in

1940 1929 2157 1972 crucem
2200 1925 2379 1979 actus,
2433 1915 2864 1972 facinorosorum
2921 1923 3150 1972 mortem
3190 1915 3340 1980 obii;
3375 1915 3492 1985 glo-

1941 2009 2132 2076 riaque
2162 2007 2377 2073 mundi,
2411 2009 2546 2072 vita,
2601 2008 2882 2080 splendor,
2933 2015 3272 2064 mortuorum
3309 2021 3492 2063 resur-

1939 2101 2127 2161 rectio,
2178 2099 2416 2154 onmium
2457 2099 2508 2163 in
2552 2117 2637 2156 me
2660 2101 2994 2161 credentium
3043 2100 3306 2170 gloriatio,
3342 2099 3494 2153 indu-

1941 2200 2181 2245 mentum
2238 2189 2689 2256 immortalitatis,
2744 2199 2797 2246 et
2852 2191 3218 2245 deiﬁcationis
3293 2189 3494 2258 probra

1940 2295 2082 2343 mea,
2118 2288 2180 2335 et»
2211 2296 2356 2335 mors
2403 2282 2766 2351 ignominiosa
2819 2283 2959 2338 facta
2992 2289 3141 2337 sunt.
3182 2281 3364 2347 Quare
3403 2280 3494 2348 qui

1940 2372 2276 2428 venerabiles
2307 2372 2593 2442 passiones
2632 2389 2779 2429 meas
2827 2373 3124 2434 imitantur,
3156 2373 3316 2427 etiam
3355 2373 3493 2425 divi-

1941 2463 2126 2517 nitatis
2159 2479 2290 2518 mea:
2325 2479 2631 2527 consortes,
2677 2473 2732 2519 et
2777 2464 2926 2537 regni
2973 2464 3077 2518 mei
3109 2464 3370 2529 haeredes,
3403 2463 3496 2519 bu-

1941 2568 2244 2624 norumque
2271 2551 2413 2610 nulla
2441 2556 2621 2627 lingua
2656 2555 3083 2612 enarrandorum
3114 2555 3493 2625 exprimendo-

1941 2660 2174 2714 rumque
2226 2646 2362 2701 socii
2415 2647 2565 2711 fient,
2624 2654 2679 2701 et
2734 2661 2943 2702 mecum
3000 2646 3054 2700 in
3107 2648 3493 2716 sempiternum

1943 2745 2124 2792 erunt.
2153 2737 2390 2794 Caeteros
2419 2738 2542 2807 quis
2583 2754 2691 2793 non
2713 2738 2946 2794 deﬂeat?
2984 2739 3111 2810 quis
3133 2754 3241 2793 non
3275 2739 3502 2808 lugeat?

1944 2829 2066 2897 quis
2107 2844 2214 2885 non
2251 2845 2314 2885 ex
2351 2829 2730 2899 compassione
2760 2831 2937 2887 cordis
2973 2831 3238 2903 lacrymas
3265 2830 3496 2888 fundat?

1941 2923 2063 2991 quis
2086 2936 2332 2993 magnam
2357 2937 2546 2977 eorum
2583 2922 2938 2977 stoliditatem
2967 2939 3072 2977 non
3119 2925 3489 2978 lamentetur?

1941 3015 2377 3085 quandoquidem
2405 3015 2620 3070 deserta
2667 3017 2778 3069 vita
2815 3016 3026 3085 seipsos
3056 3017 3218 3071 morti
3253 3018 3491 3071 tradide-

1942 3115 2087 3170 runt,
2130 3122 2160 3160 a
2194 3106 2302 3161 Deo
2345 3106 2635 3161 infeliciter
2691 3107 2948 3177 abrupti;
3003 3123 3032 3162 a
3061 3123 3291 3176 quorum
3344 3116 3504 3179 parte

281 3199 339 3253 in
376 3215 462 3255 me
486 3201 799 3268 inveniens,
843 3217 967 3257 cum
1003 3204 1142 3258 nihil
1180 3220 1358 3262 meum
1391 3207 1460 3262 sit
1489 3209 1543 3263 in
1580 3209 1710 3275 vita,
1746 3211 1837 3264 sed

1947 3199 2116 3254 libera
2149 3214 2235 3252 me
2265 3209 2320 3254 tu
2361 3200 2589 3255 Domine
2619 3202 2884 3267 omnium,
2941 3214 3136 3270 meque
3193 3201 3492 3271 abjectum,

280 3289 467 3345 omnia
493 3292 587 3346 tibi
614 3292 884 3360 serviant,
923 3309 1105 3349 omnia
1159 3297 1275 3351 sint
1314 3313 1574 3353 manuum
1622 3308 1838 3356 tuarum

281 3396 478 3450 opera,
515 3382 774 3453 majorem
807 3384 862 3439 in
899 3384 1119 3446 modum
1153 3387 1361 3456 pudore
1392 3388 1698 3456 suﬂ‘undor,
1727 3393 1842 3445 val-

278 3476 458 3546 deque
483 3479 789 3542 excrucior,
823 3487 876 3534 et
909 3479 1118 3537 discere
1148 3484 1430 3553 percupio,
1464 3486 1591 3555 quid
1634 3487 1840 3542 facien-

278 3568 410 3622 dum
442 3568 514 3622 sit
544 3576 602 3622 ut
627 3570 802 3636 colam
847 3577 920 3633 te,
953 3579 1011 3626 ut
1054 3575 1294 3640 placeam
1349 3569 1468 3640 tibi,
1505 3591 1614 3644 quo
1655 3591 1840 3631 coram

277 3658 513 3714 terribili
546 3656 802 3715 tribunali
859 3669 952 3716 tuo
987 3660 1041 3716 in
1089 3661 1178 3717 die
1201 3662 1396 3731 judicii
1439 3664 1840 3723 damnationem

275 3752 553 3823 effugiam.

351 3842 495 3920 Audi
541 3844 668 3913 quid
701 3844 886 3912 facias,
922 3845 1241 3916 quicunque
1294 3846 1589 3903 salvandus
1617 3863 1699 3912 es,
1732 3848 1841 3904 imo

275 3948 412 3989 vero
437 3941 495 3988 tu
525 3942 650 3989 ante
681 3950 895 4002 omnes,
927 3939 1020 4006 qui
1053 3951 1140 3992 me
1170 3952 1351 4009 rogas.
1395 3937 1568 3994 Ilodie
1603 3947 1656 3995 te
1682 3925 1841 3994 rmor-

271 4027 436 4078 tuum
475 4041 599 4080 esse
629 4034 794 4095 puta;
832 4028 997 4082 hodie
1045 4029 1435 4095 renuntiaSse;
1481 4029 1641 4086 hodie
1669 4039 1839 4086 totum

276 4117 903 4198 mundumreliquisse;
940 4118 1103 4177 hodie
1132 4107 1384 4187 amicos,
1409 4130 1695 4191 cognatos,
1725 4139 1841 4178 om—

276 4224 399 4264 nem
433 4210 622 4261 vanam
650 4209 887 4278 gloriam
918 4211 1195 4278 deserens,
1225 4213 1386 4267 simul
1413 4212 1836 4270 sollicitudinem

277 4311 464 4354 rerum
527 4297 850 4353 inferiorum
909 4314 1053 4368 pone
1110 4300 1397 4369 funditus,
1458 4303 1841 4375 sublatamque

276 4405 499 4445 crzsem
533 4402 678 4444 tuam
714 4391 766 4445 in
801 4390 1063 4455 humeros
1093 4401 1242 4451 arcte
1271 4395 1606 4466 constringe,
1638 4404 1690 4452 et
1719 4411 1837 4451 eam

276 4494 451 4548 usque
486 4480 550 4534 ad
576 4480 776 4536 exitum
805 4483 930 4538 vitae
961 4481 1162 4552 bajula.
1190 4481 1427 4540 Labores
1459 4485 1838 4553 tentationum,

1948 3300 2111 3358 atque
2143 3291 2392 3345 ultimum
2425 3305 2707 3346 servorum
2743 3300 2960 3345 tuorum
3017 3308 3084 3346 ne
3115 3305 3340 3362 spernas
3397 3291 3494 3344 im-

1921 3380 2345 3434 ‘maculatarum
2408 3380 2828 3451 perpessionum
2903 3390 3119 3436 tuarum
3179 3381 3492 3451 participem

1924 3471 2083 3538 'ﬂeri,
2119 3461 2398 3536 utetiam,
2451 3474 2595 3528 sicut
2627 3473 2838 3539 dixisti,
2885 3474 3154 3542 particeps
3203 3475 3406 3543 gloriae,
3442 3484 3496 3529 et

1944 3562 2231 3618 suavitatis
2265 3563 2530 3618 bonorum
2567 3574 2782 3620 tuorum
2819 3564 2940 3619 liam
2971 3582 2984 3630 ;
3021 3581 3164 3620 nunc
3193 3567 3409 3636 quidem
3437 3575 3494 3620 ut

1902 3706 1906 3710 ,
1945 3652 1998 3706 in
2033 3651 2341 3723 aenigmate,
2380 3663 2429 3708 et
2463 3654 2518 3708 in
2579 3655 2773 3726 figura,
2835 3663 2889 3710 et
2947 3657 2999 3710 in
3057 3657 3280 3726 speculo
3320 3675 3332 3710 :
3367 3667 3494 3710 tunc

1945 3743 2072 3796 vero
2111 3758 2461 3813 cognoscam,
2500 3746 2636 3801 sicut
2662 3757 2713 3802 et
2743 3749 2994 3818 cognitus
3029 3763 3149 3803 sum
3185 3749 3248 3801 ³⁷.

2463 3880 2689 3937 CAPUT
2719 3881 2956 3937 XXVIII.

1946 3990 2251 4046 Gratiarum
2283 3993 2419 4046 actio
2452 3992 2520 4045 ad
2551 3991 2714 4046 Deum
2746 4007 2837 4059 pro
2877 3993 3101 4061 acceptis
3135 3993 3198 4045 ab
3238 4009 3296 4047 eo
3339 3994 3492 4048 bene-

1982 4115 1985 4118 ,
2015 4063 2191 4130 ﬁciis;
2223 4070 2272 4114 et
2305 4064 2356 4115 in
2387 4063 2670 4130 qutestione
2706 4063 2960 4130 positum,
3001 4063 3334 4130 quamobrem
3375 4071 3494 4131 per:

2015 4133 2140 4199 fecti
2192 4148 2224 4184 α
2283 4132 2610 4200 dtemonibus
2669 4132 2862 4185 tentari
2936 4133 3331 4200 permittuntur.
3391 4133 3492 4186 De-

2014 4202 2231 4268 scriptio
2279 4202 2690 4255 renuntiantium
2744 4203 2958 4266 mundo,
3016 4209 3064 4255 et
3107 4201 3392 4266 institutio,
3439 4203 3492 4255 in

2012 4286 2235 4340 persona
2259 4269 2372 4324 Dei.

2011 4383 2315 4454 Cognoscis
2349 4382 2754 4438 mendicitatem
2786 4396 2985 4446 meam,
3011 4380 3154 4437 nosti
3179 4380 3493 4446 orbitatem,

1945 4474 2053 4531 scis
2085 4472 2459 4545 solitudinem,
2501 4472 2686 4530 cernis
2735 4472 3187 4534 imbecillitatem.
3234 4480 3287 4528 et
3319 4473 3495 4542 impo-

279 4571 499 4626 dolores
577 4573 1028 4644 tribulationum,
1093 4582 1147 4629 et
1216 4576 1587 4630 molestiarum
1655 4577 1838 4632 clavos
1870 4557 1914 4616 υ
1946 4566 2166 4622 tentiam
2193 4581 2394 4631 meam.
2437 4564 2526 4637 qui
2569 4579 2658 4620 me
2705 4563 2911 4618 tinxisti
2968 4562 3111 4644 Deus
3151 4577 3336 4630 meus;
3380 4579 3491 4618 non

276 4676 495 4717 summo
527 4663 723 4733 gaudio
753 4664 965 4734 excipe,
995 4675 1053 4718 ut
1082 4680 1337 4721 coronam
1369 4666 1572 4734 gloriae.
1608 4667 1840 4738 Inj'uria-

279 4769 401 4809 rum
434 4753 640 4810 lanceis
702 4744 950 4810 eoniixus
991 4755 1044 4809 in
1099 4756 1283 4819 horas,
1340 4764 1393 4811 et
1439 4757 1586 4810 omni
1645 4772 1840 4826 genere

277 4845 700 4916 ignominiarum
761 4846 1027 4928 acerrime
1081 4846 1371 4916 lapidatus,
1435 4847 1690 4918 laerymis
1741 4862 1839 4918 pro

276 4938 545 5006 sanguine
595 4936 854 5009 profusis,
901 4947 1108 5009 martyr
1156 4938 1286 5004 eris,
1333 4936 1740 5008 illusionesque,
1783 4946 1840 4993 et

276 5029 465 5099 alapas
493 5026 668 5082 ferens
700 5029 881 5083 animo
910 5029 1236 5098 gratissimo,
1274 5029 1597 5094 divinitatis,
1630 5037 1684 5085 et
1715 5031 1834 5101 glo-

277 5122 373 5175 riae
413 5135 548 5174 mea:
591 5134 819 5174 consors
855 5120 970 5174 lies.
1021 5119 1178 5186 Quod
1227 5113 1273 5175 si
1318 5123 1547 5190 telpsum
1589 5122 1833 5177 omnium

275 5218 610 5286 postremum
681 5210 899 5276 feceris,
959 5226 1319 5283 servumque,
1374 5227 1437 5268 ac
1499 5203 1830 5276 ministrum,

275 5308 464 5374 postea
499 5303 729 5371 primum
763 5302 1003 5357 omnium
1028 5314 1077 5360 te
1106 5304 1348 5369 reddam,
1384 5304 1832 5381 quemadmodum

278 5394 525 5464 promisi.
558 5394 614 5448 Si
648 5395 920 5459 inimicos,
947 5405 999 5450 et
1029 5410 1219 5451 omnes
1259 5396 1507 5450 odientes
1539 5404 1591 5450 te
1629 5396 1835 5451 dilexe-

277 5487 456 5550 ris,.et
493 5501 592 5556 pro
624 5486 905 5553 injuriosis
939 5487 992 5540 in
1046 5496 1097 5543 te
1148 5488 1414 5549 oraveris,
1464 5486 1680 5556 illisque
1738 5499 1834 5555 pro

277 5577 489 5648 viribus
519 5576 628 5631 tuis
670 5575 1023 5644 benefeceris,
1073 5579 1266 5633 similis
1318 5578 1562 5647 profecto
1611 5575 1832 5631 evasisti

281 5666 427 5722 Patri
463 5675 556 5722 tuo
584 5655 888 5732 altissimo;
938 5677 989 5724 et
1049 5669 1172 5725 hinc
1227 5686 1417 5740 purum
1451 5684 1546 5724 cor
1580 5669 1829 5738 adeptus,

341 5849 384 5881 ³⁷
407 5847 423 5902 l
450 5847 577 5904 Cor.
605 5860 725 5911 xm,
759 5845 835 5899 l2.

1941 4661 2182 4728 ignoras.
2213 4657 2461 4728 inquam,
2496 4656 2592 4712 sed
2624 4655 2828 4726 aspicis
2861 4663 2940 4721 tu,
2978 4665 3032 4711 tu
3064 4655 3248 4711 omnia
3285 4671 3488 4725 cogno-

1943 4749 2071 4803 scis.
2110 4743 2245 4802 Vide
2275 4762 2374 4801 cor
2399 4747 2767 4814 humiliatum,
2791 4746 2913 4802 vide
2935 4749 3256 4811 contritum,
3287 4746 3412 4801 vide
3434 4756 3492 4800 ut

1943 4839 2413 4907 desperabundum
2446 4839 2510 4892 ad
2554 4850 2605 4893 te
2648 4839 3017 4903 accedentem,
3066 4847 3120 4892 et
3171 4843 3240 4892 da
3271 4853 3332 4892 ex
3382 4838 3489 4891 alto

1941 4930 2170 5000 gratiam
2202 4936 2376 4993 tuam;
2399 4927 2464 4981 da
2497 4926 2737 4981 divinum
2767 4924 3007 4994 Spritum
3028 4934 3214 4990 tuum;
3249 4925 3338 4990 da,
3369 4924 3492 4978 Sal-

1941 5028 2118 5085 vator,
2152 5017 2514 5083 Paracletum;
2551 5015 2702 5069 mitte
2734 5017 2876 5070 sicut
2898 5015 3221 5085 promisisti,
3258 5016 3409 5069 mitte
3438 5025 3491 5068 et

1943 5125 2088 5166 nunc
2119 5109 2295 5180 ipsum
2334 5123 2438 5163 una
2475 5107 2743 5162 assidenti
2779 5108 2832 5160 in
2865 5106 3147 5175 superiore
3184 5107 3487 5167 caenaculo,

1940 5216 2126 5256 revera
2149 5200 2281 5255 mihi
2318 5199 2579 5255 eminenti
2631 5211 2797 5267 supra
2841 5211 2927 5251 res
2965 5205 3210 5252 terrenas
3241 5203 3296 5250 et
3327 5211 3490 5265 supra

1940 5299 2115 5363 totum
2141 5290 2424 5354 mundum,
2457 5296 2511 5343 et
2535 5295 2588 5342 te
2621 5286 2908 5357 quaerenti,
2931 5294 3194 5355 tuumque
3225 5285 3488 5354 Spiritum

1941 5381 2294 5452 prmstolanti.
2310 5379 2387 5434 Ne
2405 5377 2858 5450 igiturcuncteris
2873 5377 3204 5442 misericors,-
3217 5390 3284 5430 ne
3303 5375 3488 5445 despi-

1940 5473 2052 5527 cias
2098 5473 2416 5536 miseratur,
2466 5485 2534 5525 ne
2576 5469 2920 5536 obliviscaris
2950 5468 3166 5523 sitiente
3218 5468 3399 5521 anima
3433 5474 3485 5519 te

1940 5571 2292 5633 quaerentem,
2326 5571 2377 5617 et
2411 5577 2479 5617 ne
2516 5560 2777 5618 excludas
2809 5558 2977 5629 gloria
3015 5559 3154 5612 hunc
3185 5559 3486 5627 indignum,

1941 5656 2075 5713 neve
2111 5653 2437 5712 abomineris
2473 5667 2580 5720 me,
2616 5667 2718 5709 neu
2746 5650 2984 5707 deseras.
3021 5648 3242 5704 Viscera
3271 5655 3360 5700 tua
3390 5644 3488 5699 ob-
