2068 3169
311 171 359 204 56⁵1

918 171 1111 203 SYMEONIS
1129 170 1314 203 IUNIOBIS

1870 170 1926 203 568

311 231 407 264 tendo,
432 229 650 258 misericordiam
675 231 749 256 tuam
765 228 878 264 objicio,
895 233 922 257 et
938 228 1093 265 henignita-
1109 233 1129 261 Α
1144 235 1173 259 et
1197 238 1258 259 cum
1277 234 1305 258 te
1329 229 1451 258 immissa
1480 228 1717 265 pusillanimitate,
1739 236 1771 257 ac
1795 228 1926 265 despera-

311 282 364 304 tem
383 281 458 304 tuam
477 275 657 310 interpretem
674 280 764 302 meam
779 277 862 309 atque
876 274 1093 303 conciliatricem

311 322 359 351 libi
393 321 488 350 oliero.
520 320 582 349 Non
605 320 748 354 laboravi,
784 326 839 348 non
867 320 981 357 pra-stiti
1010 327 1094 356 opera

310 369 439 405 iustitiae,
452 375 593 403 nunquam
607 366 714 395 servavi
724 367 811 395 ullum
823 367 981 395 mandatum
997 371 1072 394 tuum
1086 375 1094 394 :

313 415 362 444 sed
380 415 465 443 vitam
492 421 581 442 meam
609 421 719 442 omnem
745 413 900 446 luxuriose,
929 420 963 441 ae
990 412 1097 448 perdite

313 460 442 489 transivi.
464 460 660 488 Verumtamen
676 466 732 487 non
746 467 777 488 es
790 467 834 488 me
846 462 1011 495 aspernatus
1025 467 1033 491 ;
1047 458 1096 487 sed

314 506 461 543 quaesitum
478 505 622 539 invenisti.
648 510 785 534 errantem
802 512 817 533 a
834 506 879 534 via
895 504 999 538 erroris
1050 513 1096 534 re-

315 553 435 586 duxisti;
452 556 480 580 et
492 559 556 580 cum
579 560 622 580 me
639 560 688 588 per
706 552 796 580 lumen
815 551 909 587 gratiae
934 555 987 582 tuae
1001 549 1098 577 hume-

315 600 354 627 ris
368 599 422 627 tuis
440 599 628 626 immaculatis
651 599 799 626 miseratus
816 597 1006 633 imposuisses,
1032 603 1098 631 por—

315 645 390 677 tasti,
410 653 458 673 nec
474 644 697 680 defatigationem
719 644 802 671 ullam
827 643 930 672 sentire
946 650 988 670 me
1001 650 1098 678 passus

316 699 368 719 es:
390 699 485 718 verum
505 695 636 726 tauquam
656 691 683 718 in
702 697 798 722 curru,
814 689 1000 717 autvehiculo
1020 688 1099 723 quie-

316 743 453 770 scentem,
483 738 584 766 dedisti
618 737 737 764 molliter
752 744 801 772 per
824 736 883 764 vias
909 743 1023 771 asperas
1049 736 1100 762 iter

318 791 459 820 peragere,
476 784 564 811 donec
579 784 606 811 in
623 784 729 811 caulam
746 782 838 810 ovium
852 786 961 809 tuarum
974 781 1100 809 restitui-

318 831 366 862 sti.
383 835 410 859 et
426 830 536 858 famulis
552 831 606 858 tuis
620 829 783 865 aggregasti.
797 828 1013 856 Miscricordiam
1023 833 1100 855 tuam

318 878 448 912 pradico,
462 877 666 906 miserationem
688 876 780 908 laudo,
793 875 896 911 gratias
910 882 971 911 ago,
989 879 1015 901 et
1029 874 1102 901 divi-

319 926 372 952 tias
385 924 523 953 -bonitatis
541 929 594 952 tua:
609 923 742 951 admiror.
759 922 828 950 Cum
846 922 929 957 porrd
939 922 966 949 in
982 926 1008 949 te
1024 928 1103 948 recu-

320 971 439 1003 buerim,
456 975 484 998 ut
504 970 622 1001 narravi,
648 969 729 997 etiam
753 976 825 996 nunc
849 968 920 1003 apud
936 972 963 995 te
979 975 1055 999 sum,
1073 971 1103 994 ut

320 1019 401 1051 puto;
413 1020 487 1044 totus
507 1023 603 1051 servus
628 1019 701 1047 tuus,
723 1014 874 1049 aﬂixusque
888 1014 995 1045 lumini,
1013 1016 1039 1040 et
1057 1012 1104 1040 tibi

320 1062 518 1098 agglutinatus.
550 1065 576 1089 et
597 1060 736 1089 desiderio
767 1060 806 1087 tui
835 1060 935 1092 victus,
959 1063 986 1086 et
1012 1065 1105 1085 amore

322 1108 505 1144 compeditus,
522 1107 624 1138 lmreo.
642 1107 822 1142 obstupesco,
838 1110 864 1133 et
883 1104 1042 1139 perspicere
1055 1111 1104 1131 ne-

323 1162 405 1189 queo,
434 1161 520 1189 quare
547 1152 694 1180 tribulatio
719 1153 836 1187 attingat
861 1151 990 1179 miseram
1018 1156 1106 1177 meam

324 1202 464 1234 animam;
491 1207 577 1235 quare
598 1199 710 1227 tristitia
732 1198 881 1230 subintret,
899 1204 985 1232 quare
1002 1203 1046 1223 me
1065 1200 1107 1223 lo-

325 1253 382 1275 tum
406 1246 575 1279 conturbet;
595 1252 683 1280 quare
707 1252 750 1272 me
775 1244 863 1279 privet
888 1242 1033 1271 dulcedine
1060 1245 1107 1268 tua

325 1293 408 1325 Deus,
425 1297 452 1320 et
469 1300 483 1319 a
501 1291 602 1327 gaudio
617 1290 760 1319 abstrahat
786 1293 961 1317 terrenorum
985 1286 1107 1314 afflictio.

325 1339 394 1367 Num
411 1346 453 1366 me
470 1342 613 1372 tantopere
628 1337 746 1372 lapsum,
762 1340 788 1364 et
805 1340 918 1371 peccato
931 1334 1107 1364 obstrictum,

326 1390 372 1413 aut
389 1385 452 1420 quia
468 1389 493 1412 te
508 1384 542 1412 ad
558 1385 625 1411 iram
640 1383 752 1419 gravius
768 1378 1109 1413 concitarim,boueChri-

328 1437 379 1464 ste,
398 1431 542 1466 relinquis,
561 1434 592 1458 ut
613 1429 733 1464 amplius
750 1427 900 1456 contrister
917 1434 998 1462 quam
1017 1429 1108 1456 antea,

328 1478 437 1514 quando
454 1477 546 1504 anima
562 1483 622 1503 mea
638 1474 777 1502 serviebat
800 1472 965 1501 turbulentis
990 1471 1112 1498 alieclio-

330 1524 430 1552 nibus?
447 1523 504 1555 Dic,
517 1527 543 1550 et
554 1522 622 1550 doce
639 1529 683 1549 me
698 1519 920 1555 nunc'profunda
934 1518 1037 1553 judicia
1053 1521 1111 1545 tua.

1145 277 1222 306 tione
1236 277 1382 305 vulnerare
1397 280 1545 309 conentur,
1561 283 1609 311 spe
1628 279 1675 303 tua
1685 276 1760 305 velut
1777 274 1887 304 emissis
1899 275 1927 304 in

1146 325 1221 361 ipsos
1236 324 1337 358 iaculis
1351 323 1544 352 vulnerentur.
1571 322 1716 350 iracundia
1739 325 1777 355 te,
1793 326 1825 350 ut
1839 320 1928 358 pugil-

1146 371 1203 399 latu
1230 372 1432 405 oppugnantes,
1455 372 1484 396 et
1513 367 1540 396 in
1572 367 1694 395 furorem
1717 366 1928 402 impellentem.

1147 415 1358 445 mansuetudine
1374 420 1421 443 tua
1440 414 1467 442 in
1483 414 1582 442 faciem
1601 413 1695 449 alapas
1711 412 1858 449 accipiant,
1880 419 1930 440 es-

1148 467 1245 499 traque
1259 462 1371 491 domum
1389 467 1462 490 tuam
1477 460 1573 497 procul
1587 458 1745 499 ejiciantur.
1759 458 1830 487 Num
1845 457 1930 492 enim,

1148 514 1180 538 ut
1194 508 1261 541 dixi,
1286 508 1389 540 infans,
1409 511 1456 535 aut
1476 511 1543 542 puer
1558 502 1674 541 pusillus
1693 503 1741 532 es?
1753 511 1818 532 num
1841 503 1932 531 adhuc

1150 561 1176 584 te
1190 555 1365 583 imbecillitas
1377 553 1461 581 animi
1477 552 1572 580 tenet?
1584 551 1653 579 Num
1670 551 1751 579 etiam
1765 551 1846 580 modo
1857 557 1933 578 mens

1151 602 1198 630 tibi
1215 602 1248 630 ad
1262 600 1440 630 obnitendum
1467 598 1572 626 inﬁrma
1592 598 1653 626 est?
1671 596 1749 625 Nosti
1762 601 1790 625 et
1809 596 1933 626 inimicos

1150 648 1254 684 fugere,
1267 651 1294 675 et
1308 653 1416 674 rursum
1430 645 1540 673 eosdem
1550 643 1670 672 vincere.
1688 642 1756 670 Nam
1767 646 1794 671 et
1809 648 1934 677 pugnans

1152 702 1194 722 me
1211 694 1375 727 adiutorem,
1392 699 1423 719 ac
1437 692 1621 722 defensOrem,
1638 694 1664 717 et
1678 688 1768 723 fugam
1786 694 1934 723 capessens

1152 748 1195 768 me
1206 739 1325 768 validum
1344 746 1376 766 ac
1393 742 1481 765 tutum
1499 739 1686 773 tegumentum
1701 734 1796 762 habes.
1813 732 1934 770 ﬁtquid-

1152 794 1227 819 nam,
1245 785 1354 817 amabo,
1370 788 1543 812 terrenorum
1565 782 1681 810 istorum
1708 779 1865 808 mmstitiam
1886 777 1937 806 tibi

1154 832 1299 868 apportet?
1315 832 1428 863 Aurum,
1443 837 1477 857 an
1500 833 1656 863 argentum,
1680 835 1714 855 an
1729 825 1843 862 pretiosi
1871 824 1939 859 lapi-

1155 879 1223 907 des?
1236 882 1263 906 et
1282 878 1345 913 quis
1367 877 1438 912 lapis
1455 883 1498 903 me
1521 875 1661 911 fulgidior,
1689 869 1818 908 aut<quis
1836 871 1938 900 clarius

1154 924 1247 952 lucet?
1268 924 1299 950 Et
1314 927 1405 950 tamen
1420 921 1483 957 quis
1497 920 1578 956 lapis,
1595 922 1626 947 ut
1640 926 1702 955 ego,
1728 918 1755 946 in
1770 917 1846 946 nulla
1864 915 1939 944 esti-

1155 969 1274 997 matione
1290 967 1419 1004 penitus?
1443 966 1483 994 An
1499 974 1564 993 vero
1592 972 1722 999 agrorum
1746 963 1871 996 amissio,
1894 966 1941 1004 aut

1156 1016 1269 1052 penuria
1283 1015 1417 1046 alimenti,
1442 1019 1488 1041 aut.
1503 1012 1621 1041 defectio
1635 1012 1691 1039 vini
1709 1011 1822 1039 omnino
1840 1013 1866 1039 te
1884 999 1942 1038 dis-

1156 1059 1400 1094 cruciatithuis
1415 1058 1486 1086 alius
1497 1057 1642 1093 paradisus
1667 1061 1710 1084 est
1738 1055 1791 1084 mei
1820 1053 1942 1084 similis?

1156 1111 1203 1135 aut
1217 1106 1283 1142 quid
1302 1114 1350 1142 par
1364 1106 1466 1133 habent
1476 1104 1534 1132 haec
1549 1103 1692 1134 inferiora,
1705 1105 1733 1129 et
1748 1101 1851 1129 caduca
1862 1103 1944 1129 terra

1157 1153 1286 1181 mitium?
1314 1151 1382 1185 Quis
1407 1155 1498 1178 autem
1524 1149 1605 1185 panis
1631 1149 1658 1176 in
1679 1147 1782 1176 mundo
1799 1145 1874 1177 talis.
1895 1149 1944 1174 aut

1158 1199 1230 1234 quod
1244 1198 1338 1226 vinum
1354 1197 1475 1225 conferri
1499 1199 1589 1231 potest
1604 1201 1666 1222 cum
1683 1195 1770 1229 gratia
1791 1199 1863 1225 mea,
1879 1199 1943 1220 cum

1159 1246 1252 1286 divino
1269 1244 1380 1280 spiritu,
1395 1250 1457 1271 cum
1479 1249 1549 1277 pane
1569 1242 1641 1274 vitae,
1656 1248 1737 1277 quem
1751 1247 1802 1274 ego
1816 1239 1864 1273 do,
1880 1245 1943 1266 cor-

1160 1284 1211 1329 pus
1225 1292 1330 1321 scilicet
1343 1295 1372 1319 et
1387 1289 1550 1325 sanguinem
1577 1296 1678 1320 meum,
1699 1287 1776 1323 puris
1798 1284 1894 1319 corde,
1918 1289 1944 1312 et

1160 1339 1311 1366 indubitata
1326 1337 1390 1367 fide,
1404 1343 1465 1363 cum
1482 1335 1591 1366 timore,
1607 1337 1635 1361 et
1647 1337 1767 1360 tremore
1779 1329 1946 1358 manducan-

1162 1385 1246 1418 tibus,
1262 1387 1289 1411 et
1305 1381 1461 1410 bibentibus
1473 1387 1526 1414 qua
1538 1377 1690 1409 intellectu,
1703 1384 1756 1412 qua
1771 1383 1855 1404 sensu
1864 1375 1876 1402 τ
1886 1381 1947 1410 qm

1161 1429 1275 1463 deliciae,
1289 1427 1361 1463 quod
1381 1426 1523 1462 gaudium,
1539 1432 1598 1461 quze
1615 1424 1712 1464 gloria,
1734 1429 1840 1457 quasso,
1857 1420 1947 1455 major

1163 1481 1204 1505 est
1218 1476 1244 1503 in
1268 1475 1361 1506 terris,
1373 1480 1454 1509 quam
1473 1480 1518 1500 me
1539 1472 1629 1500 solum
1653 1469 1768 1503 intueri,
1787 1475 1831 1497 me
1858 1466 1947 1495 solum

1165 1531 1212 1558 per
1225 1521 1367 1557 speculum
1384 1521 1411 1548 in
1428 1519 1571 1554 aenigmate
1582 1515 1787 1551 contemplari?
1808 1517 1836 1542 et
1856 1513 1948 1543 selum

331 1571 388 1602 Dic.
410 1575 438 1598 ct
453 1577 486 1598 ne
506 1568 653 1597 detesteris
676 1568 833 1602 loquentem
851 1573 904 1599 me,
923 1565 1049 1600 quamvis
1070 1564 1111 1591 in-
1127 1576 1148 1604 ο
1165 1577 1232 1597 mea;
1246 1569 1338 1604 gloria,
1355 1567 1490 1602 fulgorem
1510 1565 1644 1600 aspicere,
1658 1562 1761 1599 perque
1777 1561 1868 1599 ipsum
1879 1559 1948 1592 hac,

331 1617 431 1651 dignus
446 1615 497 1643 sim
513 1615 558 1650 qui
576 1615 686 1649 loquar,
707 1619 738 1641 tu
749 1613 796 1649 qui
816 1612 953 1648 quondam
970 1619 1032 1639 cum
1048 1617 1110 1645 pec.

332 1663 482 1695 caloribus,
501 1666 527 1690 ct
542 1661 736 1690 meretricibus
750 1660 846 1695 epulas
879 1658 977 1690 iniisti,
1002 1662 1030 1684 et
1051 1664 1111 1683 cum

332 1710 419 1738 asotia
437 1716 469 1736 ac
484 1708 639 1744 publicanis
658 1704 816 1734 camavisti.
841 1704 881 1731 Ad
908 1703 966 1731 haec
982 1702 1113 1730 Dominus

334 1762 411 1782 mens
424 1754 496 1780 hunc
512 1753 539 1780 in
556 1752 665 1780 modum
682 1750 824 1785 respondit
838 1760 845 1777 :

370 1799 448 1827 Nosti
474 1797 705 1834 quemadmodum
722 1804 772 1831 ego
789 1801 839 1824 tee
854 1794 954 1822 mundo
972 1802 1003 1834 ac
1021 1794 1116 1821 infan-

334 1851 387 1874 tem
406 1847 475 1874 inter
486 1845 565 1873 ulnas
574 1847 746 1879 asportatum
765 1841 940 1880 gestaverim.
959 1832 1016 1875 Ego
1030 1844 1115 1868 totum

336 1900 361 1923 te
376 1893 470 1921 fasciis
485 1891 657 1920 involvebam
669 1894 695 1918 et
711 1890 782 1917 lacte
802 1888 971 1919 nutriebam,
990 1887 1035 1914 cui
1055 1887 1116 1913 nul-

336 1940 473 1968 luscihus
498 1943 635 1974 potusque
663 1934 817 1970 comparari
838 1937 947 1969 potest;
974 1940 1017 1960 res
1045 1932 1117 1958 enim

336 1995 402 2015 mete
418 1984 614 2014 inscrutabiles
630 1982 754 2014 omnino,
767 1987 794 2009 et
812 1978 1025 2015 inexplicabiles
1042 1982 1116 2005 sunt.

337 2034 489 2068 Paedagogo
506 2035 531 2059 te
549 2029 739 2058 commendavi
758 2028 825 2063 (scis
848 2033 930 2062 quem
951 2025 1052 2058 dicam)
1073 2023 1118 2058 qui

338 2087 364 2107 te
375 2084 404 2106 ut
420 2084 533 2114 parvum
551 2083 678 2111 puerum.
696 2075 722 2101 in
738 2076 821 2101 horas
837 2075 1021 2104 crescentem,
1037 2077 1119 2098 cura-

339 2128 376 2154 vit
393 2125 517 2161 pulchre,
535 2128 563 2152 et
588 2127 619 2150 ut
636 2122 739 2154 decuit,
755 2120 895 2149 educavit.
912 2118 1010 2146 Postea
1032 2117 1122 2145 factus

341 2181 369 2200 cs
384 2171 518 2207 ephebus,
544 2169 610 2204 quin
626 2168 710 2197 etiam
733 2166 947 2195 adolescentiam
962 2172 992 2193 es
1013 2164 1121 2199 ingres-

341 2227 399 2251 sus,
411 2225 499 2252 neque
510 2216 614 2248 nescis,
632 2214 769 2250 quomodo
782 2219 891 2248 semper
908 2215 997 2239 tecum
1011 2209 1118 2240 fuerim,

1167 1620 1194 1644 et
1209 1615 1251 1643 his
1268 1614 1346 1650 plura
1361 1611 1464 1644 doceri,
1483 1614 1568 1639 etme
1581 1608 1753 1642 Deum’esse,
1777 1605 1950 1635 conditorem

1167 1661 1288 1689 omnium
1306 1658 1425 1694 perfecte
1439 1658 1521 1689 scire,
1537 1661 1562 1683 et
1582 1654 1742 1689 intelligere,
1765 1651 1904 1680 hominem
1923 1650 1952 1678 in

1169 1705 1230 1733 lacu
1244 1703 1461 1740 profundissimo
1475 1701 1628 1732 sedentem,
1652 1705 1757 1738 mecum
1783 1697 1811 1725 in
1835 1695 1953 1732 gratiam

1170 1752 1338 1782 restitutum,
1369 1753 1397 1777 et
1425 1748 1484 1777 sine
1516 1745 1660 1775 intervallo
1687 1748 1717 1772 ut
1748 1743 1866 1770 amicum
1890 1747 1954 1769 cum

1171 1798 1260 1825 amico
1276 1795 1404 1830 colloqui,
1423 1792 1653 1821 mercenariorum
1671 1788 1769 1817 ordine
1787 1789 1953 1823 exemptum,

1172 1843 1263 1872 servili
1274 1843 1372 1870 timore
1385 1841 1513 1871 liberum.
1526 1839 1586 1867 sine
1600 1837 1693 1864 labore
1702 1834 1768 1862 mihi
1777 1831 1955 1864 servientem,

1172 1888 1304 1917 charitate
1320 1894 1363 1914 me
1378 1886 1524 1916 colentem.
1539 1881 1695 1911 obedientia
1709 1878 1899 1908 mandatorum
1914 1875 1956 1903 fa-

1173 1934 1356 1962 niiliaritatem
1371 1939 1458 1960 meam
1472 1932 1651 1958 consecutum
1663 1927 1676 1954 τ

1208 1979 1339 2014 Agedum,
1366 1978 1424 2006 non
1453 1976 1577 2004 mercede
1603 1973 1666 2002 mihi
1692 1971 1880 2002 servientium.
1906 1974 1959 1996 nec

1173 2026 1307 2055 serviliter
1325 2024 1358 2051 ad
1370 2021 1606 2053 me’venleniium,
1622 2019 1669 2048 sed
1685 2018 1849 2048 amicorum,
1865 2018 1894 2044 et
1908 2021 1959 2051 np-

1175 2078 1275 2103 torum,
1293 2078 1324 2098 ac
1342 2070 1459 2097 filiorum
1480 2074 1602 2095 meorum
1619 2065 1741 2093 actiones
1757 2063 1853 2098 quales
1870 2059 1961 2089 solent

1175 2124 1246 2149 esse,
1262 2115 1363 2143 litteris
1382 2113 1514 2148 consigna
1534 2111 1664 2139 breviter.
1684 2108 1818 2137 Omnibus
1836 2104 1961 2140 mortali-

1176 2163 1228 2191 bus
1243 2162 1366 2189 viliorem
1387 2167 1417 2187 se
1434 2159 1545 2187 dueere.
1568 2156 1626 2184 Non
1644 2153 1789 2183 mundanis
1813 2152 1916 2183 solum.
1934 2155 1964 2179 et

1177 2210 1205 2236 in
1223 2208 1276 2236 vita
1295 2207 1422 2242 religiosa
1439 2203 1685 2235 commilitonibus,
1701 2200 1748 2229 sed
1767 2199 1850 2227 etiam
1866 2195 1964 2225 Ethni-

341 2241 399 2251 υ--υι
412 2241 498 2252 m1"-
636 2241 679 2250 ,η
843 2241 849 2248 ,
1350 2241 1356 2242 γ

341 2269 432 2291 tecum
465 2261 630 2289 accreverim
644 2281 651 2291 .
677 2264 704 2286 te
738 2259 859 2292 undique
887 2256 1014 2288 texerim,
1037 2253 1124 2289 quoad
1142 2253 1164 2282 Ι)
1178 2255 1217 2283 cis
1231 2255 1351 2290 peiorem
1372 2260 1403 2281 se
1417 2252 1552 2280 :estimare
1572 2257 1604 2277 ex
1625 2249 1737 2278 animo;
1755 2252 1837 2274 unam
1854 2241 1964 2272 minimi

342 2309 484 2338 commode
503 2315 598 2335 omnes
624 2310 735 2333 aetatum
755 2304 855 2340 gradus
870 2302 1025 2330 excessisti.
1046 2300 1124 2328 Nunc

344 2357 428 2391 igitur
443 2354 608 2381 adolescens
626 2360 689 2380 esse
704 2359 766 2379 cum
785 2350 910 2380 desieris.
932 2352 958 2376 et
978 2348 1020 2374 vir
1040 2346 1129 2381 perfe-

344 2405 416 2433 ctus,
430 2400 486 2435 jam
503 2399 536 2426 ad
553 2402 724 2426 senectutem
746 2394 853 2425 tcndas,
871 2393 1010 2429 quomodo
1031 2392 1129 2418 etiam-

348 2455 412 2475 num
429 2451 458 2473 ut
473 2445 619 2481 puerulum
636 2447 662 2470 te
678 2443 750 2469 inter
770 2440 880 2468 brachia
895 2438 1007 2475 gestari.
1029 2445 1060 2464 ac
1074 2437 1129 2463 cir-

348 2493 479 2521 cumferri
492 2491 636 2527 postulas?
651 2487 790 2524 quotuodo
804 2488 893 2514 denuo
905 2485 998 2513 fasciis
1015 2482 1129 2513 involvi,

350 2547 381 2566 ac
396 2538 497 2573 portari
522 2535 685 2564 desideras?
706 2533 843 2568 quomodo
869 2531 938 2559 lacte
958 2529 1077 2557 educari.
1105 2532 1131 2554 et

351 2585 403 2612 sub
416 2583 562 2618 padagogo
581 2580 692 2608 vivere?
710 2584 813 2615 qumso,
832 2586 888 2605 non
922 2575 1061 2604 erubescis
1079 2575 1131 2600 ista

350 2629 463 2657 dicere?
483 2629 549 2666 Cum
563 2631 591 2653 tu
610 2630 716 2653 zetalcm
739 2624 843 2650 virilem
857 2623 954 2658 agites,
968 2621 1029 2648 aliis
1050 2619 1133 2646 mini-

351 2680 419 2706 stra,
441 2674 509 2701 alios
526 2673 632 2704 educa;
650 2678 766 2706 quarquc
783 2669 815 2696 ad
832 2670 953 2703 ipsorum
978 2667 1133 2693 incremen-

354 2727 411 2748 Iutn
428 2719 579 2755 pertinent,
604 2717 717 2752 provide
744 2720 769 2743 el
798 2722 863 2741 cura
888 2713 990 2740 omnia.
1015 2710 1135 2738 Inimicis

353 2767 463 2797 resiste,
487 2768 515 2791 et
539 2770 686 2799 percussus
707 2764 829 2795 percute.
859 2757 1002 2792 lntelligis,
1028 2756 1134 2790 opinor,

354 2813 387 2841 de
403 2812 504 2848 quibus
527 2810 648 2838 inimicis
677 2809 782 2842 loquar.
811 2807 962 2833 instructas
984 2804 1134 2830 daemonum

356 2861 426 2886 ν-ι-ἰβει
443 2859 551 2889 invade,
571 2860 597 2884 et
614 2856 675 2887 feri,
695 2854 760 2881 nihil
774 2859 869 2888 parcas
883 2859 889 2882 ς
902 2849 1001 2877 cadens
1013 2855 1134 2882 resurge,

356 2912 381 2935 ct
396 2906 495 2935 aﬂ‘atim
512 2904 565 2933 tela
581 2907 676 2933 contra
693 2898 911 2930 adversariorum
928 2896 978 2924 tcla
1005 2895 1109 2923 remitte
1128 2902 1133 2920 :

1180 2300 1302 2328 mandati
1326 2306 1438 2334 parvam
1468 2294 1733 2331 transgressionem,
1764 2291 1827 2319 vita:
1854 2293 1965 2318 aeterna

1179 2345 1355 2373 amissionem
1373 2350 1434 2371 esse
1447 2340 1572 2369 arbitrari
1586 2349 1593 2373 ;
1610 2345 1711 2374 parvos
1726 2342 1835 2373 pueros,
1851 2341 1906 2362 non
1918 2340 1966 2361 se-

1179 2399 1240 2423 cus,
1260 2397 1340 2425 quam
1360 2387 1503 2424 constanti~
1520 2389 1598 2413 aetate
1618 2384 1693 2412 viros
1717 2381 1828 2414 intueri,
1851 2383 1880 2407 et
1902 2383 1965 2407 tan-

1180 2445 1262 2473 quam
1286 2432 1434 2463 houoratos
1454 2432 1578 2460 venerari
1597 2438 1629 2457 ac
1644 2429 1782 2461 revereri;
1801 2425 1882 2455 caecis
1900 2423 1966 2452 item

1183 2469 1314 2511 honorem
1331 2481 1468 2513 tribuere;
1485 2482 1578 2512 utpote
1593 2484 1636 2503 me
1651 2475 1686 2503 ab
1699 2474 1755 2501 alto
1771 2471 1862 2500 omnia
1876 2469 1969 2498 homin

1183 2538 1246 2558 num
1261 2528 1335 2556 facta
1353 2526 1524 2560 inspiciente.
1544 2523 1607 2550 Haec
1622 2528 1732 2557 qu0que
1751 2520 1840 2548 facere
1853 2520 1968 2553 propter

1184 2584 1238 2609 me,
1253 2582 1313 2610 qua:
1324 2572 1437 2608 perinde
1451 2569 1594 2598 conscribo
1608 2576 1614 2595 :
1630 2568 1691 2595 Non
1715 2566 1818 2601 habere
1834 2563 1969 2591 adversus

1185 2610 1337 2657 quempiam
1363 2625 1474 2653 prorsus
1494 2617 1521 2644 in
1545 2615 1635 2643 corde
1656 2614 1698 2641 vel
1719 2618 1829 2640 tenuem
1845 2616 1971 2638 commo-

1186 2668 1298 2698 tionem,
1312 2669 1359 2692 aut
1370 2664 1456 2691 levem
1471 2661 1655 2697 suspicionem
1668 2668 1676 2692 ;
1696 2663 1753 2686 toto
1766 2657 1858 2684 animo
1871 2661 1969 2691 preca-

1186 2715 1274 2740 tiones
1300 2711 1377 2738 obire
1400 2715 1461 2737 cum
1484 2707 1578 2734 dolore
1597 2705 1707 2737 cordis;
1734 2711 1767 2732 ex
1792 2701 1972 2730 commisera-

1187 2759 1260 2785 tione
1283 2763 1378 2783 omnes
1395 2755 1422 2781 in
1443 2758 1468 2781 te
1480 2756 1638 2788 peccantes,
1661 2749 1787 2778 similiter
1803 2751 1830 2775 et
1847 2753 1891 2774 me
1907 2752 1972 2781 per-

1188 2802 1250 2831 inde
1286 2799 1454 2827 oli‘endentes
1477 2804 1557 2824 orare
1579 2803 1641 2824 cum
1661 2793 1798 2829 lacrymis,
1820 2795 1851 2820 ut
1872 2791 1906 2818 ab
1926 2790 1973 2820 his

1188 2849 1399 2875 convertantur;
1420 2843 1582 2871 benedicere
1603 2837 1840 2869 maledicentihus.
1864 2840 1892 2864 et
1910 2835 1974 2862 lau-

1189 2893 1253 2921 dare
1271 2899 1303 2920 ex
1319 2889 1419 2919 invidia
1435 2886 1640 2921 conviciantes;
1663 2889 1690 2914 et
1706 2881 1878 2913 incommoda
1896 2881 1976 2914 inve-
