4156 6340
200 376 308 438 56‘)

1243 393 1684 456 DIVINORUM
1723 395 2054 460 AMORUM
2095 401 2351 469 LIBER.

3321 406 3425 469 570

199 493 503 577 hentes,_in
532 497 1014 589 beneiuerentibus
1045 518 1330 560 numerare
1359 522 1375 560 :
1417 506 1766 562 refractarios
1791 508 1842 568 A
1869 515 1959 580 qui
1982 516 2316 572 voluntatem
2348 533 2503 573 suam
2533 531 2641 573 non
2674 519 2846 586 exuit,
2867 527 2920 576 et
2945 519 3280 575 voluntatem
3305 520 3424 589 ejus

200 591 410 647 autem,
469 601 570 640 nec
625 587 724 642 tibi
781 589 1243 662 obtemperantes,
1297 597 1520 651 omnino
1567 608 1627 652 ut
1685 614 1770 654 me

201 676 450 744 ipsorum
485 675 771 734 Dominum
823 691 1105 752 negantes,
1147 685 1457 753 lamentari,
1491 698 1544 742 et
1576 689 1770 744 deﬂere

203 767 450 829 assiduo,
493 784 595 823 nec
646 785 746 827 eos
793 773 1122 847 admonendi
1171 777 1329 832 tinem
1388 778 1618 835 facere:
1663 779 1768 844 Qui

203 857 342 908 enim
390 874 475 911 vos
527 862 769 930 suscipit,
827 863 954 928 dixi,
1002 883 1083 920 me
1125 870 1342 936 suscipit
1393 885 1410 922 :
1460 881 1506 923 et
1544 871 1633 940 qui
1679 887 1766 926 vos

204 946 379 1011 audit,
413 966 631 1016 prorsus
665 969 745 1006 me
778 957 924 1008 audit
949 954 1016 1010 ³⁸.
1058 959 1159 1025 Qui
1205 975 1331 1014 vero
1369 961 1535 1015 verba
1568 969 1766 1026 vestra,

204 1038 723 1113 admonitionesque
769 1061 898 1105 non,
927 1063 1051 1102 cum
1094 1051 1291 1105 timore
1328 1053 1586 1120 admittit,
1618 1063 1672 1111 et
1701 1057 1767 1112 iis

205 1145 384 1196 usque
444 1132 509 1186 ad
565 1144 792 1190 mortem
846 1141 1189 1209 obsequitur,
1248 1159 1356 1198 non
1408 1155 1492 1200 est
1551 1145 1766 1204 futurus

203 1227 426 1275 aeternae
461 1223 645 1291 gloriae
690 1242 822 1282 meae
869 1235 1142 1301 particeps
1192 1250 1206 1287 :
1254 1249 1360 1287 non
1403 1235 1761 1290 collocabitur

205 1325 443 1379 mecum,
497 1316 587 1383 qui
639 1331 853 1372 crucem
908 1323 1129 1390 pertuli,
1183 1332 1236 1377 et
1283 1323 1425 1378 Patri
1471 1341 1644 1394 usque
1698 1327 1762 1382 ad

206 1408 440 1456 mortem
481 1405 744 1462 obediens
783 1407 854 1462 l‘ui
891 1429 906 1464 :
942 1427 1050 1466 non
1075 1421 1344 1467 statuetur
1373 1416 1436 1469 ad
1467 1417 1764 1483 dexteram,

210 1506 322 1545 non
365 1494 466 1550 erit
498 1497 738 1554 coheres
769 1515 963 1560 eorum.
994 1503 1079 1570 qui
1115 1505 1324 1573 scipsos
1354 1507 1764 1562 cruciﬂxerunt.

208 1581 288 1639 De
323 1596 543 1651 caetero,
586 1598 661 1644 ne
705 1606 886 1648 cesses
926 1594 1239 1660 admonere,
1283 1614 1353 1652 ne
1394 1599 1614 1655 desinas
1653 1601 1768 1670 plo-
1813 1603 1816 1605 λ

207 1688 353 1742 rare,
387 1693 456 1733 ne
499 1680 834 1739 intermittas
873 1686 1115 1754 ipsorum
1163 1691 1397 1745 salutem
1431 1679 1715 1762 exquirere
1746 1712 1763 1749 :

208 1773 268 1820 ut
301 1767 346 1821 si
376 1778 427 1822 te
463 1767 759 1838 audierint,
791 1783 844 1831 et
870 1781 1118 1835 conversi
1161 1780 1387 1847 iuerint,
1437 1784 1637 1841 habeas
1672 1801 1765 1841 eos

1871 605 1963 674 qui
1997 611 2462 675 personam’tnam
2499 609 2664 667 refert
2717 627 2779 667 ac
2831 612 3085 680 sustinet,
3144 621 3203 666 ut
3254 623 3426 678 tuam,

1874 696 1965 767 qui
1996 700 2253 756 Dominus
2280 717 2362 766 es,
2393 703 2446 756 in
2474 703 2656 757 studio
2685 703 2788 757 sibi
2836 719 2943 757 non
2978 705 3183 773 posuit,
3237 711 3288 758 et
3341 705 3426 757 in-

1878 801 2028 861 tegre
2061 808 2170 849 non
2211 794 2524 856 custodivit,
2563 802 2622 848 ut
2664 801 2721 848 tu
2785 794 2898 862 ipse
2927 795 3101 850 Patris
3130 795 3205 848 tui
3234 796 3425 849 volun-

1869 889 2036 936 tatem
2064 884 2426 946 custodivisti,
2461 884 2703 939 coheres
2756 893 2806 937 et
2840 897 3068 938 consors
3099 893 3226 940 tuus
3279 885 3425 939 erit?

1869 973 2174 1044 praesertim
2232 989 2354 1027 cum
2413 977 2713 1045 pepigerit,
2770 975 3010 1044 quandiu
3046 975 3422 1041 superaverit,

1867 1081 2144 1135 nunquam
2202 1081 2314 1120 suae
2363 1067 2533 1133 ipsius
2587 1069 2853 1121 voluntati
2913 1068 3248 1136 parituram:
3311 1083 3421 1122 non

1869 1157 2215 1211 adhaesurutn
2249 1155 2524 1222 sanguini,
2557 1171 2663 1209 non
2691 1171 2906 1211 carnem
2945 1156 3317 1224 prmlaturum,
3370 1155 3423 1207 id

1867 1252 1971 1308 est,
2021 1245 2422 1314 cognationem,
2472 1254 2524 1299 et
2582 1246 2857 1299 vinculum
2914 1241 3141 1309 naturae,
3183 1256 3422 1297 amorem

1868 1333 2017 1386 illum
2048 1334 2372 1400 naturalem,
2405 1336 2495 1404 qui
2526 1335 2582 1388 in
2633 1334 2732 1388 hac
2764 1335 2871 1387 vita
2926 1330 3176 1388 homines
3227 1333 3422 1388 iterum

1872 1439 1999 1478 cum
2031 1425 2099 1478 iis
2126 1425 2368 1494 colligat,
2401 1441 2522 1495 qua
2573 1425 2985 1490 abdicaverant,
3038 1428 3240 1494 eosque
3283 1431 3426 1480 totos

1866 1515 1934 1571 ad
1967 1530 2026 1570 ea
2065 1531 2184 1585 quae
2217 1525 2361 1571 retro
2386 1525 2549 1582 sunt,
2575 1520 2868 1573 convertit.

1936 1604 2205 1676 Martyres
2262 1606 2566 1661 clamarunt
2621 1624 2636 1662 :
2685 1608 2822 1664 Vere
2871 1607 3078 1678 justum
3135 1605 3423 1673 judicium.

1865 1697 2020 1751 Sicut
2060 1697 2206 1752 etaim
2233 1696 2326 1766 qui
2383 1697 2449 1750 ad
2509 1695 2890 1764 perferendum
2930 1697 3250 1768 martyrium
3307 1697 3426 1751 sls-

1868 1789 2038 1843 criter
2106 1803 2166 1843 se
2199 1787 2436 1851 obtulit,
2496 1788 2826 1843 adeuntibus
2877 1801 2935 1842 se
2981 1787 3423 1860 consanguineis.

207 1866 468 1930 tanquam
517 1864 738 1932 fratres,
794 1868 1042 1926 lucratus
1083 1872 1326 1928 membra
1369 1883 1480 1940 tua,
1529 1875 1768 1947 mihique
1797 1851 1840 1905 Β
1873 1894 2038 1950 uxore
2064 1865 2121 1934 'et
2152 1878 2344 1934 liberis
2389 1893 2512 1932 cum
2567 1878 2884 1948 hujusmodi
2939 1851 3324 1948 querimoniis,
3372 1890 3426 1933 et

208 1961 270 2004 ut
305 1967 618 2024 germanos,
658 1967 710 2014 et
750 1962 1051 2032 morigeros
1087 1963 1307 2029 offeras,
1345 1977 1401 2020 ut
1439 1975 1490 2021 et
1520 1982 1618 2037 ego
1647 1969 1767 2023 illos

209 2044 525 2114 suscipiam,
576 2064 674 2118 per
726 2058 803 2114 te,
845 2060 901 2114 et
936 2055 1260 2124 gloriﬁcent,
1311 2066 1365 2111 ct
1417 2065 1592 2113 tecum
1625 2057 1768 2113 Patri

208 2148 329 2188 meo
364 2136 417 2191 in
455 2140 703 2194 muneris
751 2141 874 2196 loco
921 2144 1138 2200 donem.
1191 2147 1247 2201 Si
1295 2149 1606 2205 voluntates
1640 2163 1769 2204 suas

208 2239 316 2280 non
347 2227 771 2298 abnegaverint;
806 2234 852 2286 si
882 2235 1090 2290 animas
1122 2252 1250 2292 suas
1285 2252 1391 2292 non
1427 2250 1771 2310 contempse-

210 2317 343 2384 rint,
379 2324 436 2372 u't
467 2320 609 2386 dixi;
647 2321 694 2378 si
730 2323 1106 2381 voluntatibus
1140 2328 1252 2383 suis
1285 2331 1482 2384 mortui
1519 2346 1620 2386 non
1657 2332 1774 2387 iue-

209 2404 341 2470 rint,
387 2417 440 2476 et
476 2409 642 2463 vitam
677 2425 743 2464 ac
771 2426 953 2467 mores
990 2428 1119 2469 suos
1156 2416 1221 2468 ad
1263 2425 1410 2471 tuam
1437 2419 1770 2476 voluntatem

209 2512 317 2552 non
347 2503 897 2567 accommodaverint,
951 2520 1045 2573 per
1071 2514 1218 2560 tuam
1241 2508 1570 2564 voluntatem
1598 2525 1771 2581 meam

205 2588 508 2658 explentes,
546 2601 602 2645 tu
655 2593 960 2648 mercedem
1013 2603 1162 2650 tuam
1211 2598 1354 2653 haud
1390 2602 1624 2668 amittes,
1669 2619 1772 2658 nec

211 2693 274 2733 ea
320 2682 678 2749 spoliaberis;
719 2686 848 2755 quin
894 2703 991 2756 pro
1021 2690 1252 2758 simplici
1293 2707 1391 2761 ego
1417 2694 1517 2747 tibi
1550 2695 1768 2765 duplam

212 2772 528 2839 rependam,
554 2774 698 2842 quod
726 2777 977 2845 quamvis
1007 2792 1114 2833 non
1143 2780 1413 2847 audirere,
1450 2797 1560 2838 non
1587 2793 1770 2841 tamen

210 2858 360 2929 loqui
415 2861 719 2932 destiteris,
758 2874 814 2921 et
865 2871 1046 2937 potius
1096 2871 1242 2935 odia,
1294 2871 1671 2940 alienationes,
1719 2886 1774 2932 et

211 2954 623 3009 exsecrationes
675 2970 864 3011 eorum
915 2959 1175 3024 subieris,
1223 2963 1676 3026 quemadmodum
1719 2976 1774 3023 et

206 3058 313 3112 ego
345 3044 475 3098 olim
518 3044 646 3100 odio
672 3045 771 3111 fui,
803 3054 856 3102 et
890 3063 1039 3105 nunc
1066 3065 1186 3105 sum
1211 3067 1309 3121 per
1335 3053 1470 3110 istos
1510 3056 1770 3114 istorum-

213 3147 318 3202 que
353 3133 580 3190 similes.

280 3221 384 3277 Per
419 3238 586 3294 opera
620 3225 1003 3296 hujuscemodi
1058 3230 1162 3285 coli
1199 3232 1339 3289 volo.
1397 3234 1502 3290 Per
1560 3238 1686 3295 talia
1724 3249 1780 3295 et

213 3310 411 3366 similia
444 3314 573 3368 mihi
605 3318 946 3386 complacare
975 3320 1136 3375 stude
1171 3337 1186 3374 :
1223 3337 1388 3390 super
1431 3325 1518 3382 his
1545 3342 1781 3397 namque

215 3402 563 3459 vehementer
602 3406 776 3463 laetor.
830 3408 906 3462 Ne
944 3411 1104 3466 malis
1161 3413 1344 3478 otiari,
1399 3430 1499 3470 nec
1557 3419 1781 3474 utilitati

214 3495 405 3549 animae
437 3503 543 3550 tua;
593 3497 888 3567 quidquam
924 3501 978 3554 in
1015 3502 1234 3565 ,mundo
1284 3505 1393 3558 ullo
1431 3509 1591 3562 modo
1643 3524 1780 3579 prat-

216 3586 385 3643 ieras.
419 3587 590 3654 Quem
628 3593 772 3643 enim
803 3590 1042 3646 fructum
1095 3597 1420 3664 reportabit,
1473 3601 1566 3670 qui
1619 3592 1781 3657 mun.

215 3678 343 3732 dum
379 3679 647 3743 lucratur,
701 3689 794 3734 aut
837 3697 1028 3738 omnes
1066 3688 1159 3754 qui
1197 3689 1252 3742 in
1286 3705 1351 3744 eo
1410 3703 1537 3749 sunt
1570 3697 1775 3766 erudit,

214 3780 276 3821 ac
309 3766 490 3827 docet,
518 3775 572 3820 et
616 3767 906 3824 universos
934 3771 1131 3841 salvat,
1188 3775 1234 3828 si
1266 3791 1376 3831 non
1413 3787 1466 3833 et
1503 3781 1619 3850 ipse
1669 3785 1783 3839 sal-

215 3858 536 3913 vabitur”?
589 3857 723 3924 Quis
757 3861 922 3932 igitur
976 3863 1067 3919 ille
1116 3873 1218 3930 est,
1286 3878 1380 3923 aut
1437 3887 1548 3940 quo
1596 3884 1774 3942 pacto,

218 3948 406 4014 miser,
436 3949 575 4006 alios
611 3951 852 4027 salvaus,
889 3955 1126 4010 animam
1156 3973 1310 4013 suam
1365 3977 1473 4017 non
1524 3967 1777 4032 salvablt,

220 4042 312 4095 sed
359 4041 583 4109 perdet?
630 4042 734 4109 Qui
776 4045 950 4100 solvit
988 4049 1301 4105 mandatum
1355 4069 1524 4110 unum
1565 4057 1778 4114 Domini

219 4132 485 4197 omnium,
523 4141 574 4187 et
602 4136 1007 4204 quodammodo
1057 4140 1232 4208 ipsum
1284 4145 1656 4202 conculcando
1693 4150 1778 4205 in-

219 4224 385 4289 cedit,
414 4234 467 4279 et
491 4226 633 4294 leges
657 4242 803 4282 meas
825 4231 1243 4300 transgreditur,
1268 4245 1320 4289 et
1346 4236 1496 4305 jussa
1517 4243 1775 4300 transilit.

217 4312 319 4379 Qui
346 4321 502 4367 extra
551 4316 759 4370 caulam
790 4326 844 4373 et
900 4332 1050 4389 septa
1102 4323 1479 4381 mandatorum
1531 4344 1775 4388 meorum

219 4418 343 4457 cum
382 4405 474 4468 sit,
513 4405 558 4459 si
610 4420 804 4463 omnes
855 4411 1132 4476 mortales,
1185 4421 1464 4487 totumque
1517 4422 1774 4478 mundu'm

1872 1971 2149 2026 lamentis:
2176 1970 2291 2025 Non
2322 1971 2597 2026 misereris
2641 1970 2905 2024 filiorum?
2941 1969 2988 2022 0
3017 1970 3262 2035 immitis,
3292 1970 3426 2024 nihil

1873 2073 1924 2118 te
1956 2069 2137 2117 movet
2159 2062 2396 2116 viduitas
2418 2061 2705 2131 conjugis?
2740 2076 2844 2116 non
2863 2076 3052 2115 eorum
3080 2060 3427 2116 mendicitate

1873 2154 1940 2208 ad
1994 2152 2524 2208 commiserationem
2599 2149 2929 2206 inﬂecteris?
3003 2166 3114 2206 non
3185 2153 3425 2220 ipsorum

1873 2244 2097 2300 exitium
2128 2243 2338 2313 cogitas
2371 2251 2426 2298 et
2451 2241 2800 2298 emollescis?
2848 2239 3061 2311 Ergone
3112 2241 3426 2309 relinquens

1875 2351 2097 2392 uxorem
2135 2336 2374 2400 viduam,
2437 2336 2721 2405 ipsamque
2772 2344 2828 2390 et
2881 2336 3080 2390 liberos
3129 2335 3425 2403 orphanos.

1874 2428 2194 2501 peregrinos
2235 2436 2289 2481 et
2328 2426 2633 2493 mendicos,
2681 2427 2916 2495 teipsum
2978 2427 3155 2480 solum
3208 2437 3427 2480 servare

1876 2521 2090 2575 mavis?
2117 2519 2394 2588 quomodo
2418 2531 2526 2572 non
2570 2517 2742 2587 magis
2774 2532 2868 2583 pro
2905 2517 3174 2570 homicida
3205 2516 3429 2570 damna-

1873 2613 2042 2676 beris,
2101 2611 2320 2681 quando
2352 2625 2453 2664 nos
2507 2624 2698 2663 omnes
2763 2608 3066 2678 perdendos
3119 2606 3345 2668 deseris.
3375 2613 3428 2660 et

1876 2703 2113 2756 animam
2151 2712 2296 2754 tuam
2330 2700 2504 2755 solam
2534 2699 2747 2754 salvare
2774 2689 3024 2762 conaris;
3076 2697 3144 2764 si,
3179 2699 3426 2765 inquam,

1875 2808 2000 2848 cum
2053 2792 2254 2847 talibus
2312 2789 2794 2844 lamentationibus
2882 2787 3144 2852 veniant,
3207 2787 3429 2842 omnino

1875 2897 2062 2939 eorum
2106 2897 2293 2946 voces,
2326 2895 2427 2936 nec
2455 2880 2521 2934 ad
2557 2887 2816 2949 punctum
2872 2878 3131 2947 temporis
3158 2877 3429 2932 sustinere

1875 2975 2067 3040 debet;
2099 2988 2203 3028 nec
2229 2986 2386 3026 aures
2410 2970 2514 3024 illis
2541 2970 2815 3023 tantillum’
2842 2966 3194 3023 commodare
3229 2966 3430 3024 etsive

1879 3065 2063 3128 donis,
2104 3079 2169 3119 ac
2196 3064 2370 3133 pretio
2393 3061 2634 3124 vincula,
2683 3075 3068 3129 carceremque
3116 3059 3427 3122 dimittere;

1802 3170 1846 3227 ο
1880 3159 1995 3210 sive
2021 3163 2092 3217 te,
2125 3153 2364 3218 Christe,
2385 3158 2575 3221 negato
2601 3150 2671 3206 ab
2700 3150 2786 3205 his
2809 3149 3063 3215 liberari;
3108 3148 3201 3204 sed
3231 3155 3289 3202 ut
3315 3146 3428 3215 jam

1881 3255 2148 3308 mortuus,
2177 3249 2425 3312 perstare
2473 3244 2526 3296 in
2555 3240 2911 3302 cruciatibus,
2971 3253 3326 3309 perseverare
3372 3239 3426 3292 in

1882 3335 2152 3398 custodia,
2185 3333 2479 3404 perdurare
2509 3333 2560 3388 in
2593 3331 2734 3387 {ante
2755 3338 2810 3386 et
2842 3331 2956 3396 siti,
2987 3346 3170 3385 rerum
3207 3345 3270 3385 sc
3302 3344 3433 3399 pos-

1882 3428 2187 3482 sessionum
2226 3439 2451 3480 suarum
2496 3424 2818 3488 immemor;
2854 3431 2947 3487 et,
2982 3423 3026 3476 si
3072 3422 3184 3480 iieri
3236 3421 3429 3492 possit,

1880 3531 1982 3571 nec
2040 3515 2186 3569 aliud
2249 3514 2530 3584 quidpiam
2586 3524 2739 3568 extra
2801 3512 3108 3569 custodiam
3157 3513 3429 3582 cogitans,

1881 3607 2048 3662 etiam
2084 3604 2229 3660 velut
2263 3620 2359 3675 per
2392 3613 2778 3669 transennam;
2807 3605 2903 3659 sed
2936 3603 3001 3657 ad
3040 3613 3089 3657 te
3137 3604 3430 3672 respicere,

1885 3695 2109 3751 Domine
2130 3694 2531 3759 universorum,
2567 3701 2617 3748 et
2645 3701 2880 3747 mentem
2910 3707 3062 3747 suam
3116 3691 3169 3745 in
3210 3700 3263 3762 te
3301 3706 3433 3746 con-

1883 3785 2196 3856 templanda
2220 3784 2452 3855 deligere
2504 3790 2784 3853 perpetuo,
2835 3790 2999 3851 atque
3060 3782 3133 3834 ita
3167 3781 3434 3850 usque-ad

1884 3889 2109 3933 mortem
2141 3877 2256 3932 solo
2304 3876 2380 3931 tui
2412 3889 2596 3930 amore
2625 3874 2759 3929 dura
2791 3875 3031 3944 perpeti:
3087 3888 3188 3927 nec
3240 3887 3433 3927 curare

1881 3970 2065 4032 debet,
2092 3969 2138 4023 si
2166 3968 2260 4038 qui
2317 3966 2610 4029 declinent,
2665 3965 2712 4020 si
2742 3964 2832 4033 qui
2901 3973 3097 4037 negent
3131 3970 3204 4025 te,
3253 3968 3308 4018 et
3364 3959 3432 4014 ad

1880 4065 2116 4133 priorem
2143 4059 2403 4115 vomitum
2432 4065 2793 4121 revertantur,
2824 4054 2905 4110 ad
2949 4055 3191 4109 actiones
3242 4053 3433 4121 pristt-

1880 4167 2004 4216 nas,
2032 4151 2097 4203 ad
2150 4147 2545 4205 sollicitudines
2601 4154 2965 4207 terrenorum,
3017 4152 3072 4196 et
3107 4143 3313 4206 uxoris,
3366 4150 3445 4195 ac

1881 4242 2154 4305 ﬁliorum;
2187 4253 2288 4293 nec
2320 4237 2428 4291 ullo
2458 4244 2716 4307 praetextu
2759 4234 2825 4289 iis
2881 4232 3100 4303 illigari,
3150 4247 3259 4286 non
3287 4231 3433 4286 enim

1880 4331 2113 4401 amplius
2169 4329 2364 4384 animae
2421 4341 2533 4382 suae
2588 4326 2848 4381 Dominus
2905 4331 3009 4378 est.
3053 4325 3231 4389 Quare
3286 4337 3436 4376 com-

1883 4425 2066 4494 plures
2097 4419 2240 4476 servi
2264 4421 2362 4485 tui,
2395 4419 2706 4474 carceribus
2762 4417 2860 4470 abs
2910 4423 2962 4470 te
2995 4415 3216 4486 apertis,
3247 4414 3436 4468 vincu-

221 4495 534 4565 salvaverit,
561 4497 698 4551 mihi
731 4499 949 4568 ignotus
975 4509 1029 4556 et
1050 4506 1391 4573 peregrinus,
1414 4517 1468 4563 et
1489 4511 1557 4566 ab
1586 4515 1778 4571 ovibus
1807 4500 1858 4561 Ι)
1885 4517 2058 4584 lisque
2088 4526 2370 4582 corporum
2404 4511 2562 4581 plane
2587 4509 2806 4573 solutis,
2843 4507 2994 4562 exire
3023 4522 3085 4560 ac
3109 4505 3293 4574 fugere
3317 4518 3436 4557 om-

221 4589 355 4644 meis
389 4591 795 4647 remotissimus
834 4593 1233 4651 erit.'Maxime
1282 4593 1485 4664 autem,
1521 4605 1647 4672 quia
1689 4621 1777 4660 se-

219 4693 338 4748 pem
375 4680 556 4734 caular
609 4684 841 4750 ruperit,
915 4691 970 4739 et
1022 4686 1216 4743 ovibus
1272 4689 1496 4747 aliunde
1550 4697 1776 4762 exitum,

220 4785 379 4838 quam
414 4786 510 4840 per
537 4771 783 4840 januam,
806 4784 860 4830 et
881 4775 1158 4846 introitum
1182 4778 1425 4848 iniquum
1466 4782 1596 4839 feris
1628 4797 1778 4854 pate-

224 4861 458 4924 fecerit,
515 4862 779 4931 judicium
842 4868 1088 4923 severius
1145 4884 1308 4938 quam
1379 4873 1484 4927 dici
1556 4887 1780 4946 potest,

224 4968 443 5024 propter
477 4969 608 5009 oves
661 4955 978 5018 sustinebit,
1015 4966 1069 5012 et
1117 4959 1409 5027 dividetur,
1437 4974 1780 5037 tartareoque

225 5044 336 5112 igni
366 5041 620 5106 traditus,
647 5059 771 5098 esca
803 5047 1069 5099 vermium
1096 5049 1198 5102 erit
1231 5049 1393 5105 homo
1417 5054 1777 5115 miserrimus.

226 5134 337 5189 Hoc
365 5136 509 5189 enim
549 5136 686 5189 dixit
723 5136 882 5192 Pater
918 5155 1013 5209 per
1047 5139 1267 5205 Filium.
1292 5146 1353 5198 et
1399 5146 1654 5214 Spiritus,
1688 5155 1783 5221 qui

225 5235 308 5283 est
333 5241 398 5282 os
434 5227 668 5292 Domini,
705 5228 923 5284 locutus
951 5243 1067 5297 est;
1108 5236 1283 5304 angeli
1318 5238 1540 5295 vocibus
1578 5243 1783 5300 indesi-

229 5318 482 5372 nentibus
540 5320 944 5389 approbarunt,
995 5322 1128 5391 justi
1173 5328 1453 5384 audientes
1509 5336 1777 5392 calculum

229 5408 570 5477 adjecerunt,
633 5411 995 5481 dixeruntque
1038 5430 1052 5466 :
1089 5417 1465 5488 lncorruplum
1512 5425 1774 5493 judicium

227 5508 404 5563 tuum,
449 5512 556 5553 non
590 5511 846 5569 suspecta
904 5507 1197 5572 sententia,
1236 5509 1374 5563 citra
1414 5512 1661 5570 aﬂ‘ectum
1689 5519 1806 5587 juv

230 5587 424 5644 dicasti
477 5589 618 5647 Deus
681 5593 1217 5666 misericordissime.
1279 5601 1560 5668 Quomodo
1611 5611 1778 5680 enim,

299 5762 341 5793 ³⁸
382 5761 514 5818 Luc.
544 5781 597 5826 ι,
633 5765 716 5822 16.
797 5766 840 5798 ³⁷
872 5765 1061 5823 Matth.
1114 5783 1222 5834 χιιι,
1249 5769 1340 5827 26.

1882 4608 2015 4661 nino
2043 4606 2382 4660 noluerunt:
2425 4602 2516 4656 sed
2554 4608 2612 4655 ut
2649 4609 2830 4664 erant,
2879 4599 3044 4656 vincti
3099 4605 3431 4650 manserunt.

1884 4698 1974 4752 Sic
1999 4695 2166 4766 igitur
2199 4693 2369 4762 etqui
2414 4707 2559 4746 nunc
2622 4691 2676 4746 in
2733 4688 2936 4744 mundo
2977 4695 3125 4752 sunt,
3159 4689 3436 4750 viiluutate

1882 4803 1980 4844 sua
2008 4787 2280 4854 imprimis
2325 4792 2379 4839 et
2417 4792 2542 4838 ante
2596 4782 2778 4836 omnia
2827 4781 3030 4835 nullam
3080 4779 3299 4849 penitus
3348 4778 3432 4830 sui

1883 4880 2084 4932 habent
2117 4883 2462 4944 potestatem.
2503 4873 2609 4927 Sed
2657 4874 2905 4942 quamvis
2953 4887 2982 4925 ιι
3030 4869 3333 4939 praepositis
3368 4883 3432 4922 ea

1883 4970 1959 5024 uti
1992 4984 2098 5022 non
2157 4967 2569 5038 prohibeantur,
2624 4975 2838 5018 servent
2882 4972 3057 5015 tamen
3114 4967 3268 5029 pacta
3299 4973 3437 5012 con-

1883 5075 2038 5118 venta
2067 5070 2246 5116 tecum
2277 5073 2500 5113 necesse
2529 5065 2630 5111 cst.
2666 5055 2780 5108 Non
2805 5054 2949 5108 enim
2979 5052 3305 5114 hominibus,
3341 5049 3435 5104 sed

1885 5156 1995 5209 Deo
2024 5153 2246 5223 polliciti
2278 5158 2404 5204 sunt
2430 5165 2485 5203 se
2540 5147 2900 5203 obedientiam
2949 5153 3000 5198 et
3039 5143 3431 5213 subjectionem

1888 5224 2226 5316 praepositis,
2268 5249 2322 5295 et
2377 5240 2630 5294 omnibus
2681 5237 2961 5300 fratribus,
3005 5235 3329 5304 quibuscum
3380 5232 3433 5286 in

1889 5335 2218 5391 monasteria
2251 5333 2503 5401 religiosa
2559 5331 2807 5384 instituta
2863 5333 3285 5397 persequuntur,
3319 5339 3436 5377 ser-

1885 5437 2127 5482 vaturos.
2166 5424 2371 5479 idcirco
2396 5421 2804 5483 monasterium,
2839 5427 2895 5472 ut
2922 5416 3156 5471 insulam
3192 5413 3428 5481 aliquam

1889 5518 2060 5572 solam
2093 5517 2147 5570 in
2180 5513 2359 5568 medio
2402 5514 2534 5566 mari
2567 5510 2872 5564 inhabitare
2922 5507 3139 5569 debent,
3167 5521 3228 5560 ac
3256 5512 3432 5558 totum

1891 5607 2151 5663 mundum
2199 5605 2304 5662 sibi
2351 5605 2574 5660 omnino
2622 5599 2940 5670 impervium
2990 5613 3113 5655 esse
3156 5595 3433 5659 arbitrari,
