4136 6338
277 441 385 532 sva

1335 444 1775 507 DIVINORUM
1806 441 2133 504 AMORUM
2178 447 2433 508 LIBER.

3401 413 3505 510 574

273 553 562 609 ardentem
589 553 768 630 video,
803 554 931 609 etin
969 555 1094 609 sinu
1122 564 1173 609 te
1205 560 1263 608 ut
1289 555 1641 623 margaritam
1671 563 1850 622 porto.
1881 552 1929 610 A
1956 555 2101 613 solos
2129 555 2434 613 divinitatis
2466 558 2584 626 ejus
2613 567 2930 623 consortes;
2963 561 3106 613 sicut
3140 561 3253 627 ipse
3300 569 3504 615 natura:

274 646 437 711 Quod
467 653 650 699 autem
687 652 738 701 te
767 660 876 700 non
909 645 1130 709 dilatas,
1168 643 1313 715 quod
1371 659 1481 698 non
1538 652 1708 697 totum
1761 659 1846 698 me

275 733 465 786 lumen
502 732 657 796 facis,
681 741 737 788 et
762 729 1012 789 ostendis
1067 741 1118 788 te
1169 733 1300 788 mihi
1337 740 1508 787 totum
1563 733 1847 801 qualis,.et

275 837 526 897 quantus
589 841 671 890 es,
721 827 887 896 plane
938 841 1047 880 non
1099 841 1186 882 me
1233 826 1490 882 existimo
1544 826 1742 879 habere
1795 835 1847 880 te

274 919 446 972 vitam
489 932 661 971 meam
704 934 717 970 :
755 919 848 972 sed
877 918 1170 983 lamentor,
1227 927 1286 972 ut
1334 901 1608 987 quispiam
1667 931 1733 969 ex
1763 914 1848 969 di-

276 1011 392 1062 vite
419 1009 724 1074 mendicus,
758 1025 821 1063 ex
870 1009 1067 1063 illustri
1098 1009 1340 1080 infamis,
1377 992 1441 1063 ac
1469 1008 1847 1078 desperatione

276 1098 651 1154 conflictatus.
715 1099 828 1154 Hoc
881 1101 1329 1156 animadverteris
1388 1101 1665 1177 inimicus,
1715 1101 1848 1156 dicit

279 1190 412 1244 mihi
437 1189 584 1244 :Non
616 1191 940 1246 salvaberis.
975 1191 1112 1246 Ecce
1141 1191 1287 1245 enim
1329 1206 1425 1261 spe
1472 1200 1563 1245 tua
1616 1192 1847 1246 frustra-

276 1287 370 1334 tus
401 1297 480 1343 es.
510 1289 564 1334 et
597 1297 623 1334 a
656 1296 822 1354 scopo
869 1281 1173 1348 aberrasti;
1207 1283 1469 1352 quoniam
1523 1298 1629 1337 non
1678 1284 1846 1340 habes

275 1387 443 1441 quam
475 1372 603 1427 olim
632 1372 874 1428 habebas
919 1387 1045 1443 erga
1075 1372 1241 1428 Deum
1280 1373 1526 1428 fiduciam
1585 1388 1648 1427 ac
1680 1374 1849 1429 liber-

275 1470 468 1517 tatem.
519 1463 618 1518 Cui
677 1465 846 1518 verbo
907 1466 1243 1536 respondere
1296 1481 1403 1520 non
1467 1466 1697 1535 dignor;
1752 1467 1844 1520 sed

275 1556 458 1632 suillo,
483 1565 536 1612 et
563 1558 841 1627 extemplo
872 1561 1177 1612 evanescit.
1209 1559 1302 1613 Sic
1336 1574 1433 1614 oro
1483 1560 1733 1624 Domine,
1769 1561 1848 1615 sic

273 1662 412 1717 rogo
443 1659 514 1712 te,
547 1650 984 1706 misericordiam
1019 1650 1162 1704 dona
1193 1651 1358 1704 etiam
1388 1661 1500 1704 tum
1531 1650 1685 1715 mihi,
1723 1667 1844 1705 cum

274 1740 588 1808 egredietur
637 1756 704 1794 ex
758 1740 858 1796 hoc
906 1756 1138 1810 corpore
1201 1742 1381 1795 anima
1439 1757 1576 1804 mea.
1625 1750 1681 1795 ut
1730 1742 1847 1797 solo

1956 656 2152 701 nostra;
2187 663 2416 704 consors
2465 658 2569 710 est,
2619 647 2843 703 eti‘ector
2877 651 3145 713 omnium,
3201 657 3259 702 ut
3304 647 3506 702 Paulus

1954 738 2300 806 testificatur,
2339 739 2542 795 ChriSIi
2575 741 2870 796 Ecciesiam
2928 758 3132 811 corpus
3167 757 3334 796 unum
3394 743 3508 798 fore

1954 832 2286 886 dominicum
2319 841 2371 886 et
2410 829 2684 897 divinum,
2735 833 2939 900 absque
2993 834 3228 896 macula,
3283 835 3513 902 irrepre-

1935 924 2244 986 hensibile.
2269 926 2389 980 sine
2418 927 2564 980 omni
2598 941 2752 996 ruga,
2782 926 2877 993 qui
2915 937 3072 981 erunt
3105 927 3318 991 fideles;
3351 935 3510 993 caput

1955 1024 2135 1072 autem
2170 1017 2420 1071 Christus
2439 1018 2502 1072 δι.
2543 1017 2596 1070 Si
2631 1033 2760 1087 ergo
2788 1017 2867 1072 sic
2893 1017 3023 1081 erit,
3056 1017 3508 1085 quemadmodum

1956 1111 2120 1165 etiam
2151 1119 2256 1175 est,
2287 1111 2414 1179 quis
2453 1110 2705 1165 sordidus
2752 1111 2926 1180 ipsum
2970 1112 3233 1178 attingere
3263 1110 3505 1173 audebit,

1954 1209 2049 1255 aut
2081 1202 2205 1270 quis
2254 1201 2518 1268 indignus
2555 1200 2605 1254 ei
2649 1200 3116 1270 agglutinabitur?
3165 1197 3298 1252 Nam
3357 1200 3402 1253 si
3453 1208 3509 1254 et

1952 1293 2117 1347 hodie
2161 1303 2312 1347 extra
2369 1290 2671 1346 Ecclesiam
2731 1302 3044 1362 peccatores
3091 1292 3400 1360 ejiciuntur,
3455 1300 3510 1347 et

1951 1387 2236 1442 consortio
2263 1388 2500 1441 aliorum
2524 1387 2745 1455 penitus
2772 1386 3160 1451 exeluduntur,
3195 1395 3252 1440 et
3284 1385 3510 1454 insuper

1954 1490 2176 1548 aspectu
2237 1478 2544 1532 divinarum
2597 1493 2778 1530 rerum
2828 1476 3129 1541 privanlur,
3190 1477 3282 1544 qui
3333 1476 3506 1531 sancti

1955 1587 2060 1626 non
2092 1578 2242 1633 sunt,
2266 1570 2399 1638 proh
2425 1569 2694 1637 quomodo
2720 1577 2984 1623 tunccum
3015 1582 3240 1637 corpore
3265 1568 3511 1637 inculpae

1951 1668 2046 1722 bili
2090 1664 2517 1732 eonjungentur,
2553 1669 2607 1715 et
2656 1663 2900 1715 membra
2933 1660 3140 1715 Christi
3196 1659 3343 1725 fient,
3381 1675 3505 1716 cum

1952 1758 2059 1813 sint
2087 1753 2466 1813 contaminati.
2496 1767 2557 1805 ac
2586 1752 2789 1806 sordidi
2817 1751 2969 1819 (21)?

273 1832 409 1885 ﬂatu
442 1831 1008 1901 pudefacerevpossim
1050 1832 1375 1888 incursuros
1409 1833 1461 1886 in
1504 1847 1588 1887 me
1622 1847 1838 1888 servum

2018 1846 2133 1901 Non
2169 1847 2292 1899 licet
2324 1845 2445 1906 hoc,
2480 1843 2690 1905 fratres,
2719 1858 2822 1896 non
2858 1843 2944 1895 fiet
2975 1847 3216 1896 omnino.
3270 1843 3371 1908 Qui
3413 1857 3511 1894 au-

277 1929 454 1988 tuum,
493 1931 546 1976 et
570 1922 771 1976 lumine
803 1920 1041 1991 Spiritus
1079 1923 1152 1977 tui
1203 1923 1540 1987 custoditus,
1599 1924 1838 1978 transire

277 2013 510 2078 illaesus,
546 2024 596 2068 et
631 2025 779 2069 stare
807 2023 935 2069 ante
969 2014 1212 2069 tribunal
1243 2026 1422 2081 tuum,
1480 2015 1692 2068 habens
1727 2030 1843 2068 me-

274 2122 403 2161 cum
464 2117 864 2161 sacrosanctam
903 2109 1145 2177 'gratiatn
1223 2115 1397 2170 tuam,
1431 2113 1700 2175 tegentem
1738 2121 1843 2170 me,

276 2209 332 2252 et
366 2199 515 2254 nullo
545 2199 809 2253 suffusum
839 2199 1052 2266 pudore
1086 2199 1461 2253 exhibentem.
1498 2197 1634 2262 Quis
1690 2212 1844 2252 nam-

214 2303 218 2306 ‘
274 2302 387 2355 que
422 2303 606 2341 coram
631 2297 684 2342 te
709 2304 974 2358 apparere
1007 2289 1227 2354 audeat,
1266 2287 1375 2342 nisi
1414 2289 1589 2356 ipsam
1619 2288 1844 2342 indutus

276 2378 386 2432 sit?
410 2377 524 2433 Nisi
557 2380 728 2449 ipsam
763 2381 912 2434 intus
944 2388 1148 2444 teneat,
1199 2388 1256 2434 et
1293 2381 1361 2433 ab
1408 2380 1521 2449 ipsa
1572 2380 1844 2433 illumine-

276 2477 406 2533 tur,
459 2471 730 2538 quomodo
777 2472 924 2526 ullus
977 2471 1203 2524 omnino
1249 2470 1645 2526 intolerabilem
1699 2471 1842 2524 illam

279 2562 374 2615 Dei
406 2563 635 2630 gloriam
673 2563 858 2617 videre
881 2563 1126 2631 poterit?
1169 2562 1302 2616 Nam
1341 2563 1433 2632 qui
1485 2563 1701 2617 tandem
1737 2563 1848 2632 glo-

277 2653 418 2705 riam
447 2651 562 2718 Dei,
589 2661 642 2707 et
674 2662 922 2707 naturam
953 2654 1178 2709 deitatis
1243 2655 1466 2706 humilis
1489 2695 1502 2718 ,
1547 2662 1597 2707 et
1637 2655 1844 2721 abiecta

278 2741 520 2796 hominis
547 2752 740 2796 natura
771 2743 1009 2804 videbit?
1044 2743 1186 2798 Deus
1214 2743 1359 2796 enim
1408 2743 1683 2797 increatus
1735 2752 1840 2804 est,

275 2846 380 2885 nos
408 2847 596 2885 omnes
625 2833 816 2886 creati.
862 2833 953 2887 Ille
998 2820 1404 2897 corruptiOnem
1469 2833 1682 2898 nescit;
1745 2849 1845 2888 nos

274 2924 668 2991 corruptibiles
716 2931 770 2977 et
804 2924 983 2994 pulvis
1045 2939 1258 2978 smnus.
1317 2924 1413 2976 Ille
1465 2925 1692 2990 spiritus
1740 2935 1844 2988 est,

279 3014 519 3068 nobilior
546 3017 690 3069 omni
715 3016 910 3085 spiritu
934 3057 948 3081 ,
985 3023 1042 3070 ut
1071 3014 1318 3069 conditor
1345 3016 1629 3083 spirituum
1653 3033 1714 3072 ac
1741 3017 1848 3072 Do.

277 3105 464 3159 minus
500 3124 515 3171 ;
552 3122 649 3160 nos
677 3111 878 3162 carnes
903 3113 1220 3169 terrestres,
1273 3113 1326 3159 et
1379 3107 1685 3160 substantia
1736 3117 1846 3163 ter-

1949 1951 2054 1995 tem
2091 1956 2120 1994 a
2147 1937 2332 1994 divino
2368 1951 2620 2004 corpore,
2654 1935 2705 1987 id
2736 1941 2841 1996 est,
2879 1933 3143 1999 Ecclesia,
3171 1942 3224 1987 et
3269 1948 3296 1986 a
3345 1934 3509 1988 choro

1951 2033 2248 2085 electorum
2288 2034 2674 2087 secernuntur,
2715 2026 2825 2089 die,
2862 2041 3097 2094 quonam
3140 2023 3413 2078 abibunt?
3456 2024 3508 2076 in

1951 2118 2094 2188 quod
2139 2115 2398 2187 regnum!
2436 2115 2489 2168 in
2525 2129 2630 2184 quo
2663 2114 2805 2177 loco,
2836 2114 2989 2176 cedo,
3027 2121 3251 2181 sperant
3280 2112 3512 2164 domici-

1951 2211 2125 2265 lium?
2157 2211 2315 2263 Plane
2346 2208 2490 2261 enim
2523 2216 2576 2260 et
2626 2205 2934 2273 paradisus,
2977 2213 3031 2257 et
3057 2204 3209 2257 sinus
3257 2203 3508 2266 Abrahae,

1951 2312 2003 2359 et
2032 2302 2210 2357 omnis
2240 2302 2392 2354 locus
2425 2297 2630 2366 requiei
2660 2312 2845 2351 eorum
2875 2304 2957 2351 est
2987 2295 3077 2362 qui
3118 2294 3513 2348 salvantur.‘At

1951 2397 2094 2448 enim
2132 2394 2222 2460 qui
2257 2392 2557 2455 salvantur,
2594 2397 2717 2443 sunt
2750 2402 2939 2440 omnes
2968 2386 3192 2440 omnino
3225 2385 3422 2447 sancti,
3455 2393 3514 2437 ut

1953 2483 2134 2538 divina
2171 2481 2452 2547 Scriptura
2486 2479 2688 2548 passim
2719 2477 2900 2540 docet,
2935 2483 3297 2543 testaturque.
3333 2472 3511 2537 Multae

1952 2574 2156 2644 quippe
2193 2573 2513 2626 mansiones.
2553 2577 2702 2624 sunt.
2765 2568 2859 2621 sed
2899 2567 3035 2620 intra
3077 2565 3394 2618 Thalamum
3443 2565 3510 2616 θ’.

1954 2662 2417 2732 Quemadmodum
2454 2661 2594 2716 enim
2648 2673 2814 2713 unum
2846 2665 2930 2711 est
2974 2657 3194 2721 ccelum,
3247 2665 3298 2708 et
3351 2655 3402 2708 in
3449 2668 3513 2708 eo

1954 2758 2145 2823 stellze,
2203 2756 2408 2810 honore
2441 2760 2494 2807 et
2533 2751 2800 2805 claritate
2847 2748 3158 2802 differentes
3192 2765 3204 2800 :
3244 2745 3324 2800 sic
3382 2747 3510 2800 item

1956 2865 2099 2904 unus
2141 2848 2414 2901 thalamus
2453 2852 2557 2909 est,
2595 2851 2648 2896 et
2676 2856 2925 2911 regnum.
2961 2840 3223 2892 Caeterum
3265 2845 3317 2890 et
3353 2851 3511 2904 para-

1954 2940 2127 3005 disus,
2159 2947 2213 2991 et
2245 2937 2438 2990 civitas
2468 2940 2678 2995 sancta,
2712 2939 2764 2985 et
2796 2929 2972 2984 omnis
3023 2929 3174 2981 locus
3233 2925 3510 2992 requietis,

1953 3031 2096 3084 Deus
2127 3037 2208 3083 est
2243 3027 2416 3080 solus.
2449 3025 2514 3078 Et
2544 3031 2604 3076 ut
2637 3023 2800 3075 homo
2850 3035 2956 3073 non
2996 3019 3159 3072 habet
3189 3017 3238 3069 in
3270 3016 3377 3068 vita
3429 3031 3512 3068 re-

1955 3121 2159 3189 quiem,
2189 3119 2279 3186 qui
2327 3132 2437 3180 non
2466 3123 2649 3169 manet
2683 3113 2734 3165 in
2769 3112 2899 3174 Deo,
2945 3119 2997 3163 et
3033 3112 3170 3164 Deus
3211 3108 3264 3161 in
3297 3123 3401 3162 eo:
3436 3107 3514 3159 sic

280 3199 498 3253 restris.
541 3196 635 3253 llle
669 3208 864 3254 auctor
897 3202 1166 3266 omnium,
1211 3203 1463 3271 principii
1512 3219 1730 3270 expers,
1759 3201 1839 3255 in-

1950 3214 2112 3269 etiam
2147 3217 2269 3281 post
2310 3217 2538 3263 mortem
2574 3213 2727 3257 extra
2770 3203 2919 3256 illum
2972 3201 3215 3256 unicum.
3247 3215 3352 3252 non
3387 3199 3510 3261 erit,

277 3290 706 3358 comprehensus
745 3311 758 3346 :
791 3308 889 3346 nos
919 3309 1162 3355 vermes,
1200 3303 1253 3350 et
1295 3308 1510 3348 cmuum
1576 3301 1630 3347 et
1684 3294 1844 3348 cinis.

279 3378 344 3433 Et
371 3381 493 3448 quis
519 3381 596 3434 de
645 3383 798 3436 nobis
854 3399 917 3436 ex
954 3385 1172 3453 pr0pria
1225 3385 1446 3449 virtute,
1494 3393 1586 3437 aut
1637 3386 1848 3438 actione

278 3470 427 3524 hunc
455 3471 637 3527 videre
685 3487 925 3541 unquam
973 3464 1192 3543 poterit,
1252 3475 1357 3529 nisi
1405 3475 1522 3543 ipse
1582 3473 1844 3544 Spiritum

276 3579 437 3616 suum
469 3563 711 3618 divinum
744 3567 1007 3631 emiserit,
1061 3581 1126 3619 ac
1162 3581 1257 3635 per
1288 3582 1410 3621 eum
1449 3565 1682 3619 infirmas
1745 3581 1844 3618 na-

277 3663 416 3707 tura:
446 3659 636 3721 robur,
671 3657 838 3722 vires,
880 3658 1254 3727 virtutemque
1306 3658 1601 3716 suffecerit.
1643 3667 1695 3730 et
1746 3658 1846 3709 ho-

279 3745 477 3798 minem
532 3746 775 3801 videnda:
833 3749 1023 3817 gloriae
1088 3763 1201 3801 suae
1253 3749 1506 3802 idoneum
1568 3749 1844 3803 effecerit!

278 3836 498 3904 Alioqui
523 3838 666 3890 enim
705 3855 808 3893 non
837 3841 1058 3903 videbit,
1108 3855 1207 3894 nec
1257 3841 1440 3894 videre
1489 3843 1698 3910 poterit
1753 3842 1847 3893 ho-

279 3927 479 3980 minem
515 3930 786 3998 quispiam
842 3933 893 3983 in
936 3931 1110 3999 gloria
1157 3933 1497 3985 venientem.
1543 3934 1608 3986 Et
1656 3934 1725 3985 ita
1766 3934 1847 3985 iu-

271 4021 406 4089 justi
445 4035 472 4072 a
500 4019 1109 4096 jusﬁsgseparabuntur,
1139 4022 1509 4090 tenebrisque
1547 4023 1845 4077 obruentur

277 4120 614 4179 peccatores,
650 4119 704 4164 et
753 4112 1070 4180 quicunque
1125 4114 1255 4167 hinc
1317 4128 1499 4169 secum
1553 4112 1734 4166 lumen
1791 4113 1842 4165 in

277 4201 416 4269 ipsis
450 4216 554 4254 non
611 4202 920 4256 attulerint.
972 4203 1074 4267 Qui
1129 4214 1305 4257 autem
1356 4220 1418 4258 ex
1471 4204 1557 4258 his
1594 4219 1712 4269 qute
1759 4203 1846 4256 hic

279 4301 534 4362 egerunt,
569 4293 618 4346 ei
662 4294 900 4362 copulati
945 4295 1282 4357 sunt,etiam
1329 4303 1458 4348 tunc
1506 4279 1733 4364 mystice
1792 4302 1845 4347 et

282 4397 540 4453 germane
571 4383 676 4436 Dco
710 4385 1134 4452 copulabuntur,
1213 4393 1371 4453 atque
1402 4385 1470 4439 ab
1520 4386 1640 4455 ejus
1695 4400 1844 4438 com-

278 4472 540 4526 munione
597 4489 884 4542 nunquam
937 4475 1289 4530 divellentur.
1347 4475 1516 4530 Porro
1566 4477 1661 4545 qui
1717 4477 1840 4528 hinc

275 4562 663 4634 emigraverint
704 4565 774 4620 ab
827 4566 944 4635 ejus
994 4567 1200 4620 Inniine
1256 4568 1512 4636 sejuncti,
1571 4566 1870 4635 quomodo

276 4664 372 4708 aut
406 4659 511 4722 qua
544 4657 755 4711 ratione
792 4665 922 4710 tunc
952 4657 1324 4722 ei-uniantur,
1377 4657 1587 4711 discere
1628 4651 1658 4710 a
1691 4657 1845 4712 vobis

275 4747 460 4813 cupio,
490 4756 582 4798 aut
611 4761 706 4799 vos
735 4746 932 4801 docere
961 4749 1158 4816 potius.

351 4837 494 4890 Deus
519 4838 681 4892 homo
718 4837 912 4900 factus,
939 4843 1180 4893 sociatus
1204 4849 1293 4893 est
1317 4837 1651 4894 hominibus.
1685 4840 1842 4893 Com-

277 4925 581 4980 municavit
615 4927 904 4981 nobiscum
939 4929 991 4980 in
1022 4929 1256 4982 humana
1311 4936 1530 4992 natura,
1562 4929 1840 4983 vici-ssim-

275 5032 383 5085 que
414 5030 534 5069 cum
569 5018 840 5073 universis
902 5020 953 5072 in
990 5036 1113 5073 eum
1158 5019 1524 5086 credentibus,
1580 5029 1632 5074 ct
1684 5023 1837 5075 fidem

276 5123 343 5161 ex
381 5109 642 5178 Operibus
675 5110 1090 5166 ostendentibus
1141 5112 1478 5165 divinitatem
1509 5128 1662 5165 suam
1692 5129 1840 5166 com-

276 5200 600 5255 municavit.
660 5201 769 5256 Hos
830 5202 1001 5271 igitur
1062 5204 1330 5259 salvatum
1398 5204 1463 5256 iri
1531 5204 1842 5269 ailirmavit,

350 5392 398 5429 δ”
419 5396 512 5468 Ep‘
536 5412 613 5453 es.
647 5415 700 5466 ν,
728 5403 818 5456 25.
892 5402 935 5435 “
958 5400 1115 5457 Joan.
1145 5419 1251 5467 xxv,
1284 5405 1338 5457 2.

355 5628 467 5699 (2i)
501 5630 622 5699 Haec
654 5643 770 5696 quae
797 5626 1029 5699 Syineon
1067 5628 1273 5699 scribit.
1307 5627 1650 5697 intelligenda
1684 5633 1832 5689 sunt,

278 5717 390 5756 non
434 5698 499 5754 de
528 5698 944 5767 quibuscunQue
979 5698 1372 5766 peccatoribus,
1398 5700 1489 5751 sed
1523 5699 1587 5751 de
1617 5712 1834 5765 excom-

280 5769 592 5824 municatis.
622 5769 724 5820 Alii
751 5769 892 5838 enim
928 5777 1260 5834 peccatores,
1301 5767 1647 5835 quantumvis
1676 5780 1836 5838 enor—

279 5855 397 5896 mes
424 5879 437 5908 ,
476 5839 591 5895 sive
623 5837 894 5893 manifesti
926 5839 1038 5893 sive
1068 5838 1285 5903 occulti,
1318 5834 1442 5893 vere
1478 5848 1604 5894 sunt
1651 5838 1700 5890 in
1732 5834 1834 5888 Ec~

1414 5403 1457 5434 "
1497 5401 1638 5455 Psal.
1670 5415 1802 5464 xv",
1848 5400 1933 5453 10.

1949 3305 2166 3374 Opinor,
2192 3303 2298 3355 ulla
2331 3299 2568 3367 requies,
2597 3311 2704 3350 non
2733 3295 2884 3349 locus
2912 3309 2938 3344 a
2965 3291 3204 3352 tristitia.
3231 3305 3258 3343 a
3286 3289 3508 3358 gemitu,

1951 3414 1979 3452 a
2008 3396 2360 3451 tribulatione
2392 3393 2549 3445 liber.

2019 3487 2286 3554 Quocirca
2344 3485 2682 3542 studeamus,
2738 3478 2954 3541 fratres,
3018 3473 3334 3530 studeamus
3391 3479 3514 3526 ante

1948 3580 2155 3635 obitum
2205 3583 2447 3631 nostrum
2501 3573 2610 3626 Deo
2650 3568 2858 3623 auctori
2898 3567 3140 3620 omnium
3175 3565 3507 3627 coalescere,

1950 3669 2040 3737 qui
2073 3674 2294 3736 propter
2326 3678 2427 3716 nos
2455 3663 2684 3716 miseros
2718 3659 2886 3713 caelos
2910 3653 3211 3717 inclinavit,
3241 3660 3293 3705 et
3321 3653 3371 3702 in
3398 3659 3511 3702 ter-

1949 3775 2039 3814 ras
2088 3756 2370 3812 descendit
2400 3755 2484 3819 ”;
2538 3752 2626 3821 qui
2670 3751 2827 3802 latuit
2882 3746 3122 3815 angelos,
3164 3752 3214 3796 et
3251 3744 3303 3795 in
3358 3753 3514 3796 utero

1953 3859 2156 3906 sancta:
2206 3845 2444 3916 Virginis
2495 3841 2778 3904 habitavit,
2813 3855 2876 3893 ex
2913 3854 3014 3906 qua
3052 3850 3252 3905 corpus
3284 3849 3512 3887 assum-

1950 3942 2076 4010 psit,
2116 3938 2274 3992 modo
2312 3933 2688 3997 inenarrabili,
2736 3940 2788 3983 et
2817 3930 2950 3982 citra
3001 3927 3352 3980 mutationem
3407 3919 3511 3982 sui.

1947 4033 2180 4099 indeque
2216 4030 2278 4081 ad
2335 4036 2575 4080 nostram
2614 4023 2853 4075 omnium
2892 4019 3126 4073 salutem
3182 4013 3510 4083 operandam

1948 4123 2230 4193 processit.
2260 4119 2417 4174 Salus
2446 4123 2624 4170 autem
2660 4122 2844 4166 nostra
2895 4112 3005 4163 haec
3038 4116 3121 4162 est
3155 4109 3330 4174 plane,
3364 4107 3510 4170 quod

1948 4216 2145 4283 sazpius
2181 4212 2441 4271 diximus,
2474 4217 2525 4260 et
2559 4221 2699 4258 nunc
2732 4204 2911 4257 denuo
2949 4202 3215 4263 dicemus,
3258 4213 3363 4251 non
3403 4211 3505 4249 nos

1947 4306 2162 4376 quidem
2197 4319 2262 4357 ex
2294 4302 2448 4354 nobis
2479 4299 2632 4366 ipsis,
2664 4299 2755 4350 sed
2786 4313 2848 4350 ex
2885 4311 2977 4348 ore
3011 4295 3216 4346 divino.
3252 4289 3513 4358 Apparuit

1948 4410 2199 4465 maguum
2239 4394 2414 4446 lumen
2451 4390 2617 4442 futuri
2658 4387 2862 4446 saeculi,
2893 4399 3112 4450 regnum
3156 4382 3418 4434 cmlorum
3454 4379 3506 4431 in

1947 4493 2121 4536 terras
2151 4480 2466 4534 descendit:
2502 4479 2608 4530 imo
2635 4489 2760 4529 vero
2796 4488 3047 4541 superum
3081 4479 3134 4524 et
3166 4470 3425 4532 inferum,
3458 4475 3512 4519 et

1949 4573 2189 4628 omnium
2222 4569 2331 4624 Rei:
2368 4569 2532 4630 venit,
2569 4567 2846 4632 voluitque
2878 4564 3032 4616 nobis
3059 4561 3171 4614 ﬁeri
3204 4558 3422 4629 similis,
3451 4567 3512 4612 ut

1947 4678 2012 4716 ex
2044 4663 2160 4730 ipso
2190 4670 2448 4727 tanquam
2482 4675 2544 4711 ex
2583 4657 2784 4710 lumine
2821 4670 3008 4708 emues
3039 4653 3274 4715 accensi,
3309 4651 3511 4703 lumina
3581 4683 3583 4685 ι

1948 4754 2119 4806 altera
2151 4753 2325 4820 primo
2357 4751 2556 4803 similia
2589 4747 2971 4827 evaderemus;
3006 4753 3059 4797 et
3095 4744 3242 4809 regni
3275 4741 3514 4794 cmlestis

1943 4850 2250 4902 consortes,
2292 4838 2584 4905 gloriaeque
2632 4835 2946 4904 participes,
2981 4848 3078 4886 nec
3137 4847 3243 4885 non
3280 4841 3507 4883 aeterno-

1946 4947 2064 4984 rum
2095 4931 2380 4989 bonorum,
2428 4943 2548 4996 quae
2589 4941 2746 4978 nemo
2787 4925 2919 4976 vidit
2963 4937 3234 4990 unquam,
3271 4921 3512 4974 hmredes

1951 5023 2224 5076 tieremus.
2269 5021 2388 5074 Haec
2434 5029 2610 5074 autem
2649 5026 2797 5078 sunt,
2833 5024 2890 5068 ut
2919 5016 3102 5080 credo,
3137 5023 3190 5068 et
3221 5015 3348 5068 mihi
3388 5029 3496 5081 per-

1950 5111 2149 5168 suadeo
2197 5122 2248 5164 et
2283 5120 2530 5173 autumo,
2567 5109 2747 5174 Pater,
2785 5107 2949 5161 Filius
3007 5115 3057 5159 et
3114 5105 3344 5174 Spiritus
3380 5119 3509 5158 san-

1949 5213 2090 5259 ctus.
2134 5217 2237 5257 una
2274 5201 2536 5256 Trinitas.
2581 5201 2682 5253 Hic
2717 5199 2836 5253 fans
2887 5199 3192 5261 bonorum;
3235 5196 3346 5249 haec
3401 5193 3508 5247 vita

1945 5625 2148 5685 clesia;
2186 5619 2481 5676 dummodo
2522 5607 2703 5685 tamen
2759 5616 2914 5672 fidem
2951 5628 3056 5668 non
3114 5611 3396 5685 abjiciant.
3435 5610 3509 5663 De

1944 5709 2054 5764 quo
2079 5682 2258 5747 videat
2288 5691 2454 5764 lector
2479 5684 3133 5764 Ca_rd._Be-iiarm._ljb._ut
3173 5683 3241 5764 De
3274 5682 3507 5764 Ecclesia

1945 5751 2226 5826 militante,
2252 5776 2372 5828 cap.
2397 5759 2449 5823 9,
2476 5758 2755 5828 quietiam
2779 5771 2898 5824 cap.
2927 5751 3510 5828 l0._docet,,quomodo

1948 5824 2416 5887 inﬁdeles'occulti
2448 5824 2507 5889 in
2541 5827 2786 5884 Ecclesia
2813 5825 3022 5882 censeri
3059 5824 3292 5893 possint.
