4136 6338
657 341 760 404 575

1844 334 2149 396 SYMEON
2165 335 2234 393 [S
2274 333 2643 394 JUNiORlS

3810 337 3909 401 576

663 469 840 507 rerum
865 451 1236 516 exstantium;
1261 449 1340 503 hae
1363 449 1570 503 deliciae
1595 456 1646 504 et
1673 449 1891 517 requies
1918 465 1932 513 ;
1961 447 2076 501 hzec
2099 446 2236 502 stola
2268 445 2312 499 A
2415 445 2553 497 Audi
2587 459 2705 513 qua:
2738 445 3121 511 percunctaris
3148 454 3230 509 ,et
3258 444 3441 501 audita
3471 447 3663 504 litteris
3698 453 3918 507 manda.

655 555 710 600 et
741 546 947 615 gloria;
980 545 1084 596 hoc
1113 542 1367 612 gaudium
1403 541 1673 596 ineffabile
1701 553 1754 594 et
1786 543 1936 594 salus
1965 540 2232 604 omnium,

657 639 747 704 qui
778 636 1198 692 illuminationis
1228 636 1347 700 ejus
1371 633 1769 702 inexplicabilis
1794 632 1920 687 facti
1946 638 2075 686 sunt
2106 646 2234 699 par--

660 728 868 797 ticipes,
907 737 959 782 et
990 729 1429 782 communionem
1467 741 1524 782 se
1564 741 1688 779 cum
1727 727 1845 796 ipso
1879 726 2077 780 habere
2111 741 2236 780 sen-

659 820 822 874 tiunt.
882 820 1088 874 ideirco
1147 821 1313 882 enim,
1356 819 1559 884 audite,
1611 817 1860 873 Salvator
1894 819 2234 883 nominatur,

657 914 916 981 quoniam
953 912 1206 968 omnibus
1231 914 1555 980 quibuscum
1585 913 1766 966 unitus
1791 913 1971 980 fuerit,
2006 914 2233 968 salutem

659 1005 771 1059 dat.
806 1003 966 1058 Salus
991 1020 1155 1073 porro
1182 1013 1264 1059 est
1303 1004 1547 1058 omnium
1584 1005 1848 1059 malorum
1876 1004 2147 1070 depulsio,
2183 1012 2237 1059 et

659 1097 713 1150 in
773 1097 961 1150 eodem
1020 1098 1265 1150 omnium
1323 1099 1591 1150 bonorum
1643 1105 1843 1151 aeterna
1883 1097 2146 1156 inventio,
2206 1111 2235 1150 a

657 1199 832 1244 morte
861 1195 1051 1248 vitam.
1086 1207 1114 1244 a
1155 1191 1399 1245 tenebris
1451 1192 1650 1254 lucem,
1695 1206 1722 1242 a
1776 1189 2041 1247 seruitute
2078 1189 2237 1244 vitio-

658 1298 844 1337 sorum
925 1285 1257 1346 affectuum,
1332 1286 1886 1353 turpissimarumque
1959 1286 2234 1338 actionum

657 1373 953 1440 perfectam
977 1375 1286 1428 libertatem
1321 1377 1577 1429 omnibus
1596 1389 1717 1428 cum
1741 1374 1963 1429 Christo
1994 1375 2235 1428 omnium

658 1461 941 1517 Salvatore
973 1465 1282 1532 conjunctis
1311 1480 1371 1517 ac
1401 1463 1668 1520 devinctis
1694 1463 1956 1531 largiens,
1984 1467 2075 1533 qui
2105 1473 2239 1520 tunc

662 1571 827 1610 omne
859 1557 1117 1624 gaudium
1151 1557 1284 1609 citra
1325 1557 1630 1625 periculum
1664 1556 1970 1621 amittendi,
2015 1571 2234 1612 omnem

657 1647 1104 1706 exsultationem,
1165 1647 1518 1714 laetitiamque
1553 1646 1854 1714 possident.
1905 1647 2009 1713 Qui
2055 1656 2235 1703 autem

659 1752 888 1804 prorsus
923 1737 990 1790 ab
1017 1753 1083 1789 eo
1124 1736 1381 1804 sejuncti,
1413 1752 1517 1789 non
1557 1751 1678 1790 eum
1709 1745 1982 1805 quaerunt,
2016 1754 2119 1794 nec
2148 1739 2238 1808 ju-

660 1842 783 1896 gum
814 1838 1062 1882 motuum
1093 1828 1257 1881 animi
1303 1828 1499 1882 rationi
1535 1828 1940 1884 adversantium
1976 1844 2240 1885 excusse-

661 1930 809 1980 runt,
861 1935 959 1972 nec
1009 1934 1037 1972 a
1087 1927 1261 1971 morte
1312 1927 1440 1973 sunt
1487 1919 1724 1984 liberati,
1774 1936 1871 1975 seu
1921 1937 2094 1992 reges.
2145 1938 2240 1977 seu

663 2007 964 2077 principes,
1000 2023 1094 2061 Seu
1128 2007 1228 2060 viri
1265 2019 1565 2062 summates
1598 2009 1730 2073 sint,
1767 2009 1870 2062 etsi
1904 2010 1959 2062 in
2001 2009 2237 2076 deliciis,

661 2100 715 2152 in
759 2099 1145 2162 hilaritatibus,
1175 2107 1226 2152 et
1253 2099 1732 2163 oblectationibus,
1760 2106 1813 2154 et
1844 2100 1896 2153 in
1932 2101 2088 2156 bonis
2121 2117 2241 2170 per-

662 2191 908 2246 fruendis
954 2193 1160 2246 versari
1198 2207 1256 2247 se
1286 2199 1498 2261 putent,
1538 2207 1817 2261 nunquam
1866 2202 2046 2246 tamen
2078 2195 2238 2249 talem

661 2284 948 2352 acquirent
999 2284 1259 2346 laetitiam,
1291 2283 1509 2352 qualem
1547 2284 1689 2338 servi
1723 2282 1926 2338 Christi
1960 2285 2026 2337 ab
2062 2283 2238 2338 omni-

660 2374 765 2428 bus
805 2375 1102 2442 illegitimis
1135 2376 1340 2444 glorize,
1373 2391 1436 2430 ac
1472 2377 1814 2444 voluptatum
1848 2376 2240 2445 cupiditatibus

662 2467 937 2520 immunes
967 2468 1304 2535 percipiunt;
1333 2483 1451 2536 qua:
1479 2469 1697 2535 quidem
1723 2476 1868 2522 tanta
1897 2476 2003 2530 est,
2038 2477 2097 2521 ut
2122 2483 2239 2522 eam

660 2559 835 2611 oratio
868 2558 1130 2628 consequi
1163 2573 1271 2612 non
1313 2560 1504 2627 possit,
1533 2576 1694 2628 quam
1736 2575 1922 2614 eorum
1955 2574 2112 2614 nemo
2144 2559 2242 2612 ali-

662 2651 882 2717 quando
942 2658 1255 2720 cognoscet,
1311 2652 1606 2720 intelliget,
1683 2660 1780 2705 aut
1843 2652 2072 2716 videbit,
2146 2652 2240 2722 qui

662 2739 884 2793 Christo
912 2740 1125 2794 sincere
1167 2740 1522 2809 fruenterque
1559 2757 1664 2795 non
1701 2743 2052 2808 adhaeserint,
2082 2745 2242 2812 eique

665 2831 890 2895 unioue,
914 2847 1080 2900 quam
1107 2833 1382 2901 explicare
1409 2847 1517 2886 non
1541 2842 1644 2896 est,
1673 2835 1882 2888 astricti
1913 2844 1965 2888 et
1989 2834 2238 2903 impliciti

665 2935 770 2973 non
804 2921 1044 2986 fuerint;
1081 2937 1242 2989 quem
1286 2923 1441 2976 decet
1471 2926 1642 2991 gloria
1693 2933 1747 2978 et
1777 2924 1978 2989 honor,
2031 2925 2152 2979 laus
2179 2929 2241 2978 et

664 3015 844 3066 omnis
874 3014 1189 3080 praedicatio
1223 3014 1291 3067 ab
1323 3016 1472 3068 omni
1526 3023 1800 3082 creatura,
1842 3024 1896 3071 et
1951 3017 2146 3086 spiritu
2184 3017 2240 3070 in

663 3106 882 3158 saecula.
914 3105 1102 3159 Amen.

1231 3263 1457 3320 CAPUT
1499 3266 1666 3320 XXX.

663 3396 853 3451 Melius
879 3415 989 3451 esse
1017 3399 1140 3452 bene
1177 3405 1321 3466 regi,
1370 3419 1528 3468 quam
1558 3419 1731 3470 regere
1763 3405 1971 3459 invitos.
2007 3404 2235 3461 Nullum

732 3470 868 3521 enim
924 3470 1046 3534 capi
1093 3471 1517 3536 emolumentum,
1572 3475 1618 3525 si
1675 3476 1790 3532 quis
1842 3477 1978 3528 alios
2034 3493 2240 3529 servare

732 3538 962 3600 studeat,
996 3549 1043 3591 et
1075 3555 1127 3592 se
1163 3557 1254 3608 per
1302 3541 1516 3595 illorum
1555 3545 1924 3614 prmfecturam
1973 3547 2238 3615 perditum

732 3617 840 3663 eat.

732 3743 1121 3807 Dic,,Christe.
1159 3761 1318 3802 servo
1355 3757 1470 3812 tuo,
1520 3749 1608 3803 die
1659 3748 1843 3804 lumen
1880 3751 2092 3817 mundi,
2155 3753 2243 3807 dic

658 3834 892 3888 scicntia
926 3837 1091 3890 t0tius
1124 3838 1384 3900 universi,
1411 3838 1498 3892 dic
1529 3837 1763 3893 Verbum
1798 3841 2087 3909 sapientia,
2123 3858 2243 3911 quae

664 3925 844 3976 omnia
875 3926 1116 3993 praescis,
1147 3926 1332 3978 omnia
1363 3929 1638 3996 prauosti,
1669 3938 1721 3982 et
1749 3930 1905 3985 nobis
1929 3932 2243 3986 conducen-

663 4014 738 4066 tia
773 4015 938 4068 doces
970 4016 1088 4070 sine
1129 4017 1326 4070 invidia
1355 4035 1369 4082 ;
1404 4019 1493 4072 dic
1519 4027 1572 4073 et
1604 4025 1738 4075 doce
1774 4037 1857 4090 me
1888 4038 2104 4092 quoque
2126 4025 2244 4078 vias

667 4107 940 4163 stlutares
972 4119 1185 4162 tuarum
1220 4111 1580 4177 voluntatum,
1613 4127 1676 4166 ac
1696 4114 2000 4168 divinorum
2026 4125 2241 4170 tuorum

667 4200 1074 4254 mandatorum.
1121 4200 1237 4267 Dic,
1285 4213 1336 4256 et
1371 4219 1436 4258 ne
1469 4204 1740 4272 despicias
1774 4223 1880 4270 me,
1917 4223 2052 4262 neve
2103 4209 2245 4264 celes

665 4282 951 4362 indignum
987 4310 1203 4349 servum
1239 4307 1414 4362 tuum,
1447 4295 1590 4352 Deus
1623 4315 1798 4366 meus,
1845 4300 2243 4368 beneplaeitum

664 4393 842 4456 tuum,
898 4397 952 4441 et
991 4388 1139 4456 aperi
1198 4390 1330 4442 mihi
1389 4389 1621 4457 benigne
1671 4391 1921 4446 Salvator
1956 4402 2134 4447 utrum
2174 4410 2241 4448 ex

663 4476 874 4532 duobus
904 4479 1097 4531 melius
1135 4479 1274 4546 apud
1311 4489 1361 4532 te
1394 4479 1485 4544 sit,
1523 4481 1726 4550 tibique
1766 4484 1996 4548 gratius,
2042 4484 2241 4538 sollici-

664 4570 906 4625 tudinem
948 4586 1138 4640 gererc
1189 4587 1275 4623 me
1312 4587 1495 4626 rerum
1535 4574 1875 4637 monasterii,
1918 4583 1970 4628 et
2009 4574 2237 4629 candide

665 4678 961 4732 procurare
983 4662 1422 4717 necessitudines
1447 4679 1761 4733 corporum,
1787 4681 2237 4737 propugnareque

663 4754 852 4808 odiose
912 4771 1009 4823 pro
1051 4755 1332 4818 omnibus;
1395 4770 1461 4807 an
1499 4755 1599 4809 soli
1635 4757 1804 4824 quieti
1861 4773 2075 4825 semper
2119 4775 2240 4814 esse

664 4844 930 4906 deditum,
959 4855 1010 4900 et
1036 4855 1269 4899 mentem
1303 4860 1577 4913 serenam,
1604 4857 1764 4916 atque
1789 4849 2238 4917 impertttrbatam

664 4923 1008 5000 conservare,
1061 4945 1114 4990 et
1145 4936 1331 5006 gratia:
1363 4945 1467 4990 tuae
1499 4939 1773 4993 scintillas
1831 4941 2131 5008 suscipere,
2187 4947 2242 4994 et

664 5027 964 5082 secundum
1022 5030 1216 5081 animae
1269 5044 1490 5083 sensum
1536 5017 1875 5085 continenter
1919 5032 2237 5096 illuminari,

665 5119 992 5187 divinosque
1018 5135 1301 5173 sermones
1327 5136 1524 5174 arcane
1552 5121 1850 5191 percipere,
1877 5131 1930 5176 et
1960 5133 2240 5178 mansuete

666 5211 862 5265 docere
917 5211 1072 5272 alios,
1105 5210 1398 5283 doceriquc
1462 5211 1732 5268 similiter.
1767 5213 1868 5278 Qui
1907 5215 2049 5268 enim
2083 5215 2242 5269 docet

669 5303 827 5365 alios,
870 5304 1053 5356 eadem
1108 5303 1208 5356 sibi
1241 5319 1461 5372 quoque
1490 5304 1641 5367 dicit,
1680 5313 1733 5358 et
1781 5306 1986 5372 primus
2020 5306 2242 5359 omnino

669 5409 731 5447 ca
762 5403 1019 5462 praestare
1074 5395 1230 5449 factis
1283 5394 1460 5450 debet.
1504 5395 1577 5448 Ex
1611 5395 1696 5450 his
1726 5397 1907 5464 itaque
1957 5397 2240 5461 ambobus,

677 5491 763 5547 dic
793 5490 944 5555 mihi,
1033 5491 1188 5543 lictor
1220 5500 1273 5544 et
1310 5492 1449 5544 Deus
1480 5504 1658 5556 meus,
1716 5499 1900 5546 utrum
1936 5490 2068 5546 mihi
2109 5506 2212 5546 con

677 5582 936 5646 ducihile,
975 5592 1155 5634 utrum
1206 5580 1300 5635 tibi
1365 5581 1617 5647 placitum
1665 5595 1728 5637 ac
1767 5579 2070 5650 perfectum
2116 5581 2241 5636 est?

678 5689 793 5740 age,
836 5689 902 5726 ne
949 5674 1078 5727 mihi
1123 5674 1263 5731 istud
1309 5676 1508 5744 dcncga
1562 5685 1641 5739 tu,
1691 5675 1846 5745 cujus
1896 5689 2108 5730 summa
2155 5684 2240 5730 est

678 5765 1074 5823 misericordia.

2339 533 2450 604 Ego
2481 536 2620 588 Deus
2655 543 2779 590 ante
2817 551 2980 591 omne
3005 538 3354 608 principium,
3383 556 3482 610 ego
3511 550 3702 596 natura
3733 543 3920 599 Domi-

2338 642 2462 690 nus,
2482 641 2798 693 superorum
2823 634 2874 678 et
2903 625 3198 680 inferorum
3229 644 3343 690 rex,
3369 629 3523 698 cujus
3553 632 3692 684 servi
3730 647 3920 687 omnes

2338 728 2656 784 censentur,
2692 718 2854 770 etiam
2904 718 2992 787 qui
3028 720 3241 776 nolunt.
3276 720 3387 790 Ego
3422 724 3609 791 utique
3656 723 3922 779 Conditor

2339 807 2820 874 ontnimn,Judex,
2850 819 2902 864 et
2931 810 3193 867 Dominus
3225 819 3277 864 ct
3315 827 3457 868 nunc
3487 829 3627 877 sum,
3653 827 3702 870 et
3735 815 3787 868 in
3818 829 3922 868 sa:-

2340 903 2460 956 cula
2492 903 2817 955 s:eculorum
2851 918 2963 956 ero.
3004 903 3106 957 Sed
3143 905 3411 958 nolentem
3446 906 3650 959 nullum
3682 923 3919 977 unquam

2342 1010 2495 1064 cogo.
2538 992 2675 1046 Volo
2734 995 2877 1048 enim
2934 1010 3028 1050 eos
3071 999 3162 1064 qui
3199 997 3327 1050 mihi
3366 1000 3629 1062 serviunt,
3667 1008 3719 1053 et
3773 1002 3920 1056 dicto

2340 1087 2623 1142 audientes
2656 1095 2803 1150 sunt,
2840 1088 3046 1141 servire
3097 1088 3287 1152 libere,
3331 1103 3398 1142 ex
3455 1091 3618 1143 animi
3665 1090 3914 1158 arbitrio,

2339 1194 2461 1234 cum
2498 1179 2694 1232 timore
2731 1188 2785 1234 et
2818 1179 3100 1233 charitate.
3131 1178 3290 1234 Tales
3334 1195 3522 1236 servos
3570 1197 3744 1246 meos,
3790 1184 3919 1238 tales

2339 1270 2428 1338 qui
2467 1270 2607 1338 apud
2641 1286 2725 1323 me
2762 1279 2995 1334 merent,
3033 1272 3166 1325 tales
3202 1271 3407 1326 amicos
3467 1287 3615 1327 meos
3653 1288 3776 1327 esse
3827 1274 3922 1329 de-

2340 1363 2544 1416 sidero.
2580 1362 2728 1418 Alios
2787 1365 3027 1418 nondum
3067 1365 3317 1433 cognovi,
3355 1380 3458 1423 nec
3492 1366 3559 1419 ab
3597 1365 3790 1420 iisdem
3828 1382 3921 1422 co-

2340 1455 2525 1523 gnitus
2556 1469 2697 1510 sum.
2735 1454 3000 1521 Quocirca
3031 1455 3224 1510 durum
3259 1472 3366 1520 me,
3421 1468 3473 1512 et
3499 1459 3592 1526 qui
3628 1460 3920 1513 commise-

2339 1545 2552 1600 ratione
2581 1562 2689 1600 non
2727 1555 2941 1616 tangar,
2981 1556 3035 1600 et
3066 1549 3309 1615 iniquum
3347 1548 3449 1616 ipsi
3483 1549 3575 1602 lilii
3613 1549 3919 1618 iniquitatis

2339 1638 2636 1708 appellant.
2669 1639 2770 1704 Qui
2803 1640 2968 1708 igitur
2994 1655 3078 1693 me
3111 1639 3508 1694 contumeliose
3535 1647 3795 1707 tractant,
3821 1643 3914 1709 qui

2341 1729 2589 1784 convicia
2617 1730 2746 1782 mihi
2780 1731 2988 1796 dicunt,
3025 1731 3117 1800 qui
3151 1747 3236 1786 me
3260 1731 3474 1798 probris
3503 1740 3754 1797 onerant,
3785 1749 3917 1802 quo-

2343 1819 2506 1872 modo
2531 1819 2626 1871 tibi
2658 1834 2714 1872 se
2748 1818 3063 1887 subjiciant,
3103 1821 3493 1889 autquomodo
3521 1831 3574 1875 te
3597 1823 3917 1889 magistrum

2343 1911 2667 1964 admittant?
2703 1913 2977 1982 quomodo
3018 1913 3128 1980 lupi
3157 1922 3208 1968 te
3238 1923 3506 1982 pastorem
3543 1915 3868 1983 reputabunt

2342 2011 2434 2057 aut
2465 2003 2739 2071 quomodo
2766 2018 2950 2057 vocem
2985 2012 3128 2057 tuam
3156 2013 3474 2074 sequentur,
3501 2021 3622 2060 cum
3655 2007 3766 2062 sint
3793 2005 3920 2062 ferae

2342 2094 2570 2147 bellum?
2606 2095 2896 2164 Egredere,
2927 2094 3049 2166 fuge
3079 2104 3132 2151 et
3165 2097 3373 2151 subduc
3403 2106 3455 2152 te
3481 2113 3544 2152 ex
3577 2097 3770 2151 horum
3802 2113 3920 2152 me-

2342 2183 2451 2238 dio.
2510 2184 2656 2238 Satis
2706 2194 2828 2240 esto
2889 2186 3006 2250 tibi,
3049 2186 3092 2240 si
3133 2187 3364 2254 teipsum
3427 2203 3629 2243 serves.
3667 2188 3820 2255 Quod
3873 2189 3918 2243 si

2344 2277 2602 2330 mundum
2633 2293 2838 2340 serves,
2866 2285 2918 2332 te
2943 2292 3070 2331 vero
3099 2279 3314 2346 perdes,
3341 2279 3472 2348 quid
3497 2280 3734 2335 mundus
3758 2296 3922 2350 opera

2343 2377 2434 2423 tua
2467 2377 2715 2424 servatus
2749 2371 2841 2424 tibi
2881 2371 3159 2439 proderit?
3194 2370 3328 2425 Nolo
3360 2381 3412 2427 te
3445 2389 3781 2443 quemquam
3816 2390 3922 2430 no-

2344 2461 2539 2514 lentem
2575 2476 2762 2530 regere
2796 2478 2809 2513 :
2847 2463 2990 2530 quod
3035 2463 3210 2530 ipsum
3249 2479 3334 2518 me
3369 2464 3423 2518 in
3462 2465 3668 2520 mundo
3724 2465 3922 2522 fecisse

2343 2553 2527 2607 videas
2567 2553 2713 2608 licet.
2765 2553 3073 2608 Veientium
3122 2569 3223 2623 ego
3277 2564 3458 2610 rector
3497 2573 3559 2610 ac
3622 2557 3920 2624 Dominus;

2345 2655 2662 2699 caeterorum
2689 2654 2908 2701 creator
2935 2647 3177 2716 quidem,
3204 2659 3254 2700 et
3281 2657 3472 2702 natura
3502 2647 3781 2710 Dominus,
3813 2664 3922 2704 non

2345 2743 2522 2789 autem
2559 2736 2668 2790 ullo
2706 2736 2867 2791 modo
2899 2753 3014 2801 rex,
3054 2753 3228 2807 neque
3257 2740 3388 2800 dux.
3423 2755 3486 2793 ac
3540 2755 3740 2809 praeses
3776 2755 3920 2805 sum,

2349 2828 2434 2894 qui
2470 2842 2575 2879 non
2605 2828 2800 2881 tollunt
2833 2844 3056 2883 crucem
3088 2845 3262 2896 suam,
3299 2846 3398 2884 nec
3442 2847 3526 2885 me
3567 2842 3871 2901 sequuntur
3904 2850 3918 2886 :

2345 2917 2543 2972 diaboli
2575 2918 2718 2972 enim
2772 2919 2892 2980 lilii,
2931 2931 2981 2974 et
3033 2935 3159 2976 vasa
3222 2931 3372 2976 sunt.
3420 2921 3550 2975 Vide
3602 2924 3921 2993 mysterium

2345 3015 2624 3078 horribile,
2661 3016 2783 3070 vide
2839 3015 3216 3081 stoliditatem,
3260 3025 3314 3071 et
3353 3034 3448 3072 eos
3504 3019 3755 3073 lamentis
3793 3033 3924 3090 pro-

2269 3101 2312 3162 C
2348 3121 2580 3173 sequere
2615 3107 2659 3160 si
2688 3115 2836 3174 potes
2865 3109 2948 3160 vel
2976 3108 3028 3161 in
3061 3109 3223 3163 horas
3249 3109 3515 3177 singulas.
3551 3109 3736 3164 Vocati
3771 3125 3925 3164 nam-

2342 3212 2446 3265 que
2479 3212 2508 3250 e
2533 3197 2771 3251 tenebris
2807 3197 2872 3251 2d
2900 3198 3078 3252 lumen
3107 3214 3211 3253 non
3244 3201 3556 3265 occiduum,
3591 3214 3619 3252 a
3652 3207 3825 3254 morte
3856 3201 3925 3256 ad

2344 3292 2534 3352 vitam,
2567 3289 2634 3340 ab
2667 3288 2884 3342 inferno
2919 3290 2982 3342 ad
3017 3289 3238 3350 caelum.
3269 3306 3298 3344 a
3328 3293 3672 3359 temporariis
3698 3300 3750 3346 et
3779 3292 3929 3361 peri-

2343 3379 2482 3432 turis
2507 3380 2571 3431 ad
2599 3379 2826 3448 gloriam
2855 3381 3263 3450 sempiternam,
3290 3381 3626 3444 irascuntur,
3651 3391 3702 3435 et
3732 3393 3925 3438 contra

2343 3471 2632 3534 magistros
2694 3471 3020 3533 insaniunt,
3081 3473 3506 3542 omnigenasque
3573 3474 3804 3528 insidias
3865 3475 3921 3528 in

2343 3562 2562 3614 eosdem
2595 3571 2950 3630 componunt,
2988 3571 3042 3616 et
3067 3563 3201 3616 mori
3238 3572 3558 3632 prmoptant,
3593 3581 3756 3632 quatit
3789 3580 3816 3616 a
3847 3573 3926 3619 te-

2345 3652 2551 3711 nebris.
2599 3661 2652 3706 et
2700 3655 2960 3722 operibus
3004 3653 3350 3709 tenebrarum
3385 3656 3687 3720 discedere,
3741 3673 3804 3711 ac
3838 3673 3926 3713 me

2343 3745 2516 3813 sequi.
2557 3742 2667 3800 Hos
2716 3761 2825 3814 quo
2864 3753 3022 3815 pacto
3058 3746 3271 3800 tandem
3328 3747 3740 3802 moderaberis?
3785 3765 3925 3816 quo-

2345 3837 2507 3888 modo
2546 3835 2632 3890 his
2671 3837 2893 3904 praeeris
2930 3853 2943 3888 :
2999 3840 3273 3905 quomodo
3309 3838 3410 3890 hos
3461 3838 3650 3901 duces,
3683 3839 3771 3893 die
3801 3856 3922 3909 age,

2346 3929 2437 3996 qui
2469 3938 2660 3996 sponte
2694 3929 2894 3983 suavad
2936 3929 3114 3999 ignem
3146 3928 3535 3999 transfugiunt,
3570 3930 3709 3984 hosti
3740 3933 3917 3987 adhae-

2348 4028 2550 4085 rentes,
2587 4029 2639 4072 et
2667 4036 2788 4073 cum
2823 4036 2886 4075 eo
2914 4022 3195 4090 prmeeptis
3225 4020 3356 4076 meis
3387 4021 3660 4075 contraria
3697 4023 3926 4093 impigre

2347 4109 2727 4179 dt-signantes?
2752 4111 3032 4177 Quomodo
3059 4096 3249 4182 pasces
3274 4127 3330 4166 ut
3362 4128 3527 4176 oves;
3556 4115 3830 4183 quomodo
3857 4115 3924 4169 ad

2349 4219 2570 4272 pascua,
2604 4221 2809 4272 qumso,
2875 4205 3255 4258 mandatorum
3300 4221 3569 4270 meorum,
3602 4206 3668 4258 ad
3722 4221 3922 4275 aquam

2349 4298 2683 4350 voluntatum
2715 4313 2955 4350 mearum
2992 4297 3258 4350 induces?
3286 4299 3560 4365 quomodo
3594 4299 3798 4354 educes
3830 4315 3923 4354 eos

2350 4389 2413 4440 ad
2456 4397 2689 4452 montes,
2715 4389 2805 4455 qui
2840 4389 3023 4441 animo
3055 4388 3329 4453 videntur,
3359 4389 3633 4442 visionum
3667 4391 3924 4458 mystica-

2349 4497 2466 4534 rum
2502 4481 2688 4548 gloriae
2722 4495 2852 4533 mea:
2898 4480 3300 4544 inenarrabilis,
3339 4495 3434 4547 per
3480 4496 3642 4550 quam
3672 4482 3763 4550 qui
3807 4499 3922 4536 eam

2346 4573 2652 4637 intuentur,
2680 4572 2997 4625 inferiorem
3025 4575 3164 4625 hanc.
3189 4573 3413 4640 gloriam
3441 4572 3778 4642 despiciunt,
3805 4591 3923 4628 om-

2347 4665 2610 4731 nimnque
2669 4664 2771 4716 sub
2803 4678 2999 4718 sensus
3033 4663 3339 4716 cadentiqu
3369 4663 3542 4728 obliti,
3591 4663 3705 4722 haec
3740 4669 3925 4721 omnia

2349 4769 2446 4823 pro
2472 4754 2683 4818 umbra,
2712 4764 2765 4808 et
2811 4753 2963 4806 fumo
3005 4753 3258 4807 ducunt?
3297 4753 3392 4807 Dic
3428 4754 3702 4823 quomodo
3737 4759 3926 4812 adver-

2349 4846 2552 4899 sarium
2587 4847 2638 4898 in
2671 4861 2836 4900 causa
2868 4846 3097 4900 dicenda
3154 4855 3442 4913 patronum
3483 4846 3754 4903 habebis?
3791 4863 3926 4917 quo-

2351 4941 2510 4993 modo
2543 4940 2750 4994 hostem
2781 4940 3043 4994 infestum
3078 4939 3143 4992 ad
3172 4946 3222 4993 te
3265 4939 3603 5008 diligendum
3647 4940 3925 4995 adduces?

2353 5031 2532 5086 Facile
2577 5033 2720 5086 enim
2762 5032 2960 5100 potius,
3005 5045 3171 5099 parva
3233 5032 3524 5085 occasione
3570 5032 3812 5094 inventa,
3861 5048 3926 5087 ex

2351 5107 2541 5176 amicis
2577 5120 2782 5174 inimici
2825 5120 2981 5174 fiunt.
3034 5121 3132 5174 Ast
3182 5121 3387 5174 inimici
3428 5121 3638 5176 ditlicile
3691 5125 3926 5193 conjun-

2353 5223 2486 5284 gu-et
2511 5212 2829 5274 amicitiam,
2863 5214 3112 5280 quamvis
3159 5210 3438 5265 beneficiis
3469 5213 3794 5272 allicianlur,
3825 5213 3926 5267 d0-

2351 5306 2546 5372 nisque
2594 5304 2887 5367 nobilibus,
2915 5312 2969 5356 et
3004 5304 3212 5371 magnis
3263 5304 3710 5356 cohonestentur.
3750 5303 3927 5358 Vene-

2354 5411 2482 5450 num
2514 5396 2756 5449 clausum
2783 5405 2976 5464 gerunt
3009 5394 3060 5448 in
3090 5405 3328 5463 pectore,
3353 5393 3496 5461 quod
3520 5395 3928 5462 Opportunitate

2355 5489 2531 5542 uhlata
2569 5503 2690 5540 mox
2723 5497 3002 5550 evomunt,
3032 5501 3094 5539 ac
3131 5486 3492 5539 benemeritos
3533 5486 3600 5538 de
3632 5500 3692 5540 se
3740 5485 3923 5555 impie,

2353 5578 2755 5646 crudeliterque
2785 5592 2891 5631 non
2929 5575 3226 5630 formidant
3256 5575 3526 5630 occidere.
3620 5584 3926 5630 extremum

2358 5669 2616 5724 furorem.
2645 5668 2710 5724 lli
2744 5679 2872 5723 sunt
2899 5669 3200 5724 imitatores
3219 5666 3350 5722 Cain
3375 5685 3387 5732 ;
3421 5668 3474 5721 hi
3501 5668 3772 5722 Lamccho
3797 5682 3924 5723 sce-

2359 5760 2683 5827 leratiores;
2729 5760 2780 5814 hi
2842 5758 3008 5816 Saulo
3065 5759 3312 5815 moribus
3363 5758 3589 5828 similes,
3658 5773 3926 5829 sequaces
