4136 6338
188 419 291 489 5ἸἸ

1243 410 1690 474 DIVINORUM
1728 406 2056 471 AMORUM
2097 409 2355 471 LIBER.

3304 414 3408 477 578

180 538 512 600 Judtrorum,
550 529 700 589 Iudae
727 527 928 595 aemuli,
962 537 1016 586 et
1076 529 1195 601 ejus
1252 529 1432 601 laquei
1482 530 1744 586 haeredes.
1778 526 1825 584 Α
1854 523 1999 578 neris
2026 526 2316 579 habentem
2351 532 2511 575 aures
2541 517 2816 585 audiendi,
2847 527 2900 573 et
2948 518 3409 590 obtemperantem

187 631 280 688 llis
319 631 363 685 si
413 641 643 698 prmesse
677 625 898 694 quaeris,
949 622 1236 679 considera
1291 638 1400 693 quo
1438 621 1743 678 'devenias:

160 730 289 778 'non
322 721 466 776 enim
509 734 572 773 eo
603 732 660 773 se
686 723 1007 772 convertent
1051 730 1158 784 quo
1201 725 1254 771 tu
1308 715 1579 778 volueris,
1635 715 1729 771 sed

184 825 236 869 te
262 811 510 869 eamdem
546 809 684 863 viam
714 809 996 863 ambulare
1021 807 1365 877 compellent,
1399 814 1454 863 et
1486 806 1743 875 primum,

182 913 307 960 ante
342 904 461 959 illos
493 903 545 955 in
585 910 812 969 pestem,
860 907 916 955 et
961 899 1187 954 exitium
1221 898 1484 963 incidere,
1513 906 1569 953 et
1603 897 1745 952 infra

181 1000 329 1070 ipsos
354 1000 406 1053 in
440 998 649 1052 foveam
683 995 847 1049 imam
874 994 1232 1060 descendere,
1267 1001 1326 1048 ut
1373 995 1465 1063 qui
1501 986 1598 1049 eos
1626 1009 1744 1049 om-

182 1089 313 1145 nino
338 1088 563 1143 comites
596 1101 624 1139 a
676 1085 1089 1165 tergo/habeas.
1129 1083 1284 1151 Quod
1325 1084 1373 1138 si
1420 1084 1578 1154 plane
1612 1082 1748 1154 ipsis

181 1181 467 1239 assimilari
489 1179 851 1244 recusaveris,
870 1185 939 1231 ‘et
966 1191 1156 1231 eorum
1185 1177 1433 1233 consiliis
1461 1177 1748 1247 cogitatio-

180 1276 455 1344 nibusque,
503 1286 609 1327 uua
677 1257 898 1333 auferri,
955 1269 1263 1339 abducique
1316 1271 1577 1336 nolueris,
1648 1284 1749 1325 nec

181 1364 586 1423 communicare
615 1377 801 1416 eorum
860 1362 1015 1416 malis
1064 1361 1340 1430 operibus,
1398 1360 1745 1427 seditionem,

182 1470 441 1529 pugnam,
462 1454 662 1509 bellum
684 1452 1025 1521 implacabile
1050 1452 1294 1506 habebis.
1314 1450 1455 1506 inde
1482 1452 1611 1522 quid
1646 1452 1746 1509 tibi

186 1552 311 1609 lict?
343 1552 469 1621 quid
499 1547 808 1620 continget?
832 1547 1039 1611 Dicam,
1064 1547 1109 1600 si
1142 1544 1315 1610 audis,
1346 1546 1477 1615 quid
1503 1548 1636 1623 lucri
1669 1542 1747 1603 sis

182 1645 449 1706 facturus.
474 1643 726 1698 et'dicam
753 1642 961 1711 paucis.
987 1636 1127 1693 Ante
1152 1638 1357 1704 omnia,
1378 1653 1566 1694 servus
1596 1654 1747 1695 meus

180 1750 301 1792 esse
332 1734 643 1803 neutiquam
699 1732 922 1801 poteris.
952 1730 1181 1784 Servum
1215 1731 1358 1785 enim
1419 1746 1597 1785 meum
1649 1747 1749 1800 pu-

179 1840 350 1898 gnare
383 1826 691 1893 neutiquam
732 1822 874 1877 volo.
907 1820 1102 1876 Odium
1150 1819 1207 1874 in
1237 1820 1551 1889 praecordiis
1587 1820 1741 1875 fove-
1777 1855 1819 1914 Β

179 1909 315 1973 bunt
381 1925 569 1970 contra
623 1923 675 1970 te
730 1913 1206 1980 irreconciliabile,
1263 1921 1316 1967 et
1356 1913 1573 1995 Qcaedem
1643 1913 1742 1967 tibi

181 2016 369 2078 aperte
400 2005 723 2075 occulteque
755 2005 1066 2067 molientur,
1094 2012 1261 2072 tuque
1284 2018 1381 2073 pro
1412 2003 1543 2071 ipsis
1574 2003 1628 2057 in
1654 2002 1747 2072 ju-

181 2100 380 2155 dicium
412 2099 617 2154 vocatis
652 2097 1029 2167 respondebis.
1062 2095 1207 2149 Nihil
1241 2096 1441 2164 quippe
1472 2110 1620 2149 mors
1652 2100 1745 2148 tua

180 2192 303 2245 aliis
329 2188 717 2249 commodabit,
756 2186 1212 2257 quemadmodum
1244 2200 1362 2241 mea
1407 2200 1553 2240 mors
1580 2186 1745 2239 vitam

180 2283 391 2338 mundo
453 2281 680 2351 peperit.
720 2281 861 2347 Quin
912 2256 966 2335 έι
1012 2277 1378 2333 damnationis
1432 2292 1598 2332 causa
1639 2278 1745 2332 illis

181 2373 321 2442 eris,
355 2380 407 2428 et
444 2380 501 2428 tu
538 2372 612 2426 ita
662 2372 788 2425 hinc
818 2369 1013 2433 abibis,
1047 2378 1107 2423 ut
1157 2368 1323 2441 libere
1360 2376 1425 2423 te
1458 2366 1746 2423 defendere

181 2479 440 2536 nequeas.
488 2463 715 2518 Praestat
751 2461 930 2533 itaque
979 2459 1202 2515 omnino
1235 2458 1371 2529 regi,
1406 2474 1515 2513 non
1562 2472 1746 2528 regere

180 2559 338 2623 tales,
368 2572 561 2628 resque
594 2572 724 2611 suas
766 2568 960 2610 curare
994 2553 1359 2622 potissimum,
1400 2557 1454 2605 et
1485 2565 1584 2619 pro
1618 2549 1745 2615 illis,

178 2666 388 2721 proque
415 2648 671 2704 omnibus
727 2645 1038 2700 hominibus
1074 2658 1271 2709 \orare,
1308 2650 1365 2695 ut
1396 2656 1584 2696 omnes
1614 2656 1747 2696 con-

182 2736 480 2805 vertantur,
518 2753 573 2795 et
621 2736 688 2792 ad
727 2735 1166 2807 agnitionem'su'i
1200 2732 1550 2802 perveniant;
1586 2741 1642 2786 et
1678 2747 1744 2786 ex

180 2831 264 2887 his
289 2834 533 2886 volentes
563 2830 777 2891 docere,
800 2843 863 2882 ac
886 2827 1100 2897 pietatis
1125 2822 1448 2881 rudimentis
1475 2824 1743 2880 imbuere.

176 2922 254 2978 Ne
282 2937 415 2977 vero
444 2936 607 2991 cogas
657 2935 752 2975 eos
789 2920 965 2974 facere
1018 2934 1137 2987 quae
1168 2918 1363 2981 doces;
1400 2916 1492 2973 sed
1523 2932 1747 2973 sermo-

176 3028 275 3068 nes
308 3022 459 3066 meos
492 3010 596 3065 illis
648 3009 859 3075 occine,
891 3016 944 3063 et
994 3007 1060 3061 ad
1105 3022 1202 3062 eos
1252 3017 1312 3061 ut
1361 3006 1485 3062 vitae
1530 3016 1747 3061 aeternae

177 3102 565 3159 conciliatores
590 3115 755 3169 opere
802 3100 1179 3168 exsequendos
1212 3099 1517 3153 cohortare.
1551 3097 1657 3167 Ipsi
1691 3098 1744 3152 hi

1847 613 1931 670 his
1966 622 2086 685 qua:
2117 615 2290 672 audit.

1916 703 2133 761 Faciam
2162 690 2454 776 ego‘istud,
2478 702 2723 766 Domine,
2756 704 2895 757 sicut
2922 704 3220 772 praecepisti
3248 704 3407 761 mihi.

1851 790 2240 850 Verumtamen
2270 804 2414 849 tuam
2444 809 2619 862 opem,
2662 802 2805 847 tuam
2840 794 3065 863 gra‘iam
3097 794 3241 849 dona
3278 795 3411 848 mihi

1845 880 2073 951 indigno
2124 897 2282 937 servo
2311 894 2425 951 tuo,
2465 884 2611 939 Deus
2644 898 2821 947 meus,
2856 894 2912 935 ut
2958 899 3172 953 semper
3202 884 3409 955 glorifi-

1844 988 1965 1028 cem
1996 982 2052 1029 te
2082 982 2135 1027 et
2171 975 2435 1030 celebrem
2458 976 2753 1046 potentiam
2784 985 2929 1030 tuam
2959 977 3184 1031 vocibus
3216 992 3411 1047 percn-

1845 1065 2010 1121 nibus
2051 1066 2107 1121 in
2127 1067 2370 1121 omnium
2409 1069 2733 1123 saeculorum
2768 1066 3112 1123 inﬁnitatem.
3143 1068 3337 1124 Amen.

2398 1200 2623 1257 CAPUT
2667 1201 2859 1257 XXXI.

1850 1311 1992 1379 Quid
2025 1312 2092 1367 sit
2128 1298 2261 1369 illud
2299 1331 2317 1368 :
2348 1334 2366 1366 σ
2407 1314 2703 1369 Secundum
2739 1315 3019 1383 imaginem
3053 1334 3073 1368 ι
3129 1324 3180 1370 et
3232 1315 3412 1370 meri'o

1916 1383 2136 1451 intelligi
2196 1387 2455 1439 Itoiriinem
2512 1386 2773 1452 prolatypi
2829 1386 3254 1446 similitudinem.
3319 1402 3412 1439 seu

1918 1451 2205 1521 imaginem
2227 1470 2357 1507 esse.
2393 1453 2700 1521 Diligentem
2722 1451 2983 1517 inimicos,
3018 1465 3265 1522 tanquam
3290 1457 3413 1509 bene

1916 1526 2154 1585 meritos,
2212 1524 2376 1576 Deum
2432 1525 2649 1586 imitari,
2691 1532 2739 1574 et
2793 1524 2914 1575 hinc
2970 1522 3197 1589 Spiritus
3241 1526 3412 1577 sancti

1915 1594 2243 1663 participem,
2281 1594 2562 1660 adoptione
2588 1603 2635 1663 et
2665 1594 2840 1661 gratia
2878 1592 3061 1663 Διὶέηιιη
3090 1594 3229 1659 ﬁeri.
3261 1603 3412 1663 atque

1917 1663 1981 1714 ab
2011 1662 2074 1714 iis
2101 1662 2227 1716 solis
2259 1664 2520 1732 cognosci,
2540 1662 2629 1731 qui
2656 1660 2831 1715 eodem
2864 1660 3065 1729 Spiritu
3091 1660 3340 1733 aguntur.

1922 1797 2131 1863 Gloria,
2161 1800 2301 1867 laus,
2335 1800 2587 1872 hymnus,
2624 1801 2823 1869 gratia,
2855 1804 2945 1871 qui
2981 1802 3083 1857 hoc
3115 1811 3285 1857 totum
3324 1819 3415 1857 re-

1848 1905 1966 1944 rum
1995 1897 2203 1944 naturae
2236 1905 2375 1959 opus
2402 1906 2466 1945 ex
2492 1892 2663 1945 nihilo
2694 1893 2807 1946 solo
2840 1892 3024 1957 verbo,
3055 1900 3107 1947 et
3132 1895 3413 1950 voluntate

1847 1997 1945 2037 sua
1977 1983 2301 2051 procreavit,
2337 1980 2447 2037 Deo
2496 1984 2902 2049 universorum,
2937 1986 3028 2054 qui
3066 1987 3117 2040 in
3157 1988 3401 2043 trinitate

1846 2072 2235 2142 hypostaseon.
2268 2081 2325 2127 et
2372 2073 2427 2125 in
2484 2089 2589 2129 una
2644 2076 2881 2128 essentia
2917 2080 3195 2130 adoratur.
3252 2076 3405 2134 Unus

1846 2162 1990 2219 Deus
2024 2171 2214 2219 sancta
2246 2162 2510 2228 Trinitas,
2552 2166 3097 2233 supersubstautiaiis
3146 2167 3407 2222 subman-

1846 2254 1945 2320 tia,
1980 2270 2088 2309 una
2130 2255 2182 2309 in
2218 2256 2390 2312 tribus
2423 2259 2689 2325 personis,
2720 2266 2773 2312 et
2803 2260 2973 2314 tribus
3009 2260 3407 2325 subsistentiis,

1845 2347 2299 2417 inseparabiiibus
2339 2362 2501 2418 atque
2537 2350 2982 2416 indirisibilibus,
3028 2368 3133 2406 una
3188 2362 3405 2416 natura,

1846 2455 1951 2494 uua
1992 2441 2183 2510 gloria,
2219 2455 2325 2494 una
2381 2441 2573 2501 virtus,
2624 2457 2729 2495 una
2779 2443 3049 2497 voluntas.
3107 2443 3233 2497 Haec
3287 2421 3402 2499 sola

1847 2530 2084 2583 creatrix
2122 2536 2207 2584 est
2236 2530 2501 2583 omnium.
2535 2529 2655 2585 Haec
2693 2548 2775 2588 me
2803 2542 2973 2587 totum
3006 2548 3036 2587 e
3064 2533 3175 2587 luto
3201 2534 3407 2586 forma-

1844 2618 1940 2683 vit,
1978 2619 2253 2689 inditaque
2293 2620 2473 2672 anima
2513 2620 2569 2674 iu
2604 2630 2746 2675 terra
2778 2622 3085 2683 collocavit,
3122 2632 3177 2676 et
3227 2623 3404 2677 lumen

1845 2710 2015 2775 dedit,
2060 2712 2112 2763 in
2154 2725 2261 2777 quo
2297 2710 2533 2765 viderem
2586 2720 2638 2765 et
2684 2714 2926 2768 intuerer
2963 2714 3168 2778 omnia,
3203 2729 3401 2783 nempe

1844 2801 1989 2856 hunc
2015 2802 2272 2855 mundum
2308 2803 2560 2859 sensibus
2599 2804 2930 2871 expositum,
2966 2803 3157 2867 solem,
3190 2804 3399 2870 lunam,

1845 2900 2015 2953 astra,
2044 2892 2263 2957 coelum,
2296 2899 2524 2957 terram,
2551 2908 2721 2958 mare,
2753 2903 2805 2944 et
2831 2908 3161 2961 quaecunque
3186 2901 3313 2947 sunt
3345 2895 3398 2947 in

1848 2983 2036 3035 horum
2080 2984 2276 3038 medio.
2317 2983 2469 3039 Dedit
2518 2985 2679 3039 etiam
2728 2994 2961 3038 mentem
3012 2994 3064 3037 et
3116 2984 3400 3041 rationem.

1846 3076 2107 3129 Attendas
2146 3077 2320 3129 velim.
2364 3076 2675 3131 Secundum
2733 3076 3019 3145 imaginem
3090 3077 3253 3145 igitur
3307 3076 3401 3129 τοῦ

175 3208 457 3250 sermones
492 3182 734 3247 Statuent
774 3205 867 3244 eos
913 3198 1040 3243 ante
1070 3204 1175 3252 me,
1216 3192 1269 3243 et
1301 3184 1741 3259 unumquemque

1846 3167 2000 3237 λόγου
2032 3168 2294 3233 datus,est
2326 3170 2501 3234 nobis,
2537 3174 2565 3222 6
2610 3170 2786 3235 λόγος,
2818 3169 2871 3223 id
2920 3181 3023 3233 est,
3077 3171 3244 3230 ratio;
3277 3185 3400 3225 nam

174 3298 273 3355 pro
331 3282 540 3336 meritis
568 3281 911 3349 iudicabunt.
945 3278 1026 3333 Tu
1078 3281 1367 3335 reddendae
1400 3280 1598 3335 rationi
1632 3296 1738 3335 non

173 3372 287 3429 eris
316 3373 609 3437 obnoxius,
639 3380 690 3425 et
715 3372 1059 3425 indemnatus
1109 3373 1268 3439 plane
1298 3356 1566 3436 manebis,
1604 3387 1741 3441 quo-

177 3458 323 3516 niam
359 3469 638 3525 argentum
689 3459 1028 3526 eluquinrum
1075 3473 1317 3513 meorum
1369 3475 1477 3513 non
1506 3460 1740 3516 abscon-

174 3550 327 3614 disti,
365 3549 460 3605 sed
497 3558 757 3620 quantum
789 3548 902 3617 ipse
932 3550 1214 3617 accepisti,
1251 3549 1504 3605 omnibus
1541 3566 1740 3618 expen-

174 3644 324 3699 disti.
358 3642 471 3713 Hoc
499 3641 630 3695 mihi
660 3642 854 3709 placet,
890 3642 992 3693 hoc
1018 3641 1383 3709 apostolorum
1411 3649 1465 3695 et
1497 3641 1739 3711 discipu-

174 3737 354 3789 lorum
393 3747 635 3787 meorum
671 3748 810 3800 opus
844 3730 966 3797 fuit,
999 3726 1144 3800 quod
1192 3731 1461 3793 mandavi,
1498 3733 1741 3800 promul-

174 3841 306 3897 gare
345 3824 589 3879 videlicet
637 3829 736 3877 me~
772 3823 938 3877 Demn
982 3839 1079 3891 per
1125 3824 1311 3878 orbem
1368 3832 1658 3887 terrarum,
1688 3833 1741 3878 et

174 3916 373 3971 docere
405 3915 714 3969 voluntates
742 3928 806 3967 ac
844 3914 1095 3968 mandata
1131 3930 1267 3977 mea,
1298 3930 1468 3983 eaque
1504 3916 1740 3982 humano

173 4008 361 4078 generi
409 4006 709 4076 perscripta
742 4007 1066 4073 relinquere.
1104 4006 1193 4058 Sic
1228 4014 1283 4058 tu
1315 4021 1533 4074 quoque
1566 4005 1741 4060 facere

172 4108 225 4152 et
252 4097 451 4151 docere
481 4097 720 4151 elabora.
745 4094 1063 4150 Noleutibus
1104 4099 1283 4149 autem
1318 4098 1505 4150 audire
1535 4112 1742 4152 sermo-

176 4204 274 4244 ncs
309 4204 484 4255 meos,
512 4189 797 4258 responde,
826 4188 968 4258 quod
1003 4203 1099 4257 ego
1131 4188 1383 4257 respondi
1417 4189 1741 4257 quibusdam

174 4276 532 4333 dicentibus’:
567 4278 741 4331 Durus
771 4289 847 4331 est
878 4278 958 4328 hic
997 4294 1188 4341 sermo,
1222 4288 1269 4331 et
1303 4279 1419 4346 quis
1447 4288 1615 4347 potest
1642 4295 1743 4331 au-

174 4369 288 4424 dire
320 4386 440 4424 eum
468 4369 545 4422 “‘i
575 4370 869 4439 dixiergo,
903 4367 960 4422 Si
1000 4369 1080 4421 sic
1130 4384 1237 4422 non
1277 4370 1463 4430 vultis,
1497 4371 1647 4432 itote,
1690 4378 1743 4425 et

174 4462 340 4518 facite
362 4462 591 4532 quilibet
613 4460 892 4531 quodlibet
916 4475 931 4524 ;
957 4467 1237 4528 totumque
1268 4475 1452 4513 eorum
1486 4461 1736 4530 potestati

172 4563 226 4612 et
255 4555 487 4610 arbitrio
518 4553 762 4622 permisi,
800 4558 859 4604 ut
898 4550 943 4605 si
984 4562 1228 4613 mortem,
1264 4567 1357 4605 seu
1388 4554 1549 4607 vitam
1576 4554 1740 4622 elige-

170 4660 319 4705 rent.
358 4648 526 4701 Nemo
559 4645 698 4699 euim
734 4644 1029 4711 aliquan‘do
1061 4654 1256 4711 praeter
1286 4644 1636 4712 voluntatem,
1690 4654 1745 4701 et

176 4742 552 4796 inductionem
605 4738 773 4792 animi
808 4738 981 4792 bonus
1016 4738 1160 4801 fuit;
1202 4754 1377 4808 neque
1412 4740 1665 4804 infidelis,
1699 4741 1743 4793 si

174 4832 333 4895 nolit,
370 4828 544 4882 ﬁdelis
586 4828 722 4890 erit;
764 4843 862 4882 nec
894 4828 1101 4880 amicus
1134 4828 1341 4890 mundi,
1372 4830 1577 4882 amicus
1626 4828 1742 4881 Dei.

175 4920 470 4988 Nunquam
491 4918 689 4980 stultus
716 4926 910 4983 praeter
940 4917 1270 4969 voluntatem
1323 4925 1529 4970 mutato
1562 4916 1744 4970 animo

176 5012 385 5079 probus
414 5009 524 5061 ﬁet.
558 5007 749 5061 Nullus
772 5007 912 5059 enim
935 5015 1148 5069 natura,
1171 5008 1263 5061 sed
1290 5008 1520 5062 consilio
1543 5016 1595 5061 et
1620 5022 1746 5077 pro-

176 5102 357 5171 posito
393 5098 590 5152 mentis
624 5102 797 5151 factus
827 5111 910 5151 cst
936 5098 1217 5164 improbus
1248 5116 1261 5152 :
1292 5100 1373 5154 sic
1403 5099 1642 5153 vicissim
1676 5115 1741 5153 ex

176 5206 439 5263 perverso
465 5199 623 5260 atque
655 5193 923 5262 improbo,
980 5193 1247 5248 sententia
1277 5202 1329 5247 et
1366 5194 1653 5257 arbitratu,
1697 5194 1742 5247 si

178 5284 473 5351 placuerit,
526 5283 727 5350 probus
768 5296 820 5338 et
860 5284 1067 5353 integer
1105 5285 1192 5337 ﬂet
1232 5300 1246 5336 :
1298 5292 1441 5354 quod
1495 5285 1540 5337 si
1582 5287 1737 5351 nolit,

176 5372 489 5431 voluntarie
539 5387 878 5441 nequaquam
926 5375 1046 5428 talis
1099 5377 1218 5429 crit.
1276 5375 1444 5429 Nemo
1477 5375 1530 5431 in
1565 5377 1739 5431 isthuc

176 5465 387 5517 mundo
414 5464 617 5517 invitus
640 5465 855 5517 virtutis
878 5464 1127 5535 iungetur
1148 5466 1342 5521 oiiicio.
1365 5466 1531 5521 Nemo
1548 5469 1738 5522 nolens

178 5550 427 5607 salvatur
460 5572 473 5605 :
519 5554 619 5609 hoc
655 5569 722 5608 ne
762 5556 883 5625 plus
921 5570 1119 5625 quaere.
1172 5558 1243 5612 Da
1276 5573 1493 5628 operam
1532 5560 1741 5613 salvare

175 5649 255 5705 ‘te,
285 5653 339 5697 et
367 5644 647 5700 audientes
680 5654 751 5709 te,
772 5647 816 5701 si
851 5645 988 5701 forte
1014 5648 1065 5700 in
1096 5656 1236 5703 terra
1266 5648 1542 5701 hominum
1588 5648 1739 5702 inve-

261 5816 306 5847 “
356 5814 517 5871 Joan.
565 5818 725 5883 vt,6l

1844 3260 1909 3310 ὲκ
1938 3258 2094 3327 λόγου
2136 3259 2361 3326 λογικοὶ,
2410 3260 2464 3314 id
2502 3268 2604 3325 est,
2658 3275 2724 3312 ex
2756 3262 2960 3312 ratione
2988 3260 3299 3325 rationales,
3336 3263 3400 3314 ἐκ

1843 3349 2026 3417 λόγου,
2076 3350 2165 3417 qui
2202 3358 2284 3404 est
2316 3350 2520 3418 absque
2552 3350 2841 3417 principio,
2868 3352 3162 3415 increatus,
3195 3351 3403 3405 incom-

1844 3440 2169 3510 prehensus,
2209 3456 2406 3494 vacans
2444 3442 2690 3494 materia.
2738 3440 2828 3493 Sic
2867 3442 3165 3495 secundum
3210 3442 3403 3509 imagi-

1843 3550 1963 3587 nem
2022 3534 2199 3586 anima
2257 3533 2522 3601 cujusque
2575 3533 2809 3587 hominis
2858 3531 3050 3601 λογικὴ
3099 3531 3261 3583 εἰκὼν
3309 3531 3399 3584 τοῦ

1840 3624 2016 3693 λόγου.
2050 3623 2168 3689 Quo
2196 3624 2393 3692 pacto?
2422 3624 2554 3679 doce
2582 3640 2687 3679 me.
2717 3624 2947 3678 Attende
2970 3623 3036 3675 ad
3066 3623 3228 3676 verba
3258 3639 3407 3681 mea.

1842 3719 1919 3771 Ex
1957 3720 2062 3771 Deo
2098 3718 2244 3772 Deus
2274 3715 2533 3779 Verbum,
2563 3727 2890 3769 coaeteruum
2923 3715 3064 3768 Patri
3098 3725 3150 3768 et
3178 3715 3401 3783 Spiritui

1842 3818 2051 3864 sancto.
2096 3809 2292 3862 Eodem
2337 3809 2495 3860 modo
2546 3817 2598 3861 et
2649 3808 2826 3859 anima
2879 3819 2996 3860 mea
3048 3805 3403 3859 similitudine

1840 3901 2073 3969 quadam
2103 3900 2268 3954 illius.
2308 3898 2523 3952 Habens
2563 3898 2702 3949 enim
2739 3905 2970 3949 mentem
3026 3908 3076 3949 et
3108 3898 3398 3957 rationem,

1842 3993 2003 4045 habet
2030 3992 2141 4043 haec
2170 3989 2468 4043 secundum
2501 3990 2789 4042 essentiam
2821 3986 3069 4052 indivisa,
3106 3996 3160 4040 et
3213 3988 3403 4040 incon-

1842 4084 1957 4137 fusa
1988 4061 2234 4137 similiter
2261 4079 2767 4141 consubstantialia,
2808 4094 2971 4131 unum
3006 4078 3117 4131 haec
3150 4080 3253 4130 tria
3281 4080 3402 4130 uni-

1845 4175 1959 4237 tim,
1993 4184 2045 4227 et
2075 4172 2290 4226 divisim
2329 4172 2449 4233 tria,
2483 4184 2601 4237 qua:
2634 4182 2845 4236 semper
2871 4175 2923 4219 et
2958 4166 3128 4230 unita,
3158 4175 3209 4219 et
3229 4165 3401 4220 divisa

1849 4274 2028 4322 sunt:
2085 4264 2347 4319 uuiuntur
2394 4264 2538 4315 enim
2597 4260 2901 4323 inconfuse,
2941 4266 2994 4313 et
3047 4267 3404 4312 secernuntur

1845 4360 2096 4413 indivise.
2136 4356 2191 4410 Si
2245 4370 2411 4409 unum
2458 4369 2521 4407 ex
2575 4354 2658 4407 his
2711 4350 3023 4415 deduxeris,
3076 4351 3256 4403 omnia
3310 4354 3405 4403 de-

1847 4438 2089 4505 duseris.
2152 4449 2344 4501 Anima
2409 4447 2527 4501 sine
2564 4444 2774 4499 ratione
2826 4450 2879 4496 et
2952 4449 3164 4501 mente.
3224 4440 3403 4495 simile

1846 4530 2102 4613 quiddam
2154 4541 2433 4594 brutorum
2471 4545 2552 4591 est
2598 4554 2611 4589 :
2654 4536 2854 4603 absque
2906 4533 3083 4584 anima
3118 4546 3245 4583 vero
3291 4546 3400 4583 non

1846 4644 2023 4706 potest
2055 4632 2192 4686 ratio
2226 4630 2546 4685 subsistere.
2580 4627 2669 4679 Sic
2697 4640 2824 4691 ergo
2855 4639 2921 4677 ex
2954 4623 3187 4690 imagine
3213 4630 3404 4688 proto-

1845 4739 2007 4796 typou
2040 4710 2295 4790 iuteilige.
2322 4718 2447 4773 Siue
2474 4717 2676 4786 Spiritu
2708 4730 2806 4768 nec
2835 4712 3010 4773 Pater,
3038 4726 3136 4764 nec
3168 4710 3401 4763 Verbqu

1845 4823 1964 4892 ejus
2015 4819 2139 4874 erit.
2181 4817 2338 4870 Pater
2394 4823 2477 4869 est
2531 4812 2788 4881 Spiritus,
2848 4822 2900 4863 et
2936 4807 3105 4860 Filius
3146 4805 3264 4872 ejus
3320 4815 3404 4858 est

1848 4913 2106 4984 Spiritus,
2137 4908 2352 4963 tametsi
2379 4920 2596 4960 carnem
2622 4902 2816 4961 induit.
2844 4910 2895 4953 et
2920 4913 3134 4952 rursum
3161 4896 3399 4965 Spiritus

1850 5010 1989 5062 Deus
2028 5014 2111 5059 est
2169 5020 2181 5057 :
2223 5016 2387 5054 unum
2418 4999 2558 5051 enim
2595 5004 2810 5058 natura,
2860 5003 2911 5045 et
2964 4991 3198 5045 essentia
3244 4989 3401 5042 ambo

1847 5109 1994 5162 sunt,
2022 5098 2162 5151 sicut
2188 5109 2360 5156 mens,
2393 5090 2569 5143 anima
2602 5099 2651 5139 et
2681 5086 2838 5137 ratio.
2866 5082 2968 5136 Sed
2993 5080 3150 5134 Pater
3180 5080 3397 5145 quidem

1849 5194 2081 5248 Verbum
2138 5203 2201 5242 ex
2253 5202 2311 5241 se
2367 5182 2551 5254 genuit
2611 5176 2974 5231 ineiLhiliter.
3030 5173 3184 5225 Sicut
3221 5181 3399 5225 autem

1848 5300 1998 5340 mens
2030 5290 2199 5335 estex
2236 5277 2413 5330 anima
2460 5288 2595 5331 mea,
2634 5270 2711 5321 vel
2742 5266 2917 5336 potius
2949 5264 3002 5317 in
3034 5263 3211 5315 anima
3249 5274 3400 5325 mea;

1846 5377 1926 5430 sic
1962 5389 2026 5426 ex
2064 5373 2223 5425 Patre
2277 5364 2530 5435 Spiritus,
2567 5361 2646 5414 vel
2686 5358 2868 5427 potius
2910 5359 2961 5407 in
3004 5353 3160 5405 Patre
3196 5358 3399 5411 manet,

1845 5475 1895 5526 et
1931 5463 2176 5533 procedit
2230 5458 2389 5511 modo
2436 5450 2817 5521 inexplicabili.
2860 5442 3142 5517 Quomodo
3180 5454 3400 5533 rursum

1846 5528 2000 5609 mens
2041 5565 2157 5605 mea
2186 5560 2399 5614 semper
2428 5552 2651 5612 generat
2698 5539 2988 5598 rationem,
3026 5543 3078 5587 et
3130 5528 3401 5601 producit,

1848 5657 1901 5703 et
1938 5643 2156 5706 emittit,
2202 5648 2254 5694 ct
2287 5649 2466 5693 notam
2500 5634 2624 5688 facit
2654 5629 2931 5691 omnibus,
2968 5639 3076 5679 non
3108 5631 3284 5679 tamen
3315 5634 3401 5677 se-
