4156 6344
679 373 790 437 5-79

1841 355 2221 421 SYMEONIS
2257 349 2623 417 IUNIOBIS

3807 342 3912 408 580

669 494 891 556 paratur
922 482 993 537 ab
1023 494 1117 536 ea:
1150 477 1243 534 sed
1283 476 1451 548 gignit
1477 474 1767 545 rationem,
1796 479 1851 526 et
1885 472 1938 525 in
1968 483 2029 525 se
2061 468 2242 523 centi-
2274 474 2316 529 Α
2348 463 2595 556 ignotum
2631 460 2719 515 his
2746 460 2840 529 qui
2885 457 3066 556 cordis
3108 456 3544 556 puritatem-Inoa
3595 454 3912 556 aequi-sive-

669 577 797 631 neti
820 577 890 631 ita
918 574 1155 642 intelligo
1175 570 1389 635 Patrem
1415 567 1668 638 genuisse
1692 562 1950 627 Verbum,
1975 558 2232 629 quoniam

669 683 886 738 semper
918 673 1162 736 generat,
1225 662 1374 716 nullo
1424 665 1613 712 autem
1649 653 1809 709 modo
1859 654 1927 707 ab
1953 653 2071 706 hoc
2101 650 2236 704 Filio

667 759 824 814 Pater
857 769 1164 828 separatur,
1197 753 1292 810 sed
1326 753 1378 807 in
1410 752 1548 805 Filio
1577 748 1842 809 cernitur,
1879 754 1935 800 et
1964 743 2149 798 Filius
2178 742 2233 797 in

669 865 735 904 ρο
768 863 967 903 manet.

742 940 893 994 Hanc
934 937 1221 1007 imaginem
1249 934 1348 989 etsi
1380 933 1615 989 obscura
1654 940 1757 997 est,
1786 945 1905 985 cam
1939 940 2113 985 tamen
2147 941 2227 984 aco

667 1043 859 1087 curate
924 1038 1112 1084 nostra
1182 1026 1476 1095 descripsit
1534 1039 1599 1079 ac
1656 1023 1974 1077 inibrmavit
2034 1020 2236 1084 oratio,

670 1138 829 1193 quam
863 1134 1139 1188 nunquam
1165 1116 1398 1181 videbis,
1431 1111 1913 1186 nequeintelliges,
1953 1107 2057 1161 nisi
2086 1107 2239 1175 prius

670 1212 961 1282 imaginem
982 1208 1266 1263 tuamlabe
1304 1205 1623 1279 purgaveris
1673 1214 1831 1271 atque
1877 1199 2095 1263 elueris,
2131 1197 2239 1251 nisi

670 1303 821 1371 prius
853 1295 1234 1353 affectionibus
1270 1294 1455 1365 pravis
1487 1294 1735 1356 obrutam
1766 1288 1997 1353 crueris,
2024 1296 2076 1342 ct
2114 1294 2240 1371 per-

669 1369 810 1445 iecte
840 1385 1190 1447 absterseris,
1223 1393 1385 1452 atque
1418 1392 1476 1435 ut
1522 1381 1701 1435 nivem
1735 1374 2094 1432 dealbaveris.
2127 1369 2241 1437 Hoc

670 1496 795 1536 cum
825 1479 1174 1549 praestiteris,
1205 1486 1258 1531 et
1285 1476 1458 1545 ipsan'.
1482 1473 1648 1541 probe
1674 1467 2015 1539 purgaveris,
2040 1462 2243 1533 etper-

674 1573 813 1627 fecta
839 1575 1019 1641 imago
1046 1569 1242 1631 fuerit;
1276 1575 1606 1639 prOtotypon
1634 1561 1775 1617 haud
1801 1560 2030 1622 videbis,
2065 1569 2243 1625 neque

673 1663 960 1732 intelliges,
993 1662 1100 1717 nisi
1136 1660 1232 1714 tibi
1290 1649 1386 1729 per
1424 1656 1687 1726 Spiritum
1736 1659 1987 1707 sanctum
2040 1648 2247 1702 revele-

673 1763 764 1808 tur
798 1769 812 1806 :
850 1753 1034 1807 omnia
1059 1753 1203 1806 enim
1244 1748 1401 1802 docet
1430 1745 1688 1814 Spiritus,
1721 1742 1774 1795 in
1822 1740 2024 1794 lumine
2059 1736 2247 1792 ineﬂ'a-

674 1845 766 1898 bili
811 1843 1109 1913 refulgens.
1144 1840 1422 1906 Quatenus
1472 1835 1854 1904 intelliguntur
1883 1827 2242 1899 iutelligibilia

677 1934 772 1988 tibi
807 1934 991 1987 omnis
1033 1928 1449 1991 demonstrabit,
1509 1933 1778 1995 quantum
1831 1922 2018 1976 videre
2068 1929 2245 1989 potes,

673 2035 956 2097 quantum~
980 2025 1144 2078 homo
1194 2020 1411 2090 assequi
1441 2025 1640 2090 potest,
1673 2016 1975 2071 secundum
2010 2025 2246 2100 propor-

676 2119 877 2170 tionem
912 2121 1157 2185 purgatae
1196 2114 1388 2165 animae
1432 2120 1571 2174 ture;
1621 2116 1674 2161 et
1730 2120 1955 2175 operum
1990 2100 2240 2171 diligenti

679 2209 986 2264 imitatione
1021 2205 1132 2259 Deo
1171 2202 1571 2263 assimilahcre,
1606 2199 1988 2268 temperantia,
2026 2194 2248 2248 fortitu-

679 2303 828 2365 dine,
866 2300 1223 2362 humanitate,
1255 2295 1615 2350 tentationum
1662 2291 1947 2345 tolerantia
1974 2300 2029 2344 et
2059 2289 2246 2345 chari-

683 2403 796 2445 tate
832 2390 1097 2443 adversus
1127 2388 1400 2442 inimicos.
1435 2384 1550 2438 Hoc
1579 2386 1723 2439 enim
1758 2382 2114 2437 humanitatis
2146 2391 2247 2444 est,

685 2491 743 2537 ut
803 2478 1118 2534 henefacias
1174 2478 1432 2540 inimicis,
1492 2484 1546 2529 et
1604 2484 1861 2544 tanquam
1930 2473 2133 2527 amicos
2188 2487 2252 2526 ac

684 2575 1101 2628 benemereutes
1159 2584 1256 2625 eos
1309 2569 1523 2637 diligas,
1566 2578 1619 2622 et
1652 2581 1785 2620 ores
1817 2564 2019 2634 proiis
2054 2563 2146 2632 qui
2203 2570 2253 2617 te

682 2670 1107 2733 persequuntur.
1139 2669 1189 2713 et
1224 2660 1488 2714 charitate
1514 2656 1792 2726 aequaliter
1819 2668 1945 2723 erga
1969 2669 2179 2718 omnes,
2202 2662 2255 2707 et

684 2757 855 2809 honos
884 2761 938 2806 et
963 2758 1155 2815 malos,
1184 2748 1549 2820 propendeas,
1584 2755 1637 2801 et
1668 2761 1766 2815 pro
1796 2745 2048 2799 omnibus
2071 2745 2253 2814 quoti-

685 2846 785 2901 die
828 2859 997 2915 ponas
1057 2843 1294 2896 animam
1361 2848 1530 2904 tuam,
1602 2852 1701 2906 pro
1755 2837 1952 2899 salute,
2009 2836 2251 2903 inquam,

685 2939 871 2999 unius,
902 2943 994 2989 aut
1024 2935 1067 2989 si
1099 2933 1209 2986 fieri
1238 2940 1425 3001 queat,
1461 2930 1723 2984 omnium.

759 3025 881 3081 Haec
914 3033 990 3089 te,
1044 3024 1142 3089 iiii,
1205 3005 1535 3077 imitatorem
1595 3017 2047 3073 Dominicfacient
2078 3024 2131 3072 et
2160 3031 2257 3071 ve-

2341 564 2489 618 runt,
2533 552 2782 622 ignotum
2824 550 3026 621 cupide
3075 551 3185 603 non
3218 548 3526 619 petentibus
3573 554 3632 603 ut
3663 548 3912 603 divinum

2339 646 2601 715 Spiritum
2620 643 2912 714 accipiant,
2941 643 3198 713 ignotum
3223 656 3330 695 non
3352 641 3715 707 credentibus,
3747 642 3912 697 etiam

2339 737 2780 809 modoimpertiri
2829 736 3087 805 Spiritum
3135 742 3382 789 sanctum
3406 734 3755 801 poscentibus
3784 752 3799 791 :
3830 734 3917 789 in-

2339 830 2636 886 credulitas
2659 830 2801 884 enim
2838 839 2988 883 arcet
3039 841 3104 882 se
3139 825 3609 896 repeilitd-ivinum
3628 824 3919 895 Spiritum.

2343 922 2445 990 Qui
2464 915 2584 977 non
2609 920 2807 985 credit,
2841 934 2946 973 non
2980 919 3113 989 petit
3139 934 3155 983 ;
3192 918 3282 987 qui
3315 932 3421 971 non
3450 918 3604 986 petit.
3634 932 3742 972 non
3766 916 3912 971 acci-

2341 1011 2455 1083 pit:
2490 1013 2583 1082 qui
2615 1027 2724 1067 non
2753 1011 2973 1081 accipit,
2997 1019 3082 1067 est
3105 1020 3389 1074 mortuus;
3424 1018 3691 1063 mortuum
3730 1018 3914 1067 autem

2342 1107 2470 1173 quis
2500 1121 2606 1159 non
2640 1104 2900 1174 plorabit,
2942 1104 3072 1173 quia
3126 1118 3250 1158 cum
3284 1110 3535 1157 mortuus
3590 1102 3682 1167 sit,
3733 1103 3919 1157 vivere

2344 1213 2404 1252 se
2434 1196 2770 1252 existimat?
2801 1195 2964 1251 Plane
2999 1194 3195 1250 mortui
3230 1202 3472 1249 mortuos
3501 1209 3782 1264 nunquam
3816 1208 3919 1248 nec

2333 1288 2550 1354 Videre,
2614 1300 2718 1341 nec
2751 1287 3038 1341 lamentari
3069 1294 3276 1355 queunt
3312 1304 3324 1339 :
3378 1285 3485 1338 vivi
3520 1286 3617 1340 hos
3650 1286 3917 1351 videntes,

2344 1377 2740 1439 lamentantur.
2803 1378 3002 1433 Vident
3071 1380 3276 1448 quippe
3334 1393 3531 1435 novum
3588 1385 3922 1441 monstrum,

2346 1474 2563 1527 occisos
2608 1473 2898 1538 viventes;
2954 1471 3093 1543 quin
3132 1480 3186 1526 ot
3232 1471 3693 1535 obambulantes;
3746 1485 3924 1526 caecos

2347 1564 2605 1631 putantes
2653 1579 2715 1619 se
2758 1566 3027 1636 aspicere,
3061 1572 3115 1618 et
3168 1568 3355 1618 revera
3418 1563 3617 1618 surdos
3645 1562 3925 1617 arbitrano

2338 1648 2429 1709 tes
2459 1669 2517 1708 se
2547 1656 2763 1711 audire.
2802 1649 3011 1710 Vivunt
3049 1668 3203 1719 sane,
3251 1662 3307 1708 et
3369 1655 3615 1722 audiunt,
3650 1663 3703 1711 et
3736 1655 3925 1725 vident

2350 1753 2411 1799 ut
2460 1743 2729 1813 pecudes;
2776 1752 2838 1798 ut
2890 1759 3001 1800 non
3074 1742 3443 1813 intelligentes
3503 1744 3925 1814 iutelligunt,ln

2349 1847 2514 1891 sensu
2549 1832 2824 1898 insensili,
2908 1833 2962 1888 in
3028 1832 3137 1887 vita
3193 1839 3435 1886 mortua.
3479 1831 3629 1887 Licet
3681 1834 3826 1887 enim
3872 1840 3929 1888 et

2347 1938 2456 1979 non
2496 1926 2769 1980 viventem
2809 1924 3006 1989 vivere,
3052 1932 3105 1979 et
3131 1938 3241 1980 non
3288 1925 3566 1979 videntem
3632 1924 3843 1991 videre,
3869 1933 3929 1980 et

2341 2032 2457 2079 non
2484 2015 2807 2075 audientem
2842 2018 3061 2072 audire.

2418 2105 2726 2173 Quomodo,
2782 2108 2869 2163 dic
2920 2108 3078 2175 mihi,
3115 2109 3205 2165 dic
3243 2109 3557 2178 confestim,
3611 2111 3931 2183 quicunque

2348 2199 2542 2253 vivunt
2576 2200 2877 2254 secundum
2947 2214 3191 2267 carnem,
3239 2196 3554 2272 quicunque
3613 2219 3702 2259 res
3765 2205 3930 2274 hujus

2352 2289 2539 2345 mundi
2564 2289 2939 2357 admirantur,
3011 2292 3107 2362 qui
3165 2293 3480 2357 carnalibus
3525 2293 3789 2350 duntaxat
3828 2309 3934 2347 au-

2352 2379 2507 2435 ribus
2539 2380 2789 2444 audiunt,
2826 2383 3042 2437 divinos
3066 2397 3130 2438 ac
3206 2385 3461 2440 caelestes
3500 2399 3785 2441 sermones
3812 2399 3934 2438 au-

2358 2474 2720 2541 scultabunt?
2753 2473 2815 2527 lli
2842 2460 3034 2530 omnes
3074 2461 3375 2532 secundum
3434 2472 3681 2545 spiritum
3750 2477 3929 2541 surdi,

2355 2563 2502 2627 caeci,
2540 2564 2743 2631 mortui
2807 2574 2955 2622 sunt.
3028 2565 3260 2621 Prorsus
3327 2566 3473 2620 enim
3533 2581 3601 2621 ex
3658 2565 3771 2621 Deo
3817 2580 3934 2624 non

2355 2663 2508 2719 sunt,
2544 2662 2604 2708 ut
2681 2656 2915 2721 vivant;
2953 2671 3055 2713 nec
3104 2665 3457 2727 acceperunt,
3514 2672 3615 2713 nec
3674 2658 3935 2715 viderunt

2356 2748 2539 2805 iumen
2571 2748 2839 2803 divinum.
2888 2748 3055 2816 Quod
3109 2764 3232 2803 cum
3312 2750 3536 2804 minime
3593 2750 3797 2805 factum
3838 2750 3933 2817 sit,

2357 2841 2578 2911 penitus
2634 2841 2789 2897 surdi
2867 2827 3209 2897 manserunt.
3245 2841 3363 2895 Jam
3402 2857 3530 2897 vero
3556 2842 3711 2908 tales,
3745 2857 3936 2914 quaeso

2358 2939 2434 2997 te,
2460 2946 2560 2985 cur
2620 2930 2916 2986 Christiani
2954 2939 3240 2995 vocentur
3269 2932 3290 2985 i
3344 2932 3482 2986 Audi
3517 2933 3761 2991 divinum
3793 2933 3939 2989 Pau-

2358 3022 2470 3076 lum
2518 3022 2633 3076 haec
2693 3022 2786 3081 tibi
2811 3021 3099 3091 perspicue
3130 3020 3577 3093 significantem;
3635 3022 3720 3078 vel
3751 3023 3938 3093 potius

688 3136 807 3177 ram
860 3128 911 3174 te
958 3116 1237 3175 Creatoris
1293 3115 1585 3184 imaginem
1618 3111 1847 3166 reddent
1880 3129 1891 3163 :
1930 3112 2254 3167 imitatorem
2285 3144 2333 3209 Ο
2362 3114 2490 3168 audi
2525 3113 2814 3169 Christum
2845 3118 3155 3184 loquentem
3193 3131 3205 3167 :
3240 3112 3457 3170 Primus
3500 3113 3666 3168 homo
3719 3128 3751 3168 e
3790 3122 3937 3170 terra

690 3212 885 3267 divinae
914 3207 1268 3279 perfectionis
1328 3222 1429 3277 per
1482 3205 1683 3261 omnia.
1762 3202 2025 3257 Conditor
2076 3209 2257 3257 autem

690 3312 845 3368 tunc,
900 3299 1121 3355 adverte
1174 3302 1439 3361 animum,
1493 3297 1747 3353 divinum
1818 3295 2083 3365 Spiritum
2159 3297 2259 3351 tibi

692 3395 857 3460 mitti,
897 3407 1004 3447 non
1046 3393 1208 3445 aliam
1258 3405 1421 3460 quam
1467 3389 1704 3445 habuisti
1732 3390 1992 3450 animam,
2026 3388 2119 3443 sed
2147 3390 2259 3457 spio

692 3487 856 3537 ritum
900 3496 966 3536 ex
1004 3479 1134 3545 Deo,
1173 3471 1227 3536 et
1263 3480 1574 3551 inspirabit,
1620 3487 1674 3533 et
1722 3479 2045 3533 inhabitabit
2094 3489 2147 3533 et
2170 3494 2260 3533 es-

693 3570 995 3627 sentialiter
1027 3572 1246 3635 incolet,
1295 3578 1351 3624 et
1399 3569 1751 3635 illuminabit,
1806 3578 1860 3623 et
1913 3569 2260 3633 clariﬁcabit,

696 3673 750 3717 ct
798 3677 991 3717 rursus
1035 3660 1296 3735 conﬂabit
1319 3668 1391 3725 te,
1448 3660 1964 3729 corruptibilemque
2006 3660 2265 3714 incorru-

696 3754 937 3821 ptibilem
972 3754 1271 3822 praestabit,
1320 3760 1373 3806 et
1404 3752 1756 3806 inveteratam
1793 3753 1987 3805 animae
2034 3759 2137 3805 tua:
2167 3752 2263 3804 do-

697 3861 845 3899 mum
898 3845 1200 3899 renovabit.
1234 3844 1369 3898 Cum
1406 3844 1508 3897 hac
1547 3851 1601 3895 et
1644 3857 1845 3912 corpus
1897 3851 2052 3896 tuum
2084 3843 2262 3897 solum

698 3920 1163 4004 incorruptionem
1191 3934 1397 3989 induet.
1429 3934 1571 4000 Quin
1602 3933 1761 3987 deum
1794 3942 1844 3987 te
1874 3947 1970 3999 per
2004 3934 2257 4001 gratiam,

698 4034 990 4096 prototypo
1041 4025 1274 4079 similem
1337 4023 1554 4077 clliciet.
1633 4020 1957 4077 Incredibile
2002 4023 2173 4088 dictu,
2214 4031 2268 4078 et

698 4118 897 4170 mirum
935 4129 1067 4169 sane
1099 4123 1153 4169 et
1178 4114 1421 4183 ignotum
1460 4114 1713 4167 omnibus
1753 4112 1844 4182 qui
1893 4113 1961 4167 ab
1986 4112 2265 4169 aﬂ‘cctihus

700 4206 903 4276 captivi
979 4213 1263 4271 tenentur,
1341 4207 1583 4273 ignotum
1646 4204 1835 4258 mundi
1907 4205 2263 4271 amatoribus,

700 4296 942 4368 ignotum
977 4297 1163 4365 gloriae
1214 4296 1450 4364 cupidis,
1496 4296 1735 4363 ignotum
1800 4295 2072 4364 superbis,
2110 4296 2267 4364 igno-

702 4399 814 4443 tum
849 4389 1151 4451 iracundis,
1193 4390 1432 4458 ignotum
1469 4388 1725 4455 iniuriam
1785 4403 1893 4441 non
1946 4388 2271 4443 obliviscen-

2364 3206 2521 3275 plane
2554 3215 2773 3261 creatus
2798 3214 2913 3271 est;
2954 3206 3231 3263 secundus
3266 3205 3429 3259 homo
3454 3205 3520 3260 de
3550 3205 3689 3261 coelo
3709 3205 3944 3263 descen-

2362 3296 2441 3351 dit
2469 3297 2533 3350 ⁸⁸.
2569 3298 2781 3353 Adhibe
2816 3307 2866 3351 te
2919 3296 3098 3352 dictis.
3156 3296 3347 3363 Qualis
3386 3297 3555 3365 igitur
3590 3305 3675 3351 est
3702 3300 3939 3367 prunus,

2364 3397 2619 3444 terrenus
2675 3388 2954 3453 videlicet,
3013 3389 3151 3444 tales
3183 3388 3348 3443 etiam
3386 3389 3477 3458 qui
3510 3404 3572 3443 ex
3600 3404 3665 3444 co
3698 3391 3941 3459 gignun-

2367 3487 2478 3545 tur,
2532 3495 2724 3535 omnes
2778 3481 3003 3554 terreni.
3066 3480 3257 3545 Qualis
3304 3490 3485 3534 autem
3520 3482 3770 3537 Christus
3830 3490 3941 3551 est,

2365 3572 2603 3626 caelestis
2645 3571 2929 3636 Dominus,
2998 3572 3134 3627 tales
3173 3573 3423 3631 caelestes
3481 3588 3696 3635 omnes.
3754 3574 3844 3642 qui
3882 3575 3943 3628 in

2366 3679 2491 3719 eum
2533 3664 2920 3728 crediderunt,
2950 3666 3061 3719 nati
3115 3665 3316 3731 denuo,
3344 3666 3606 3735 baptizati
3644 3667 3699 3723 in
3730 3664 3942 3736 Spiritu

2366 3760 2579 3807 sancto.
2619 3752 2806 3817 Qualis
2844 3760 2927 3807 est
2961 3752 3052 3825 qui
3112 3755 3323 3824 genuit,
3361 3752 3502 3807 Deus
3534 3768 3685 3817 vere.
3713 3755 3849 3809 tales
3870 3769 3943 3828 ex

2368 3855 2486 3913 ipso
2514 3845 2699 3913 geniti,
2740 3860 2808 3900 ex
2865 3844 2974 3899 Deo
3027 3842 3103 3899 dii
3175 3859 3271 3915 per
3334 3845 3700 3913 adoptionem,
3747 3854 3795 3900 et
3836 3846 3946 3914 ﬁlii

2370 3934 2585 3989 Επειδὶ
2628 3951 2803 3989 omnes
2827 3936 2893 4001 ⁸⁷,
2950 3943 3009 3991 ιιι
3082 3933 3325 3991 divinum
3385 3951 3448 3992 os
3491 3936 3685 4005 inquit.
3726 3935 3947 3992 Audisti

2371 4026 2465 4087 Dei
2504 4028 2709 4081 verba?
2764 4027 2963 4083 audisti
3002 4029 3457 4097 quemadmodum
3499 4028 3688 4083 ﬁdeles
3722 4029 3788 4083 ab
3816 4029 3944 4085 aliis

2371 4118 2667 4174 secernat?
2706 4120 3163 4189 quemadmodum
3224 4120 3400 4176 servis
3431 4122 3546 4176 suis
3610 4121 3821 4190 signum
3888 4128 3945 4173 et

2374 4219 2555 4265 notam
2603 4208 2835 4273 dederit,
2893 4224 2963 4263 ne
3026 4210 3357 4265 scducantur
3419 4211 3721 4265 alienorum
3772 4212 3943 4282 magi-

2373 4312 2583 4358 trorum
2626 4300 3020 4357 sermonibus?
3071 4299 3305 4366 Primus,
3359 4300 3555 4369 inquit,
3624 4300 3692 4355 de
3774 4309 3941 4365 terra,

2377 4397 2504 4464 quia
2537 4404 2788 4449 terrenus
2818 4402 3038 4448 creatus
3100 4402 3205 4447 est.
3247 4392 3533 4453 Secundus
3566 4401 3743 4447 autem
3777 4394 3944 4447 homo

704 4480 871 4545 tibus,
904 4481 1145 4549 ignotum
1178 4482 1360 4534 carnis
1405 4479 1735 4542 amantibus,
1796 4479 2038 4547 ignotum
2070 4481 2269 4543 avaris,
2307 4476 2350 4531 D
2380 4486 2624 4539 omnium
2666 4484 2753 4537 ille
2784 4483 3177 4549 Dominus,-de
3207 4485 3346 4538 coelo
3376 4483 3678 4539 descendit.
3728 4483 3948 4539 Primus

705 4571 948 4639 ignotum
1033 4570 1251 4634 ilmdis,
1324 4569 1569 4638 ignotum
1655 4568 1908 4622 omnibus
1971 4568 2269 4634 maledicis,

706 4664 945 4730 ignotum
982 4661 1302 4731 hypocritis,
1376 4666 1617 4729 ignotum
1667 4660 1974 4728 gulouibus,
2027 4661 2269 4728 ignotum

708 4754 851 4805 clam
886 4752 1225 4814 vorantibus,
1249 4749 1479 4805 ebriosis
1509 4757 1557 4804 et
1588 4749 2002 4815 scortatoribus,
2029 4749 2272 4818 ignotum

706 4843 878 4897 otiose
907 4842 1291 4905 fabulantibus,
1360 4842 1599 4909 ignotum
1659 4842 1833 4908 turpia
1900 4841 2271 4909 loquentibus.

708 4935 948 5003 ignotum
987 4933 1330 4996 socordibus,
1387 4934 1629 5002 ignotum
1683 4932 2056 5002 paenitentiam
2108 4934 2189 4987 vel
2218 4931 2273 4985 in

712 5026 874 5079 horas
944 5025 1361 5093 negligentibus,
1449 5027 1689 5094 ignotum
1749 5042 1857 5078 non
1922 5026 2163 5095 quotidie
2222 5033 2277 5077 et

706 5117 903 5185 iugiter
950 5116 1283 5184 lugentibus,
1360 5117 1600 5185 ignotum
1666 5116 1979 5176 rebellibus.
2029 5118 2272 5185 ignotum

710 5208 1225 5272 contratlictoribus,
1292 5208 1535 5276 ignotum
1588 5208 1653 5262 ad
1703 5208 1963 5277 placitum
1996 5218 2271 5261 etnume-

714 5313 801 5353 ros
830 5313 955 5352 suos
988 5299 1321 5363 viventibus,
1380 5301 1621 5368 ignotum
1694 5300 2013 5365 putautibus
2046 5314 2106 5352 se
2156 5314 2277 5354 esse

713 5391 917 5459 aliquid
956 5407 1077 5445 cum
1110 5392 1245 5444 nihil
1278 5392 1386 5445 sint
1410 5392 1479 5454 ⁸⁸,
1535 5392 1773 5459 ignotum
1830 5390 2197 5459 gloriantibus
2228 5402 2281 5445 et

719 5484 1083 5551 gaudentibus
1115 5485 1179 5537 de
1234 5489 1565 5553 proceritate
1628 5484 1863 5548 conoris,
1920 5492 2013 5536 aut
2062 5484 2278 5551 robore,

722 5576 1142 5642 pulchritudine,
1200 5586 1293 5629 aut
1347 5576 1454 5629 alio
1524 5589 1849 5643 quocunque
1907 5585 2279 5634 ornamento;

789 5758 832 5786 "
868 5755 1039 5814 Calai.
1101 5776 1177 5823 vt,
1208 5760 1259 5812 5.
1341 5760 1381 5789 ⁸⁸
1418 5761 1435 5815 ι
1468 5759 1592 5814 Cor.
1636 5776 1723 5827 xv,
1762 5761 1823 5813 i3

2377 4576 2631 4631 omnibus
2662 4574 2976 4629 hominibus
3032 4575 3482 4645 prmvaricatione
3550 4590 3650 4628 sua
3716 4583 3945 4629 mortem

2378 4675 2432 4721 et
2459 4666 2735 4720 interitum
2776 4666 2998 4719 invexit.
3057 4664 3343 4719 Secundus
3381 4665 3584 4719 mundo
3614 4664 3857 4728 donavit,
3890 4673 3949 4718 et

2380 4772 2524 4810 nunc
2556 4757 2822 4810 universis
2855 4756 3104 4810 fidelibus
3136 4756 3341 4819 lumen,
3367 4758 3558 4817 vitam,
3585 4755 3945 4824 incorruptio-

2378 4863 2500 4902 nem
2531 4847 2943 4901 donat.Audisti
2970 4862 3090 4915 quae
3110 4848 3204 4901 tibi
3239 4847 3541 4902 caelestium
3571 4860 3748 4900 rerum
3776 4846 3948 4899 inter-

2379 4955 2504 5009 pres
2525 4940 2666 4992 dixit
2692 4938 2714 4990 τ
2749 4938 2962 4993 Audisti
2990 4938 3266 4994 Christum
3294 4938 3599 5008 loquentem
3639 4953 3733 5007 per
3764 4937 3943 5005 ipsum

2379 5041 2432 5084 et
2461 5030 2742 5084 docentem
2771 5030 3038 5092 homines,
3072 5031 3261 5099 quales
3292 5032 3417 5092 sint,
3457 5031 3546 5099 qui
3582 5030 3633 5081 in
3670 5043 3794 5083 eum
3823 5041 3948 5082 ere-

2380 5122 2667 5185 diderunt,
2698 5130 2751 5174 et
2779 5122 2933 5174 [idem
2968 5136 3034 5174 cx
3068 5120 3325 5190 operibus
3371 5120 3661 5175 ostendere
3688 5133 3947 5188 perseve-

2380 5215 2827 5283 rantiPosthac,
2859 5214 2994 5268 nihil
3056 5216 3321 5283 ambigaz,
3361 5213 3537 5280 qualis
3588 5210 3836 5267 Christus
3865 5222 3949 5267 est

2383 5309 2644 5375 caelestis,
2702 5318 2754 5363 te
2787 5322 3003 5378 quoque
3049 5307 3209 5361 talem
3263 5320 3385 5362 esse
3420 5307 3640 5361 debere.
3690 5304 3843 5369 Quod
3900 5307 3947 5360 si

2384 5401 2507 5454 talis
2580 5415 2797 5466 nones,
2874 5398 3149 5468 quomodo
3256 5398 3553 5452 Christiani
3624 5398 3945 5451 vocabulum

2389 5490 2720 5557 usurpabis?
2760 5489 2815 5542 Si
2874 5490 3016 5543 enim
3055 5488 3229 5557 qualis
3264 5498 3345 5541 est
3370 5486 3651 5551 Dominus,
3706 5487 3946 5540 caelestis

2394 5596 2606 5650 nempe,
2647 5581 2808 5637 etiam
2854 5583 2989 5637 talcs
3022 5595 3143 5636 esse
3170 5578 3305 5634 dicit
3336 5578 3428 5649 qui
3459 5579 3514 5634 in
3552 5595 3676 5634 eum
3698 5579 3947 5634 credide—

1923 5761 1966 5792 δ’
2004 5760 2149 5815 Psal.
2186 5774 2367 5823 Lxm,
2399 5764 2451 5814 h'.
