4156 6344
169 369 289 434 581

1213 338 1652 433 ntvmonuu
1693 369 2026 432 AMORUM
2067 371 2320 433 LIBER.

3312 379 3411 442 552

166 493 330 550 runt,
363 483 586 540 omnino
614 483 866 540 caelestes
925 483 1202 551 videlicet,
1236 487 1326 555 qui
1360 485 1631 541 mundana
1658 499 1744 540 sa-
1769 486 1820 545 Α
1846 486 2162 542 cmlestibus
2211 485 2536 556 intraturos,
2599 496 2654 544 et
2720 495 3063 561 regnatures,
3099 499 3154 548 et
3188 499 3296 547 una
3321 493 3411 548 fn-

168 578 356 647 piunt,
390 576 483 646 qui
547 576 866 632 secundum
898 591 1143 630 carnem
1198 577 1409 642 vivunt,
1456 593 1564 633 non
1617 587 1746 632 sunt

160 683 240 724 ex
279 668 439 722 verbo
471 666 583 730 Dei,
617 666 762 738 quod
796 681 827 720 e
859 668 1072 735 superis
1101 665 1428 733 descendit;
1468 668 1560 742 sed
1585 667 1747 737 plane

160 766 238 815 e'x
275 760 494 822 homine
539 769 781 825 terreno,
829 760 897 815 de
940 770 1082 814 terra
1142 759 1394 815 lormato.
1460 759 1551 814 Sic
1581 759 1741 823 senti,

159 854 255 909 sic
289 852 514 908 allectus
554 865 699 920 esto,
781 853 862 908 sic
907 853 1086 916 crede,
1149 861 1204 906 et
1255 854 1462 911 enitere
1518 861 1579 907 ut
1618 852 1744 907 talis

157 942 293 1006 ﬁas,
349 943 591 998 caelestis
651 938 932 1005 nimirum,
996 943 1136 1013 quod
1190 943 1325 998 dixi.
1383 943 1483 1010 Qui
1521 957 1552 998 θ
1604 944 1744 997 cmlo

155 1032 416 1098 advenit,
438 1045 492 1089 et
521 1035 671 1090 dedit
699 1036 868 1088 vitam
909 1035 1135 1101 mundo,
1167 1036 1256 1089 liie
1306 1035 1448 1089 idem
1478 1045 1562 1090 est
1586 1035 1742 1105 panis

155 1127 262 1193 qui
303 1125 428 1180 inde
487 1126 790 1188 descendit,
833 1111 992 1195 quem
1050 1127 1145 1195 qui
1201 1126 1392 1190 edunt,
1458 1140 1737 1194 nunquam

153 1215 358 1286 utique
388 1225 615 1272 mortem
654 1218 838 1272 vident
888 1216 954 1272 “.
984 1217 1123 1271 Nam
1159 1231 1282 1272 cum
1323 1219 1434 1273 sint
1468 1217 1738 1280 cmlestes,

155 1321 386 1376 semper
418 1310 828 1380 corruptionem
861 1312 1080 1379 penitus
1146 1302 1321 1374 exuti,
1380 1317 1433 1364 et
1486 1311 1738 1386 incorru~

153 1400 410 1469 ptionem
449 1402 623 1456 induti
664 1412 849 1468 erunt,
887 1409 942 1458 et
993 1392 1204 1472 abjeCta
1235 1409 1430 1464 morte,
1485 1402 1609 1456 vitae
1641 1415 1741 1470 ag-

149 1489 436 1560 glutinati,
500 1493 826 1563 incorrupti,
869 1505 922 1549 et
978 1493 1318 1548 immortales
1351 1493 1611 1554 evadunt,
1685 1499 1740 1545 et

151 1579 372 1638 idcirco
409 1584 661 1640 crelesles
715 1587 1083 1654 appellantur.
1125 1584 1260 1651 Quis
1287 1585 1431 1638 enim
1464 1591 1588 1654 post
1636 1584 1737 1638 ho-
1786 1651 1794 1659 _

154 1677 340 1732 mines
394 1684 553 1735 natos
595 1678 668 1732 ita
704 1679 1010 1748 appellatus
1040 1687 1124 1733 est
1165 1693 1230 1732 ex
1270 1674 1461 1730 Adami
1518 1675 1642 1731 ﬁliis
1673 1689 1737 1729 ac

154 1771 422 1838 posteris,
468 1772 789 1841 priusquam
823 1770 1087 1826 Dominus
1109 1771 1376 1832 omnium,
1406 1768 1732 1834 coelestium,

152 1876 216 1914 ac
255 1862 600 1916 terrestrium
647 1863 862 1918 caelitus
907 1863 1289 1919 delaberetur?
1319 1861 1418 1918 Hic
1449 1877 1614 1918 carne
1639 1878 1738 1919 no-

152 1961 270 2006 stra
315 1968 377 2008 se
416 1947 652 2016 vestivit,
685 1953 1043 2024 divinumque
1085 1953 1348 2024 Spiritum
1383 1955 1544 2011 nobis
1568 1955 1733 2019 dedit,

149 2047 303 2112 quod
357 2060 499 2114 saepe
529 2044 807 2110 diximus;
849 2056 902 2100 et
951 2046 1094 2101 idem
1142 2044 1384 2116 Spiritus
1448 2045 1630 2101 omnia
1681 2052 1738 2098 ut

153 2137 309 2190 Deus
371 2131 529 2191 nobis
585 2136 811 2204 praebet.
860 2135 1121 2202 Quaenam
1155 2135 1298 2189 illa?
1347 2148 1468 2204 quae
1542 2134 1738 2190 crebro

147 2227 376 2290 rudius,
410 2241 473 2280 ac
505 2226 813 2296 simplicius
873 2228 1212 2290 enumeravi,
1266 2226 1415 2297 quod
1475 2234 1538 2281 ‘et
1582 2241 1728 2280 nunc

147 2319 380 2374 faciam.

222 2408 315 2462 Fit
353 2408 510 2478 quasi
552 2407 796 2478 quaedam
832 2408 1130 2473 natatoria,
1175 2384 1383 2468 lumine
1413 2407 1599 2461 divino
1623 2423 1737 2462 eta-

147 2495 397 2560 rissima,
451 2490 505 2549 et
538 2512 602 2550 ea
655 2495 1045 2565 complectitur
1098 2498 1303 2557 omnia.
1353 2496 1506 2562 Quos
1541 2493 1735 2566 dignos

149 2588 456 2654 invenerit,
508 2589 661 2642 'mtus
715 2587 941 2659 (quibus
1001 2588 1182 2643 verbis
1220 2588 1470 2657 eloquar,
1535 2587 1734 2656 quibus

146 2680 478 2742 enuntiabo,
542 2680 744 2750 quibus
769 2695 868 2750 pro
912 2681 1175 2750 dignitate
1229 2679 1551 2744 edisseram,
1611 2696 1733 2749 quae

151 2769 340 2824 liunt?
375 2770 454 2824 Da
490 2772 620 2824 mihi
653 2771 816 2826 verba
855 2772 948 2842 qui
996 2768 1214 2826 donasti
1270 2771 1402 2824 mihi
1473 2770 1730 2838 animam,

151 2860 298 2915 Deus
324 2865 499 2930 meus)
521 2862 738 2918 divinus
758 2862 992 2932 Spiritus
1018 2877 1149 2933 ergo
1172 2877 1294 2916 cum
1319 2860 1457 2915 Deus
1479 2862 1570 2924 sit.
1592 2875 1732 2930 quos

146 2950 293 3006 intra
346 2969 406 3009 se
456 2956 751 3023 acceperit,
819 2962 964 3010 totos
1016 2953 1255 3023 reﬁngit,
1296 2961 1443 3007 totos
1483 2960 1728 3019 renovat,

149 3051 208 3095 et
241 3043 522 3097 instaurat
548 3043 987 3115 admirabiliter:
1019 3060 1120 3099 nec
1144 3042 1399 3098 sordibus
1421 3058 1614 3097 eorum
1653 3043 1732 3096 in-

150 3132 363 3186 licitur.
419 3134 484 3187 Et
510 3135 784 3203 quomodo
840 3148 940 3188 nec
1012 3133 1152 3202 ignis
1211 3133 1546 3201 nigrorema
1583 3132 1802 3222 ferroc

149 3222 448 3289 contrahit,
492 3230 546 3278 et
586 3224 661 3277 illi
719 3237 1060 3292 quaecunque
1102 3221 1266 3276 habet
1319 3221 1726 3297 communicat:

150 3313 272 3380 pari
321 3313 482 3366 modo
529 3313 748 3368 divinus
802 3315 1039 3382 Spiritus
1091 3328 1214 3367 cum
1261 3314 1334 3368 sit
1398 3316 1729 3384 incorrupti-

148 3402 302 3465 bilis,
359 3412 413 3455 et
463 3403 810 3468 immortalis,
857 3403 1325 3472 incorruptionem
1392 3415 1447 3460 et
1504 3405 1731 3460 immor-

151 3492 419 3546 talitatem
479 3492 740 3561 impertit.
798 3493 862 3546 Et
922 3508 1044 3547 cum
1101 3493 1168 3551 sit
1215 3494 1396 3562 lumen
1445 3511 1728 3566 nunquam

149 3583 440 3649 occidens,
483 3584 665 3660 lumen
714 3584 844 3640 facit
884 3600 1094 3650 omnes,
1147 3601 1285 3655 quos
1342 3588 1630 3643 inhabitat.
1661 3588 1728 3643 Et

148 3690 278 3731 cum
309 3677 382 3729 sit
413 3675 547 3742 vita,
588 3678 848 3733 onmihus
899 3678 1067 3731 vitam
1119 3677 1369 3747 largitur.
1409 3677 1476 3732 Ut
1507 3679 1726 3736 Christo

149 3778 368 3822 naturae
399 3781 648 3833 consors,
712 3780 767 3823 et
817 3767 1324 3837 consubstantiali's,
1372 3779 1424 3824 et
1483 3771 1724 3840 ejusdem

149 3859 342 3930 gloriae
395 3859 601 3924 socius,
659 3852 819 3927 eique
860 3861 1069 3925 imitus,
1111 3862 1207 3916 hos
1281 3862 1444 3915 etiam
1509 3862 1727 3916 Christo

150 3951 468 4006 simillimus
498 3951 700 4005 reddit.
747 3951 935 4020 Neque
985 3951 1383 4008 enim‘invidet
1442 3947 1724 4019 Dominus,

153 4043 415 4096 mortales
464 4044 645 4096 divina
700 4044 874 4110 gratia
927 4043 1029 4098 sibi
1061 4044 1266 4097 similes
1297 4044 1453 4111 ﬁeri;
1508 4060 1608 4098 nec
1633 4046 1724 4102 deo

152 4131 423 4203 dignatur
483 4148 672 4189 servos
699 4149 828 4188 suos
855 4135 1265 4189 similitudinem
1295 4137 1468 4205 ipsius
1498 4152 1684 4207 gerere
1706 4151 1746 4203 ;’-

151 4226 288 4293 quin
320 4224 646 4290 delectatur,
672 4236 724 4279 et
755 4227 972 4294 gaudet,
1024 4226 1152 4279 dum
1189 4229 1364 4281 cernit
1397 4229 1528 4282 tales
1548 4227 1724 4283 factos

153 4331 260 4370 nos
292 4331 358 4368 ex
403 4316 713 4370 hominibus
744 4329 922 4382 natos,
964 4317 1138 4387 idque’
1162 4332 1260 4385 per
1300 4319 1552 4386 gratiam,
1584 4332 1725 4388 qua-

155 4406 223 4460 lis
261 4406 376 4474 ipse
404 4407 622 4475 genitus
659 4415 762 4472 est,
819 4418 871 4462 et
912 4414 1104 4461 natura
1152 4419 1255 4462 est.
1295 4407 1430 4462 Cum
1485 4409 1628 4463 enim
1653 4408 1723 4461 sit

155 4495 491 4561 benelaclur,
541 4497 673 4552 tales
733 4513 832 4550 nos
863 4511 985 4550 esse
1034 4496 1171 4560 vult,
1211 4495 1391 4564 qualis
1453 4494 1569 4565 ipse
1617 4503 1718 4549 est.
1755 4482 1797 4535 Ῑ)

157 4585 292 4639 Nam
323 4589 366 4641 si
426 4587 691 4654 ejusmodi
739 4603 845 4640 non
899 4588 1093 4649 simus,
1159 4589 1417 4656 perfecte,
1478 4587 1723 4655 inquam,

158 4678 389 4740 similes,
439 4678 710 4746 quomodo
767 4679 843 4733 illi
893 4679 1030 4731 uniti
1062 4678 1290 4739 erimus,
1346 4666 1488 4730 sicut
1535 4677 1722 4730 dixit?

158 4769 436 4835 quomodo
479 4769 638 4820 etiam
677 4769 728 4819 in
775 4784 840 4821 eo
908 4766 1286 4822 manebimus?
1347 4773 1400 4819 et
1453 4766 1723 4835 quomodo

159 4860 274 4927 ipse
315 4860 368 4911 in
402 4861 558 4911 nobis
598 4861 854 4924 manebit,
898 4862 941 4913 si
976 4860 1023 4913 ei
1051 4860 1220 4914 simus
1247 4859 1576 4914 dissimiles?
1611 4859 1721 4915 Hoc

161 4950 325 5016 igitur
354 4965 478 5003 cum
551 4951 837 5019 perspicue
904 4951 1117 5014 sciatis,
1191 4951 1404 5004 studete
1479 4952 1723 5020 accipere

161 5042 420 5110 Spiritum
463 5043 556 5109 qui
588 5058 652 5095 ex
706 5043 812 5096 Deo
863 5052 967 5105 est,
1013 5050 1066 5094 et
1115 5040 1330 5095 divinus
1365 5052 1467 5107 est,
1503 5052 1560 5094 ut
1590 5043 1725 5097 tales

162 5135 427 5198 evadatis,
463 5138 650 5203 quales
711 5150 813 5189 nos
865 5133 1175 5198 docuimus,
1225 5136 1476 5189 caelestes
1524 5149 1586 5190 ac
1639 5134 1724 5188 di-

164 5229 298 5290 vini,
357 5230 552 5297 quales
583 5228 719 5281 dixit
771 5229 1052 5294 Dominus,
1098 5240 1155 5282 ut
1196 5238 1248 5283 et
1301 5232 1450 5298 regni
1484 5230 1722 5285 caelestis

165 5319 533 5373 l'a:reditatcm
584 5319 790 5373 adeatis
821 5319 874 5373 in
908 5321 1320 5388 sempiternum.
1365 5321 1418 5373 Si
1451 5323 1586 5374 tales
1613 5337 1722 5375 non

165 5409 396 5475 fueritis,
447 5420 542 5463 aut
615 5411 701 5464 ln'c
757 5425 865 5465 non
915 5413 1077 5478 lictis,
1135 5417 1269 5467 caele
1305 5423 1405 5475 tes,
1455 5420 1514 5464 ut
1583 5395 1716 5473 dixi,

164 5501 441 5569 quotnodo
482 5500 589 5553 ullo
621 5502 781 5555 modo
823 5517 946 5556 cum
1004 5504 1122 5571 ipso
1183 5505 1379 5558 coelum
1433 5517 1528 5556 vos
1571 5501 1722 5554 habi-

168 5575 377 5645 taiuros
427 5590 820 5645 arbitramini?
859 5595 1130 5662 quomodo
1189 5596 1241 5646 in
1310 5607 1532 5661 regnum
1594 5606 1716 5647 cum

241 5770 283 5799 "
315 5766 473 5821 Joztu.
518 5784 587 5829 γι,
625 5767 800 5821 lD-S‘Z.

1807 1407 1809 1409 ’
1841 1409 2055 1452 creator
2097 1413 2270 1463 meus,

1849 587 2005 633 turos
2054 595 2175 636 cum
2229 583 2473 634 omnium
2531 594 2658 652 rege
2688 595 2752 634 ac
2801 581 3082 636 Domino?
3113 583 3407 641 Curramns

1849 668 2033 737 itaque
2077 671 2269 725 sedulo
2298 685 2510 737 omnes,
2566 677 2626 724 ut
2658 671 2805 740 digni
2854 672 3183 739 'liabeamur,
3237 675 3407 744 quiin

1848 760 2002 814 caelis
2034 774 2154 814 cum
2230 761 2446 817 Christo
2494 761 2738 828 omnium
2818 761 3048 818 Domino
3099 767 3408 835 regnemus,

1845 865 2004 918 quem
2105 849 2260 903 deset
2350 853 2526 920 omnis
2621 852 2810 928 gloria,
2881 867 3004 908 cum
3092 854 3270 922 Patre,
3351 867 3408 912 et

1845 941 2037 996 sancto
2062 938 2270 1010 Spiritu
2301 939 2356 994 in
2377 943 2573 996 saecula
2598 945 2965 1000 saeculorum.
3003 946 3198 1002 Amen.

2364 1052 2590 1109 CAPUT
2636 1055 2851 1112 XXXII.

1843 1143 2174 1201 Subtilitates
2209 1145 2558 1224 t_he_ologicw._
2727 1166 2846 1224 ⁸ηοη
2870 1150 3000 1204 videt
3028 1150 3205 1206 lumen
3225 1152 3407 1224 gloriae

2200 1215 2318 1282 Dei,
2360 1215 2495 1270 circo
2541 1218 2879 1286 infeliciorem
2910 1237 3038 1276 esse.

1911 1304 2018 1371 Qui
2067 1312 2410 1375 tampronus
2447 1322 2505 1363 es
2535 1310 2601 1362 ad
2627 1309 3014 1374 miserendum,
3055 1310 3196 1365 Deus
3223 1327 3401 1378 meus,

2343 1398 2487 1467 l‘ulge
2527 1399 2680 1455 mihi
2732 1401 2968 1469 amplius
3002 1401 3284 1458 inaccesso
3315 1405 3402 1456 lu-

1839 1491 1988 1544 mine
2037 1497 2150 1554 tuo,
2208 1498 2268 1545 ut
2298 1491 2496 1559 gaudio
2545 1507 2640 1545 cor
2689 1507 2873 1547 meum
2953 1493 3224 1562 impleas:
3255 1507 3406 1549 etne

1838 1580 2123 1644 irascaris,
2173 1593 2311 1634 neve
2373 1579 2724 1647 derelinquas
2786 1580 2920 1635 me?
2976 1583 3070 1636 sed
3129 1582 3257 1636 luce
3313 1593 3406 1638 tua

1838 1671 2054 1726 illust'ra
2084 1671 2322 1726 animam
2378 1685 2552 1726 meam
2581 1688 2595 1737 ;
2627 1670 2725 1724 lux
2774 1671 2932 1725 enim
2963 1680 3053 1724 tua
3086 1678 3142 1725 tu
3175 1672 3291 1741 ipse
3318 1689 3406 1740 es,

1840 1765 1983 1820 Deus
2043 1775 2217 1820 meus.
2263 1763 2591 1832 Quanquam
2638 1761 2804 1817 enim-
2839 1762 3048 1828 multis,
3086 1777 3147 1816 ac
3174 1764 3406 1838 diversis

1841 1854 2153 1918 nominibus
2203 1854 2512 1924 appellaris,
2549 1865 2727 1908 tamen
2757 1869 2924 1910 unum
2950 1869 3028 1907 es.
3081 1852 3196 1907 Hoc
3220 1844 3422 1908 autem‘

1838 1959 2008 2011 unum
2045 1932 2428 2018 omui'naturaa
2464 1944 2824 2012 incognitum,
2854 1939 3148 2008 invisibile,
3179 1952 3231 1996 et
3257 1944 3406 1997 inex-

1836 2035 2086 2108 plicabile
2117 2043 2222 2100 est,
2250 2034 2393 2103 quod
2417 2049 2482 2090 ex
2513 2033 2920 2102 comparatione
2956 2048 3283 2102 quocunque
3316 2032 3403 2088 in-

1836 2128 2096 2199 digitatur
2119 2126 2359 2181 nomine.
2385 2127 2525 2195 Ergo
2541 2123 2683 2180 istuc
2697 2139 2863 2178 unum
2888 2130 2977 2178 est
2999 2133 3192 2177 natura
3245 2139 3402 2192 τρισ-

1836 2217 2293 2280 undam-mgnus
2349 2215 2542 2276 deitas,
2581 2229 2746 2268 unum
2800 2227 3049 2283 regnum,
3086 2227 3190 2266 una
3251 2222 3406 2282 pote-

1833 2316 1990 2371 stas;
2031 2304 2276 2360 Trinitas
2306 2304 2505 2374 quippe
2553 2318 2719 2356 unum
2759 2312 2861 2356 est.
2897 2301 3139 2356 Trinitas
3189 2316 3294 2355 una
3323 2313 3405 2356 est

1835 2395 1980 2451 Deus
2029 2410 2204 2459 meus,
2238 2409 2347 2448 non
2398 2394 2524 2447 tria.
2580 2392 2683 2446 Sed
2741 2391 3100 2448 nihilominus
3146 2393 3248 2446 tria
3268 2393 3400 2447 illud

1836 2503 2025 2551 unum,
2052 2485 2354 2543 secundum
2380 2472 2792 2548 subsistentias,
2822 2493 3019 2536 natura
3065 2489 3255 2536 mutuo
3277 2485 3404 2553 opo-

1835 2577 1986 2646 φυείς
2016 2581 2405 2644 competentes,
2437 2580 2492 2627 et
2536 2569 3038 2625 consubstantiales
3073 2569 3404 2624 omnimodis

1834 2668 2145 2734 inconluse,
2198 2682 2366 2737 supra
2428 2675 2644 2733 captum
2705 2666 3005 2719 humanum
3071 2665 3277 2728 unitas,
3346 2674 3401 2717 et

1835 2749 2050 2816 rurSum
2086 2761 2224 2814 citra
2247 2757 2574 2813 divisionem
2606 2757 2832 2821 divisas,
2880 2756 2932 2808 in
2963 2770 3127 2809 unum
3180 2756 3398 2810 scilicet

1835 2854 1970 2919 tria,
2010 2859 2063 2905 et
2107 2865 2274 2907 unum
2310 2850 2363 2902 in
2410 2849 2530 2903 tria.
2563 2847 2716 2902 Unus
2746 2847 2888 2901 enim
2921 2854 3023 2908 est,
3049 2847 3137 2916 qui
3164 2847 3402 2900 condidit

1834 2945 2015 3000 omnia
2070 2941 2226 2997 Jesus
2273 2940 2529 2995 Christus
2593 2953 2716 2994 cum
2783 2937 2945 2992 Patre
2992 2946 3213 3006 experte
3245 2937 3400 3006 prin-

1831 3036 1980 3102 cipii,
2061 3043 2114 3089 et
2171 3048 2295 3088 cum
2349 3033 2556 3102 Spiritu
2608 3030 2999 3098 sancto,cujus
3022 3029 3396 3099 tequenullum

1833 3130 2073 3192 initium,

1903 3218 2082 3274 Unum
2130 3218 2298 3287 igitur
2331 3217 2593 3281 Trinitas,
2634 3215 2869 3269 indivise
2917 3227 3165 3283 prorsus.
3200 3212 3257 3266 lu
3290 3226 3400 3266 uno

1831 3319 2014 3366 autem
2071 3311 2198 3373 tria,
2228 3317 2283 3363 et
2315 3309 2558 3363 vicissim
2593 3308 2646 3360 in
2683 3306 2855 3360 tribus
2889 3318 3076 3370 unum,
3110 3304 3191 3359 vel
3217 3303 3399 3372 potius

1831 3418 1997 3458 unum
2032 3402 2135 3472 tria
2174 3402 2298 3467 ista,
2351 3409 2406 3454 et
2455 3407 2671 3462 contra,
2734 3398 2835 3450 tria
2880 3411 3068 3450 unum.
3127 3394 3396 3464 lntellige,

1830 3494 2023 3555 adora,
2053 3491 2212 3546 crede
2261 3478 2402 3545 nunc
2446 3498 2502 3544 et
2546 3489 2600 3542 in
2650 3488 2871 3546 saecula.
2903 3487 3016 3540 Hoc
3050 3486 3193 3540 enim
3225 3503 3394 3540 unum

1830 3601 1954 3641 cum
2011 3583 2346 3655 apparuerit,
2415 3595 2537 3636 cum
2598 3579 2816 3639 luxerit,
2869 3592 2989 3632 cum
3014 3577 3396 3646 participatum

1830 3685 1885 3731 et
1920 3674 2383 3731 communicatum
2464 3668 2871 3738 illuminaverit,
2950 3682 3110 3722 omne
3187 3665 3392 3720 bonum

1825 3776 1931 3824 est.
1976 3767 2248 3834 Quocirca
2325 3763 2487 3817 etiam
2563 3775 2670 3814 non
2725 3775 2916 3822 unum,
2993 3759 3086 3813 sed
3138 3760 3307 3815 multa
3363 3772 3394 3811 a

1826 3860 1987 3916 nobis
2037 3857 2235 3925 aecipit
2285 3852 2527 3912 nomina.
2565 3851 2768 3914 lumen,
2797 3865 2920 3918 pax,
2956 3847 3390 3918 gaudium,vita,

1828 3967 1977 4014 esca,
2009 3925 2187 4018 potus,
2224 3945 2622 4006 indumentum,
2664 3941 2915 4004 amictus,
2951 3937 3389 3999 tabernaculum,

1825 4045 2069 4101 divinum
2106 4035 2498 4098 habitaculum,
2529 4032 2732 4093 oriens,
2770 4028 3122 4092 resurrectio,
3151 4028 3391 4096 requies,

1827 4139 2130 4194 lavacrum,
2162 4130 2326 4199 ignis,
2360 4140 2520 4196 aqua,
2573 4122 2786 4186 ﬂuvius,
2849 4120 2971 4174 fons
3039 4121 3184 4183 vitai,
3215 4120 3413 4172 lluen--

1826 4233 1964 4291 tum,
2011 4221 2168 4292 panis
2197 4229 2244 4274 el
2294 4218 2503 4280 vinum,
2545 4227 2743 4267 novum
2789 4219 2840 4264 et
2892 4209 3223 4278 exquisitum
3261 4209 3392 4261 lide—

1825 4317 1956 4372 liutn
2015 4311 2449 4370 condimentum,
2500 4301 3144 4374 opiparumconvivium,
3174 4299 3394 4351 alimen-

1813 4388 1939 4463 tum
1972 4403 2323 4474 mysticarum
2356 4397 2695 4452 deliciarum.
2741 4391 2854 4447 lloc
2883 4390 2962 4445 sol
3003 4400 3086 4446 est
3113 4407 3390 4458 nunquam

1827 4498 2180 4559 occumbens,
2236 4499 2440 4546 astrum
2510 4501 2726 4555 semper
2794 4484 3109 4552 splendens,
3181 4483 3388 4551 lampas

1826 4595 1978 4647 intus
2021 4590 2075 4642 in
2109 4575 2402 4640 domicilio
2433 4579 2628 4632 animte
2687 4576 2974 4644 effulgens.
3047 4571 3160 4626 Hoc
3219 4587 3386 4624 unum

1827 4683 1994 4738 multa
2022 4686 2127 4741 est,
2202 4676 2493 4729 destruens
2555 4677 2607 4722 et
2683 4668 2980 4722 :edilicans.
3048 4665 3160 4717 lloc
3219 4677 3386 4716 unum

1824 4773 1986 4832 simul
2037 4768 2216 4823 omnia
2250 4765 2415 4818 verbo
2455 4761 2734 4831 produxit,
2799 4765 2851 4810 et
2903 4755 3108 4823 Spiritu
3173 4751 3389 4805 virtutis

1826 4878 1936 4918 sum
1977 4863 2087 4913 haec
2140 4856 2321 4909 omnia
2375 4852 2635 4904 continet.
2678 4846 2789 4899 lloc
2854 4857 3044 4905 unum,
3083 4841 3303 4902 ctrluin,
3336 4846 3389 4890 et

1826 4963 2022 5006 terram
2059 4961 2125 5001 ex
2162 4945 2329 4997 nihilo
2357 4939 2620 5001 condidit,
2676 4935 2916 4988 essentia
2961 4931 3276 4998 impertivit,
3334 4937 3388 4980 ct

1825 5040 2171 5099 inellabiliter
2238 5030 2655 5101 coagmentavit.
2717 5025 2831 5079 lloe
2870 5037 3036 5076 unum
3070 5020 3259 5079 solem,
3308 5017 3385 5068 lu-

1827 5146 1974 5194 nam,
2021 5128 2207 5183 stellas
2267 5125 2449 5186 lmira,
2505 5134 2665 5181 nova,
2694 5117 2952 5198 inusitata
2986 5110 3092 5175 res)
3140 5109 3260 5161 sola
3294 5122 3387 5158 vo-

1827 5224 2035 5277 luntate
2071 5217 2216 5271 fecit.
2279 5214 2389 5268 lloc
2444 5225 2614 5265 unum
2677 5202 3077 5278 quadrupedes,
3147 5198 3383 5268 reptilia,

1827 5321 1880 5368 et
1920 5316 2086 5376 l'eras,
2114 5321 2166 5365 et
2194 5309 2475 5363 volucrum
2509 5315 2669 5356 omne
2700 5312 2890 5367 genus,
2940 5303 2990 5347 et
3019 5290 3182 5343 maris
3206 5290 3384 5356 pisces

1827 5406 1967 5458 sicut
2005 5402 2300 5462 cernimus,
2350 5398 2583 5450 existere
2608 5389 2794 5458 jussit.
2848 5385 3127 5438 Postremo
3201 5387 3380 5429 autem

1827 5496 1946 5550 loco
1977 5507 2062 5546 me
2108 5490 2284 5554 ﬁnxit,
2337 5499 2590 5556 tanquam
2643 5493 2844 5549 regem,
2881 5483 2932 5528 et
2985 5474 3098 5527 lia-c
3131 5469 3380 5522 universa

1829 5589 1892 5642 ad
1934 5584 2253 5653 obsequium
2284 5579 2414 5632 mihi
2463 5575 2737 5644 subjecit;
2780 5581 2838 5626 ut
2890 5584 3035 5625 more
3097 5577 3378 5621 servorum
