4156 6344
738 385 846 453 583

1898 374 2280 438 SYMEONIS
2310 370 2682 436 JUNIORIS

3888 374 4000 438 584

737 500 1094 551 necessitates
1145 508 1291 548 meas
1330 491 1635 562 explerent.
1702 487 1769 546 Et
1831 491 2050 561 quidem
2124 488 2387 548 omniaA
2416 506 2561 546 sum.
2615 491 2817 548 Verum
2871 502 2929 548 nt
2980 494 3355 565 publicanum,
3391 500 3445 549 et
3492 492 3835 550 meretricem
3865 510 4000 565 sup-

737 599 933 643 czetera
973 586 1137 657 hujus
1183 585 1371 646 unius,
1424 582 1541 648 Dei,
1612 583 1859 651 inquam,
1935 582 2315 649 universitatis

738 681 1058 734 mandatum
1091 676 1534 741 custodiverunt,
1560 683 1614 731 et
1643 676 1944 743 etiamnum
1974 677 2315 743 custodiunt;

738 787 841 842 ego
881 773 1047 826 miser
1086 770 1241 825 solus
1284 768 1531 838 ingratus
1604 772 1856 838 apparui,
1920 778 1977 824 et
2008 768 2317 838 improbus,

738 870 795 918 et
830 860 1150 916 inobediens
1187 860 1295 913 Deo
1350 857 1525 912 fictori
1561 872 1701 921 meo,
1750 868 1803 912 et
1859 858 1952 929 qui
1998 858 2131 912 mihi
2202 860 2318 913 bare

743 954 925 1007 omnia
970 953 1108 1007 bona
1138 951 1437 1006 liberaliter
1472 949 1703 1020 praebuit
1726 949 2034 1018 violataque
2059 948 2319 1005 mandato

744 1044 922 1100 factus
954 1059 1074 1099 sum
1123 1042 1357 1108 inutilis,
1402 1041 1796 1112 jumentisque,
1826 1047 1880 1094 et
1919 1038 2067 1106 feris,
2128 1041 2319 1097 bestiis

740 1145 795 1195 et
828 1135 1138 1208 reptilibns,
1190 1145 1244 1191 et
1276 1134 1596 1189 volucribus
1647 1131 1872 1188 inferior
1905 1146 1969 1186 ac
2029 1132 2185 1202 pejor
2226 1148 2321 1203 ap-

744 1230 921 1296 parui,
973 1237 1085 1282 eta
1117 1237 1271 1281 recto
1334 1228 1528 1281 itinere
1572 1226 1874 1295 digressus,
1950 1221 2133 1279 datam
2186 1225 2319 1280 mihi

742 1320 970 1390 gloriam
1005 1319 1191 1373 infelix
1233 1318 1469 1387 perdidi,
1504 1317 1818 1389 lueidaque,
1856 1326 1913 1372 et
1962 1315 2146 1371 divina
2178 1318 2319 1372 stola

742 1411 1012 1481 spoliatus
1049 1427 1189 1477 sum,
1233 1420 1287 1465 et
1340 1412 1397 1465 in
1462 1410 1703 1466 tenebris
1768 1420 1954 1474 natus,
1987 1426 2134 1466 nunc
2164 1410 2221 1466 in
2244 1423 2321 1467 te-

741 1502 927 1557 nebris
986 1502 1165 1572 jaceo,
1203 1512 1256 1557 et
1300 1518 1387 1557 me
1419 1502 1539 1556 luce
1582 1504 1857 1570 privatum
1914 1504 2119 1558 nescio.
2156 1503 2316 1570 Ecce,

742 1595 989 1663 inquam,
1046 1595 1127 1649 sol
1168 1593 1312 1648 diem
1376 1594 1676 1659 illuminat,
1736 1610 1897 1663 quem
1930 1606 2090 1650 nocte
2123 1610 2316 1666 super-

742 1685 993 1739 veniente
1048 1686 1301 1740 occidere
1361 1686 1537 1740 video.
1594 1684 1729 1739 Tum
1772 1688 2089 1749 utvideam,
2126 1703 2315 1746 cereos

742 1784 797 1829 et
829 1776 1136 1846 lampadem
1182 1782 1446 1833 accendo.
1530 1778 1597 1832 Et
1645 1778 1777 1847 quid
1816 1778 1958 1834 alius
2002 1779 2164 1834 homo
2195 1781 2316 1851 plus

743 1882 828 1921 me
860 1868 1064 1922 habet?
1098 1868 1190 1924 Sic
1238 1870 1383 1923 enim
1446 1870 1698 1927 homines
1732 1872 1785 1925 in
1848 1873 2052 1927 mundo
2108 1874 2313 1939 vident,

743 1959 1009 2028 aliterque
1043 1971 1135 2015 aut
1190 1962 1310 2030 plus
1344 1978 1523 2016 nemo.
1568 1962 1691 2017 Haec
1745 1978 1887 2018 cum'
1911 1965 2058 2031 dico,
2088 1966 2320 2020 mentior

742 2062 797 2105 et
847 2053 1115 2121 meipsum
1181 2053 1329 2114 ludo.
1385 2054 1651 2122 mcipsum
1724 2054 1875 2117 fallo,
1939 2066 1990 2110 et
2057 2055 2319 2111 adversus

741 2153 942 2197 memet
970 2159 1055 2198 me
1086 2145 1238 2212 jacto
1264 2184 1280 2209 ,
1309 2144 1437 2197 dum
1473 2145 1596 2199 nolo
1622 2160 1705 2199 me
1742 2160 1944 2199 caecum
1969 2160 2091 2201 esse
2120 2161 2324 2215 c0gno-

742 2247 918 2296 scere,
947 2233 1076 2287 dum
1128 2236 1255 2287 nolo
1304 2234 1578 2301 laborare,
1621 2235 1748 2289 nolo
1783 2251 2003 2291 sursum
2054 2238 2316 2305 aspicere,

742 2324 872 2379 nolo
910 2326 1205 2380 damnatus
1232 2341 1331 2395 ego
1356 2341 1528 2379 meam
1564 2328 1867 2382 caecitatem
1903 2344 2225 2399 agnoscere.

812 2413 951 2469 Dico
1003 2426 1208 2481 autem,
1264 2417 1388 2485 quis
1435 2416 1571 2469 vidit
1625 2417 1792 2471 Deum
1844 2419 2023 2472 lumen
2078 2420 2321 2474 mutuli?

740 2517 800 2563 et
850 2508 978 2562 dum
1021 2510 1122 2563 hoc
1159 2507 1302 2574 dico,
1358 2510 1585 2578 prorsus
1637 2525 1745 2564 non
1791 2513 1993 2575 sentio,
2024 2526 2129 2566 non
2158 2512 2320 2568 intel-

742 2598 877 2668 ligo,
929 2598 1179 2664 Domine,
1217 2614 1303 2654 me
1344 2600 1480 2654 male
1536 2602 1799 2671 cogitare,
1858 2611 1911 2655 et
1970 2604 2137 2672 loqui.
2215 2604 2319 2668 Qui

745 2705 985 2759 namque
1013 2690 1196 2743 lumen
1246 2698 1401 2744 tuum
1434 2707 1542 2744 non
1578 2693 1746 2754 videt,
1778 2704 1831 2746 et
1882 2708 1939 2746 se
1970 2694 2156 2749 videre
2180 2694 2321 2748 allir-

746 2791 882 2843 mat,
944 2781 1053 2833 imo
1083 2795 1213 2834 vero
1265 2780 1602 2849 impossibile
1654 2782 1786 2834 dicit
1836 2796 1979 2847 esse,
2029 2784 2322 2838 viderelu-

744 2888 867 2927 men
907 2874 1091 2942 glorias
1121 2885 1248 2935 tuae,
1323 2888 1519 2928 omnes
1584 2874 1993 2943 prephetarum,
2044 2880 2320 2945 apostolo-

743 2962 973 3034 rumque
1027 2963 1366 3034 Scripturas,
1404 2978 1460 3021 et
1526 2981 1830 3029 sermones,
1882 2976 2045 3036 atque
2096 2985 2320 3025 oecono-

746 3057 910 3111 miam
965 3068 1139 3122 tuam,
1170 3058 1323 3122 Jesu,
1359 3070 1537 3127 negat.
1581 3058 1636 3112 Si
1669 3060 1813 3112 enim
1853 3062 1920 3113 ab
1952 3062 2063 3115 alto
2088 3062 2320 3117 illuxisti

2421 587 2712 656 plicantem
2758 604 2841 643 me
2875 590 3117 658 suscipe,
3169 588 3414 643 Domine.
3445 587 3561 645 Etsi
3607 603 3708 659 ego
3755 603 3865 643 non
3897 595 3998 657 pe-

2420 679 2575 733 rinde
2631 678 2764 745 ﬂeo;
2820 680 2921 734 etsi
2962 694 3070 733 non
3122 679 3378 734 similiter
3410 678 3574 747 pedes
3608 689 3729 739 tuos
3780 679 3995 749 capillis

2421 773 2558 825 meis
2603 749 2868 842 exterge;
2914 772 3020 826 etsi
3085 786 3197 825 non
3273 772 3508 828 similier
3565 776 3745 843 gemo,
3804 780 3857 828 et
3905 771 3993 826 la-

2422 873 2654 932 mentor,
2702 874 2878 918 tamen
2928 871 2987 917 tu
3035 878 3263 919 emanas
3302 864 3759 931 misericordiam,
3790 872 3844 921 et
3875 879 3997 919 sca-

2422 955 2563 1011 turis
2606 956 3041 1020 miserationem,
3076 962 3132 1010 et
3180 959 3339 1025 quasi
3382 971 3414 1010 e
3458 957 3606 1011 fonte
3635 957 3869 1013 eflundis
3899 957 3997 1011 bo—

2422 1046 2672 1110 nitatem,
2706 1061 2803 1115 per
2826 1063 2949 1117 qua;
2986 1047 3246 1102 miserere
3284 1046 3411 1101 mei.
3474 1047 3595 1110 Eia,
3652 1048 3743 1116 qui
3802 1063 3997 1101 manus

2421 1144 2476 1189 ct
2506 1135 2670 1205 pedes
2704 1144 2827 1190 tuos
2881 1137 3023 1192 lixus
3096 1151 3156 1191 es
3224 1136 3280 1189 in
3314 1149 3503 1202 cruce,
3527 1145 3582 1191 et
3604 1137 3789 1192 lancea
3846 1136 3990 1191 latus

2422 1234 2667 1296 apertus,
2719 1242 2753 1281 o
2807 1227 3340 1290 misericordissime,
3372 1228 3633 1282 miserere
3668 1229 3812 1293 mei,
3841 1236 3895 1281 et
3922 1228 3992 1282 ab

2421 1318 2547 1389 igne
2585 1316 2919 1387 sempiterno
2964 1334 3120 1373 serva
3165 1334 3271 1384 me,
3301 1325 3357 1371 et
3382 1318 3608 1387 dignum
3657 1317 3762 1383 fac,
3801 1320 3893 1388 qui
3926 1318 3997 1371 de

2423 1413 2632 1483 reliquo
2662 1414 2901 1482 approbe
2933 1412 3167 1466 serviam
3197 1411 3316 1475 tibi,
3346 1418 3399 1464 et
3432 1422 3563 1464 tunc
3597 1410 3986 1465 indamnabilis

2421 1516 2557 1561 stem
2586 1520 2768 1561 coram
2815 1514 2885 1569 te,
2935 1504 3276 1575 accipiarque
3303 1502 3445 1557 intra
3484 1503 3779 1557 thalamum
3811 1511 3992 1568 tuum,

2421 1597 2513 1651 ubi
2545 1597 2770 1652 laetabor
2804 1606 2981 1653 tecum
3015 1596 3161 1651 bono
3194 1594 3421 1651 Domino
3466 1595 3520 1649 in
3552 1595 3733 1650 omnia
3762 1594 3991 1649 saecula.

2419 1694 2610 1745 Amen.

2950 1818 3177 1874 CAPUT
3219 1818 3460 1874 XXXIII.

2424 1936 2700 2005 Confessio
2736 1935 3025 2003 precationi
3057 1936 3362 1999 conjuncta,
3393 1942 3441 1986 et
3494 1932 3557 1984 de
3603 1934 3787 2005 copula
3827 1943 3997 1988 sanctt

2616 2005 2850 2075 Spiritus
2878 2022 2993 2058 cum
3021 2005 3479 2072 perturbationum
3508 2004 3789 2059 vacuitate.

2505 2146 2781 2216 Elongavi,
2833 2158 2865 2198 ο
2915 2142 3167 2213 benigne,
3208 2141 3378 2195 mansi
3415 2141 3467 2194 in
3512 2140 3793 2195 solitudine
3824 2140 3892 2205 δ’,
3945 2149 3999 2196 et

2424 2232 2691 2288 abscondi
2723 2247 2809 2286 me
2840 2231 2935 2284 abs
2987 2238 3038 2284 te
3081 2231 3226 2283 dulci
3276 2228 3530 2285 Domino.
3570 2230 3997 2285 Circumventus

2423 2334 2583 2380 nocte
2628 2320 3016 2378 sollicitudinis
3063 2321 3184 2374 vitae
3221 2320 3407 2389 hujus,
3458 2320 3663 2374 multos
3696 2322 3999 2393 indemor-

2423 2431 2539 2479 sus,
2573 2430 2637 2469 ac
2670 2414 2893 2467 vulnera
2924 2411 3158 2466 sustinui
3199 2428 3211 2463 :
3247 2410 3450 2464 multas
3502 2409 3688 2479 plagas
3740 2425 3996 2465 reversus

2426 2507 2539 2563 fero
2569 2508 2621 2560 in
2663 2507 2840 2560 anima
2882 2519 3026 2569 mea,
3057 2503 3343 2571 clamoque
3379 2502 3432 2554 in
3464 2500 3709 2555 cruciatu
3741 2542 3756 2565 ,
3808 2512 3862 2558 et
3895 2503 3997 2558 do-

2426 2600 2541 2655 lore
2575 2598 2760 2653 cordis
2790 2598 2893 2650 mei
2924 2614 2937 2650 :
2975 2595 3230 2665 Miserere
3262 2595 3364 2647 mei
3397 2594 3857 2661 praevaricatoris,
3892 2595 3995 2648 mi-

2425 2704 2631 2755 serere,
2667 2702 2701 2742 o
2735 2685 2964 2750 medice,
2996 2686 3087 2754 qui
3120 2684 3301 2753 diligis
3333 2684 3543 2738 animas
3570 2727 3585 2751 ,
3620 2695 3673 2739 et
3711 2685 3864 2741 solus
3894 2687 3994 2741 ad-

2427 2782 2644 2837 modum
2675 2780 2908 2833 libenter
2938 2778 3233 2831 misereris.
3263 2776 3365 2841 Qui
3399 2778 3579 2845 acgris,
3610 2786 3665 2832 et
3690 2778 3995 2835 vulneratis

2425 2871 2661 2927 mederis
2723 2870 2916 2939 gratis,
2971 2868 3185 2922 medere
3238 2868 3508 2924 vibicibus
3562 2876 3618 2923 et
3674 2870 3997 2925 vulneribus

2425 2964 2583 3018 meis.
2623 2962 2774 3017 Stilla
2819 2960 3249 3015 misericordiam
3282 2960 3469 3029 gratia:
3505 2968 3610 3015 tuas
3641 2960 3787 3018 Deus
3819 2978 3994 3026 meus,

2426 3056 2675 3109 oblittera
2709 3054 2915 3123 plagas,
2952 3059 3114 3120 atque
3145 3052 3326 3105 ulcera
3358 3066 3497 3118 mea,
3534 3054 3586 3107 in
3619 3070 3786 3108 unutn
3820 3063 3998 3109 attra-

743 3150 799 3195 et
857 3143 910 3196 in
954 3144 1194 3198 tenebris
1229 3137 1552 3214 apparuisti,
1590 3156 1645 3200 et
1679 3147 1969 3215 advenisti,
2021 3150 2072 3203 in
2112 3154 2313 3207 mundo

2424 3148 2513 3211 Ite,
2555 3155 2609 3201 et
2647 3145 2957 3213 constringe
2990 3143 3127 3197 male
3175 3144 3440 3197 dissoluta
3474 3145 3717 3200 membra
3766 3162 3910 3212 mea,
3944 3157 3999 3201 et

745 3248 898 3287 more
933 3246 1119 3289 nostro
1174 3236 1366 3289 volens
1431 3238 1747 3293 conversari
1818 3255 1940 3293 cum
2000 3241 2313 3299 hominibus

746 3324 1085 3392 humaniter,
1143 3338 1197 3382 et
1246 3329 1427 3382 lumen
1476 3331 1662 3385 mundi
1709 3333 1941 3403 teipsum
1997 3350 2137 3397 esse,
2175 3338 2313 3391 citra

745 3417 1038 3471 vanitatem
1067 3419 1271 3486 dixisti,
1325 3436 1423 3475 nos
1463 3431 1641 3475 autem
1698 3430 1749 3477 te
1813 3439 1916 3478 non
1948 3425 2210 3491 videmus,
2245 3443 2312 3483 an

746 3524 853 3561 non
887 3510 1101 3577 penitus
1133 3514 1283 3573 caeci,
1318 3521 1373 3566 et
1426 3514 1583 3567 caecis
1620 3515 2049 3571 miserabiliores
2079 3520 2313 3575 sumus?

749 3597 1046 3653 Verissime
1081 3603 1304 3668 mortui,
1365 3612 1420 3656 et
1469 3606 1597 3658 caeci
1646 3620 1853 3671 sumus,
1897 3608 2024 3661 dum
2060 3618 2107 3662 te
2137 3610 2312 3665 vivifi-

744 3704 868 3743 cum
916 3690 1097 3744 lumen
1134 3707 1242 3745 non
1275 3695 1574 3751 cernimus.
1604 3696 1783 3751 Solem
1818 3698 1962 3751 hunc
1992 3715 2308 3770 corporeum

743 3780 872 3833 caeci
912 3794 1015 3833 non
1082 3782 1282 3848 vident,
1351 3784 1541 3839 vivunt
1610 3794 1809 3851 tamen,
1868 3796 1921 3842 et
1988 3806 2313 3860 quocunque

742 3872 905 3925 modo
940 3874 1173 3929 motibus
1212 3874 1456 3939 cientur;
1490 3893 1596 3930 non
1646 3880 1788 3932 enim
1808 3881 1969 3933 vitam
2007 3882 2190 3948 donat,
2215 3884 2309 3939 sed

744 3974 804 4016 ut
841 3962 1025 4017 videas
1066 3964 1356 4017 duntaxat.
1413 3964 1491 4019 Tu
1560 3976 1739 4021 autem
1803 3985 1924 4023 cum
2003 3972 2079 4026 sis
2129 3976 2312 4029 omnia

742 4051 911 4114 bona,
954 4068 1167 4121 semper
1199 4056 1383 4111 omnia
1444 4057 1541 4111 das
1582 4061 1755 4113 servis
1807 4061 1917 4116 tuis
1967 4063 2310 4121 videntibus:

744 4143 1074 4207 videntibus,
1132 4145 1373 4212 inquam,
1452 4146 1634 4202 lumen
1691 4156 1866 4204 tuum.
1925 4150 1991 4204 Et
2052 4156 2311 4223 quoniam

742 4231 850 4284 vita
893 4248 970 4297 cs,
1025 4250 1148 4286 cum
1182 4236 1304 4289 aliis
1336 4237 1593 4292 omnibus
1642 4240 1822 4304 hortis,
1856 4257 1975 4310 quae
2002 4256 2053 4296 tu
2088 4246 2202 4314 ipse
2227 4264 2308 4314 es,

742 4318 903 4370 etiam
966 4320 1129 4373 vitam
1168 4322 1405 4391 largiris.
1450 4325 1586 4380 Vere
1614 4329 1760 4381 enim
1797 4327 1977 4384 omnia
2034 4334 2085 4387 in
2118 4343 2168 4389 te
2192 4352 2313 4405 pos-

743 4409 906 4473 sidet,
964 4414 1056 4478 qui
1132 4421 1181 4466 te
1223 4414 1401 4468 habet.
1458 4415 1536 4471 Nc
1595 4420 1775 4487 priver
1812 4429 1863 4475 te
1900 4424 2146 4490 Domine,
2219 4444 2307 4493 ne,

2421 3254 2612 3296 omnes
2643 3237 2932 3293 cicatrices
2970 3251 3121 3289 meas
3150 3236 3289 3298 dele,
3320 3250 3514 3304 meque
3548 3244 3717 3290 totum
3752 3240 3995 3307 perfecte

2422 3348 2576 3394 sana,
2611 3339 2669 3383 ut
2698 3330 2869 3399 prius,
2912 3327 3133 3396 quando
3166 3344 3251 3380 me
3284 3328 3434 3380 nulla
3470 3327 3707 3382 fmdabat
3740 3331 3995 3399 inquina-

2422 3426 2528 3490 tio,
2565 3422 2714 3475 nulla
2750 3420 2929 3485 vibex,
2982 3434 3080 3473 nec
3131 3419 3282 3487 plaga
3340 3429 3555 3475 tumens
3596 3430 3689 3475 aut
3736 3423 3991 3477 macula:

2422 3514 2515 3570 sed
2550 3527 2758 3566 mecum
2789 3518 2903 3563 erat
2937 3509 3329 3576 tranquillitas,
3359 3508 3641 3577 gaudium,
3674 3527 3797 3580 pax,
3832 3528 3992 3567 man-

2423 3604 2675 3669 suetudo,
2720 3612 2906 3655 sancta
2958 3601 3267 3665 humilitas,
3321 3609 3375 3655 et
3423 3602 3834 3671 longanimitas,
3891 3621 3989 3674 pa-

2419 3698 2645 3757 tientiae,
2684 3691 3063 3761 bonorumque
3093 3707 3318 3760 operum
3353 3694 3648 3757 claritudo,
3678 3694 3989 3761 tolerantia,

2421 3801 2474 3846 et
2505 3790 2721 3861 penitus
2749 3787 2951 3841 invicta
2986 3786 3178 3849 virtus,
3216 3786 3358 3839 unde
3395 3786 3729 3854 quotidiana!
3767 3797 3821 3843 et
3861 3801 3992 3843 sua-

2422 3884 2656 3937 vissimae
2711 3880 2980 3946 lacrymae,
3026 3878 3168 3930 unde
3219 3877 3513 3930 exsultatio
3564 3877 3616 3929 in
3662 3878 3828 3933 corde
3872 3895 3992 3933 meo

2420 3972 2568 4027 velut
2593 3974 2717 4027 fons
2754 3968 3107 4032 scaturiebat,
3139 3966 3449 4036 lluebatque
3506 3968 3726 4036 iugiter,
3778 3978 3832 4023 et
3876 3979 3993 4024 erat

2419 4066 2685 4119 fluentum
2719 4063 2991 4124 melleum,
3026 4069 3077 4114 et.
3104 4068 3265 4127 potus
3291 4060 3489 4113 laetitiae
3519 4062 3742 4116 assiduo
3765 4076 3991 4116 versans

2419 4160 2474 4214 in
2513 4173 2607 4213 ore
2642 4154 2838 4209 mentis
2869 4168 3030 4217 meae;
3064 4154 3207 4205 unde
3237 4154 3417 4207 omnis
3451 4154 3680 4218 sanitas,
3710 4155 3855 4208 unde
3889 4172 3992 4224 pu-

2418 4252 2573 4316 ritas,
2615 4248 2758 4303 unde
2787 4247 3049 4299 malarum
3080 4245 3424 4316 alifectionum
3481 4246 3711 4309 sedatio,
3749 4256 3801 4300 et
3835 4249 3991 4325 cogi-

2420 4344 2686 4397 tationum
2725 4337 2966 4391 inanium
2999 4336 3253 4403 abiectio,
3292 4337 3435 4391 unde
3470 4337 3599 4389 mihi
3628 4338 3869 4393 ἀπάθεια
3900 4355 3994 4393 co-

2420 4449 2576 4489 rusca
2611 4426 3011 4500 quodammodo
3043 4428 3244 4491 aderat,
3274 4438 3324 4483 et
3356 4444 3565 4482 mecum
3595 4431 3991 4485 consuescebat

743 4498 815 4553 tri
878 4512 1094 4556 creator
1122 4543 1136 4567 ,
1197 4507 1379 4574 privcr
1435 4520 1485 4561 te
1512 4547 1527 4572 ,
1586 4526 1652 4562 ne
1722 4521 1770 4565 te
1828 4516 2050 4581 priver,
2100 4519 2314 4574 miscri-
2346 4502 2388 4555 D
2423 4498 2802 4595 (spiritualitcr
2843 4518 3103 4587 intellige,
3146 4518 3239 4586 qui
3277 4519 3389 4572 haec
3418 4518 3646 4588 legendo
3684 4522 3988 4590 percurris,

741 4606 884 4654 cors,
941 4608 1041 4661 ego
1091 4595 1337 4659 humilis,
1403 4611 1457 4653 et
1516 4603 1852 4671 peregrinus.
1910 4606 2121 4661 Etenim
2159 4626 2312 4679 pere-

740 4682 951 4749 grinus,
1021 4696 1072 4738 et
1138 4688 1439 4755 inquilinus
1503 4693 1610 4753 hic,
1674 4702 1731 4747 ut
1777 4696 1875 4749 tibi
1956 4699 2309 4770 complacuit,

740 4789 850 4826 non
883 4777 1177 4840 voluntate,
1232 4795 1341 4833 non
1391 4791 1584 4850 sponte
1636 4798 1751 4838 mea
1800 4786 1979 4841 factus
2010 4805 2176 4843 sum:
2215 4796 2309 4846 sed

740 4868 915 4935 gratia
970 4875 1059 4921 tua
1112 4873 1379 4939 mcipsum
1440 4876 1585 4929 inter
1640 4878 1754 4931 hazc
1806 4880 2039 4934 visibilia
2078 4885 2308 4953 cognovi

742 4961 1030 5027 hospitem,
1066 4962 1513 5021 intellectualiter
1579 4970 1883 5026 illustratus
1946 4983 2038 5027 tuo
2079 4976 2306 5041 lumine,

738 5058 1157 5118 perspectoque,
1231 5062 1279 5106 te
1329 5056 1394 5107 ad
1442 5056 1703 5110 mundum
1761 5059 2197 5129 immaterialetn,
2256 5075 2309 5120 et

740 5139 1212 5206 inaspectabilcm,
1251 5147 1574 5209 transferre,
1613 5150 1742 5203 etin
1778 5167 1841 5205 eo
1862 5152 2040 5207 facere
2065 5154 2309 5211 habitare

739 5244 912 5297 genus
968 5233 1288 5299 humanum,
1351 5239 1713 5293 describendo
1794 5258 1859 5297 ac
1922 5245 2308 5301 distribuendo

739 5333 838 5386 pro
868 5321 1075 5375 meritis
1118 5327 1316 5393 cuique
1366 5330 1761 5387 habitationem
1844 5353 2021 5401 suam,
2092 5356 2190 5408 pro
2240 5356 2306 5394 eo

739 5408 947 5461 scilicet
985 5426 1047 5463 ac
1078 5418 1315 5468 servavit
1354 5422 1607 5475 mandata
1651 5434 1763 5479 tua.
1789 5425 2082 5496 Propterea
2111 5437 2307 5499 precor

741 5507 797 5549 ut
852 5512 938 5553 me
969 5510 1149 5555 tecum
1193 5508 1448 5575 colloces,
1500 5516 1715 5569 tametsi
1790 5522 2008 5587 peccavi
2073 5524 2303 5576 multum

739 5604 902 5656 supra
932 5605 1120 5648 omnes
1153 5601 1440 5665 mortales,
1482 5619 1752 5676 poenaque
1784 5617 1836 5673 et
1868 5610 2074 5665 ultione
2106 5610 2305 5681 dignus

805 5770 851 5804 δ’
890 5772 1035 5828 Psal.
1068 5790 1174 5840 LIV,
1204 5774 1252 5829 8.

2414 4633 2482 4671 ne
2519 4614 2749 4683 turpiter
2773 4611 3103 4681 inquineris)
3134 4612 3453 4667 immensam
3482 4614 3809 4682 voluptatem
3835 4629 3991 4670 cont-

2416 4707 2708 4766 mistionis,
2747 4704 3134 4772 infinitumque
3166 4705 3481 4774 nuptiarum
3514 4707 3711 4760 divinae
3751 4706 3990 4775 conjun-

2414 4795 2612 4850 ctionis
2660 4793 2792 4845 mihi
2845 4792 3181 4846 desiderium
3236 4792 3511 4857 inferens;
3551 4810 3614 4848 ex
3646 4810 3749 4865 qua
3782 4807 3837 4851 et
3882 4814 3989 4867 ego

2415 4895 2673 4950 mutatus,
2709 4885 2923 4938 solutus
2961 4900 3081 4937 sum
3115 4888 3642 4955 perturbatiouiDuS,
3681 4888 3991 4943 inﬂamma-

2414 4988 2498 5030 tus
2537 4976 2838 5044 voluptate,
2875 4983 2929 5029 et
2965 4975 3222 5030 incensus
3252 4978 3371 5046 ejus
3404 4978 3698 5044 desiderio,
3731 4989 3783 5032 et
3815 4984 3991 5049 parti-

2412 5085 2541 5137 ceps
2576 5068 2798 5139 luminis
2826 5108 2840 5135 ,
2880 5069 2990 5122 imo
3019 5080 3071 5121 et
3112 5069 3290 5122 lumen
3340 5071 3507 5135 evasi,
3542 5073 3687 5125 omni
3726 5075 3988 5141 passione

2413 5160 2685 5228 superior,
2719 5159 2787 5212 ab
2814 5159 2962 5211 omni
2994 5160 3238 5227 nequitia
3278 5171 3536 5216 remotus.
3574 5161 3691 5215 Non
3719 5164 3863 5217 enim
3900 5178 3987 5219 at-

2412 5250 2572 5318 tingit
2602 5250 2784 5302 lumeu
2825 5248 3055 5317 apathiae
3094 5248 3300 5315 passio,
3336 5259 3391 5302 ut
3424 5263 3523 5302 nec
3557 5249 3724 5302 solem
3763 5252 3984 5316 umbra,

2412 5351 2508 5395 aut
2559 5349 2837 5395 nocturna:
2874 5340 3133 5393 tenebrae.
3180 5339 3329 5393 Talis
3382 5356 3542 5409 porro
3592 5356 3715 5394 cum
3764 5358 3985 5409 essem,

2416 5432 2548 5485 tnihi
2584 5432 2754 5487 ﬁdens
2788 5430 3009 5487 inflatus
3044 5447 3164 5485 sum
3200 5434 3479 5500 superbia,
3523 5447 3820 5502 rerumque
3858 5450 3991 5489 scn-

2415 5523 2654 5577 sibilium
2691 5522 3081 5588 sollicitudine,
3122 5532 3174 5576 et
3208 5524 3357 5578 curis
3390 5527 3510 5578 vitae
3546 5525 3860 5579 subtractus
3887 5528 3990 5581 de-

2415 5614 2520 5670 cidi
2555 5612 2769 5678 infelix,
2807 5613 3276 5684 refrigeratusque
3311 5616 3577 5687 nigrorem
3608 5615 3738 5670 ferri
3786 5617 3949 5674 indui
3974 5658 3990 5685 ο
