4136 6338
158 399 266 464 ὖὸὗ

1228 391 1667 454 DlVlNORUM
1709 390 2037 453 AMORUM
2078 392 2327 452 LIBER.

3266 388 3366 452 585

155 519 210 565 et
243 510 332 564 diu
356 509 565 579 iacens,
596 507 819 577 insuper
847 520 1113 562 venenum
1146 506 1374 574 arripui.
1407 504 1617 558 Idcirco
1648 502 1713 556 ad
1747 510 1796 568 Α
1823 506 1985 560 corde
2027 520 2150 558 meo
2183 505 2363 573 ignem
2397 500 2679 555 Charilaus
2721 514 2842 570 erga
2878 511 2926 554 te
2969 499 3254 566 accendit;
3281 503 3375 572 qui

156 612 209 660 te
239 604 437 668 clamo,
474 617 507 656 ο
533 602 783 672 benigne,
816 610 870 656 et
909 600 1090 656 denuo
1139 602 1354 668 purgari
1409 599 1477 652 ad
1526 598 1716 667 pristi-

146 708 390 765 namque
425 693 887 763 pulchritudinem
935 691 1194 756 sustolli,
1249 700 1451 758 tuoque
1513 689 1714 741 lumine

156 785 262 842 frui
297 785 550 849 obsecro,
578 799 724 838 nunc
748 795 798 838 et
832 797 1064 852 semper,
1092 792 1144 836 et
1180 783 1233 835 in
1267 781 1511 836 omnium
1541 780 1714 850 spatia

153 876 496 934 seculorum.
527 874 720 931 Amen.

672 987 901 1043 CAPUT
957 986 1194 1042 XXXIV.

155 1082 231 1136 De
271 1078 593 1150 intelligibili
618 1081 899 1150 paradiso
930 1079 1218 1150 splendidrt'
1239 1080 1632 1138 commentatio.
1666 1089 1715 1130 et

591 1149 653 1203 de
680 1149 822 1218 ligno
857 1149 974 1202 rita:
1004 1149 1059 1200 in
1087 1148 1289 1201 eodem.

222 1241 557 1297 Benedictus
615 1255 702 1303 es,
734 1240 986 1303 Domine,
1043 1239 1368 1294 benedictus
1417 1252 1476 1293 es
1546 1239 1714 1302 solus,

147 1333 480 1389 benedictus
509 1347 570 1387 es
599 1332 938 1394 misericors,
965 1337 1018 1386 et
1049 1330 1338 1400 plusquam
1374 1328 1714 1393 benedictus,

147 1424 248 1493 qui
277 1422 483 1490 dedisti
513 1421 568 1476 in
595 1437 691 1476 cor
726 1437 904 1475 meum
953 1421 1130 1476 lucem
1178 1421 1560 1476 mandatorum
1598 1429 1718 1472 tuo-

146 1527 294 1575 rum,
317 1513 688 1583 plantastique
720 1513 772 1566 in
808 1527 896 1566 me
947 1512 1152 1582 lignum
1188 1515 1331 1578 vitae,
1355 1521 1407 1566 et
1435 1513 1611 1566 fecisti
1636 1527 1719 1566 me

147 1600 473 1669 paradisum
508 1601 670 1654 alium
703 1602 845 1654 inter
870 1602 1249 1668 aspectabilia,
1279 1603 1330 1654 in
1365 1602 1714 1656 sensibilihus

146 1691 375 1761 quidem
423 1691 874 1755 intellectualem,
911 1689 962 1742 in
1021 1690 1484 1748 intellectualibns
1537 1701 1715 1745 autem

147 1782 492 1847 sensibilcm,
535 1791 590 1836 et
650 1781 817 1835 alium
875 1780 1150 1850 spiritum,
1197 1797 1389 1851 nempe
1453 1781 1715 1852 Spiritum

1828 596 1917 648 ubi
1991 596 2042 648 in
2120 594 2393 647 ﬂairimant
2461 591 2626 646 divini
2681 591 2938 645 desiderii
3003 594 3225 661 erupit,
3264 591 3374 646 cla-

1824 688 1936 740 rius
1995 687 2124 740 mihi
2165 686 2390 756 gloriam
2451 694 2594 738 tuam
2625 683 2993 749 demonstrat;
3051 700 3210 755 quam
3240 683 3374 739 ado-

1825 793 1977 843 rans,
2008 793 2103 833 oro
2135 787 2208 843 te,
2238 777 2336 830 Fili
2389 776 2503 841 Dei,
2546 777 2630 831 fac
2683 783 2744 830 ut
2788 791 2907 830 cam
2943 790 3092 830 nunc
3115 785 3170 830 et
3203 778 3257 830 in
3291 773 3376 830 fu-

1825 880 1949 924 turo
1998 871 2194 924 saeculo
2240 871 2375 924 citra
2411 869 2837 926 vicissitudinem
2871 868 3167 932 obtineam,
3200 876 3252 922 et
3282 883 3377 938 per

1825 967 2001 1031 ipsam
2053 972 2104 1018 te
2172 963 2338 1018 Deum
2375 978 2468 1032 per
2518 973 2718 1017 eterna
2767 971 3009 1032 tempora
3043 960 3276 1016 videam.
3302 959 3377 1014 Ne

1826 1057 1922 1111 des
1977 1055 2133 1122 mihi,
2159 1054 2408 1118 Domine,
2443 1070 2634 1108 vanam
2686 1053 2872 1108 mundi
2902 1052 3152 1122 gloriam,
3188 1067 3256 1106 ne
3292 1051 3378 1104 di-

1827 1147 1988 1201 vitias
2041 1153 2355 1216 pereuntes,
2394 1160 2460 1201 ne
2491 1146 2695 1199 talenta
2736 1145 2878 1208 auri,
2908 1159 2976 1198 ne
3022 1142 3257 1198 sublime
3287 1155 3381 1195 so-

1826 1238 1983 1301 lium,
2019 1250 2087 1290 ne
2118 1236 2171 1290 in
2205 1235 2307 1290 ista
2341 1233 2556 1302 fugacia
2597 1233 2961 1303 principatum
2990 1249 3004 1286 :
3050 1231 3374 1295 humilibus,

1825 1329 2163 1401 pauperibus
2227 1343 2291 1382 ac
2326 1326 2546 1381 mitibus
2569 1339 2653 1379 me
2673 1323 2886 1379 associa
2915 1341 2928 1376 :
2953 1332 3010 1377 ut
3034 1337 3133 1391 ego
3160 1337 3378 1391 quoque

1828 1420 2046 1474 humilis
2089 1426 2144 1472 et
2202 1419 2348 1472 mitis
2411 1417 2555 1471 tiam.
2611 1413 2728 1470 Etsi
2793 1412 3149 1468 ministerium
3195 1427 3377 1466 meum

1827 1527 1932 1566 non
1988 1510 2216 1574 utiliter,
2267 1521 2426 1578 atque
2478 1508 2545 1562 ad
2595 1506 2994 1575 beneplacitum
3063 1512 3116 1558 et
3171 1503 3375 1558 cultum

1830 1611 1983 1656 tuum
2019 1600 2175 1662 obeo,
2208 1599 2423 1667 placeat
2453 1597 2550 1651 tibi
2593 1608 2650 1650 ut
2680 1611 2745 1651 eo
2793 1595 3102 1658 abdicatus,
3143 1601 3382 1648 tantum-

1830 1693 1990 1746 modo
2017 1701 2244 1761 peccata
2291 1703 2408 1743 mea
2442 1687 2695 1750 deﬂeam,
2724 1685 2898 1757 deque
2922 1687 3039 1741 solo
3060 1685 3211 1754 justo
3232 1683 3383 1753 judi-

1827 1785 1911 1838 cio
1974 1791 2067 1837 tuo
2109 1783 2211 1838 sim
2283 1781 2573 1845 sollicitus,
2607 1789 2660 1835 et
2698 1779 2973 1848 quomodo
3022 1777 3380 1848 respondeam

148 1882 307 1928 tuum
345 1881 599 1927 sanctum
658 1873 854 1927 animae
913 1889 1044 1928 mea:
1094 1874 1456 1941 conjunxisti,
1489 1889 1722 1942 eumque
1757 1868 1797 1924 Β
1828 1875 1948 1939 tibi,
1986 1874 2079 1943 qui
2115 1874 2394 1928 multotics
2427 1874 2564 1926 iram
2600 1880 2748 1925 tuam
2789 1868 3098 1940 provocavi.

148 1966 204 2019 in
235 1965 544 2019 visceribus
578 1965 713 2019 meis
739 1964 989 2019 habitare
1024 1964 1232 2020 fecisti.
1264 1964 1428 2018 Plane
1461 1967 1564 2018 hoc
1591 1967 1715 2018 uni-

145 2071 274 2110 cum
311 2065 395 2110 est
434 2056 558 2110 vitae
607 2056 837 2125 lignum.
870 2056 1004 2120 lloc,
1043 2056 1092 2108 in
1130 2071 1236 2125 qua
1272 2063 1416 2110 terra
1441 2057 1716 2111 consitum

147 2145 343 2211 fuerit,
383 2147 437 2200 in
487 2146 665 2199 anima
719 2146 1190 2214 nempe-hominis
1218 2186 1232 2210 ,
1270 2155 1324 2200 et
1366 2149 1409 2200 si
1448 2147 1500 2200 iu
1553 2147 1719 2200 corde

147 2239 366 2292 radices
397 2239 591 2307 egerit,
617 2238 936 2305 paradisum
969 2238 1164 2300 reddit,
1197 2244 1250 2292 et
1284 2237 1333 2290 id
1375 2252 1501 2291 mox
1530 2239 1715 2305 splen-

147 2327 444 2382 didissime
473 2328 744 2396 speciosis
786 2328 1072 2397 stirpibus,
1099 2327 1414 2389 arboribus,
1447 2335 1502 2382 et
1535 2326 1716 2382 diver-

148 2416 229 2470 sis
259 2415 558 2481 frnctibus,
595 2415 873 2483 variisque
922 2415 1173 2480 ﬂoribus,
1204 2425 1257 2471 et
1297 2426 1572 2483 unguenta
1605 2418 1716 2487 spi-

148 2507 409 2562 rantibus
447 2507 577 2561 liliis
608 2516 878 2572 exornat,
907 2522 1026 2576 quae
1075 2515 1205 2562 sunt
1250 2509 1554 2572 humilitas,
1589 2524 1715 2578 pax,

148 2599 435 2670 gaudium,
465 2601 850 2663 mansuetudo,
877 2597 1346 2662 condolescentia,
1379 2600 1581 2662 luctus,
1613 2600 1716 2651 im-

147 2689 279 2746 bres
329 2691 802 2759 lacrymarum,et
843 2690 1107 2746 inusitata
1166 2692 1220 2746 in
1269 2691 1378 2746 illis
1408 2691 1715 2758 delectatio,

147 2781 416 2851 splendor
437 2782 626 2852 gratiae
673 2791 778 2837 tuae
807 2782 1039 2838 illucens
1087 2783 1426 2838 omnibusin
1456 2784 1716 2854 paradiso

150 2873 536 2928 versantibus.
570 2872 650 2926 Tu
688 2887 747 2928 es
784 2882 965 2928 crater
999 2874 1184 2927 vitalia
1230 2872 1432 2928 ﬂuenta
1466 2883 1555 2927 tua
1588 2874 1715 2927 mihi

147 2963 462 3028 ell‘undens,
492 2972 547 3020 et
577 2980 859 3020 sermones
892 2965 1090 3018 divinae
1120 2965 1466 3034 cogitationis
1500 2966 1719 3034 copiose

149 3055 499 3110 ministrans.
534 3055 693 3121 Quod
748 3057 795 3113 si
848 3064 904 3110 tu
941 3056 1211 3120 nolueris,
1236 3057 1330 3110 sed
1386 3067 1575 3110 contra
1615 3057 1718 3112 ista

151 3145 451 3199 demolitus
475 3145 666 3208 fueris,
691 3160 792 3214 ego
824 3160 1042 3208 amens,
1089 3154 1141 3198 et
1167 3146 1341 3198 instar
1373 3145 1567 3214 lapidis
1603 3155 1716 3200 stu-

1896 1966 1939 2020 0
1971 1963 2184 2028 Pastor,
2239 1979 2398 2034 quem
2447 1963 2624 2018 aliena
2671 1961 2812 2016 mala
2842 1968 3211 2023 commovent,
3245 1959 3384 2013 boue

1829 2066 1882 2112 et
1923 2067 2213 2110 mansuete
2257 2056 2466 2121 Pastor,
2511 2056 2603 2124 qui
2663 2069 2852 2110 omnes
2903 2054 2958 2107 in
2994 2059 3048 2107 te
3099 2053 3383 2107 credentes

1827 2148 2025 2201 salvari
2080 2147 2259 2215 cupis,
2330 2149 2612 2211 miserere,
2648 2154 2703 2200 et
2758 2145 2898 2200 hanc
2937 2158 3151 2214 precem
3205 2158 3382 2197 meam

1825 2240 2061 2305 exaudi;
2097 2254 2164 2293 ne
2203 2239 2486 2303 irascaris,
2531 2251 2636 2291 neu
2689 2236 2878 2291 faciem
2917 2246 3064 2290 tuam
3104 2241 3320 2299 avertas
3351 2246 3384 2286 a

1826 2343 1933 2390 me,
1966 2328 2061 2382 sed
2116 2328 2252 2381 doce
2285 2342 2370 2381 me
2408 2327 2636 2392 implere
2666 2326 3001 2380 voluntatem
3051 2333 3220 2378 tuam.
3266 2321 3384 2377 Non

1825 2419 1968 2471 enim
2005 2418 2196 2472 studeo
2234 2416 2347 2470 lleri
2382 2418 2713 2472 voluntatem
2746 2431 2943 2480 meam,
2976 2415 3069 2471 sed
3123 2426 3294 2477 tuam,
3326 2425 3383 2466 ut

1826 2516 1876 2561 te
1905 2508 2100 2562 colam.
2136 2508 2344 2577 Adjuro
2372 2516 2450 2574 te,
2489 2508 2757 2562 miserere
2800 2508 2926 2569 mei,
2963 2507 3054 2575 qui
3093 2522 3152 2561 es
3185 2514 3382 2559 natura

1831 2597 2146 2654 misericors
2163 2600 2230 2663 ⁵ο,
2264 2607 2318 2654 et
2350 2599 2433 2653 fac
2459 2597 2587 2668 quid
2621 2598 2832 2652 miserae.
2861 2597 3055 2651 animae
3087 2612 3218 2652 mem
3247 2610 3382 2650 con-

1825 2688 2024 2755 ducat;
2061 2690 2315 2759 quoniam
2353 2689 2497 2744 Deus
2563 2690 2829 2759 benignus
2895 2701 2948 2743 et
3001 2690 3272 2743 humanus
3326 2700 3382 2741 tu

1831 2781 1981 2836 solus
2040 2795 2100 2836 es
2151 2781 2450 2846 increatns,
2489 2797 2767 2850 nunquam
2800 2781 3095 2842 desiturus,
3136 2780 3384 2848 omnipo-

1829 2880 1967 2931 tens,
2010 2871 2249 2924 omnium
2286 2881 2338 2926 te
2371 2871 2733 2940 diligentium,
2757 2879 2812 2925 et
2845 2871 2940 2924 abs
2965 2880 3014 2925 te
3041 2871 3386 2924 vehementer

1826 2961 2151 3016 dilectorum
2210 2962 2318 3015 vita
2360 2970 2411 3016 et
2454 2963 2658 3017 lumen.
2695 2963 2904 3027 Quibus
2935 2962 3142 3016 utinam
3175 2977 3256 3015 me
3285 2977 3383 3013 an-

1827 3069 2100 3119 numeres,
2136 3061 2189 3108 et
2223 3055 2419 3108 divinae
2447 3055 2629 3124 gloriae
2662 3063 2768 3109 tuae
2796 3057 3027 3124 socium,
3055 3064 3107 3110 et
3141 3056 3381 3110 cohaere-

1824 3141 1943 3194 dem
1981 3145 2242 3212 przestesl
2295 3144 2368 3198 Te
2399 3147 2542 3198 enim
2572 3145 2726 3199 decet
2758 3146 2948 3214 gloria,
2984 3145 3194 3199 Patrem
3257 3161 3378 3198 cum

148 3232 317 3304 pidns
343 3248 487 3287 sum.
517 3231 586 3286 Ut
617 3233 744 3288 tuba
781 3235 901 3288 sine
951 3233 1137 3288 inﬂatu
1169 3213 1447 3303 nunquam
1482 3235 1716 3300 sonabit,
1746 3213 1793 3274 C
1828 3232 1987 3294 Filio,
2052 3233 2214 3286 simul
2268 3245 2489 3290 carente
2548 3213 2836 3304 principio,
2869 3243 2922 3288 et
2970 3245 3380 3289 sacrosanctum

151 3327 236 3379 sic
281 3333 337 3379 et
363 3340 468 3394 ego
503 3325 713 3391 absque
769 3333 821 3381 te
862 3325 1010 3380 velut
1063 3325 1336 3379 inanimus
1387 3342 1546 3389 sum;
1602 3326 1720 3380 sine

149 3415 338 3469 anima
395 3429 524 3469 vero
571 3415 690 3469 ﬁeri
742 3431 847 3468 non
885 3423 1086 3484 potest,
1131 3428 1417 3484 utcorpus
1455 3425 1581 3486 agat
1620 3419 1721 3470 ali-

149 3507 311 3576 quid,
345 3516 400 3560 et
426 3506 609 3559 anima
639 3508 760 3562 sine
796 3508 989 3576 spiritu
1024 3518 1117 3562 tuo
1154 3509 1383 3571 moveri,
1411 3518 1465 3562 et
1495 3509 1719 3562 manda-

149 3599 224 3652 tis
251 3599 362 3652 tuis
395 3597 641 3662 obedire,
675 3608 768 3652 ant
821 3608 873 3652 te
905 3599 1112 3663 videre,
1141 3610 1233 3653 ant
1262 3610 1441 3654 astare
1472 3601 1590 3663 tibi,
1627 3610 1720 3655 aut

146 3696 380 3742 cantare
413 3689 782 3758 intelligenter
801 3691 1025 3759 gloriam
1054 3696 1199 3743 tuam
1226 3693 1435 3760 nequit.
1465 3691 1590 3745 Ideo
1615 3693 1726 3744 cla-

145 3794 262 3839 mo,
299 3776 420 3830 ideo
453 3776 723 3831 vociferor
754 3780 819 3831 ad
861 3789 932 3842 le,
968 3779 1063 3848 qui
1114 3797 1329 3835 sursum
1377 3797 1498 3834 cum
1543 3781 1718 3845 Patre,

147 3875 207 3922 et
239 3867 383 3920 infra
417 3868 707 3921 nobiscum
741 3883 837 3932 es;
883 3884 995 3922 non
1039 3879 1097 3924 ut
1127 3873 1348 3939 quidam
1386 3874 1721 3926 ratiocinan-

147 3970 262 4021 tur,
296 3963 621 4028 operatione
653 3961 766 4016 sola
795 3979 809 4027 ;
842 3977 962 4026 nec,
996 3970 1054 4015 ut
1085 3964 1240 4015 multi
1276 3972 1488 4031 putant,
1527 3964 1720 4019 volun-

148 4059 263 4104 tate
301 4053 439 4112 sola,
478 4067 578 4104 nec
621 4053 736 4104 sola
775 4054 1016 4120 potentia
1049 4062 1162 4118 tua,
1204 4053 1299 4106 sed
1341 4055 1502 4107 etiam
1537 4070 1719 4108 essen-

143 4143 257 4195 tia:
296 4141 572 4208 siquidem
607 4141 712 4195 boc
750 4143 1076 4196 vocabulum
1124 4143 1190 4196 de
1221 4153 1270 4197 te
1306 4159 1593 4212 usurpare,
1629 4154 1722 4198 aut

143 4232 459 4300 intelligere
495 4231 575 4286 fas
624 4241 730 4295 est,
761 4235 850 4302 qui
885 4235 1037 4289 solus
1072 4234 1419 4299 immortalis,
1448 4245 1499 4288 et
1531 4251 1720 4305 snper-

141 4323 465 4377 essentialis
541 4337 621 4378 es.
670 4323 883 4378 Etenim
933 4325 978 4379 si
1017 4341 1205 4379 revera
1238 4327 1460 4380 omnino
1488 4328 1719 4380 ininter-

143 4410 439 4479 pretabilis
482 4426 566 4475 es,
596 4428 757 4482 quem
792 4424 842 4466 te
882 4415 1318 4482 appellabimus?
1359 4416 1632 4483 quomodo
1668 4427 1719 4470 te

142 4502 232 4554 vel
298 4502 621 4564 essentiam,
660 4512 712 4557 et
744 4517 904 4572 quam
948 4505 1166 4560 tandem
1199 4515 1252 4560 et
1282 4508 1496 4575 qualem
1540 4508 1719 4562 dicere

1827 3321 2089 3390 Spiritum
2125 3323 2177 3376 in
2219 3324 2415 3378 saecula
2447 3326 2790 3379 saeculorum.
2825 3327 3018 3378 Amen.

2353 3413 2579 3468 CAPU'l‘
2643 3413 2860 3469 XXXV.

1826 3506 2054 3561 Cnilibet
2109 3507 2308 3560 homini
2354 3514 2564 3574 propter
2599 3507 2800 3559 divinas
2842 3507 2977 3575 leges
3027 3508 3276 3575 injuriose
3333 3519 3380 3560 et

1894 3577 2265 3629 contumeliose
2340 3586 2606 3637 tractato,
2669 3594 2786 3628 cam
2837 3579 3002 3645 ipsam
3040 3579 3380 3645 ignominiam

1897 3645 2086 3698 Iwnori
2122 3656 2169 3698 et
2220 3659 2528 3697 ornamento
2580 3662 2710 3699 esse.
2767 3645 2901 3698 Item
2964 3643 3268 3700 dissertatio
3312 3651 3378 3698 ad

1897 3717 2126 3766 animum
2184 3730 2355 3778 suam,
2414 3729 2515 3782 qua
2562 3715 2890 3770 inexhaustis
2923 3714 3154 3781 Spirilus
3187 3719 3380 3770 divitiie

1894 3785 2245 3850 explicantur.

1902 3875 1974 3927 Da
2016 3877 2148 3928 mihi
2198 3890 2441 3939 sensum,
2477 3874 2714 3941 Christe,
2741 3893 2898 3946 quem
2933 3879 3096 3933 semel
3123 3879 3374 3942 donasti;

1825 3983 1888 4020 eo
1941 3981 2025 4020 me
2070 3975 2210 4034 tege,
2242 3965 2512 4028 Salvator,
2539 3977 2590 4021 et
2624 3970 2758 4021 ineo
2782 3977 2949 4020 totum
2977 3985 3060 4023 me
3083 3971 3375 4028 absconde.

1824 4067 1876 4111 et
1915 4071 1982 4109 ne
2037 4057 2185 4110 sinas
2227 4058 2664 4125 apprOpinquare
2721 4060 2853 4111 mihi
2905 4075 3124 4114 senSUm
3165 4064 3375 4123 mniidi,

1825 4162 1892 4201 ne
1927 4150 2130 4201 intrare
2184 4150 2235 4201 in
2273 4165 2374 4212 me,
2410 4159 2461 4202 et
2501 4151 2718 4218 penitus
2746 4166 2812 4204 ne
2863 4152 3013 4205 sinas
3070 4153 3262 4206 laedere
3294 4171 3378 4205 me

1825 4241 2089 4295 humilem
2139 4256 2354 4294 servum
2387 4251 2560 4306 tnttm,
2595 4241 2750 4310 Cujus
2789 4251 2842 4295 tu
2899 4243 3048 4297 solus
3099 4259 3156 4296 es
3191 4245 3379 4298 miser-

1826 4341 1930 4387 tus.
1966 4332 2097 4386 Nam
2133 4347 2255 4386 cum
2285 4349 2342 4386 se
2369 4349 2514 4387 curae
2544 4350 2605 4387 ac
2636 4317 3365 4389 sollicitudini-commenda-

1826 4424 1920 4477 bili
1964 4425 2273 4478 mundanus
2335 4439 2527 4478 sensus
2573 4436 2791 4496 repente
2832 4428 3138 4495 ingesserit,
3192 4430 3377 4482 statiua

1828 4529 1992 4582 prava
2026 4515 2300 4570 desideria
2329 4517 2381 4569 in
2445 4518 2640 4572 misera
2683 4519 2860 4570 anima
2901 4535 3018 4572 mea
3057 4523 3373 4576 exsuscitat.

145 4590 526 4658 audebimus?
574 4591 830 4648 Profecto
882 4595 1019 4648 nihil
1073 4611 1261 4650 eorum
1290 4612 1408 4665 qlia:
1450 4599 1502 4650 in
1533 4614 1714 4651 rerum
1745 4591 1795 4650 D
1826 4607 2080 4674 suggerit
2124 4607 2266 4659 enim
2325 4609 2573 4674 gloriam,
2626 4610 2877 4662 admone;
2929 4611 3260 4675 (Ῑίςτξιίεηυη,ν
3309 4614 3373 4664 ad

143 4693 350 4736 natura
400 4684 710 4738 subsistunt
761 4696 815 4739 tu
849 4702 930 4750 es,-
970 4687 1124 4755 Dcns
1161 4703 1347 4746 meus:
1383 4689 1477 4742 sed
1531 4691 1712 4743 omnia

141 4786 314 4839 Opera
371 4780 463 4825 tua
496 4789 560 4827 ex
601 4776 770 4829 nihilo
825 4777 1096 4846 producta
1150 4789 1309 4843 sunt;
1349 4781 1499 4832 solus
1542 4791 1596 4832 tu
1633 4784 1710 4833 in-

141 4873 370 4916 creatus
405 4877 500 4926 cs,
549 4876 604 4918 et
653 4867 773 4919 sine
816 4870 1127 4937 principio,
1184 4867 1425 4926 Trinitas
1482 4881 1668 4924 sancta
1701 4911 1713 4933 ,

140 4961 195 5006 et
263 4957 603 5018 veneranda,
655 4955 795 5010 Deus
850 4959 1257 5014 universorum;
1308 4962 1373 5015 Et
1428 4961 1713 5015 ostendisti

140 5053 306 5107 nobis
353 5051 535 5105 lnmcn
568 5054 751 5123 gloriae
800 5066 905 5110 tum
949 5057 1414 5122 incontan'iiiititaz,
1451 5061 1710 5129 id-ipsum

140 5151 193 5194 et
224 5155 382 5194 nunc
439 5142 568 5195 mihi
605 5146 724 5197 sine
772 5146 1065 5200 intervallo
1101 5146 1294 5217 prze'be;
1334 5149 1406 5212 Ba
1463 5141 1714 5218 mihi-per

141 5234 282 5286 illud
322 5244 594 5300 perpetuo
626 5250 727 5288 ceu
787 5237 841 5289 in
880 5240 1108 5306 speculo
1137 5239 1360 5306 intueri,
1395 5251 1715 5298 ct‘contem-

144 5324 286 5392 piari
342 5333 395 5376 te
442 5320 680 5378 Verbum
712 5367 726 5391 ,
782 5334 835 5380 et
877 5329 1196 5383 immensam
1252 5333 1721 5401 pulchritudinem-

141 5424 293 5468 tuatn
335 5414 628 5468 manifeste
659 5419 974 5488 perspicere
1002 5430 1163 5488 atque
1196 5424 1532 5493 intelligere;
1565 5427 1710 5493 quod

143 5521 269 5560 cum
299 5508 375 5558 sit
410 5507 746 5562 omnimodis
777 5526 884 5564 non
915 5513 1272 5585 intelligibilc,
1300 5533 1465 5588 supra
1490 5522 1708 5572 modum

143 5595 556 5664 obstupefacit,
594 5605 648 5650 et
707 5603 956 5668 percellit
1007 5618 1243 5663 mentem
1294 5624 1468 5663 meam
1499 5620 1594 5676 ,et
1653 5613 1706 5666 in

213 5779 263 5811 '°
287 5776 442 5834 Psal.
475 5795 671 5844 uuv,
695 5782 780 5837 l5.

436 5870 708 5936 Pn'ItOL.
739 5874 856 5937 Gn.
886 5875 1070 5939 CXX.

1823 4700 2163 4751 ambiendam
2221 4716 2406 4768 regum
2443 4702 2891 4755 consuetudinem
2939 4703 3144 4767 incitat,
3188 4714 3240 4756 ct
3275 4706 3372 4755 hoc

1830 4790 1882 4841 in
1919 4804 2131 4857 magna.
2156 4790 2416 4844 felicitate
2453 4792 2621 4844 ducit.
2672 4792 2748 4844 Ex
2786 4794 3156 4860 hujuscemodi
3209 4797 3372 4863 igitur

1825 4877 2266 4945 cogitationibus,
2319 4882 2464 4933 sicut
2509 4895 2537 4933 a
2585 4890 2746 4934 vento
2779 4891 2899 4936 uter
2941 4883 3280 4944 intumescit,
3322 4897 3373 4934 ct

1824 4970 1962 5036 ignis
1996 4970 2048 5021 in
2079 4967 2348 5022 ﬂainmam
2402 4974 2717 5024 accenditur
2761 4989 2775 5026 :
2830 4974 2908 5028 sic
2953 4990 3130 5026 anima
3191 4977 3371 5027 inﬂata

1826 5063 2106 5129 turgescit,
2142 5073 2195 5114 et
2243 5063 2541 5131 cupiditate
2573 5063 2782 5133 gloriae,
2813 5080 2974 5133 Opum
3006 5081 3066 5118 ac
3111 5068 3365 5118 inertium

1826 5152 2110 5216 feriarum,
2155 5153 2354 5220 quibus
2414 5153 2670 5207 deorsum
2719 5155 2968 5220 trahitur,
3027 5155 3370 5209 vehementer

1825 5242 2178 5295 distenditur.
2229 5243 2285 5294 ln
2320 5243 2489 5310 gloria
2529 5254 2583 5296 et
2619 5244 2980 5298 admiratione
3031 5247 3372 5315 concupiscit

1821 5346 1942 5386 esse
1975 5348 2095 5384 cum
2127 5334 2228 5395 his,
2264 5334 2349 5401 qui
2385 5335 2574 5387 vivunt
2611 5337 2662 5387 in
2701 5336 2907 5402 gloria;
2948 5337 3177 5388 illustris
3204 5337 3369 5389 videri

1821 5438 1942 5476 cum
1984 5424 2290 5478 illustribus
2324 5445 2333 5477 :
2367 5427 2646 5493 possidere
2688 5426 2904 5480 divitias
2935 5443 3056 5480 cum
3088 5427 3364 5480 divitibus.

1819 5526 1992 5591 Quam
2031 5534 2082 5576 In
2137 5521 2449 5591 gloriﬁcasti
2486 5501 2694 5572 lumine.
2741 5531 2830 5572 tuo
2888 5520 3166 5582 ineli‘abili,
3205 5537 3366 5588 quam

1820 5627 1873 5669 tu
1908 5617 2115 5672 vcstisti
2154 5616 2328 5692 gloria
2368 5626 2456 5669 tua
2490 5613 2880 5685 inexplicabili,
2915 5629 3073 5683 quam
3107 5622 3161 5666 tu
3186 5627 3369 5668 exem-

2945 5881 3014 5946 19
