4156 6344
743 377 844 441 587

1952 358 2246 427 SYMEON
2260 366 2327 425 IS
2376 365 2742 425 JUNIOlllS

3900 366 4003 425 5ίῖ

741 489 890 560 plum
953 484 1242 550 claritatis,
1291 489 1346 538 et
1408 480 1642 553 fulgoris
1695 480 1770 534 tui
1814 481 2138 546 exhibuisti,
2190 479 2386 550 ejusA
2418 488 2548 534 tunc
2600 479 2893 541 honorem,
2948 487 3002 533 et
3058 479 3310 532 stabilem
3349 477 3576 547 gloriam
3635 479 3829 549 adepta
3882 496 3993 536 es:

739 585 974 634 mentem
1009 589 1209 631 sensus
1265 575 1576 628 mundanus
1615 586 1713 642 pro
1748 571 1968 641 captiva
2005 583 2307 642 occupans,

738 668 984 725 ostendit
1039 667 1120 721 illi
1178 681 1358 737 reges,
1395 664 1650 735 proponit
1707 665 1968 729 honores,
2027 663 2314 735 praesentis

739 762 863 820 vitae
879 773 1011 830 opes
1029 758 1290 828 suggerit,
1313 767 1365 812 et
1393 757 1454 810 ad
1475 757 1577 811 ista
1597 755 1981 827 cogitationem
2003 755 2311 824 detorquet.

811 850 858 908 Ο
886 851 1196 920 caliginem,
1229 863 1259 903 ο
1297 848 1627 910 caecitatem,
1654 860 1686 901 ο
1714 846 1908 900 inanes
1933 844 2312 917 cogitationes,

739 955 771 997 ο
799 956 1024 1011 scopum
1053 939 1360 1001 sordidum,
1395 953 1425 991 ο
1451 948 1688 991 mentem
1719 937 1975 990 stolidam
2001 951 2016 1000 ;
2053 935 2310 1007 quoniam

743 1032 954 1088 relictis
991 1029 1381 1092 inefi‘abilibus,
1415 1036 1469 1081 et
1507 1026 1939 1092 immortalibus,
1973 1035 2189 1083 terrena
2222 1040 2313 1080 co-

741 1125 856 1192 gito
895 1132 950 1176 et
982 1122 1124 1191 apud
1166 1121 1411 1174 animum
1443 1117 1626 1173 volvo.
1651 1116 1842 1172 Nonne
1885 1132 1979 1170 rex
2010 1113 2316 1170 morietur?

743 1223 923 1265 nonne
955 1209 1126 1278 gloria
1165 1206 1496 1261 evanescet?
1537 1221 1714 1259 nonne
1750 1205 1975 1269 divitia},
2002 1212 2060 1258 ut
2086 1202 2314 1272 pulvisa

744 1304 904 1350 vento
923 1292 1326 1364 dispergentur?
1342 1308 1525 1348 nonne
1549 1301 1866 1365 putrescent
1887 1307 2118 1361 corpora
2145 1294 2195 1344 in
2229 1304 2316 1344 se-

743 1385 980 1455 pulcris?
999 1394 1051 1440 et
1074 1385 1304 1440 fortunae
1343 1383 1459 1439 istae
1498 1387 1717 1438 caduca:
1749 1384 1886 1439 alios
1909 1383 2185 1437 habebunt
2213 1383 2313 1436 do-

745 1483 942 1542 minos,
981 1478 1175 1533 deinde
1208 1479 1370 1543 alios,
1403 1490 1456 1533 ct
1477 1485 1601 1547 post
1647 1477 1748 1530 hoc
1795 1491 2014 1530 rursum
2045 1475 2225 1529 alios?
2251 1473 2316 1526 Et

745 1569 1049 1639 cujusnam,
1068 1568 1157 1623 die
1175 1569 1328 1633 mihi,
1357 1568 1539 1622 anima
1563 1565 1997 1632 mea,facultates
2020 1566 2202 1620 istaet
2227 1579 2316 1620 co-

746 1661 848 1728 pite
879 1659 1301 1728 fuerunt?Quis
1355 1667 1536 1713 autem
1574 1660 1627 1712 in
1675 1658 1776 1712 bac
1802 1659 1911 1711 vita
1945 1657 2029 1713 vel
2066 1658 2321 1728 exiguum

745 1759 1013 1820 quaestum
1045 1751 1225 1806 facere
1250 1751 1446 1821 potuit,
1475 1766 1634 1820 quem
1667 1749 1829 1805 etiam
1859 1749 2102 1805 moriens
2131 1765 2311 1806 secum

2417 583 2542 622 nam
2571 567 2744 638 gloria
2774 567 2869 621 Dei
2905 568 3132 622 omnino
3167 568 3233 621 ad
3269 574 3321 622 te
3353 570 3655 636 perveniet.
3686 567 3822 624 Tum
3848 588 3994 641 quo-

2417 672 2526 727 que
2556 671 2748 712 omnes
2786 659 2963 726 angeli
2988 665 3040 711 te
3087 657 3484 711 collaudabunt
3512 659 3656 726 quod
3684 659 3998 715 honorave-

2417 752 2496 806 ris
2524 749 2718 816 Deum,
2756 765 2920 820 quem
2972 750 3075 818 ipsi
3111 749 3451 806 collaudant.
3484 750 3602 815 Vis,
3639 755 3820 809 anima
3843 771 3995 822 mea,

2418 850 2618 904 vestes,
2654 849 2708 894 ct
2737 855 2868 909 opes
2915 839 3239 909 possidere?
3272 842 3544 906 ausculta,
3572 843 3685 911 jam
3732 844 3831 898 tibi
3858 857 3993 913 opes

2420 943 2656 990 teternas
2707 931 3125 987 demonstrabo.
3161 934 3273 1002 Age
3308 935 3683 1002 ptenitentiam
3713 937 3767 990 in
3816 937 3999 1007 lacry-

2417 1027 2562 1093 mis;
2611 1025 2835 1095 despice
2885 1027 3112 1090 omnia;
3173 1033 3293 1080 esto
3356 1039 3564 1095 pauper
3611 1028 3848 1097 spiritu;
3878 1039 3997 1084 esto

2420 1117 2582 1188 inops
2620 1117 2905 1186 pecunias;
2955 1125 3076 1170 esto
3118 1117 3324 1170 mundo
3357 1107 3683 1187 peregrina;
3715 1129 3838 1177 esto
3865 1099 4000 1178 sini-

2419 1210 2549 1264 stris
2577 1208 2955 1273 voluntatibus
2981 1209 3092 1262 tuis
3121 1208 3454 1282 inimica,_et
3486 1212 3540 1264 in
3565 1209 3735 1265 solius
3765 1212 3987 1266 Domini

2420 1305 2500 1358 tui
2535 1302 2820 1357 voluntate
2870 1303 3183 1370 acquiesce,
3214 1309 3270 1354 et
3300 1303 3420 1370 ejus
3457 1303 3704 1373 vestigiis
3733 1303 3997 1359 insistere

2423 1395 2886 1450 contendeztum
2934 1395 3137 1449 lentius
3180 1394 3438 1463 gradiens
3491 1396 3602 1458 ille,
3649 1403 3758 1450 ate
3788 1397 3995 1452 misera

2419 1481 2821 1552 prehendetur;
2861 1496 3021 1550 quem
3066 1495 3188 1535 cum
3225 1481 3454 1546 videris,
3480 1484 3774 1539 clamorem
3805 1486 4001 1556 ingen-

2420 1582 2531 1628 tem
2568 1573 2693 1627 ede.
2728 1572 3050 1627 Conversus
3079 1574 3220 1640 ipse,
3255 1573 3470 1642 placido
3519 1575 3671 1628 vultu
3710 1585 3761 1630 te
3810 1576 3997 1630 intue-

2422 1661 2591 1725 bitur,
2623 1676 2793 1732 seque
2828 1660 3110 1730 paululum
3161 1661 3258 1716 tibi
3307 1662 3686 1731 aspiciendum
3715 1665 3999 1732 praebebit,

2421 1758 2474 1804 et
2523 1750 2724 1803 iterum
2790 1749 3006 1805 ablatus
3063 1749 3132 1804 ab
3180 1751 3359 1807 oculis
3401 1752 3512 1806 tuis
3589 1760 3642 1808 te
3699 1757 3998 1825 relinquet.

746 1840 874 1896 hinc
898 1839 1182 1895 auferret?
1220 1841 1428 1898 nullum
1460 1841 1618 1903 mihi,
1645 1840 1854 1894 nullum
1883 1841 2038 1911 plane
2068 1825 2319 1895 nomina:
2350 1829 2395 1890 Β
2425 1840 2582 1896 Tunc
2633 1842 3027 1898 lamentaberis
3076 1842 3313 1907 misella,
3345 1852 3478 1898 tunc
3505 1844 3701 1901 dolens
3729 1846 4001 1915 plorabis,

749 1932 854 1998 bis,
882 1939 976 1986 aut
997 1930 1278 1994 ostendes,
1302 1940 1501 2000 praeter
1523 1931 1925 1996 misericordes,
1947 1931 2040 1999 qui
2062 1931 2315 1986 omnibus

737 2027 800 2076 iu
838 2035 1142 2093 pauperum
1180 2036 1378 2077 manus
1405 2022 1741 2087 distributis,
1775 2023 1912 2076 nihil
1937 2023 2040 2077 sibi
2077 2010 2316 2093 relique-

748 2124 899 2167 runt.
926 2113 1004 2166 llli
1053 2113 1456 2183 namque‘tuto
1488 2115 1750 2179 retinent,
1777 2129 1900 2184 qua:
1929 2116 2220 2180 dederunt,
2248 2133 2315 2172 ex

746 2219 854 2272 quo
885 2218 946 2258 ca
983 2203 1037 2256 in
1072 2218 1267 2258 manus
1297 2203 1511 2257 Domini
1547 2202 1837 2257 dederunt.
1875 2201 2068 2258 Caeteri
2107 2217 2316 2268 omnes,

749 2303 807 2350 ut
841 2295 1100 2357 mendici,
1144 2304 1197 2348 et
1225 2294 1494 2350 mendicis
1545 2293 1880 2348 infeliciores
1915 2305 2062 2358 sunt,
2103 2295 2193 2364 qui
2235 2295 2318 2349 di-

746 2387 910 2442 vitias
947 2402 1079 2441 suas
1103 2387 1308 2441 habent
1337 2387 1453 2440 sine
1478 2402 1580 2441 usu
1606 2387 1899 2457 repositas,
1932 2388 2062 2440 nudi
2089 2389 2232 2442 enim
2263 2404 2319 2443 ut

748 2479 944 2534 effossa
978 2491 1122 2535 terra
1159 2479 1341 2535 denuo
1379 2480 1433 2534 in
1463 2478 1692 2540 fossam,
1725 2478 1808 2535 sic
1838 2478 1914 2534 illi
1966 2481 2018 2533 in
2075 2482 2318 2536 tumulos

748 2570 1132 2640 projiciuntur,
1160 2579 1213 2624 et
1255 2570 1306 2624 in
1362 2571 1466 2625 hoc
1497 2569 1698 2624 saeculo
1727 2570 1935 2635 miseri,
1971 2579 2025 2624 et
2050 2570 2103 2624 i-n
2134 2570 2319 2626 futuro

751 2662 995 2731 hospites
1029 2677 1092 2716 ac
1119 2663 1415 2731 peregrini.
1469 2660 1610 2727 Quid
1646 2663 1834 2733 igitur,
1871 2663 2050 2716 anima
2081 2677 2224 2725 mea,
2263 2663 2316 2716 in

755 2753 838 2806 his
889 2754 1149 2807 eximium
1195 2754 1416 2807 intuens
1447 2753 1785 2809 delectaris?
1822 2753 1952 2824 quid
1993 2756 2186 2810 horum
2221 2769 2318 2809 ex-

751 2843 1046 2912 petendum
1077 2844 1310 2899 censes?
1349 2841 1494 2897 Nihil
1525 2845 1744 2913 penitus
1774 2845 1942 2903 habes
1976 2845 2120 2916 quod
2144 2845 2318 2910 dicas,

750 2936 888 2988 nihil
925 2935 1072 3005 quod
1105 2938 1456 3004 respondeas.

827 3023 913 3078 Va:
942 3027 1033 3091 qui
1065 3024 1289 3078 divitias
1333 3025 1708 3080 cumularunt.
1737 3026 1825 3081 νω
1868 3026 1959 3096 qui
1992 3025 2216 3096 gloriam
2251 3028 2318 3080 ab

754 3115 1072 3170 hominibus
1123 3116 1308 3168 volunt
1351 3116 1621 3186 accipere.
1666 3115 1757 3171 Vae
1798 3117 1890 3184 qui
1949 3131 2010 3172 se
2065 3117 2317 3171 inserue-

752 3216 882 3259 runt
930 3206 1210 3273 divitibus,
1245 3217 1296 3261 ct
1332 3223 1439 3261 non
1481 3209 1571 3263 Dei
1616 3209 1870 3278 gloriam,
1901 3204 2146 3280 ejusque
2185 3209 2321 3263 divi-
2349 3179 2393 3238 θ

754 3297 884 3359 tias,
917 3306 971 3351 et
998 3297 1173 3352 solum
1208 3313 1334 3352 cum
1385 3300 1504 3370 ipso
1558 3315 1703 3367 esse,
1730 3300 2050 3370 versarique
2105 3300 2323 3356 deside-

752 3397 894 3439 rant.
949 3384 1184 3441 Mundus
1233 3388 1378 3441 enim
1416 3403 1590 3443 vanus
1621 3397 1724 3456 est,
1766 3399 1821 3444 et
1865 3405 1987 3460 qua
2032 3391 2086 3444 in
2120 3391 2322 3444 mundo

756 3484 906 3539 sunt,
944 3478 1216 3532 vanitates
1259 3487 1408 3541 sunt,
1439 3487 1492 3533 et
1543 3481 1729 3533 omnia
1760 3481 1972 3535 vanitas
2002 3497 2014 3533 :
2052 3480 2193 3534 Deus
2229 3496 2326 3534 au-

756 3576 864 3623 tem
895 3569 1045 3624 solus
1068 3579 1150 3623 est
1173 3582 1433 3636 teternus,
1458 3570 1809 3638 immortalis,
1838 3586 2053 3640 semper
2073 3585 2322 3636 manens,

754 3669 808 3713 et
845 3675 968 3713 cum
1025 3662 1147 3730 ipso
1197 3672 1382 3727 erunt,
1421 3662 1515 3731 qui
1555 3676 1703 3716 nunc
1745 3678 1868 3715 eum
1919 3673 2196 3732 quierunt,
2229 3662 2324 3733 qui

755 3753 931 3804 solum
971 3753 1121 3805 illum
1157 3767 1269 3820 pra:
1311 3752 1566 3807 omnibus
1609 3754 1941 3808 dilexerunt.
1977 3752 2067 3808 Va:
2103 3764 2233 3808 tunc
2263 3755 2325 3807 il-

756 3844 846 3908 lis,
879 3843 972 3912 qui
1019 3843 1178 3897 tnodo
1215 3844 1479 3898 mundum
1538 3845 1807 3915 diligunt;
1876 3845 2322 3916 quandoquidem

756 3944 980 4004 propter
1026 3934 1204 4002 ipsum
1267 3934 1596 3988 addicentnr
1630 3935 1917 4004 suppliciis
1952 3936 2321 4004 sempiternis.

754 4023 845 4076 Vae
878 4024 1192 4080 sitientibus
1224 4026 1452 4094 gloriam
1490 4026 1768 4080 hominum
1795 4041 1810 4092 ;
1839 4026 1966 4095 quia
1992 4037 2121 4080 tunc
2153 4025 2326 4096 gloria

754 4113 852 4169 Dei
889 4115 1276 4185 privabuntur.
1322 4115 1437 4182 Vae,
1476 4121 1679 4184 anima,
1718 4117 1805 4172 bis
1837 4119 1930 4188 qui
1958 4131 2326 4191 congregave-

758 4214 889 4261 rnnt
924 4206 1167 4270 divitias,
1201 4207 1460 4274 quoniam
1508 4208 1581 4262 ibi
1617 4221 1770 4277 aqua:
1803 4217 2009 4278 guttam
2065 4208 2324 4277 consequi

755 4300 1043 4368 optabunt.
1075 4296 1165 4351 Va:
1193 4299 1395 4363 anima,
1454 4299 1750 4369 ﬁgenlibus
1784 4313 1935 4368 spem
1973 4298 2027 4351 in
2071 4299 2324 4366 homine;

756 4387 883 4456 quia
919 4388 1005 4440 ille
1043 4389 1328 4451 morietur,
1362 4396 1575 4441 etcum
1615 4389 1708 4441 illo
1760 4403 1908 4457 spes,
1951 4396 2006 4441 et
2059 4397 2186 4440 tunc
2232 4402 2327 4457 spe

2425 1944 2478 1988 et
2507 1933 2714 1989 doloris
2758 1933 3054 2004 impatiens
3087 1944 3317 1987 mortem
3344 1933 3650 1999 invocabis,
3683 1951 3792 1990 non
3815 1935 4004 1991 ferens

2425 2025 2526 2080 abs
2550 2032 2606 2079 te
2645 2024 2894 2094 separari
2931 2035 3037 2078 tam
3073 2024 3284 2079 dulcem
3341 2024 3654 2080 Dominum.
3683 2028 3782 2081 Ast
3820 2027 4004 2083 bonus

2425 2115 2695 2171 Dominus
2727 2129 2850 2170 cum
2885 2123 2937 2170 te
2971 2115 3193 2170 consilii
3230 2115 3468 2184 inopem,
3496 2126 3549 2169 et
3581 2117 3634 2170 in
3679 2115 3827 2182 ﬂetu,
3864 2134 4005 2171 mm-

2426 2207 2690 2276 stitiaque
2738 2206 3249 2261 constantissimam
3278 2205 3498 2270 viderit,
3544 2208 3743 2262 iterum
3775 2223 4006 2278 repente

2427 2296 2522 2351 tibi
2555 2296 2875 2366 apparebit;
2913 2297 3110 2350 iterum
3154 2305 3209 2350 te
3240 2296 3608 2360 illuminabit;
3655 2297 3854 2353 iterum
3899 2299 4000 2352 tibi

2427 2390 2792 2444 inexhaustas
2825 2389 3047 2444 divitias
3083 2389 3512 2453 demonstrabit,
3559 2389 3775 2459 paterni
3809 2391 4003 2444 vultus

2427 2481 2654 2550 gloriam
2687 2479 3230 2546 immarcescibilem,
3261 2486 3316 2533 et
3358 2479 3714 2545 exhilarabit,
3767 2482 4006 2550 gaudio-

2425 2587 2532 2642 que
2563 2583 2617 2627 te
2646 2571 2895 2640 implebit
2939 2578 3000 2624 ut
3047 2569 3224 2641 prius,
3254 2579 3308 2624 et
3331 2570 3405 2624 ita
3441 2570 3623 2639 gaudii
3651 2570 3868 2639 plenam
3909 2587 4007 2623 re-

2426 2663 2658 2733 linquet.
2691 2661 3026 2716 Mundanum
3080 2673 3248 2730 porro
3302 2661 3567 2730 gaudium
3605 2660 3752 2730 quod
3815 2664 4006 2716 verbis

2427 2759 2480 2807 et
2532 2751 2966 2820 cogitationibus
3001 2750 3374 2819 percipiebas,
3423 2751 3630 2804 sensim
3662 2761 3713 2806 te
3761 2752 4004 2816 deﬁciet,

2426 2853 2479 2898 ιε
2516 2844 2570 2897 in
2605 2843 2880 2897 tristitiam
2913 2842 3364 2896 commutabitur.
3390 2841 3482 2897 Sic
3511 2857 3729 2905 rursus,
3759 2854 3818 2898 ut
3849 2861 4004 2905 auze,

2427 2948 2761 3004 magnopere
2810 2932 3228 3000 lamentaberis,
3278 2939 3332 2985 et
3385 2948 3510 2986 cum
3565 2934 3772 3001 gemitu
3832 2949 4010 2988 veris

2426 3025 2738 3087 effundens.
2787 3024 2938 3078 illum
2979 3025 3182 3079 laetitiae
3220 3039 3506 3093 promum,
3543 3026 3728 3096 gaudii
3771 3027 4009 3094 largilo-

2430 3131 2569 3182 rem,
2604 3118 2753 3170 illum
2785 3117 2837 3169 in
2879 3131 2990 3186 quo
3022 3129 3214 3170 revera
3249 3115 3476 3170 stabiles
3513 3131 3737 3185 semper
3765 3117 4004 3177 divitiae.

2429 3208 2703 3278 requires.
2745 3209 2823 3262 Eo
2851 3208 2931 3262 sie
2958 3208 3285 3277 esplorante
3313 3209 3679 3272 voluntatem,
3705 3223 3770 3263 ac
3797 3225 4005 3278 propo-

2427 3303 2593 3358 situm
2628 3310 2808 3366 tuum,
2845 3315 2981 3354 cave
3010 3316 3078 3356 ne
3114 3299 3458 3370 defatigeris,
3505 3301 3716 3365 anima,
3750 3317 3819 3356 ne
3851 3313 4009 3355 retro

2429 3394 2742 3457 reflectare,
2781 3405 2848 3447 ne
2876 3391 3050 3454 dicas,
3075 3405 3371 3460 quousque
3405 3401 3453 3446 te
3480 3407 3591 3445 non
3634 3392 4008 3458 comprehen-

2426 3480 2597 3534 dam?
2627 3495 2694 3532 ne
2717 3477 2896 3545 dicas,
2949 3478 3080 3546 quid
3115 3493 3412 3548 apparens,
3467 3480 3653 3533 subito
3687 3481 4008 3535 occultatur

2429 3568 2671 3624 iterum?
2697 3578 2751 3622 et
2775 3582 3066 3638 quousque
3107 3567 3328 3621 tandem
3376 3567 3663 3622 molestias
3719 3569 3854 3622 mihi
3885 3570 4007 3633 dat,

2430 3676 2540 3716 non
2582 3659 3059 3717 misericordiam?
3092 3657 3171 3713 Ne
3201 3659 3376 3721 dicas,
3411 3659 3504 3725 qui
3537 3674 3712 3728 usque
3749 3661 3814 3715 ad
3848 3677 4006 3715 mor-

2427 3763 2534 3808 tem
2595 3750 2791 3810 lassari
2849 3750 3030 3819 queo?
3069 3758 3122 3805 et
3166 3751 3239 3804 ita
3271 3750 3517 3819 graveris
3549 3750 3840 3819 exquirere
3896 3751 4012 3805 Do-

2428 3845 2677 3908 minum;
2732 3843 2828 3902 sed
2863 3851 2922 3896 ut
2972 3857 3095 3914 quze
3131 3843 3294 3897 morti
3327 3851 3378 3896 te
3409 3841 3578 3897 semel
3611 3843 3902 3906 obtuleris,
3945 3853 4009 3898 et

2429 3934 2802 3999 consecraris,
2838 3947 2907 3986 ne
2951 3936 3194 4001 quietem
3256 3947 3320 3986 ac
3359 3933 3744 3987 remissionem
3783 3943 4008 4005 tangas,

2432 4043 2500 4081 ne
2532 4026 2766 4096 gloriam
2799 4023 3163 4089 consecteris,
3199 4037 3301 4077 nec
3327 4023 3558 4079 delicias
3593 4025 3864 4092 corporis,
3903 4041 4010 4080 nee

2431 4116 2733 4171 amicitiam
2781 4123 3168 4183 cognatorum.
3204 4110 3280 4167 Ne
3329 4111 3548 4176 dextra,
3599 4127 3738 4166 neve
3773 4111 4010 4165 sinistra

2431 4205 2851 4277 circumspicias
2925 4205 3303 4277 aliquatenus,
3341 4201 3462 4267 scd,
3526 4210 3584 4256 ut
3647 4202 4011 4271 cmpisti,vel

2433 4298 2620 4367 potius
2661 4281 3017 4354 festinantius
3049 4309 3304 4359 currens,
3334 4295 3492 4349 stude
3522 4309 3737 4364 semper
3757 4295 4008 4363 assequi,

2431 4399 2484 4444 ct
2526 4405 2692 4443 manu
2725 4387 3142 4459 apprehendere
3181 4385 3497 4440 Dominum.
3541 4385 3697 4451 Quod
3724 4385 3769 4441 si
3801 4386 4008 4441 millies

756 4493 855 4531 sua
885 4485 1136 4532 carentes
1168 4485 1221 4528 et
1254 4476 1500 4530 frustrati
1551 4480 1922 4534 invenientur.
1970 4477 2081 4544 Vae,
2118 4479 2324 4544 anima,
2353 4513 2405 4572 Β
2435 4497 2494 4536 se
2530 4483 2913 4544 occultaveril,
2948 4489 3002 4534 et
3026 4479 3189 4536 toties
3224 4479 3324 4533 tibi
3366 4479 3703 4548 apparuerit,
3733 4493 3833 4531 nec
3851 4492 4010 4533 como

758 4569 1087 4623 habentibus
1122 4569 1210 4624 hic
1246 4570 1683 4623 consolationem
1717 4586 1914 4638 suam;
1947 4573 2210 4639 queniam
2249 4572 2324 4626 ibi

759 4662 1169 4714 tribulationem
1202 4671 1460 4714 aeternam
1496 4663 1730 4716 habituri
1762 4671 1911 4716 sunt.

830 4752 1010 4806 Narra
1039 4733 1193 4817 mihi,
1232 4753 1436 4820 anima,
1484 4755 1612 4823 quid
1660 4755 2202 4826 eontristaris?quid
2245 4771 2328 4809 re-

757 4857 878 4895 rum
912 4840 1076 4912 hujus
1105 4843 1226 4897 vita:
1279 4841 1671 4912 concupiscis?
1700 4841 1797 4897 Dic
1827 4843 1982 4908 mihi,
2015 4855 2068 4898 et
2120 4845 2328 4897 docebo

761 4944 811 4987 te
870 4934 1311 5003 uniuscujusque
1371 4934 1752 4988 necessitatem
1813 4943 1868 4987 et
1905 4949 2090 4991 usum.
2135 4934 2214 4986 Tn
2253 4937 2331 4987 in-

763 5023 964 5093 tellzge,
996 5035 1049 5076 et
1106 5025 1281 5089 disce,
1314 5024 1444 5094 quid
1482 5025 1610 5078 boni
1650 5025 1722 5078 sit
1774 5025 1827 5077 in
1866 5026 2130 5092 quolibet.
2189 5025 2327 5090 Quid

763 5113 880 5166 ais?
913 5117 990 5168 vis
1035 5116 1350 5168 honoribus.
1396 5115 1532 5180 tolli,
1563 5115 1642 5170 vis
1677 5116 2006 5184 praedicari?
2039 5116 2165 5172 audi
2230 5116 2332 5184 igi-

765 5215 858 5257 tur
917 5205 1046 5274 qoid
1095 5207 1164 5259 sit
1226 5211 1424 5270 honor,
1467 5206 1613 5276 quid.
1662 5208 1986 5277 ignominia.
2023 5206 2204 5261 llonor
2249 5216 2332 5261 est

761 5297 1033 5351 honorare
1083 5297 1308 5366 quidem
1350 5313 1579 5362 omnes;
1615 5299 1711 5352 sed
1757 5298 1926 5353 Deum
1961 5311 2085 5352 ante
2115 5313 2327 5365 omnes,

761 5399 814 5442 et
854 5388 1111 5442 mandata
1158 5390 1278 5459 ejus
1322 5389 1548 5458 insuper
1584 5399 1640 5442 ut
1676 5404 1808 5459 epes
1843 5388 1945 5444 sibi
1987 5405 2328 5460 comparare,

763 5494 1062 5548 eorumque
1089 5496 1252 5535 causa
1281 5482 1532 5551 injurias,
1565 5483 1854 5537 maledicta
1890 5490 1944 5536 et
1979 5497 2139 5537 omne
2160 5499 2330 5553 genus

765 5576 962 5641 probra
1016 5575 1314 5628 sustinere.
1370 5577 1504 5628 Cum
1547 5577 1716 5640 enim,
1743 5591 1774 5629 ο
1807 5577 2010 5639 anima,
2049 5578 2328 5644 negotium

765 5662 986 5731 aliquod
1026 5663 1090 5716 ad
1137 5663 1424 5728 honorem,
1458 5674 1510 5720 et
1541 5667 1768 5734 gloriam
1817 5667 1905 5720 Dei
1946 5654 2330 5734 inceptavcris,

765 5771 816 5806 t-t
847 5758 916 5808 ob
940 5757 1175 5824 idipsutn
1209 5765 1555 5825 contemptu,
1595 5769 1645 5811 et
1674 5761 1889 5825 injuriis
1916 5760 2105 5813 allecto
2136 5757 2328 5822 fueris,

2432 4571 2701 4642 prehendi
2747 4572 3014 4641 potuerit,
3061 4571 3164 4627 hac
3200 4571 3287 4623 via
3339 4569 3436 4624 abs
3471 4577 3522 4624 te
3566 4569 3867 4624 tenebitur.
3906 4567 4011 4622 De-

2431 4665 2544 4720 cies
2573 4665 2799 4730 millies,
2833 4665 2945 4719 imo
2968 4679 3098 4719 vero
3140 4662 3385 4732 quandiu
3417 4661 3622 4731 spiras,
3648 4669 3899 4730 prompte
3948 4669 4007 4715 et

2431 4756 2689 4809 alacriter
2720 4770 2923 4825 quare,
2957 4762 3015 4808 et.
3040 4754 3105 4808 ad
3135 4754 3312 4822 ipsum
3359 4765 3612 4806 accurre.
3651 4749 3860 4804 Etenim
3896 4764 4004 4802 non

2434 4848 2653 4902 deseret
2698 4858 2772 4911 te,
2802 4862 2912 4903 non
2940 4845 3158 4903 d‘cllciet
3190 4861 3217 4897 a
3254 4852 3340 4911 te;
3374 4842 3471 4899 sed
3520 4842 3784 4913 paulatim
3825 4841 4006 4910 magis

2437 4940 2612 5010 magis
2675 4937 3063 5008 apparebit,et
3122 4935 3468 5005 frequentius
3525 4943 3706 4989 tecum
3771 4935 3900 4996 erit,
3937 4947 4005 4987 ac

2439 5031 2662 5084 tandem
2703 5041 2986 5099 purgatam
3043 5028 3415 5082 illustratione
3446 5025 3694 5088 luminis,
3728 5031 3877 5080 totus
3910 5039 4008 5078 ve-

2439 5123 2596 5178 niens
2633 5122 2992 5185 inhabitabit,
3016 5121 3366 5188 manebitque
3388 5128 3591 5181 tecum,
3621 5117 3713 5187 qui
3740 5117 4006 5170 mundum

2439 5215 2587 5279 fecit,
2625 5224 2678 5270 et
2705 5213 2931 5275 habebis
2967 5227 3127 5268 veras
3161 5212 3403 5275 divitias,
3432 5226 3569 5281 quas
3613 5210 3850 5265 mundus
3893 5224 4006 5264 non

2437 5307 2635 5372 habet;
2689 5306 2784 5367 sed
2850 5306 3074 5367 caelum,
3115 5314 3168 5358 et
3237 5303 3328 5372 qui
3362 5303 3473 5356 illic
3523 5303 3576 5356 in
3629 5303 3812 5355 album
3846 5301 4007 5354 relati

2442 5407 2592 5454 aunt.
2641 5395 2700 5454 Si
2742 5397 2889 5458 istud
2931 5396 3030 5454 tibi
3061 5397 3362 5463 contingat,
3395 5391 3834 5455 memorandum,
3873 5393 4010 5460 quid

2438 5488 2519 5541 vis
2555 5486 2825 5556 amplius?

2520 5579 2638 5643 [)ic,
2677 5579 2857 5633 anima
2895 5579 3137 5647 ingrata;
3171 5577 3280 5642 dic,
3311 5576 3488 5630 anima
3518 5573 3714 5639 stulta;
3745 5571 3856 5637 die,
3883 5570 4014 5625 vilis

2441 5671 2622 5724 anima
2654 5685 2792 5730 mea,
2833 5670 2963 5737 quid
2998 5669 3079 5722 liis
3129 5671 3305 5737 majus
3341 5667 3459 5721 sive
3495 5665 3548 5717 in
3575 5664 3754 5727 caelis,
3789 5663 3905 5716 sive
3953 5662 4007 5713 in

2440 5758 2618 5824 terris,
2681 5766 2737 5810 ut
2782 5758 2915 5812 illud
2975 5757 3348 5828 persequare?
3387 5754 3523 5809 lei
3570 5751 3914 5811 Fabricator,
3955 5761 4009 5802 ct
