  <div class='ocr_page' id='page_1' title='image "/cluster/home/n/w/nwhite01/storage/ocr_20150623/120/pst.000005714353/302.png"; bbox 0 0 4136 6338; ppageno 0'>
   <div class='ocr_carea' id='block_1_1' title="bbox 261 356 366 418">
    <p class='ocr_par' dir='ltr' id='par_1_1' title="bbox 261 356 366 418">
     <span class='ocr_line' id='line_1_1' title="bbox 261 356 366 418; baseline 0 0"><span class='ocrx_word' id='word_1_1' title='bbox 261 356 366 418; x_wconf 74' lang='lat'><strong>589</strong></span> 
     </span>
    </p>
   </div>
   <div class='ocr_carea' id='block_1_2' title="bbox 1332 360 2444 427">
    <p class='ocr_par' dir='ltr' id='par_1_2' title="bbox 1332 360 2444 427">
     <span class='ocr_line' id='line_1_2' title="bbox 1332 360 2444 427; baseline 0.004 -5"><span class='ocrx_word' id='word_1_2' title='bbox 1332 360 1776 423; x_wconf 66' lang='lat' dir='ltr'><strong>DIVINORUM</strong></span> <span class='ocrx_word' id='word_1_3' title='bbox 1816 365 2145 426; x_wconf 78' lang='lat' dir='ltr'><strong>AMORUM</strong></span> <span class='ocrx_word' id='word_1_4' title='bbox 2190 369 2444 427; x_wconf 76' lang='lat' dir='ltr'><strong>LIBER.</strong></span> 
     </span>
    </p>
   </div>
   <div class='ocr_carea' id='block_1_3' title="bbox 3374 370 3476 431">
    <p class='ocr_par' dir='ltr' id='par_1_3' title="bbox 3374 370 3476 431">
     <span class='ocr_line' id='line_1_3' title="bbox 3374 370 3476 431; baseline 0 0"><span class='ocrx_word' id='word_1_5' title='bbox 3374 370 3476 431; x_wconf 58' lang='lat'><strong>5933</strong></span> 
     </span>
    </p>
   </div>
   <div class='ocr_carea' id='block_1_4' title="bbox 261 477 3482 555">
    <p class='ocr_par' dir='ltr' id='par_1_4' title="bbox 261 477 3482 555">
     <span class='ocr_line' id='line_1_4' title="bbox 261 477 3482 555; baseline 0.003 -25"><span class='ocrx_word' id='word_1_6' title='bbox 261 484 417 531; x_wconf 76' lang='lat' dir='ltr'><strong>terra:</strong></span> <span class='ocrx_word' id='word_1_7' title='bbox 460 477 746 544; x_wconf 83' lang='lat' dir='ltr'><strong>Dominus,</strong></span> <span class='ocrx_word' id='word_1_8' title='bbox 780 488 834 533; x_wconf 86' lang='lat' dir='ltr'><strong>et</strong></span> <span class='ocrx_word' id='word_1_9' title='bbox 862 480 1112 534; x_wconf 87' lang='lat' dir='ltr'><strong>omnium</strong></span> <span class='ocrx_word' id='word_1_10' title='bbox 1145 497 1377 551; x_wconf 68' lang='lat' dir='ltr'><strong>quaeque</strong></span> <span class='ocrx_word' id='word_1_11' title='bbox 1403 483 1456 535; x_wconf 93' lang='lat' dir='ltr'><strong>in</strong></span> <span class='ocrx_word' id='word_1_12' title='bbox 1484 484 1645 544; x_wconf 72' lang='lat' dir='ltr'><strong>rmlo,</strong></span> <span class='ocrx_word' id='word_1_13' title='bbox 1676 495 1826 549; x_wconf 67' lang='lat' dir='ltr'><strong>quaa-</strong></span> <span class='ocrx_word' id='word_1_14' title='bbox 1855 486 1903 542; x_wconf 72' lang='grc' dir='ltr'><strong>Α</strong></span> <span class='ocrx_word' id='word_1_15' title='bbox 1938 495 2181 550; x_wconf 70' lang='lat' dir='ltr'><strong>prmseus</strong></span> <span class='ocrx_word' id='word_1_16' title='bbox 2213 499 2291 536; x_wconf 89' lang='lat' dir='ltr'><strong>es.</strong></span> <span class='ocrx_word' id='word_1_17' title='bbox 2340 483 2442 536; x_wconf 99' lang='lat' dir='ltr'><strong>Ubi</strong></span> <span class='ocrx_word' id='word_1_18' title='bbox 2492 491 2661 537; x_wconf 84' lang='lat' dir='ltr'><strong>totum</strong></span> <span class='ocrx_word' id='word_1_19' title='bbox 2703 483 2779 538; x_wconf 94' lang='lat' dir='ltr'><strong>uti</strong></span> <span class='ocrx_word' id='word_1_20' title='bbox 2818 485 2970 555; x_wconf 84' lang='lat' dir='ltr'><strong>prius</strong></span> <span class='ocrx_word' id='word_1_21' title='bbox 3003 502 3085 542; x_wconf 82' lang='lat' dir='ltr'><strong>me</strong></span> <span class='ocrx_word' id='word_1_22' title='bbox 3121 488 3482 542; x_wconf 71' lang='lat' dir='ltr'><strong>circumdedi-</strong></span> 
     </span>
    </p>
   </div>
   <div class='ocr_carea' id='block_1_5' title="bbox 258 570 1816 641">
    <p class='ocr_par' dir='ltr' id='par_1_5' title="bbox 258 570 1816 641">
     <span class='ocr_line' id='line_1_5' title="bbox 258 570 1816 641; baseline 0.003 -22"><span class='ocrx_word' id='word_1_23' title='bbox 258 584 361 636; x_wconf 87' lang='lat' dir='ltr'><strong>que</strong></span> <span class='ocrx_word' id='word_1_24' title='bbox 394 570 448 622; x_wconf 92' lang='lat' dir='ltr'><strong>in</strong></span> <span class='ocrx_word' id='word_1_25' title='bbox 504 571 707 623; x_wconf 81' lang='lat' dir='ltr'><strong>mutulo</strong></span> <span class='ocrx_word' id='word_1_26' title='bbox 767 580 894 625; x_wconf 86' lang='lat' dir='ltr'><strong>sunt</strong></span> <span class='ocrx_word' id='word_1_27' title='bbox 950 572 1224 636; x_wconf 81' lang='lat' dir='ltr'><strong>conditor,</strong></span> <span class='ocrx_word' id='word_1_28' title='bbox 1264 572 1534 641; x_wconf 82' lang='lat' dir='ltr'><strong>judex.et</strong></span> <span class='ocrx_word' id='word_1_29' title='bbox 1565 587 1657 625; x_wconf 86' lang='lat' dir='ltr'><strong>rex</strong></span> <span class='ocrx_word' id='word_1_30' title='bbox 1699 573 1816 641; x_wconf 89' lang='lat' dir='ltr'><strong>ipse</strong></span> 
     </span>
    </p>
   </div>
   <div class='ocr_carea' id='block_1_6' title="bbox 260 661 1821 726">
    <p class='ocr_par' dir='ltr' id='par_1_6' title="bbox 260 661 1821 726">
     <span class='ocr_line' id='line_1_6' title="bbox 260 661 1821 726; baseline -0.001 -9"><span class='ocrx_word' id='word_1_31' title='bbox 260 663 413 717; x_wconf 84' lang='lat' dir='ltr'><strong>solus</strong></span> <span class='ocrx_word' id='word_1_32' title='bbox 455 661 506 714; x_wconf 91' lang='lat' dir='ltr'><strong>in</strong></span> <span class='ocrx_word' id='word_1_33' title='bbox 542 670 594 716; x_wconf 89' lang='lat' dir='ltr'><strong>lc</strong></span> <span class='ocrx_word' id='word_1_34' title='bbox 625 662 857 726; x_wconf 87' lang='lat' dir='ltr'><strong>habitat,</strong></span> <span class='ocrx_word' id='word_1_35' title='bbox 893 672 1064 717; x_wconf 89' lang='lat' dir='ltr'><strong>totum</strong></span> <span class='ocrx_word' id='word_1_36' title='bbox 1095 679 1154 719; x_wconf 89' lang='lat' dir='ltr'><strong>se</strong></span> <span class='ocrx_word' id='word_1_37' title='bbox 1187 663 1554 718; x_wconf 76' lang='lat' dir='ltr'><strong>manifestans</strong></span> <span class='ocrx_word' id='word_1_38' title='bbox 1582 662 1701 726; x_wconf 91' lang='lat' dir='ltr'><strong>tibi,</strong></span> <span class='ocrx_word' id='word_1_39' title='bbox 1736 670 1821 716; x_wconf 85' lang='lat' dir='ltr'><strong>to-</strong></span> 
     </span>
    </p>
   </div>
   <div class='ocr_carea' id='block_1_7' title="bbox 260 753 1821 825">
    <p class='ocr_par' dir='ltr' id='par_1_7' title="bbox 260 753 1821 825">
     <span class='ocr_line' id='line_1_7' title="bbox 260 753 1821 825; baseline -0.001 -17"><span class='ocrx_word' id='word_1_40' title='bbox 260 762 347 810; x_wconf 89' lang='lat' dir='ltr'><strong>tus</strong></span> <span class='ocrx_word' id='word_1_41' title='bbox 375 754 695 808; x_wconf 85' lang='lat' dir='ltr'><strong>illuminans</strong></span> <span class='ocrx_word' id='word_1_42' title='bbox 732 765 782 809; x_wconf 88' lang='lat' dir='ltr'><strong>te</strong></span> <span class='ocrx_word' id='word_1_43' title='bbox 810 755 930 809; x_wconf 86' lang='lat' dir='ltr'><strong>luce</strong></span> <span class='ocrx_word' id='word_1_44' title='bbox 958 769 1078 819; x_wconf 89' lang='lat' dir='ltr'><strong>sua,</strong></span> <span class='ocrx_word' id='word_1_45' title='bbox 1110 763 1162 809; x_wconf 89' lang='lat' dir='ltr'><strong>et</strong></span> <span class='ocrx_word' id='word_1_46' title='bbox 1187 754 1657 825; x_wconf 71' lang='lat' dir='ltr'><strong>pulchritudinem</strong></span> <span class='ocrx_word' id='word_1_47' title='bbox 1699 753 1821 806; x_wconf 88' lang='lat' dir='ltr'><strong>vul-</strong></span> 
     </span>
    </p>
   </div>
   <div class='ocr_carea' id='block_1_8' title="bbox 259 845 1820 916">
    <p class='ocr_par' dir='ltr' id='par_1_8' title="bbox 259 845 1820 916">
     <span class='ocr_line' id='line_1_8' title="bbox 259 845 1820 916; baseline -0.003 -15"><span class='ocrx_word' id='word_1_48' title='bbox 259 852 349 901; x_wconf 86' lang='lat' dir='ltr'><strong>tus</strong></span> <span class='ocrx_word' id='word_1_49' title='bbox 377 847 460 900; x_wconf 88' lang='lat' dir='ltr'><strong>sui</strong></span> <span class='ocrx_word' id='word_1_50' title='bbox 495 847 593 900; x_wconf 87' lang='lat' dir='ltr'><strong>tibi</strong></span> <span class='ocrx_word' id='word_1_51' title='bbox 627 848 949 910; x_wconf 75' lang='lat' dir='ltr'><strong>ostendens,</strong></span> <span class='ocrx_word' id='word_1_52' title='bbox 980 857 1039 900; x_wconf 92' lang='lat' dir='ltr'><strong>ut</strong></span> <span class='ocrx_word' id='word_1_53' title='bbox 1070 848 1247 915; x_wconf 87' lang='lat' dir='ltr'><strong>ipsum</strong></span> <span class='ocrx_word' id='word_1_54' title='bbox 1272 846 1589 916; x_wconf 80' lang='lat' dir='ltr'><strong>expressius</strong></span> <span class='ocrx_word' id='word_1_55' title='bbox 1613 845 1820 909; x_wconf 88' lang='lat' dir='ltr'><strong>videas,</strong></span> 
     </span>
    </p>
   </div>
   <div class='ocr_carea' id='block_1_9' title="bbox 259 937 1822 1007">
    <p class='ocr_par' dir='ltr' id='par_1_9' title="bbox 259 937 1822 1007">
     <span class='ocr_line' id='line_1_9' title="bbox 259 937 1822 1007; baseline -0.003 -15"><span class='ocrx_word' id='word_1_56' title='bbox 259 948 314 993; x_wconf 91' lang='lat' dir='ltr'><strong>et</strong></span> <span class='ocrx_word' id='word_1_57' title='bbox 348 949 661 994; x_wconf 87' lang='lat' dir='ltr'><strong>consortem</strong></span> <span class='ocrx_word' id='word_1_58' title='bbox 703 946 757 994; x_wconf 87' lang='lat' dir='ltr'><strong>te</strong></span> <span class='ocrx_word' id='word_1_59' title='bbox 797 940 985 1007; x_wconf 78' lang='lat' dir='ltr'><strong>gloriae</strong></span> <span class='ocrx_word' id='word_1_60' title='bbox 1019 955 1130 994; x_wconf 78' lang='lat' dir='ltr'><strong>suae</strong></span> <span class='ocrx_word' id='word_1_61' title='bbox 1154 939 1383 1003; x_wconf 76' lang='lat' dir='ltr'><strong>faciens,</strong></span> <span class='ocrx_word' id='word_1_62' title='bbox 1416 939 1507 992; x_wconf 91' lang='lat' dir='ltr'><strong>dic</strong></span> <span class='ocrx_word' id='word_1_63' title='bbox 1555 937 1685 1006; x_wconf 87' lang='lat' dir='ltr'><strong>quid</strong></span> <span class='ocrx_word' id='word_1_64' title='bbox 1721 937 1822 989; x_wconf 90' lang='lat' dir='ltr'><strong>hoc</strong></span> 
     </span>
    </p>
   </div>
   <div class='ocr_carea' id='block_1_10' title="bbox 262 1027 1818 1101">
    <p class='ocr_par' dir='ltr' id='par_1_10' title="bbox 262 1027 1818 1101">
     <span class='ocr_line' id='line_1_10' title="bbox 262 1027 1818 1101; baseline -0.004 -16"><span class='ocrx_word' id='word_1_65' title='bbox 262 1044 372 1085; x_wconf 89' lang='lat' dir='ltr'><strong>uno</strong></span> <span class='ocrx_word' id='word_1_66' title='bbox 423 1029 812 1099; x_wconf 77' lang='lat' dir='ltr'><strong>prtestantius?</strong></span> <span class='ocrx_word' id='word_1_67' title='bbox 873 1029 1301 1101; x_wconf 83' lang='lat' dir='ltr'><strong>Respondebis,</strong></span> <span class='ocrx_word' id='word_1_68' title='bbox 1381 1029 1517 1093; x_wconf 80' lang='lat' dir='ltr'><strong>nihil</strong></span> <span class='ocrx_word' id='word_1_69' title='bbox 1584 1027 1818 1097; x_wconf 90' lang='lat' dir='ltr'><strong>penitus.</strong></span> 
     </span>
    </p>
   </div>
   <div class='ocr_carea' id='block_1_11' title="bbox 264 1117 1823 1191">
    <p class='ocr_par' dir='ltr' id='par_1_11' title="bbox 264 1117 1823 1191">
     <span class='ocr_line' id='line_1_11' title="bbox 264 1117 1823 1191; baseline -0.003 -17"><span class='ocrx_word' id='word_1_70' title='bbox 264 1120 400 1174; x_wconf 79' lang='lat' dir='ltr'><strong>Audi</strong></span> <span class='ocrx_word' id='word_1_71' title='bbox 442 1123 686 1191; x_wconf 88' lang='lat' dir='ltr'><strong>insuper.</strong></span> <span class='ocrx_word' id='word_1_72' title='bbox 728 1120 846 1175; x_wconf 87' lang='lat' dir='ltr'><strong>Tali</strong></span> <span class='ocrx_word' id='word_1_73' title='bbox 874 1122 1084 1176; x_wconf 87' lang='lat' dir='ltr'><strong>honore</strong></span> <span class='ocrx_word' id='word_1_74' title='bbox 1123 1121 1372 1190; x_wconf 79' lang='lat' dir='ltr'><strong>dignata,</strong></span> <span class='ocrx_word' id='word_1_75' title='bbox 1397 1134 1428 1173; x_wconf 91' lang='grc' dir='ltr'>ο</span> <span class='ocrx_word' id='word_1_76' title='bbox 1459 1119 1664 1183; x_wconf 90' lang='lat' dir='ltr'><strong>anima,</strong></span> <span class='ocrx_word' id='word_1_77' title='bbox 1693 1117 1823 1188; x_wconf 91' lang='lat' dir='ltr'><strong>quid</strong></span> 
     </span>
    </p>
   </div>
   <div class='ocr_carea' id='block_1_12' title="bbox 261 1206 1822 1279">
    <p class='ocr_par' dir='ltr' id='par_1_12' title="bbox 261 1206 1822 1279">
     <span class='ocr_line' id='line_1_12' title="bbox 261 1206 1822 1279; baseline -0.006 -13"><span class='ocrx_word' id='word_1_78' title='bbox 261 1211 442 1267; x_wconf 90' lang='lat' dir='ltr'><strong>adhuc</strong></span> <span class='ocrx_word' id='word_1_79' title='bbox 469 1223 626 1267; x_wconf 76' lang='lat' dir='ltr'><strong>terrae</strong></span> <span class='ocrx_word' id='word_1_80' title='bbox 662 1211 884 1267; x_wconf 84' lang='lat' dir='ltr'><strong>inhias?</strong></span> <span class='ocrx_word' id='word_1_81' title='bbox 916 1211 1046 1279; x_wconf 84' lang='lat' dir='ltr'><strong>quid</strong></span> <span class='ocrx_word' id='word_1_82' title='bbox 1075 1211 1201 1264; x_wconf 80' lang='lat' dir='ltr'><strong>istis</strong></span> <span class='ocrx_word' id='word_1_83' title='bbox 1240 1210 1404 1264; x_wconf 85' lang='lat' dir='ltr'><strong>rebus</strong></span> <span class='ocrx_word' id='word_1_84' title='bbox 1436 1209 1770 1263; x_wconf 75' lang='lat' dir='ltr'><strong>demulceris</strong></span> <span class='ocrx_word' id='word_1_85' title='bbox 1799 1206 1822 1258; x_wconf 86' lang='lat'><strong>?</strong></span> 
     </span>
    </p>
   </div>
   <div class='ocr_carea' id='block_1_13' title="bbox 250 1292 1827 1371">
    <p class='ocr_par' dir='ltr' id='par_1_13' title="bbox 250 1292 1827 1371">
     <span class='ocr_line' id='line_1_13' title="bbox 250 1292 1827 1371; baseline -0.006 -17"><span class='ocrx_word' id='word_1_86' title='bbox 250 1292 392 1369; x_wconf 64' lang='lat' dir='ltr'><strong>&quot;quid</strong></span> <span class='ocrx_word' id='word_1_87' title='bbox 425 1302 675 1356; x_wconf 79' lang='lat' dir='ltr'><strong>adhaeres</strong></span> <span class='ocrx_word' id='word_1_88' title='bbox 709 1302 989 1371; x_wconf 89' lang='lat' dir='ltr'><strong>perituris,</strong></span> <span class='ocrx_word' id='word_1_89' title='bbox 1019 1315 1140 1369; x_wconf 70' lang='lat' dir='ltr'><strong>qua:</strong></span> <span class='ocrx_word' id='word_1_90' title='bbox 1182 1299 1508 1353; x_wconf 82' lang='lat' dir='ltr'><strong>immortalia</strong></span> <span class='ocrx_word' id='word_1_91' title='bbox 1538 1294 1827 1363; x_wconf 80' lang='lat' dir='ltr'><strong>accepisti?</strong></span> 
     </span>
    </p>
   </div>
   <div class='ocr_carea' id='block_1_14' title="bbox 263 1385 1826 1464">
    <p class='ocr_par' dir='ltr' id='par_1_14' title="bbox 263 1385 1826 1464">
     <span class='ocr_line' id='line_1_14' title="bbox 263 1385 1826 1464; baseline -0.008 -17"><span class='ocrx_word' id='word_1_92' title='bbox 263 1394 392 1462; x_wconf 90' lang='lat' dir='ltr'><strong>quid</strong></span> <span class='ocrx_word' id='word_1_93' title='bbox 432 1394 668 1448; x_wconf 90' lang='lat' dir='ltr'><strong>moraris</strong></span> <span class='ocrx_word' id='word_1_94' title='bbox 712 1395 765 1446; x_wconf 90' lang='lat' dir='ltr'><strong>in</strong></span> <span class='ocrx_word' id='word_1_95' title='bbox 798 1394 1188 1464; x_wconf 76' lang='lat' dir='ltr'><strong>prtesentibus,</strong></span> <span class='ocrx_word' id='word_1_96' title='bbox 1225 1405 1348 1460; x_wconf 72' lang='lat' dir='ltr'><strong>quas</strong></span> <span class='ocrx_word' id='word_1_97' title='bbox 1395 1389 1579 1442; x_wconf 71' lang='lat' dir='ltr'><strong>futura</strong></span> <span class='ocrx_word' id='word_1_98' title='bbox 1612 1385 1826 1438; x_wconf 88' lang='lat' dir='ltr'><strong>inveni-</strong></span> 
     </span>
    </p>
   </div>
   <div class='ocr_carea' id='block_1_15' title="bbox 263 1481 1829 1556">
    <p class='ocr_par' dir='ltr' id='par_1_15' title="bbox 263 1481 1829 1556">
     <span class='ocr_line' id='line_1_15' title="bbox 263 1481 1829 1556; baseline -0.01 -13"><span class='ocrx_word' id='word_1_99' title='bbox 263 1487 370 1543; x_wconf 85' lang='lat' dir='ltr'><strong>sti?</strong></span> <span class='ocrx_word' id='word_1_100' title='bbox 410 1486 506 1540; x_wconf 89' lang='lat' dir='ltr'><strong>llla</strong></span> <span class='ocrx_word' id='word_1_101' title='bbox 561 1501 763 1542; x_wconf 86' lang='lat' dir='ltr'><strong>conare</strong></span> <span class='ocrx_word' id='word_1_102' title='bbox 795 1487 1000 1556; x_wconf 81' lang='lat' dir='ltr'><strong>jugiter</strong></span> <span class='ocrx_word' id='word_1_103' title='bbox 1035 1484 1342 1553; x_wconf 79' lang='lat' dir='ltr'><strong>possidere,</strong></span> <span class='ocrx_word' id='word_1_104' title='bbox 1401 1481 1511 1532; x_wconf 85' lang='lat' dir='ltr'><strong>Illis</strong></span> <span class='ocrx_word' id='word_1_105' title='bbox 1569 1485 1733 1531; x_wconf 78' lang='lat' dir='ltr'><strong>totam</strong></span> <span class='ocrx_word' id='word_1_106' title='bbox 1777 1484 1829 1528; x_wconf 89' lang='lat' dir='ltr'><strong>te</strong></span> 
     </span>
    </p>
   </div>
   <div class='ocr_carea' id='block_1_16' title="bbox 262 1567 1829 1646">
    <p class='ocr_par' dir='ltr' id='par_1_16' title="bbox 262 1567 1829 1646">
     <span class='ocr_line' id='line_1_16' title="bbox 262 1567 1829 1646; baseline -0.006 -16"><span class='ocrx_word' id='word_1_107' title='bbox 262 1578 565 1646; x_wconf 80' lang='lat' dir='ltr'><strong>agglutina,</strong></span> <span class='ocrx_word' id='word_1_108' title='bbox 588 1579 771 1630; x_wconf 88' lang='lat' dir='ltr'><strong>anima</strong></span> <span class='ocrx_word' id='word_1_109' title='bbox 811 1590 950 1640; x_wconf 88' lang='lat' dir='ltr'><strong>mea,</strong></span> <span class='ocrx_word' id='word_1_110' title='bbox 987 1583 1044 1628; x_wconf 94' lang='lat' dir='ltr'><strong>ut</strong></span> <span class='ocrx_word' id='word_1_111' title='bbox 1069 1583 1123 1627; x_wconf 84' lang='lat' dir='ltr'><strong>et</strong></span> <span class='ocrx_word' id='word_1_112' title='bbox 1151 1579 1278 1642; x_wconf 86' lang='lat' dir='ltr'><strong>post</strong></span> <span class='ocrx_word' id='word_1_113' title='bbox 1296 1571 1500 1627; x_wconf 90' lang='lat' dir='ltr'><strong>obitum</strong></span> <span class='ocrx_word' id='word_1_114' title='bbox 1534 1567 1829 1622; x_wconf 81' lang='lat' dir='ltr'><strong>inveniaris</strong></span> 
     </span>
    </p>
   </div>
   <div class='ocr_carea' id='block_1_17' title="bbox 265 1659 1828 1735">
    <p class='ocr_par' dir='ltr' id='par_1_17' title="bbox 265 1659 1828 1735">
     <span class='ocr_line' id='line_1_17' title="bbox 265 1659 1828 1735; baseline -0.009 -14"><span class='ocrx_word' id='word_1_115' title='bbox 265 1668 320 1721; x_wconf 91' lang='lat' dir='ltr'><strong>iu</strong></span> <span class='ocrx_word' id='word_1_116' title='bbox 353 1669 576 1722; x_wconf 76' lang='lat' dir='ltr'><strong>aeternis</strong></span> <span class='ocrx_word' id='word_1_117' title='bbox 620 1668 728 1722; x_wconf 89' lang='lat' dir='ltr'><strong>illis</strong></span> <span class='ocrx_word' id='word_1_118' title='bbox 759 1667 940 1730; x_wconf 86' lang='lat' dir='ltr'><strong>bonis,</strong></span> <span class='ocrx_word' id='word_1_119' title='bbox 965 1680 1086 1735; x_wconf 67' lang='lat' dir='ltr'><strong>quae</strong></span> <span class='ocrx_word' id='word_1_120' title='bbox 1115 1665 1204 1718; x_wconf 90' lang='lat' dir='ltr'><strong>hic</strong></span> <span class='ocrx_word' id='word_1_121' title='bbox 1236 1659 1601 1730; x_wconf 88' lang='lat' dir='ltr'><strong>acquisivisti,</strong></span> <span class='ocrx_word' id='word_1_122' title='bbox 1627 1667 1679 1711; x_wconf 92' lang='lat' dir='ltr'><strong>et</strong></span> <span class='ocrx_word' id='word_1_123' title='bbox 1705 1670 1828 1710; x_wconf 87' lang='lat' dir='ltr'><strong>cum</strong></span> 
     </span>
    </p>
   </div>
   <div class='ocr_carea' id='block_1_18' title="bbox 263 1749 1825 1815">
    <p class='ocr_par' dir='ltr' id='par_1_18' title="bbox 263 1749 1825 1815">
     <span class='ocr_line' id='line_1_18' title="bbox 263 1749 1825 1815; baseline -0.01 -2"><span class='ocrx_word' id='word_1_124' title='bbox 263 1759 333 1813; x_wconf 86' lang='lat' dir='ltr'><strong>iis</strong></span> <span class='ocrx_word' id='word_1_125' title='bbox 395 1758 639 1812; x_wconf 84' lang='lat' dir='ltr'><strong>Creatori</strong></span> <span class='ocrx_word' id='word_1_126' title='bbox 691 1771 755 1811; x_wconf 88' lang='lat' dir='ltr'><strong>ac</strong></span> <span class='ocrx_word' id='word_1_127' title='bbox 807 1755 1041 1810; x_wconf 90' lang='lat' dir='ltr'><strong>Domino</strong></span> <span class='ocrx_word' id='word_1_128' title='bbox 1098 1755 1348 1815; x_wconf 74' lang='lat' dir='ltr'><strong>assistas,</strong></span> <span class='ocrx_word' id='word_1_129' title='bbox 1389 1761 1444 1804; x_wconf 89' lang='lat' dir='ltr'><strong>et</strong></span> <span class='ocrx_word' id='word_1_130' title='bbox 1477 1764 1602 1804; x_wconf 91' lang='lat' dir='ltr'><strong>cum</strong></span> <span class='ocrx_word' id='word_1_131' title='bbox 1637 1749 1825 1802; x_wconf 85' lang='lat' dir='ltr'><strong>eodem</strong></span> 
     </span>
    </p>
   </div>
   <div class='ocr_carea' id='block_1_19' title="bbox 271 1830 1513 1921">
    <p class='ocr_par' dir='ltr' id='par_1_19' title="bbox 271 1830 1513 1921">
     <span class='ocr_line' id='line_1_19' title="bbox 271 1830 1513 1921; baseline -0.01 -15"><span class='ocrx_word' id='word_1_132' title='bbox 271 1853 454 1909; x_wconf 62' lang='lat' dir='ltr'><strong>latere</strong></span> <span class='ocrx_word' id='word_1_133' title='bbox 491 1866 582 1921; x_wconf 87' lang='lat' dir='ltr'><strong>per</strong></span> <span class='ocrx_word' id='word_1_134' title='bbox 614 1830 1039 1904; x_wconf 82' lang='lat' dir='ltr'><strong>innumerabilia</strong></span> <span class='ocrx_word' id='word_1_135' title='bbox 1068 1848 1292 1902; x_wconf 65' lang='lat' dir='ltr'><strong>saecula.</strong></span> <span class='ocrx_word' id='word_1_136' title='bbox 1320 1845 1513 1899; x_wconf 85' lang='lat' dir='ltr'><strong>Amen.</strong></span> 
     </span>
    </p>
   </div>
   <div class='ocr_carea' id='block_1_20' title="bbox 781 1958 1294 2019">
    <p class='ocr_par' dir='ltr' id='par_1_20' title="bbox 781 1958 1294 2019">
     <span class='ocr_line' id='line_1_20' title="bbox 781 1958 1294 2019; baseline -0.01 -1"><span class='ocrx_word' id='word_1_137' title='bbox 781 1963 1009 2019; x_wconf 83' lang='lat' dir='ltr'><strong>CAPUT</strong></span> <span class='ocrx_word' id='word_1_138' title='bbox 1048 1958 1294 2016; x_wconf 67' lang='lat' dir='ltr'><strong>XXXVI.</strong></span> 
     </span>
    </p>
   </div>
   <div class='ocr_carea' id='block_1_21' title="bbox 269 2077 1830 2149">
    <p class='ocr_par' dir='ltr' id='par_1_21' title="bbox 269 2077 1830 2149">
     <span class='ocr_line' id='line_1_21' title="bbox 269 2077 1830 2149; baseline -0.008 -15"><span class='ocrx_word' id='word_1_139' title='bbox 269 2081 482 2149; x_wconf 76' lang='lat' dir='ltr'><strong>Spiritu</strong></span> <span class='ocrx_word' id='word_1_140' title='bbox 519 2090 707 2133; x_wconf 83' lang='lat' dir='ltr'><strong>sancto</strong></span> <span class='ocrx_word' id='word_1_141' title='bbox 743 2081 796 2132; x_wconf 83' lang='lat' dir='ltr'><strong>in</strong></span> <span class='ocrx_word' id='word_1_142' title='bbox 840 2077 988 2130; x_wconf 81' lang='lat' dir='ltr'><strong>nobis</strong></span> <span class='ocrx_word' id='word_1_143' title='bbox 1010 2077 1271 2149; x_wconf 71' lang='lat' dir='ltr'><strong>fulgente,</strong></span> <span class='ocrx_word' id='word_1_144' title='bbox 1320 2091 1639 2149; x_wconf 37' lang='lat' dir='ltr'><strong>onmeshnon</strong></span> <span class='ocrx_word' id='word_1_145' title='bbox 1662 2079 1830 2125; x_wconf 81' lang='lat' dir='ltr'><strong>rectas</strong></span> 
     </span>
    </p>
   </div>
   <div class='ocr_carea' id='block_1_22' title="bbox 340 2145 1832 2217">
    <p class='ocr_par' dir='ltr' id='par_1_22' title="bbox 340 2145 1832 2217">
     <span class='ocr_line' id='line_1_22' title="bbox 340 2145 1832 2217; baseline -0.007 -14"><span class='ocrx_word' id='word_1_146' title='bbox 340 2151 510 2203; x_wconf 84' lang='lat' dir='ltr'><strong>animi</strong></span> <span class='ocrx_word' id='word_1_147' title='bbox 550 2150 810 2202; x_wconf 79' lang='lat' dir='ltr'><strong>motiones</strong></span> <span class='ocrx_word' id='word_1_148' title='bbox 844 2148 1018 2217; x_wconf 63' lang='lat' dir='ltr'><strong>fugari</strong></span> <span class='ocrx_word' id='word_1_149' title='bbox 1046 2162 1061 2217; x_wconf 65' lang='grc' dir='ltr'>ξ</span> <span class='ocrx_word' id='word_1_150' title='bbox 1095 2147 1372 2217; x_wconf 73' lang='lat' dir='ltr'><strong>eodemque</strong></span> <span class='ocrx_word' id='word_1_151' title='bbox 1405 2145 1586 2198; x_wconf 84' lang='lat' dir='ltr'><strong>radios</strong></span> <span class='ocrx_word' id='word_1_152' title='bbox 1618 2151 1832 2217; x_wconf 64' lang='lat' dir='ltr'><strong>contin-</strong></span> 
     </span>
    </p>
   </div>
   <div class='ocr_carea' id='block_1_23' title="bbox 339 2209 1829 2301">
    <p class='ocr_par' dir='ltr' id='par_1_23' title="bbox 339 2209 1829 2301">
     <span class='ocr_line' id='line_1_23' title="bbox 339 2209 1829 2301; baseline -0.007 -29"><span class='ocrx_word' id='word_1_153' title='bbox 339 2222 514 2301; x_wconf 63' lang='lat' dir='ltr'><strong>Itcnte,</strong></span> <span class='ocrx_word' id='word_1_154' title='bbox 545 2219 607 2272; x_wconf 85' lang='lat' dir='ltr'><strong>ab</strong></span> <span class='ocrx_word' id='word_1_155' title='bbox 637 2219 742 2281; x_wconf 81' lang='lat' dir='ltr'><strong>his,</strong></span> <span class='ocrx_word' id='word_1_156' title='bbox 768 2229 817 2271; x_wconf 81' lang='lat' dir='ltr'><strong>et</strong></span> <span class='ocrx_word' id='word_1_157' title='bbox 844 2209 880 2270; x_wconf 84' lang='grc' dir='ltr'><em>ἀ</em></span> <span class='ocrx_word' id='word_1_158' title='bbox 903 2209 1088 2284; x_wconf 67' lang='lat' dir='ltr'><strong>pravis</strong></span> <span class='ocrx_word' id='word_1_159' title='bbox 1125 2209 1533 2284; x_wconf 71' lang='lat' dir='ltr'><strong>cogitationibus</strong></span> <span class='ocrx_word' id='word_1_160' title='bbox 1562 2230 1657 2268; x_wconf 81' lang='lat' dir='ltr'><strong>nos</strong></span> <span class='ocrx_word' id='word_1_161' title='bbox 1692 2209 1829 2277; x_wconf 78' lang='lat' dir='ltr'><strong>infe-</strong></span> 
     </span>
    </p>
   </div>
   <div class='ocr_carea' id='block_1_24' title="bbox 339 2305 495 2345">
    <p class='ocr_par' dir='ltr' id='par_1_24' title="bbox 339 2305 495 2345">
     <span class='ocr_line' id='line_1_24' title="bbox 339 2305 495 2345; baseline 0.013 -2"><span class='ocrx_word' id='word_1_162' title='bbox 339 2305 495 2345; x_wconf 72' lang='lat'><strong>81&#39;0&quot;.</strong></span> 
     </span>
    </p>
   </div>
   <div class='ocr_carea' id='block_1_25' title="bbox 341 2398 1822 2467">
    <p class='ocr_par' dir='ltr' id='par_1_25' title="bbox 341 2398 1822 2467">
     <span class='ocr_line' id='line_1_25' title="bbox 341 2398 1822 2467; baseline -0.003 -9"><span class='ocrx_word' id='word_1_163' title='bbox 341 2406 552 2459; x_wconf 85' lang='lat' dir='ltr'><strong>Lumen</strong></span> <span class='ocrx_word' id='word_1_164' title='bbox 591 2413 764 2463; x_wconf 80' lang='lat' dir='ltr'><strong>tuum,</strong></span> <span class='ocrx_word' id='word_1_165' title='bbox 800 2400 1038 2463; x_wconf 87' lang='lat' dir='ltr'><strong>Christe,</strong></span> <span class='ocrx_word' id='word_1_166' title='bbox 1069 2415 1153 2454; x_wconf 89' lang='lat' dir='ltr'><strong>me</strong></span> <span class='ocrx_word' id='word_1_167' title='bbox 1186 2398 1616 2467; x_wconf 79' lang='lat' dir='ltr'><strong>circumfulgens</strong></span> <span class='ocrx_word' id='word_1_168' title='bbox 1643 2400 1822 2453; x_wconf 80' lang='lat' dir='ltr'><strong>viviﬁ-</strong></span> 
     </span>
    </p>
   </div>
   <div class='ocr_carea' id='block_1_26' title="bbox 267 2490 1832 2562">
    <p class='ocr_par' dir='ltr' id='par_1_26' title="bbox 267 2490 1832 2562">
     <span class='ocr_line' id='line_1_26' title="bbox 267 2490 1832 2562; baseline -0.003 -11"><span class='ocrx_word' id='word_1_169' title='bbox 267 2505 405 2562; x_wconf 79' lang='lat' dir='ltr'><strong>Cat;</strong></span> <span class='ocrx_word' id='word_1_170' title='bbox 443 2510 567 2549; x_wconf 86' lang='lat' dir='ltr'><strong>nam</strong></span> <span class='ocrx_word' id='word_1_171' title='bbox 600 2504 652 2548; x_wconf 91' lang='lat' dir='ltr'><strong>te</strong></span> <span class='ocrx_word' id='word_1_172' title='bbox 689 2493 897 2557; x_wconf 89' lang='lat' dir='ltr'><strong>videre,</strong></span> <span class='ocrx_word' id='word_1_173' title='bbox 931 2501 1015 2545; x_wconf 85' lang='lat' dir='ltr'><strong>est</strong></span> <span class='ocrx_word' id='word_1_174' title='bbox 1055 2490 1406 2556; x_wconf 74' lang='lat' dir='ltr'><strong>reviviscere,</strong></span> <span class='ocrx_word' id='word_1_175' title='bbox 1445 2499 1499 2545; x_wconf 91' lang='lat' dir='ltr'><strong>et</strong></span> <span class='ocrx_word' id='word_1_176' title='bbox 1545 2505 1573 2544; x_wconf 90' lang='lat' dir='ltr'><strong>a</strong></span> <span class='ocrx_word' id='word_1_177' title='bbox 1602 2493 1832 2547; x_wconf 82' lang='lat' dir='ltr'><strong>mortuis</strong></span> 
     </span>
    </p>
   </div>
   <div class='ocr_carea' id='block_1_27' title="bbox 271 2582 1830 2656">
    <p class='ocr_par' dir='ltr' id='par_1_27' title="bbox 271 2582 1830 2656">
     <span class='ocr_line' id='line_1_27' title="bbox 271 2582 1830 2656; baseline -0.005 -14"><span class='ocrx_word' id='word_1_178' title='bbox 271 2600 575 2656; x_wconf 77' lang='lat' dir='ltr'><strong>resurgere.</strong></span> <span class='ocrx_word' id='word_1_179' title='bbox 619 2583 758 2649; x_wconf 84' lang='lat' dir='ltr'><strong>Quid</strong></span> <span class='ocrx_word' id='word_1_180' title='bbox 802 2582 1002 2638; x_wconf 73' lang='lat' dir='ltr'><strong>alliciat</strong></span> <span class='ocrx_word' id='word_1_181' title='bbox 1035 2582 1218 2636; x_wconf 87' lang='lat' dir='ltr'><strong>lumen</strong></span> <span class='ocrx_word' id='word_1_182' title='bbox 1258 2590 1434 2644; x_wconf 90' lang='lat' dir='ltr'><strong>tuum,</strong></span> <span class='ocrx_word' id='word_1_183' title='bbox 1478 2596 1585 2636; x_wconf 91' lang='lat' dir='ltr'><strong>non</strong></span> <span class='ocrx_word' id='word_1_184' title='bbox 1608 2597 1830 2651; x_wconf 86' lang='lat' dir='ltr'><strong>possum</strong></span> 
     </span>
    </p>
   </div>
   <div class='ocr_carea' id='block_1_28' title="bbox 268 2671 1836 2741">
    <p class='ocr_par' dir='ltr' id='par_1_28' title="bbox 268 2671 1836 2741">
     <span class='ocr_line' id='line_1_28' title="bbox 268 2671 1836 2741; baseline -0.003 -11"><span class='ocrx_word' id='word_1_185' title='bbox 268 2675 476 2730; x_wconf 88' lang='lat' dir='ltr'><strong>dicere.</strong></span> <span class='ocrx_word' id='word_1_186' title='bbox 537 2672 921 2727; x_wconf 85' lang='lat' dir='ltr'><strong>Verumtamen</strong></span> <span class='ocrx_word' id='word_1_187' title='bbox 956 2671 1062 2727; x_wconf 88' lang='lat' dir='ltr'><strong>hoc</strong></span> <span class='ocrx_word' id='word_1_188' title='bbox 1095 2688 1156 2726; x_wconf 90' lang='lat' dir='ltr'><strong>re</strong></span> <span class='ocrx_word' id='word_1_189' title='bbox 1208 2671 1324 2740; x_wconf 85' lang='lat' dir='ltr'><strong>ipsa</strong></span> <span class='ocrx_word' id='word_1_190' title='bbox 1358 2672 1613 2741; x_wconf 86' lang='lat' dir='ltr'><strong>cognovi,</strong></span> <span class='ocrx_word' id='word_1_191' title='bbox 1649 2681 1703 2727; x_wconf 91' lang='lat' dir='ltr'><strong>et</strong></span> <span class='ocrx_word' id='word_1_192' title='bbox 1742 2688 1836 2725; x_wconf 85' lang='lat' dir='ltr'><strong>eo-</strong></span> 
     </span>
    </p>
   </div>
   <div class='ocr_carea' id='block_1_29' title="bbox 270 2762 1836 2837">
    <p class='ocr_par' dir='ltr' id='par_1_29' title="bbox 270 2762 1836 2837">
     <span class='ocr_line' id='line_1_29' title="bbox 270 2762 1836 2837; baseline -0.003 -15"><span class='ocrx_word' id='word_1_193' title='bbox 270 2781 497 2837; x_wconf 82' lang='lat' dir='ltr'><strong>gnoseo,</strong></span> <span class='ocrx_word' id='word_1_194' title='bbox 541 2765 658 2820; x_wconf 88' lang='lat' dir='ltr'><strong>sive</strong></span> <span class='ocrx_word' id='word_1_195' title='bbox 699 2763 912 2828; x_wconf 80' lang='lat' dir='ltr'><strong>morbo,</strong></span> <span class='ocrx_word' id='word_1_196' title='bbox 941 2763 1056 2817; x_wconf 85' lang='lat' dir='ltr'><strong>sive</strong></span> <span class='ocrx_word' id='word_1_197' title='bbox 1095 2762 1508 2826; x_wconf 75' lang='lat' dir='ltr'><strong>afﬂictionibus,</strong></span> <span class='ocrx_word' id='word_1_198' title='bbox 1536 2764 1653 2817; x_wconf 92' lang='lat' dir='ltr'><strong>sive</strong></span> <span class='ocrx_word' id='word_1_199' title='bbox 1700 2778 1836 2817; x_wconf 84' lang='lat' dir='ltr'><strong>mee-</strong></span> 
     </span>
    </p>
   </div>
   <div class='ocr_carea' id='block_1_30' title="bbox 272 2853 1831 2921">
    <p class='ocr_par' dir='ltr' id='par_1_30' title="bbox 272 2853 1831 2921">
     <span class='ocr_line' id='line_1_30' title="bbox 272 2853 1831 2921; baseline -0.004 -9"><span class='ocrx_word' id='word_1_200' title='bbox 272 2857 520 2921; x_wconf 87' lang='lat' dir='ltr'><strong>roribns,</strong></span> <span class='ocrx_word' id='word_1_201' title='bbox 577 2856 696 2912; x_wconf 89' lang='lat' dir='ltr'><strong>sive</strong></span> <span class='ocrx_word' id='word_1_202' title='bbox 739 2855 999 2920; x_wconf 79' lang='lat' dir='ltr'><strong>vinculis,</strong></span> <span class='ocrx_word' id='word_1_203' title='bbox 1032 2855 1149 2908; x_wconf 84' lang='lat' dir='ltr'><strong>sive</strong></span> <span class='ocrx_word' id='word_1_204' title='bbox 1194 2853 1356 2918; x_wconf 81' lang='lat' dir='ltr'><strong>fame,</strong></span> <span class='ocrx_word' id='word_1_205' title='bbox 1412 2857 1530 2909; x_wconf 85' lang='lat' dir='ltr'><strong>sive</strong></span> <span class='ocrx_word' id='word_1_206' title='bbox 1581 2855 1831 2910; x_wconf 83' lang='lat' dir='ltr'><strong>custodia</strong></span> 
     </span>
    </p>
   </div>
   <div class='ocr_carea' id='block_1_31' title="bbox 272 2945 1835 3016">
    <p class='ocr_par' dir='ltr' id='par_1_31' title="bbox 272 2945 1835 3016">
     <span class='ocr_line' id='line_1_31' title="bbox 272 2945 1835 3016; baseline -0.003 -14"><span class='ocrx_word' id='word_1_207' title='bbox 272 2949 534 3012; x_wconf 82' lang='lat' dir='ltr'><strong>detinear,</strong></span> <span class='ocrx_word' id='word_1_208' title='bbox 583 2949 698 3001; x_wconf 87' lang='lat' dir='ltr'><strong>sive</strong></span> <span class='ocrx_word' id='word_1_209' title='bbox 732 2945 1077 3016; x_wconf 75' lang='lat' dir='ltr'><strong>gravioribus</strong></span> <span class='ocrx_word' id='word_1_210' title='bbox 1129 2945 1398 2999; x_wconf 89' lang='lat' dir='ltr'><strong>molestiis</strong></span> <span class='ocrx_word' id='word_1_211' title='bbox 1429 2959 1665 3013; x_wconf 86' lang='lat' dir='ltr'><strong>premar,</strong></span> <span class='ocrx_word' id='word_1_212' title='bbox 1699 2945 1835 2999; x_wconf 83' lang='lat' dir='ltr'><strong>emi.-</strong></span> 
     </span>
    </p>
   </div>
   <div class='ocr_carea' id='block_1_32' title="bbox 273 3035 1833 3103">
    <p class='ocr_par' dir='ltr' id='par_1_32' title="bbox 273 3035 1833 3103">
     <span class='ocr_line' id='line_1_32' title="bbox 273 3035 1833 3103; baseline -0.003 -10"><span class='ocrx_word' id='word_1_213' title='bbox 273 3050 434 3094; x_wconf 82' lang='lat' dir='ltr'><strong>cante</strong></span> <span class='ocrx_word' id='word_1_214' title='bbox 463 3038 672 3091; x_wconf 87' lang='lat' dir='ltr'><strong>lumine</strong></span> <span class='ocrx_word' id='word_1_215' title='bbox 705 3045 819 3100; x_wconf 90' lang='lat' dir='ltr'><strong>tuo,</strong></span> <span class='ocrx_word' id='word_1_216' title='bbox 855 3037 1036 3089; x_wconf 88' lang='lat' dir='ltr'><strong>omnia</strong></span> <span class='ocrx_word' id='word_1_217' title='bbox 1065 3043 1323 3103; x_wconf 89' lang='lat' dir='ltr'><strong>tauquam</strong></span> <span class='ocrx_word' id='word_1_218' title='bbox 1358 3036 1613 3090; x_wconf 86' lang='lat' dir='ltr'><strong>tenebras</strong></span> <span class='ocrx_word' id='word_1_219' title='bbox 1639 3035 1833 3089; x_wconf 87' lang='lat' dir='ltr'><strong>discuti</strong></span> 
     </span>
    </p>
   </div>
   <div class='ocr_carea' id='block_1_33' title="bbox 1928 565 3478 645">
    <p class='ocr_par' dir='ltr' id='par_1_33' title="bbox 1928 565 3478 645">
     <span class='ocr_line' id='line_1_33' title="bbox 1928 565 3478 645; baseline 0.004 -17"><span class='ocrx_word' id='word_1_220' title='bbox 1928 577 2025 629; x_wconf 79' lang='lat' dir='ltr'><strong>sti.</strong></span> <span class='ocrx_word' id='word_1_221' title='bbox 2063 575 2152 642; x_wconf 86' lang='lat' dir='ltr'><strong>ubi</strong></span> <span class='ocrx_word' id='word_1_222' title='bbox 2208 565 2490 645; x_wconf 66' lang='lat' dir='ltr'><strong>complexu</strong></span> <span class='ocrx_word' id='word_1_223' title='bbox 2556 587 2645 629; x_wconf 90' lang='lat' dir='ltr'><strong>tuo</strong></span> <span class='ocrx_word' id='word_1_224' title='bbox 2678 585 2848 630; x_wconf 91' lang='lat' dir='ltr'><strong>totum</strong></span> <span class='ocrx_word' id='word_1_225' title='bbox 2882 580 3152 633; x_wconf 85' lang='lat' dir='ltr'><strong>ambivisti</strong></span> <span class='ocrx_word' id='word_1_226' title='bbox 3188 594 3240 633; x_wconf 84' lang='lat' dir='ltr'><strong>et</strong></span> <span class='ocrx_word' id='word_1_227' title='bbox 3274 583 3478 643; x_wconf 79' lang='lat' dir='ltr'><strong>texisti,</strong></span> 
     </span>
    </p>
   </div>
   <div class='ocr_carea' id='block_1_34' title="bbox 1936 665 3478 734">
    <p class='ocr_par' dir='ltr' id='par_1_34' title="bbox 1936 665 3478 734">
     <span class='ocr_line' id='line_1_34' title="bbox 1936 665 3478 734; baseline 0.005 -18"><span class='ocrx_word' id='word_1_228' title='bbox 1936 666 2098 717; x_wconf 85' lang='lat' dir='ltr'><strong>malis</strong></span> <span class='ocrx_word' id='word_1_229' title='bbox 2128 665 2352 729; x_wconf 86' lang='lat' dir='ltr'><strong>liberer,</strong></span> <span class='ocrx_word' id='word_1_230' title='bbox 2401 681 2429 718; x_wconf 84' lang='lat' dir='ltr'><strong>a</strong></span> <span class='ocrx_word' id='word_1_231' title='bbox 2471 667 2732 729; x_wconf 78' lang='lat' dir='ltr'><strong>tenebris,</strong></span> <span class='ocrx_word' id='word_1_232' title='bbox 2787 670 3195 734; x_wconf 82' lang='lat' dir='ltr'><strong>tentatiuuibus,</strong></span> <span class='ocrx_word' id='word_1_233' title='bbox 3228 673 3478 726; x_wconf 82' lang='lat' dir='ltr'><strong>motioni-</strong></span> 
     </span>
    </p>
   </div>
   <div class='ocr_carea' id='block_1_35' title="bbox 1926 757 3482 833">
    <p class='ocr_par' dir='ltr' id='par_1_35' title="bbox 1926 757 3482 833">
     <span class='ocr_line' id='line_1_35' title="bbox 1926 757 3482 833; baseline 0.004 -24"><span class='ocrx_word' id='word_1_234' title='bbox 1926 757 2027 811; x_wconf 85' lang='lat' dir='ltr'><strong>bus</strong></span> <span class='ocrx_word' id='word_1_235' title='bbox 2060 772 2182 810; x_wconf 89' lang='lat' dir='ltr'><strong>cum</strong></span> <span class='ocrx_word' id='word_1_236' title='bbox 2219 759 2434 813; x_wconf 89' lang='lat' dir='ltr'><strong>ratione</strong></span> <span class='ocrx_word' id='word_1_237' title='bbox 2481 759 2868 829; x_wconf 73' lang='lat' dir='ltr'><strong>pugnantibus,</strong></span> <span class='ocrx_word' id='word_1_238' title='bbox 2908 771 2958 814; x_wconf 90' lang='lat' dir='ltr'><strong>et</strong></span> <span class='ocrx_word' id='word_1_239' title='bbox 3011 762 3268 817; x_wconf 90' lang='lat' dir='ltr'><strong>omnibus</strong></span> <span class='ocrx_word' id='word_1_240' title='bbox 3299 766 3482 833; x_wconf 83' lang='lat' dir='ltr'><strong>pravis</strong></span> 
     </span>
    </p>
   </div>
   <div class='ocr_carea' id='block_1_36' title="bbox 1927 848 3475 920">
    <p class='ocr_par' dir='ltr' id='par_1_36' title="bbox 1927 848 3475 920">
     <span class='ocr_line' id='line_1_36' title="bbox 1927 848 3475 920; baseline 0.003 -20"><span class='ocrx_word' id='word_1_241' title='bbox 1927 848 2364 916; x_wconf 80' lang='lat' dir='ltr'><strong>cogitationibus</strong></span> <span class='ocrx_word' id='word_1_242' title='bbox 2413 850 2636 920; x_wconf 91' lang='lat' dir='ltr'><strong>eripior,</strong></span> <span class='ocrx_word' id='word_1_243' title='bbox 2671 851 3004 920; x_wconf 86' lang='lat' dir='ltr'><strong>impleorque</strong></span> <span class='ocrx_word' id='word_1_244' title='bbox 3033 852 3292 918; x_wconf 85' lang='lat' dir='ltr'><strong>bonitate,</strong></span> <span class='ocrx_word' id='word_1_245' title='bbox 3337 856 3475 908; x_wconf 62' lang='lat' dir='ltr'><strong>laeti.</strong></span> 
     </span>
    </p>
   </div>
   <div class='ocr_carea' id='block_1_37' title="bbox 1927 938 3479 1008">
    <p class='ocr_par' dir='ltr' id='par_1_37' title="bbox 1927 938 3479 1008">
     <span class='ocr_line' id='line_1_37' title="bbox 1927 938 3479 1008; baseline 0.005 -17"><span class='ocrx_word' id='word_1_246' title='bbox 1927 938 2024 1001; x_wconf 90' lang='lat' dir='ltr'><strong>tia,</strong></span> <span class='ocrx_word' id='word_1_247' title='bbox 2061 940 2278 1007; x_wconf 70' lang='lat' dir='ltr'><strong>gaudio,</strong></span> <span class='ocrx_word' id='word_1_248' title='bbox 2308 940 2650 1007; x_wconf 72' lang='lat' dir='ltr'><strong>iucunditate</strong></span> <span class='ocrx_word' id='word_1_249' title='bbox 2683 941 2851 994; x_wconf 89' lang='lat' dir='ltr'><strong>animi</strong></span> <span class='ocrx_word' id='word_1_250' title='bbox 2892 942 3214 1008; x_wconf 79' lang='lat' dir='ltr'><strong>incredibili,</strong></span> <span class='ocrx_word' id='word_1_251' title='bbox 3246 957 3479 1000; x_wconf 85' lang='lat' dir='ltr'><strong>cernens</strong></span> 
     </span>
    </p>
   </div>
   <div class='ocr_carea' id='block_1_38' title="bbox 1931 1029 3482 1102">
    <p class='ocr_par' dir='ltr' id='par_1_38' title="bbox 1931 1029 3482 1102">
     <span class='ocr_line' id='line_1_38' title="bbox 1931 1029 3482 1102; baseline 0.005 -22"><span class='ocrx_word' id='word_1_252' title='bbox 1931 1029 2216 1082; x_wconf 86' lang='lat' dir='ltr'><strong>tremenda</strong></span> <span class='ocrx_word' id='word_1_253' title='bbox 2260 1031 2541 1100; x_wconf 83' lang='lat' dir='ltr'><strong>mysteria,</strong></span> <span class='ocrx_word' id='word_1_254' title='bbox 2581 1042 2636 1086; x_wconf 88' lang='lat' dir='ltr'><strong>et</strong></span> <span class='ocrx_word' id='word_1_255' title='bbox 2682 1047 2821 1087; x_wconf 89' lang='lat' dir='ltr'><strong>nova</strong></span> <span class='ocrx_word' id='word_1_256' title='bbox 2864 1033 3115 1102; x_wconf 60' lang='lat' dir='ltr'><strong>quaedam</strong></span> <span class='ocrx_word' id='word_1_257' title='bbox 3143 1035 3314 1100; x_wconf 86' lang='lat' dir='ltr'><strong>mira;</strong></span> <span class='ocrx_word' id='word_1_258' title='bbox 3361 1052 3482 1090; x_wconf 86' lang='lat' dir='ltr'><strong>cer-</strong></span> 
     </span>
    </p>
   </div>
   <div class='ocr_carea' id='block_1_39' title="bbox 1931 1123 3486 1192">
    <p class='ocr_par' dir='ltr' id='par_1_39' title="bbox 1931 1123 3486 1192">
     <span class='ocr_line' id='line_1_39' title="bbox 1931 1123 3486 1192; baseline 0.005 -18"><span class='ocrx_word' id='word_1_259' title='bbox 1931 1135 2068 1174; x_wconf 90' lang='lat' dir='ltr'><strong>nens</strong></span> <span class='ocrx_word' id='word_1_260' title='bbox 2124 1137 2247 1189; x_wconf 76' lang='lat' dir='ltr'><strong>qua:</strong></span> <span class='ocrx_word' id='word_1_261' title='bbox 2278 1137 2457 1190; x_wconf 83' lang='lat' dir='ltr'><strong>neque</strong></span> <span class='ocrx_word' id='word_1_262' title='bbox 2513 1123 2707 1178; x_wconf 87' lang='lat' dir='ltr'><strong>oculus</strong></span> <span class='ocrx_word' id='word_1_263' title='bbox 2761 1127 3038 1180; x_wconf 79' lang='lat' dir='ltr'><strong>humanus</strong></span> <span class='ocrx_word' id='word_1_264' title='bbox 3089 1125 3255 1192; x_wconf 87' lang='lat' dir='ltr'><strong>videt,</strong></span> <span class='ocrx_word' id='word_1_265' title='bbox 3289 1136 3382 1182; x_wconf 89' lang='lat' dir='ltr'><strong>aut</strong></span> <span class='ocrx_word' id='word_1_266' title='bbox 3415 1132 3486 1182; x_wconf 87' lang='lat' dir='ltr'><strong>vi-</strong></span> 
     </span>
    </p>
   </div>
   <div class='ocr_carea' id='block_1_40' title="bbox 1929 1213 3482 1285">
    <p class='ocr_par' dir='ltr' id='par_1_40' title="bbox 1929 1213 3482 1285">
     <span class='ocr_line' id='line_1_40' title="bbox 1929 1213 3482 1285; baseline 0.005 -21"><span class='ocrx_word' id='word_1_267' title='bbox 1929 1213 2081 1275; x_wconf 80' lang='lat' dir='ltr'><strong>dere,</strong></span> <span class='ocrx_word' id='word_1_268' title='bbox 2115 1228 2291 1281; x_wconf 88' lang='lat' dir='ltr'><strong>neque</strong></span> <span class='ocrx_word' id='word_1_269' title='bbox 2315 1213 2463 1267; x_wconf 84' lang='lat' dir='ltr'><strong>auris</strong></span> <span class='ocrx_word' id='word_1_270' title='bbox 2503 1215 2693 1268; x_wconf 87' lang='lat' dir='ltr'><strong>audire</strong></span> <span class='ocrx_word' id='word_1_271' title='bbox 2725 1214 2930 1284; x_wconf 85' lang='lat' dir='ltr'><strong>possit,</strong></span> <span class='ocrx_word' id='word_1_272' title='bbox 2963 1230 3141 1285; x_wconf 88' lang='lat' dir='ltr'><strong>neque</strong></span> <span class='ocrx_word' id='word_1_273' title='bbox 3172 1218 3226 1269; x_wconf 90' lang='lat' dir='ltr'><strong>in</strong></span> <span class='ocrx_word' id='word_1_274' title='bbox 3259 1231 3353 1271; x_wconf 91' lang='lat' dir='ltr'><strong>cor</strong></span> <span class='ocrx_word' id='word_1_275' title='bbox 3381 1217 3482 1270; x_wconf 89' lang='lat' dir='ltr'><strong>ho-</strong></span> 
     </span>
    </p>
   </div>
   <div class='ocr_carea' id='block_1_41' title="bbox 1934 1308 3486 1383">
    <p class='ocr_par' dir='ltr' id='par_1_41' title="bbox 1934 1308 3486 1383">
     <span class='ocr_line' id='line_1_41' title="bbox 1934 1308 3486 1383; baseline 0.005 -25"><span class='ocrx_word' id='word_1_276' title='bbox 1934 1309 2099 1361; x_wconf 89' lang='lat' dir='ltr'><strong>minis</strong></span> <span class='ocrx_word' id='word_1_277' title='bbox 2133 1308 2582 1366; x_wconf 79' lang='lat' dir='ltr'><strong>ascenderunt“.</strong></span> <span class='ocrx_word' id='word_1_278' title='bbox 2615 1310 2678 1363; x_wconf 76' lang='lat' dir='ltr'><strong>in</strong></span> <span class='ocrx_word' id='word_1_279' title='bbox 2720 1312 2919 1380; x_wconf 84' lang='lat' dir='ltr'><strong>quibus</strong></span> <span class='ocrx_word' id='word_1_280' title='bbox 2954 1313 3287 1383; x_wconf 88' lang='lat' dir='ltr'><strong>obstupesco</strong></span> <span class='ocrx_word' id='word_1_281' title='bbox 3319 1315 3486 1368; x_wconf 88' lang='lat' dir='ltr'><strong>vehe-</strong></span> 
     </span>
    </p>
   </div>
   <div class='ocr_carea' id='block_1_42' title="bbox 1930 1399 3484 1471">
    <p class='ocr_par' dir='ltr' id='par_1_42' title="bbox 1930 1399 3484 1471">
     <span class='ocr_line' id='line_1_42' title="bbox 1930 1399 3484 1471; baseline 0.006 -22"><span class='ocrx_word' id='word_1_282' title='bbox 1930 1406 2168 1462; x_wconf 90' lang='lat' dir='ltr'><strong>menter,</strong></span> <span class='ocrx_word' id='word_1_283' title='bbox 2203 1414 2270 1453; x_wconf 89' lang='lat' dir='ltr'><strong>ac</strong></span> <span class='ocrx_word' id='word_1_284' title='bbox 2316 1399 2385 1454; x_wconf 91' lang='lat' dir='ltr'><strong>de</strong></span> <span class='ocrx_word' id='word_1_285' title='bbox 2439 1409 2708 1469; x_wconf 88' lang='lat' dir='ltr'><strong>potestate</strong></span> <span class='ocrx_word' id='word_1_286' title='bbox 2750 1401 2956 1456; x_wconf 88' lang='lat' dir='ltr'><strong>decedo</strong></span> <span class='ocrx_word' id='word_1_287' title='bbox 2985 1412 3147 1471; x_wconf 86' lang='lat' dir='ltr'><strong>atque</strong></span> <span class='ocrx_word' id='word_1_288' title='bbox 3180 1419 3209 1457; x_wconf 90' lang='lat' dir='ltr'><strong>a</strong></span> <span class='ocrx_word' id='word_1_289' title='bbox 3240 1406 3484 1459; x_wconf 73' lang='lat' dir='ltr'><strong>terrenis</strong></span> 
     </span>
    </p>
   </div>
   <div class='ocr_carea' id='block_1_43' title="bbox 1931 1489 3486 1558">
    <p class='ocr_par' dir='ltr' id='par_1_43' title="bbox 1931 1489 3486 1558">
     <span class='ocr_line' id='line_1_43' title="bbox 1931 1489 3486 1558; baseline 0.004 -18"><span class='ocrx_word' id='word_1_290' title='bbox 1931 1491 2190 1541; x_wconf 63' lang='lat' dir='ltr'><strong>omnibus</strong></span> <span class='ocrx_word' id='word_1_291' title='bbox 2223 1489 2478 1544; x_wconf 79' lang='lat' dir='ltr'><strong>universe</strong></span> <span class='ocrx_word' id='word_1_292' title='bbox 2505 1490 2748 1551; x_wconf 89' lang='lat' dir='ltr'><strong>alienor,</strong></span> <span class='ocrx_word' id='word_1_293' title='bbox 2782 1492 3124 1545; x_wconf 89' lang='lat' dir='ltr'><strong>continenter</strong></span> <span class='ocrx_word' id='word_1_294' title='bbox 3147 1494 3372 1548; x_wconf 87' lang='lat' dir='ltr'><strong>laudans</strong></span> <span class='ocrx_word' id='word_1_295' title='bbox 3415 1505 3486 1558; x_wconf 75' lang='lat' dir='ltr'><strong>te,</strong></span> 
     </span>
    </p>
   </div>
   <div class='ocr_carea' id='block_1_44' title="bbox 1934 1579 3487 1652">
    <p class='ocr_par' dir='ltr' id='par_1_44' title="bbox 1934 1579 3487 1652">
     <span class='ocr_line' id='line_1_44' title="bbox 1934 1579 3487 1652; baseline 0.003 -22"><span class='ocrx_word' id='word_1_296' title='bbox 1934 1590 1987 1631; x_wconf 90' lang='lat' dir='ltr'><strong>et</strong></span> <span class='ocrx_word' id='word_1_297' title='bbox 2019 1579 2072 1630; x_wconf 91' lang='lat' dir='ltr'><strong>in</strong></span> <span class='ocrx_word' id='word_1_298' title='bbox 2100 1581 2310 1647; x_wconf 88' lang='lat' dir='ltr'><strong>meipso</strong></span> <span class='ocrx_word' id='word_1_299' title='bbox 2341 1595 2533 1632; x_wconf 88' lang='lat' dir='ltr'><strong>novam</strong></span> <span class='ocrx_word' id='word_1_300' title='bbox 2557 1582 2949 1645; x_wconf 13' lang='lat' dir='ltr'><strong>(mutationem,</strong></span> <span class='ocrx_word' id='word_1_301' title='bbox 2976 1581 3304 1652; x_wconf 82' lang='lat' dir='ltr'><strong>modumque</strong></span> <span class='ocrx_word' id='word_1_302' title='bbox 3335 1588 3487 1636; x_wconf 80' lang='lat' dir='ltr'><strong>auxi-</strong></span> 
     </span>
    </p>
   </div>
   <div class='ocr_carea' id='block_1_45' title="bbox 1935 1669 3487 1741">
    <p class='ocr_par' dir='ltr' id='par_1_45' title="bbox 1935 1669 3487 1741">
     <span class='ocr_line' id='line_1_45' title="bbox 1935 1669 3487 1741; baseline 0.003 -19"><span class='ocrx_word' id='word_1_303' title='bbox 1935 1669 1992 1722; x_wconf 90' lang='lat' dir='ltr'><strong>lii</strong></span> <span class='ocrx_word' id='word_1_304' title='bbox 2025 1685 2223 1724; x_wconf 91' lang='lat' dir='ltr'><strong>mauus</strong></span> <span class='ocrx_word' id='word_1_305' title='bbox 2264 1669 2660 1739; x_wconf 82' lang='lat' dir='ltr'><strong>omnipotentis</strong></span> <span class='ocrx_word' id='word_1_306' title='bbox 2703 1671 3185 1736; x_wconf 81' lang='lat' dir='ltr'><strong>animadvertens,</strong></span> <span class='ocrx_word' id='word_1_307' title='bbox 3215 1677 3487 1741; x_wconf 71' lang='lat' dir='ltr'><strong>quomole</strong></span> 
     </span>
    </p>
   </div>
   <div class='ocr_carea' id='block_1_46' title="bbox 1935 1757 3485 1829">
    <p class='ocr_par' dir='ltr' id='par_1_46' title="bbox 1935 1757 3485 1829">
     <span class='ocr_line' id='line_1_46' title="bbox 1935 1757 3485 1829; baseline 0.001 -19"><span class='ocrx_word' id='word_1_308' title='bbox 1935 1757 2144 1829; x_wconf 83' lang='lat' dir='ltr'><strong>fulgore</strong></span> <span class='ocrx_word' id='word_1_309' title='bbox 2187 1768 2240 1813; x_wconf 91' lang='lat' dir='ltr'><strong>et</strong></span> <span class='ocrx_word' id='word_1_310' title='bbox 2280 1759 2624 1828; x_wconf 86' lang='lat' dir='ltr'><strong>apparitione</strong></span> <span class='ocrx_word' id='word_1_311' title='bbox 2661 1760 2825 1815; x_wconf 88' lang='lat' dir='ltr'><strong>unius</strong></span> <span class='ocrx_word' id='word_1_312' title='bbox 2872 1760 3097 1815; x_wconf 89' lang='lat' dir='ltr'><strong>luminis</strong></span> <span class='ocrx_word' id='word_1_313' title='bbox 3148 1762 3222 1814; x_wconf 91' lang='lat' dir='ltr'><strong>tui</strong></span> <span class='ocrx_word' id='word_1_314' title='bbox 3273 1775 3485 1814; x_wconf 81' lang='lat' dir='ltr'><strong>omnem</strong></span> 
     </span>
    </p>
   </div>
   <div class='ocr_carea' id='block_1_47' title="bbox 1932 1850 3490 1925">
    <p class='ocr_par' dir='ltr' id='par_1_47' title="bbox 1932 1850 3490 1925">
     <span class='ocr_line' id='line_1_47' title="bbox 1932 1850 3490 1925; baseline 0.002 -23"><span class='ocrx_word' id='word_1_315' title='bbox 1932 1850 2066 1903; x_wconf 88' lang='lat' dir='ltr'><strong>mihi</strong></span> <span class='ocrx_word' id='word_1_316' title='bbox 2125 1851 2407 1906; x_wconf 86' lang='lat' dir='ltr'><strong>tristitiam</strong></span> <span class='ocrx_word' id='word_1_317' title='bbox 2443 1852 2712 1925; x_wconf 80' lang='lat' dir='ltr'><strong>exemeris</strong></span> <span class='ocrx_word' id='word_1_318' title='bbox 2735 1889 2750 1915; x_wconf 91' lang='lat'><strong>,</strong></span> <span class='ocrx_word' id='word_1_319' title='bbox 2782 1851 3096 1920; x_wconf 88' lang='lat' dir='ltr'><strong>mundoque</strong></span> <span class='ocrx_word' id='word_1_320' title='bbox 3137 1864 3404 1921; x_wconf 80' lang='lat' dir='ltr'><strong>ereptum,</strong></span> <span class='ocrx_word' id='word_1_321' title='bbox 3438 1866 3490 1905; x_wconf 82' lang='lat' dir='ltr'><strong>et</strong></span> 
     </span>
    </p>
   </div>
   <div class='ocr_carea' id='block_1_48' title="bbox 1930 1941 3490 2008">
    <p class='ocr_par' dir='ltr' id='par_1_48' title="bbox 1930 1941 3490 2008">
     <span class='ocr_line' id='line_1_48' title="bbox 1930 1941 3490 2008; baseline 0.001 -13"><span class='ocrx_word' id='word_1_322' title='bbox 1930 1948 2111 1995; x_wconf 87' lang='lat' dir='ltr'><strong>tecum</strong></span> <span class='ocrx_word' id='word_1_323' title='bbox 2163 1956 2361 1996; x_wconf 89' lang='lat' dir='ltr'><strong>arcano</strong></span> <span class='ocrx_word' id='word_1_324' title='bbox 2411 1941 2599 1997; x_wconf 84' lang='lat' dir='ltr'><strong>fenore</strong></span> <span class='ocrx_word' id='word_1_325' title='bbox 2661 1943 2892 2008; x_wconf 89' lang='lat' dir='ltr'><strong>unitum,</strong></span> <span class='ocrx_word' id='word_1_326' title='bbox 2929 1958 3052 1997; x_wconf 80' lang='lat' dir='ltr'><strong>mox</strong></span> <span class='ocrx_word' id='word_1_327' title='bbox 3089 1943 3141 1999; x_wconf 90' lang='lat' dir='ltr'><strong>in</strong></span> <span class='ocrx_word' id='word_1_328' title='bbox 3171 1946 3367 1997; x_wconf 67' lang='lat' dir='ltr'><strong>caelum</strong></span> <span class='ocrx_word' id='word_1_329' title='bbox 3406 1959 3490 1996; x_wconf 82' lang='lat' dir='ltr'><strong>me</strong></span> 
     </span>
    </p>
   </div>
   <div class='ocr_carea' id='block_1_49' title="bbox 1933 2034 3488 2106">
    <p class='ocr_par' dir='ltr' id='par_1_49' title="bbox 1933 2034 3488 2106">
     <span class='ocr_line' id='line_1_49' title="bbox 1933 2034 3488 2106; baseline 0.001 -20"><span class='ocrx_word' id='word_1_330' title='bbox 1933 2034 2267 2097; x_wconf 89' lang='lat' dir='ltr'><strong>restitueris.</strong></span> <span class='ocrx_word' id='word_1_331' title='bbox 2310 2035 2399 2088; x_wconf 92' lang='lat' dir='ltr'><strong>ubi</strong></span> <span class='ocrx_word' id='word_1_332' title='bbox 2451 2035 2599 2088; x_wconf 90' lang='lat' dir='ltr'><strong>nulla</strong></span> <span class='ocrx_word' id='word_1_333' title='bbox 2630 2046 2713 2090; x_wconf 91' lang='lat' dir='ltr'><strong>est</strong></span> <span class='ocrx_word' id='word_1_334' title='bbox 2746 2035 3032 2104; x_wconf 85' lang='lat' dir='ltr'><strong>aegritudo,</strong></span> <span class='ocrx_word' id='word_1_335' title='bbox 3072 2037 3204 2089; x_wconf 89' lang='lat' dir='ltr'><strong>nulli</strong></span> <span class='ocrx_word' id='word_1_336' title='bbox 3233 2037 3488 2106; x_wconf 65' lang='lat' dir='ltr'><strong>gemitus,</strong></span> 
     </span>
    </p>
   </div>
   <div class='ocr_carea' id='block_1_50' title="bbox 1934 2129 3488 2201">
    <p class='ocr_par' dir='ltr' id='par_1_50' title="bbox 1934 2129 3488 2201">
     <span class='ocr_line' id='line_1_50' title="bbox 1934 2129 3488 2201; baseline 0 -17"><span class='ocrx_word' id='word_1_337' title='bbox 1934 2129 2098 2186; x_wconf 80' lang='lat' dir='ltr'><strong>nullae</strong></span> <span class='ocrx_word' id='word_1_338' title='bbox 2136 2130 2413 2201; x_wconf 83' lang='lat' dir='ltr'><strong>lacrymae,</strong></span> <span class='ocrx_word' id='word_1_339' title='bbox 2451 2145 2558 2184; x_wconf 88' lang='lat' dir='ltr'><strong>non</strong></span> <span class='ocrx_word' id='word_1_340' title='bbox 2594 2144 2820 2198; x_wconf 86' lang='lat' dir='ltr'><strong>serpens</strong></span> <span class='ocrx_word' id='word_1_341' title='bbox 2865 2130 3182 2185; x_wconf 85' lang='lat' dir='ltr'><strong>calcaneum</strong></span> <span class='ocrx_word' id='word_1_342' title='bbox 3210 2129 3488 2194; x_wconf 88' lang='lat' dir='ltr'><strong>mordens,</strong></span> 
     </span>
    </p>
   </div>
   <div class='ocr_carea' id='block_1_51' title="bbox 1932 2221 3490 2277">
    <p class='ocr_par' dir='ltr' id='par_1_51' title="bbox 1932 2221 3490 2277">
     <span class='ocr_line' id='line_1_51' title="bbox 1932 2221 3490 2277; baseline -0.003 0"><span class='ocrx_word' id='word_1_343' title='bbox 1932 2231 1985 2277; x_wconf 89' lang='lat' dir='ltr'><strong>et</strong></span> <span class='ocrx_word' id='word_1_344' title='bbox 2017 2221 2324 2277; x_wconf 82' lang='lat' dir='ltr'><strong>ostenderis</strong></span> <span class='ocrx_word' id='word_1_345' title='bbox 2369 2223 2594 2277; x_wconf 86' lang='lat' dir='ltr'><strong>minime</strong></span> <span class='ocrx_word' id='word_1_346' title='bbox 2626 2221 2959 2276; x_wconf 86' lang='lat' dir='ltr'><strong>laboriosam</strong></span> <span class='ocrx_word' id='word_1_347' title='bbox 2987 2236 3111 2276; x_wconf 90' lang='lat' dir='ltr'><strong>esse</strong></span> <span class='ocrx_word' id='word_1_348' title='bbox 3139 2229 3190 2276; x_wconf 93' lang='lat' dir='ltr'><strong>et</strong></span> <span class='ocrx_word' id='word_1_349' title='bbox 3213 2238 3490 2275; x_wconf 61' lang='lat' dir='ltr'><strong>aerumno—</strong></span> 
     </span>
    </p>
   </div>
   <div class='ocr_carea' id='block_1_52' title="bbox 1931 2315 3491 2384">
    <p class='ocr_par' dir='ltr' id='par_1_52' title="bbox 1931 2315 3491 2384">
     <span class='ocr_line' id='line_1_52' title="bbox 1931 2315 3491 2384; baseline -0.001 -14"><span class='ocrx_word' id='word_1_350' title='bbox 1931 2332 2050 2371; x_wconf 89' lang='lat' dir='ltr'><strong>sam</strong></span> <span class='ocrx_word' id='word_1_351' title='bbox 2086 2317 2255 2381; x_wconf 90' lang='lat' dir='ltr'><strong>viam,</strong></span> <span class='ocrx_word' id='word_1_352' title='bbox 2297 2329 2417 2384; x_wconf 73' lang='lat' dir='ltr'><strong>quae</strong></span> <span class='ocrx_word' id='word_1_353' title='bbox 2450 2317 2650 2383; x_wconf 78' lang='lat' dir='ltr'><strong>alioqui</strong></span> <span class='ocrx_word' id='word_1_354' title='bbox 2683 2315 2940 2370; x_wconf 85' lang='lat' dir='ltr'><strong>omnibus</strong></span> <span class='ocrx_word' id='word_1_355' title='bbox 2992 2316 3317 2369; x_wconf 88' lang='lat' dir='ltr'><strong>mortalibus</strong></span> <span class='ocrx_word' id='word_1_356' title='bbox 3355 2330 3491 2369; x_wconf 84' lang='lat' dir='ltr'><strong>con-</strong></span> 
     </span>
    </p>
   </div>
   <div class='ocr_carea' id='block_1_53' title="bbox 1934 2403 3492 2473">
    <p class='ocr_par' dir='ltr' id='par_1_53' title="bbox 1934 2403 3492 2473">
     <span class='ocr_line' id='line_1_53' title="bbox 1934 2403 3492 2473; baseline -0.003 -14"><span class='ocrx_word' id='word_1_357' title='bbox 1934 2406 2123 2471; x_wconf 87' lang='lat' dir='ltr'><strong>traria,</strong></span> <span class='ocrx_word' id='word_1_358' title='bbox 2147 2414 2404 2473; x_wconf 82' lang='lat' dir='ltr'><strong>angusta,</strong></span> <span class='ocrx_word' id='word_1_359' title='bbox 2436 2404 2690 2471; x_wconf 81' lang='lat' dir='ltr'><strong>dilﬁcilis,</strong></span> <span class='ocrx_word' id='word_1_360' title='bbox 2728 2413 2842 2467; x_wconf 89' lang='lat' dir='ltr'><strong>aut,</strong></span> <span class='ocrx_word' id='word_1_361' title='bbox 2883 2414 2939 2458; x_wconf 92' lang='lat' dir='ltr'><strong>ut</strong></span> <span class='ocrx_word' id='word_1_362' title='bbox 2967 2403 3153 2460; x_wconf 88' lang='lat' dir='ltr'><strong>verius</strong></span> <span class='ocrx_word' id='word_1_363' title='bbox 3173 2404 3371 2468; x_wconf 89' lang='lat' dir='ltr'><strong>dicam,</strong></span> <span class='ocrx_word' id='word_1_364' title='bbox 3409 2405 3492 2455; x_wconf 89' lang='lat' dir='ltr'><strong>in-</strong></span> 
     </span>
    </p>
   </div>
   <div class='ocr_carea' id='block_1_54' title="bbox 1935 2494 3491 2564">
    <p class='ocr_par' dir='ltr' id='par_1_54' title="bbox 1935 2494 3491 2564">
     <span class='ocr_line' id='line_1_54' title="bbox 1935 2494 3491 2564; baseline -0.003 -15"><span class='ocrx_word' id='word_1_365' title='bbox 1935 2495 2023 2549; x_wconf 88' lang='lat' dir='ltr'><strong>via</strong></span> <span class='ocrx_word' id='word_1_366' title='bbox 2051 2506 2156 2550; x_wconf 89' lang='lat' dir='ltr'><strong>est.</strong></span> <span class='ocrx_word' id='word_1_367' title='bbox 2190 2495 2328 2561; x_wconf 85' lang='lat' dir='ltr'><strong>Quis</strong></span> <span class='ocrx_word' id='word_1_368' title='bbox 2385 2496 2528 2550; x_wconf 92' lang='lat' dir='ltr'><strong>enim</strong></span> <span class='ocrx_word' id='word_1_369' title='bbox 2563 2495 2848 2550; x_wconf 85' lang='lat' dir='ltr'><strong>hominum</strong></span> <span class='ocrx_word' id='word_1_370' title='bbox 2900 2494 3100 2564; x_wconf 90' lang='lat' dir='ltr'><strong>potuit,</strong></span> <span class='ocrx_word' id='word_1_371' title='bbox 3133 2502 3228 2548; x_wconf 88' lang='lat' dir='ltr'><strong>aut</strong></span> <span class='ocrx_word' id='word_1_372' title='bbox 3272 2497 3491 2564; x_wconf 89' lang='lat' dir='ltr'><strong>poterit,</strong></span> 
     </span>
    </p>
   </div>
   <div class='ocr_carea' id='block_1_55' title="bbox 1935 2584 3490 2654">
    <p class='ocr_par' dir='ltr' id='par_1_55' title="bbox 1935 2584 3490 2654">
     <span class='ocr_line' id='line_1_55' title="bbox 1935 2584 3490 2654; baseline -0.002 -14"><span class='ocrx_word' id='word_1_373' title='bbox 1935 2600 2145 2654; x_wconf 76' lang='lat' dir='ltr'><strong>quteso,</strong></span> <span class='ocrx_word' id='word_1_374' title='bbox 2198 2599 2428 2654; x_wconf 89' lang='lat' dir='ltr'><strong>corpore</strong></span> <span class='ocrx_word' id='word_1_375' title='bbox 2483 2585 2538 2637; x_wconf 88' lang='lat' dir='ltr'><strong>in</strong></span> <span class='ocrx_word' id='word_1_376' title='bbox 2583 2585 2726 2639; x_wconf 70' lang='lat' dir='ltr'><strong>emlo</strong></span> <span class='ocrx_word' id='word_1_377' title='bbox 2774 2599 2917 2648; x_wconf 85' lang='lat' dir='ltr'><strong>esse,</strong></span> <span class='ocrx_word' id='word_1_378' title='bbox 2953 2591 3045 2636; x_wconf 90' lang='lat' dir='ltr'><strong>aut</strong></span> <span class='ocrx_word' id='word_1_379' title='bbox 3087 2584 3208 2638; x_wconf 85' lang='lat' dir='ltr'><strong>sine</strong></span> <span class='ocrx_word' id='word_1_380' title='bbox 3246 2598 3490 2653; x_wconf 85' lang='lat' dir='ltr'><strong>corpore,</strong></span> 
     </span>
    </p>
   </div>
   <div class='ocr_carea' id='block_1_56' title="bbox 1935 2674 2751 2746">
    <p class='ocr_par' dir='ltr' id='par_1_56' title="bbox 1935 2674 2751 2746">
     <span class='ocr_line' id='line_1_56' title="bbox 1935 2674 2751 2746; baseline -0.001 -18"><span class='ocrx_word' id='word_1_381' title='bbox 1935 2676 2137 2746; x_wconf 83' lang='lat' dir='ltr'><strong>quibus</strong></span> <span class='ocrx_word' id='word_1_382' title='bbox 2171 2676 2270 2730; x_wconf 89' lang='lat' dir='ltr'><strong>alis</strong></span> <span class='ocrx_word' id='word_1_383' title='bbox 2307 2689 2374 2730; x_wconf 89' lang='lat' dir='ltr'><strong>eo</strong></span> <span class='ocrx_word' id='word_1_384' title='bbox 2407 2674 2751 2744; x_wconf 83' lang='lat' dir='ltr'><strong>pervolabit?</strong></span> 
     </span>
    </p>
   </div>
   <div class='ocr_carea' id='block_1_57' title="bbox 2005 2766 3492 2837">
    <p class='ocr_par' dir='ltr' id='par_1_57' title="bbox 2005 2766 3492 2837">
     <span class='ocr_line' id='line_1_57' title="bbox 2005 2766 3492 2837; baseline -0.003 -16"><span class='ocrx_word' id='word_1_385' title='bbox 2005 2766 2152 2821; x_wconf 85' lang='lat' dir='ltr'><strong>Elias</strong></span> <span class='ocrx_word' id='word_1_386' title='bbox 2189 2782 2353 2820; x_wconf 89' lang='lat' dir='ltr'><strong>curru</strong></span> <span class='ocrx_word' id='word_1_387' title='bbox 2388 2769 2548 2836; x_wconf 89' lang='lat' dir='ltr'><strong>igneo</strong></span> <span class='ocrx_word' id='word_1_388' title='bbox 2584 2767 2636 2820; x_wconf 88' lang='lat' dir='ltr'><strong>in</strong></span> <span class='ocrx_word' id='word_1_389' title='bbox 2677 2766 2910 2821; x_wconf 87' lang='lat' dir='ltr'><strong>sublime</strong></span> <span class='ocrx_word' id='word_1_390' title='bbox 2943 2774 3132 2837; x_wconf 89' lang='lat' dir='ltr'><strong>raptus</strong></span> <span class='ocrx_word' id='word_1_391' title='bbox 3156 2777 3256 2831; x_wconf 85' lang='lat' dir='ltr'><strong>est,</strong></span> <span class='ocrx_word' id='word_1_392' title='bbox 3283 2775 3338 2822; x_wconf 91' lang='lat' dir='ltr'><strong>et</strong></span> <span class='ocrx_word' id='word_1_393' title='bbox 3367 2775 3492 2819; x_wconf 84' lang='lat' dir='ltr'><strong>ante</strong></span> 
     </span>
    </p>
   </div>
   <div class='ocr_carea' id='block_1_58' title="bbox 1935 2855 3482 2921">
    <p class='ocr_par' dir='ltr' id='par_1_58' title="bbox 1935 2855 3482 2921">
     <span class='ocr_line' id='line_1_58' title="bbox 1935 2855 3482 2921; baseline -0.004 -10"><span class='ocrx_word' id='word_1_394' title='bbox 1935 2858 2085 2912; x_wconf 89' lang='lat' dir='ltr'><strong>illum</strong></span> <span class='ocrx_word' id='word_1_395' title='bbox 2115 2857 2325 2918; x_wconf 87' lang='lat' dir='ltr'><strong>Euoch,</strong></span> <span class='ocrx_word' id='word_1_396' title='bbox 2364 2871 2548 2910; x_wconf 89' lang='lat' dir='ltr'><strong>verum</strong></span> <span class='ocrx_word' id='word_1_397' title='bbox 2598 2871 2706 2911; x_wconf 90' lang='lat' dir='ltr'><strong>non</strong></span> <span class='ocrx_word' id='word_1_398' title='bbox 2741 2856 2793 2909; x_wconf 84' lang='lat' dir='ltr'><strong>in</strong></span> <span class='ocrx_word' id='word_1_399' title='bbox 2828 2857 3049 2921; x_wconf 64' lang='lat' dir='ltr'><strong>caelum,</strong></span> <span class='ocrx_word' id='word_1_400' title='bbox 3079 2856 3171 2910; x_wconf 86' lang='lat' dir='ltr'><strong>sed</strong></span> <span class='ocrx_word' id='word_1_401' title='bbox 3210 2857 3261 2909; x_wconf 92' lang='lat' dir='ltr'><strong>in</strong></span> <span class='ocrx_word' id='word_1_402' title='bbox 3317 2855 3482 2909; x_wconf 85' lang='lat' dir='ltr'><strong>alium</strong></span> 
     </span>
    </p>
   </div>
   <div class='ocr_carea' id='block_1_59' title="bbox 1935 2946 3490 3018">
    <p class='ocr_par' dir='ltr' id='par_1_59' title="bbox 1935 2946 3490 3018">
     <span class='ocr_line' id='line_1_59' title="bbox 1935 2946 3490 3018; baseline -0.003 -18"><span class='ocrx_word' id='word_1_403' title='bbox 1935 2947 2224 3018; x_wconf 86' lang='lat' dir='ltr'><strong>quemdam</strong></span> <span class='ocrx_word' id='word_1_404' title='bbox 2272 2947 2474 3008; x_wconf 90' lang='lat' dir='ltr'><strong>locum,</strong></span> <span class='ocrx_word' id='word_1_405' title='bbox 2509 2962 2613 3000; x_wconf 86' lang='lat' dir='ltr'><strong>non</strong></span> <span class='ocrx_word' id='word_1_406' title='bbox 2652 2948 2764 3014; x_wconf 87' lang='lat' dir='ltr'><strong>ipse</strong></span> <span class='ocrx_word' id='word_1_407' title='bbox 2792 2946 3007 3014; x_wconf 79' lang='lat' dir='ltr'><strong>quidem</strong></span> <span class='ocrx_word' id='word_1_408' title='bbox 3048 2962 3076 2999; x_wconf 89' lang='lat' dir='ltr'><strong>a</strong></span> <span class='ocrx_word' id='word_1_409' title='bbox 3122 2961 3183 3001; x_wconf 83' lang='lat' dir='ltr'><strong>se</strong></span> <span class='ocrx_word' id='word_1_410' title='bbox 3215 2947 3354 3016; x_wconf 90' lang='lat' dir='ltr'><strong>ipso,</strong></span> <span class='ocrx_word' id='word_1_411' title='bbox 3397 2946 3490 2999; x_wconf 85' lang='lat' dir='ltr'><strong>sed</strong></span> 
     </span>
    </p>
   </div>
   <div class='ocr_carea' id='block_1_60' title="bbox 1937 3034 3491 3104">
    <p class='ocr_par' dir='ltr' id='par_1_60' title="bbox 1937 3034 3491 3104">
     <span class='ocr_line' id='line_1_60' title="bbox 1937 3034 3491 3104; baseline -0.002 -13"><span class='ocrx_word' id='word_1_412' title='bbox 1937 3048 2116 3092; x_wconf 86' lang='lat' dir='ltr'><strong>tamen</strong></span> <span class='ocrx_word' id='word_1_413' title='bbox 2153 3038 2454 3091; x_wconf 88' lang='lat' dir='ltr'><strong>translatus</strong></span> <span class='ocrx_word' id='word_1_414' title='bbox 2487 3047 2587 3090; x_wconf 89' lang='lat' dir='ltr'><strong>est.</strong></span> <span class='ocrx_word' id='word_1_415' title='bbox 2613 3034 2753 3102; x_wconf 87' lang='lat' dir='ltr'><strong>Quid</strong></span> <span class='ocrx_word' id='word_1_416' title='bbox 2785 3037 2888 3090; x_wconf 88' lang='lat' dir='ltr'><strong>ista</strong></span> <span class='ocrx_word' id='word_1_417' title='bbox 2924 3037 2990 3089; x_wconf 91' lang='lat' dir='ltr'><strong>ad</strong></span> <span class='ocrx_word' id='word_1_418' title='bbox 3017 3051 3078 3090; x_wconf 90' lang='lat' dir='ltr'><strong>ea</strong></span> <span class='ocrx_word' id='word_1_419' title='bbox 3104 3052 3222 3104; x_wconf 68' lang='lat' dir='ltr'><strong>qua:</strong></span> <span class='ocrx_word' id='word_1_420' title='bbox 3253 3037 3306 3089; x_wconf 90' lang='lat' dir='ltr'><strong>in</strong></span> <span class='ocrx_word' id='word_1_421' title='bbox 3333 3036 3491 3088; x_wconf 86' lang='lat' dir='ltr'><strong>nobis</strong></span> 
     </span>
    </p>
   </div>
   <div class='ocr_carea' id='block_1_61' title="bbox 274 3124 3490 3198">
    <p class='ocr_par' dir='ltr' id='par_1_61' title="bbox 274 3124 3490 3198">
     <span class='ocr_line' id='line_1_61' title="bbox 274 3124 3490 3198; baseline -0.003 -13"><span class='ocrx_word' id='word_1_422' title='bbox 274 3147 340 3186; x_wconf 87' lang='lat' dir='ltr'><strong>ac</strong></span> <span class='ocrx_word' id='word_1_423' title='bbox 368 3129 605 3198; x_wconf 85' lang='lat' dir='ltr'><strong>dispelli,</strong></span> <span class='ocrx_word' id='word_1_424' title='bbox 641 3137 692 3183; x_wconf 90' lang='lat' dir='ltr'><strong>et</strong></span> <span class='ocrx_word' id='word_1_425' title='bbox 722 3127 776 3181; x_wconf 92' lang='lat' dir='ltr'><strong>in</strong></span> <span class='ocrx_word' id='word_1_426' title='bbox 822 3127 1014 3196; x_wconf 87' lang='lat' dir='ltr'><strong>requie</strong></span> <span class='ocrx_word' id='word_1_427' title='bbox 1045 3141 1108 3179; x_wconf 83' lang='lat' dir='ltr'><strong>ac</strong></span> <span class='ocrx_word' id='word_1_428' title='bbox 1135 3127 1280 3192; x_wconf 87' lang='lat' dir='ltr'><strong>luce,</strong></span> <span class='ocrx_word' id='word_1_429' title='bbox 1311 3136 1366 3181; x_wconf 88' lang='lat' dir='ltr'><strong>et</strong></span> <span class='ocrx_word' id='word_1_430' title='bbox 1390 3126 1646 3180; x_wconf 75' lang='lat' dir='ltr'><strong>(mitione</strong></span> <span class='ocrx_word' id='word_1_431' title='bbox 1674 3126 1836 3190; x_wconf 81' lang='lat' dir='ltr'><strong>Iumi-</strong></span> <span class='ocrx_word' id='word_1_432' title='bbox 1863 3134 1906 3190; x_wconf 73' lang='grc' dir='ltr'>ο</span> <span class='ocrx_word' id='word_1_433' title='bbox 1942 3126 2110 3179; x_wconf 88' lang='lat' dir='ltr'><strong>ﬁunt?</strong></span> <span class='ocrx_word' id='word_1_434' title='bbox 2139 3140 2378 3193; x_wconf 69' lang='lat' dir='ltr'><strong>quaenam</strong></span> <span class='ocrx_word' id='word_1_435' title='bbox 2415 3124 2617 3178; x_wconf 77' lang='lat' dir='ltr'><strong>umbrae</strong></span> <span class='ocrx_word' id='word_1_436' title='bbox 2643 3138 2763 3177; x_wconf 89' lang='lat' dir='ltr'><strong>cum</strong></span> <span class='ocrx_word' id='word_1_437' title='bbox 2794 3124 3039 3189; x_wconf 80' lang='lat' dir='ltr'><strong>veritate,</strong></span> <span class='ocrx_word' id='word_1_438' title='bbox 3068 3134 3161 3178; x_wconf 91' lang='lat' dir='ltr'><strong>aut</strong></span> <span class='ocrx_word' id='word_1_439' title='bbox 3183 3139 3301 3194; x_wconf 73' lang='lat' dir='ltr'><strong>quae</strong></span> <span class='ocrx_word' id='word_1_440' title='bbox 3327 3126 3490 3192; x_wconf 90' lang='lat' dir='ltr'><strong>spiri-</strong></span> 
     </span>
    </p>
   </div>
   <div class='ocr_carea' id='block_1_62' title="bbox 276 3216 1837 3291">
    <p class='ocr_par' dir='ltr' id='par_1_62' title="bbox 276 3216 1837 3291">
     <span class='ocr_line' id='line_1_62' title="bbox 276 3216 1837 3291; baseline -0.004 -14"><span class='ocrx_word' id='word_1_441' title='bbox 276 3223 362 3278; x_wconf 86' lang='lat' dir='ltr'><strong>nis</strong></span> <span class='ocrx_word' id='word_1_442' title='bbox 395 3237 491 3291; x_wconf 90' lang='lat' dir='ltr'><strong>per</strong></span> <span class='ocrx_word' id='word_1_443' title='bbox 523 3220 769 3274; x_wconf 83' lang='lat' dir='ltr'><strong>divinum</strong></span> <span class='ocrx_word' id='word_1_444' title='bbox 802 3216 1072 3287; x_wconf 86' lang='lat' dir='ltr'><strong>Spiritum</strong></span> <span class='ocrx_word' id='word_1_445' title='bbox 1126 3225 1279 3271; x_wconf 90' lang='lat' dir='ltr'><strong>tuum</strong></span> <span class='ocrx_word' id='word_1_446' title='bbox 1312 3218 1494 3272; x_wconf 88' lang='lat' dir='ltr'><strong>subito</strong></span> <span class='ocrx_word' id='word_1_447' title='bbox 1518 3233 1603 3272; x_wconf 91' lang='lat' dir='ltr'><strong>me</strong></span> <span class='ocrx_word' id='word_1_448' title='bbox 1632 3219 1837 3272; x_wconf 57' lang='lat' dir='ltr'><strong>conati-</strong></span> 
     </span>
    </p>
   </div>
   <div class='ocr_carea' id='block_1_63' title="bbox 275 3308 1835 3377">
    <p class='ocr_par' dir='ltr' id='par_1_63' title="bbox 275 3308 1835 3377">
     <span class='ocr_line' id='line_1_63' title="bbox 275 3308 1835 3377; baseline -0.003 -10"><span class='ocrx_word' id='word_1_449' title='bbox 275 3313 378 3367; x_wconf 91' lang='lat' dir='ltr'><strong>tui.</strong></span> <span class='ocrx_word' id='word_1_450' title='bbox 413 3312 538 3365; x_wconf 89' lang='lat' dir='ltr'><strong>Scio</strong></span> <span class='ocrx_word' id='word_1_451' title='bbox 571 3309 956 3364; x_wconf 89' lang='lat' dir='ltr'><strong>tribulationes</strong></span> <span class='ocrx_word' id='word_1_452' title='bbox 989 3308 1222 3372; x_wconf 78' lang='lat' dir='ltr'><strong>fumum,</strong></span> <span class='ocrx_word' id='word_1_453' title='bbox 1251 3309 1609 3377; x_wconf 76' lang='lat' dir='ltr'><strong>cogitationes</strong></span> <span class='ocrx_word' id='word_1_454' title='bbox 1665 3309 1835 3362; x_wconf 89' lang='lat' dir='ltr'><strong>malas</strong></span> 
     </span>
    </p>
   </div>
   <div class='ocr_carea' id='block_1_64' title="bbox 276 3396 1837 3466">
    <p class='ocr_par' dir='ltr' id='par_1_64' title="bbox 276 3396 1837 3466">
     <span class='ocr_line' id='line_1_64' title="bbox 276 3396 1837 3466; baseline -0.005 -10"><span class='ocrx_word' id='word_1_455' title='bbox 276 3403 556 3462; x_wconf 86' lang='lat' dir='ltr'><strong>tenebras,</strong></span> <span class='ocrx_word' id='word_1_456' title='bbox 594 3399 924 3454; x_wconf 86' lang='lat' dir='ltr'><strong>tentationes</strong></span> <span class='ocrx_word' id='word_1_457' title='bbox 959 3397 1169 3466; x_wconf 84' lang='lat' dir='ltr'><strong>jacula,</strong></span> <span class='ocrx_word' id='word_1_458' title='bbox 1220 3396 1621 3452; x_wconf 84' lang='lat' dir='ltr'><strong>sollicitudines</strong></span> <span class='ocrx_word' id='word_1_459' title='bbox 1651 3397 1837 3466; x_wconf 84' lang='lat' dir='ltr'><strong>caligi-</strong></span> 
     </span>
    </p>
   </div>
   <div class='ocr_carea' id='block_1_65' title="bbox 276 3487 1835 3560">
    <p class='ocr_par' dir='ltr' id='par_1_65' title="bbox 276 3487 1835 3560">
     <span class='ocr_line' id='line_1_65' title="bbox 276 3487 1835 3560; baseline -0.006 -12"><span class='ocrx_word' id='word_1_460' title='bbox 276 3509 425 3557; x_wconf 87' lang='lat' dir='ltr'><strong>nem,</strong></span> <span class='ocrx_word' id='word_1_461' title='bbox 480 3489 768 3560; x_wconf 77' lang='lat' dir='ltr'><strong>passiones</strong></span> <span class='ocrx_word' id='word_1_462' title='bbox 819 3488 1031 3544; x_wconf 87' lang='lat' dir='ltr'><strong>belluas</strong></span> <span class='ocrx_word' id='word_1_463' title='bbox 1061 3487 1266 3552; x_wconf 84' lang='lat' dir='ltr'><strong>vocari,</strong></span> <span class='ocrx_word' id='word_1_464' title='bbox 1298 3502 1330 3540; x_wconf 89' lang='lat' dir='ltr'><strong>a</strong></span> <span class='ocrx_word' id='word_1_465' title='bbox 1371 3487 1572 3555; x_wconf 88' lang='lat' dir='ltr'><strong>quibus</strong></span> <span class='ocrx_word' id='word_1_466' title='bbox 1610 3488 1736 3540; x_wconf 81' lang='lat' dir='ltr'><strong>oliui</strong></span> <span class='ocrx_word' id='word_1_467' title='bbox 1773 3487 1835 3539; x_wconf 85' lang='lat' dir='ltr'><strong>li-</strong></span> 
     </span>
    </p>
   </div>
   <div class='ocr_carea' id='block_1_66' title="bbox 274 3574 1834 3645">
    <p class='ocr_par' dir='ltr' id='par_1_66' title="bbox 274 3574 1834 3645">
     <span class='ocr_line' id='line_1_66' title="bbox 274 3574 1834 3645; baseline -0.006 -7"><span class='ocrx_word' id='word_1_468' title='bbox 274 3582 505 3645; x_wconf 88' lang='lat' dir='ltr'><strong>berasti,</strong></span> <span class='ocrx_word' id='word_1_469' title='bbox 549 3589 602 3635; x_wconf 88' lang='lat' dir='ltr'><strong>et</strong></span> <span class='ocrx_word' id='word_1_470' title='bbox 662 3574 859 3633; x_wconf 87' lang='lat' dir='ltr'><strong>eruisti</strong></span> <span class='ocrx_word' id='word_1_471' title='bbox 910 3593 1033 3641; x_wconf 87' lang='lat' dir='ltr'><strong>me;</strong></span> <span class='ocrx_word' id='word_1_472' title='bbox 1091 3585 1145 3631; x_wconf 87' lang='lat' dir='ltr'><strong>et</strong></span> <span class='ocrx_word' id='word_1_473' title='bbox 1199 3577 1525 3631; x_wconf 87' lang='lat' dir='ltr'><strong>illucescens</strong></span> <span class='ocrx_word' id='word_1_474' title='bbox 1578 3577 1834 3645; x_wconf 83' lang='lat' dir='ltr'><strong>paulatim</strong></span> 
     </span>
    </p>
   </div>
   <div class='ocr_carea' id='block_1_67' title="bbox 275 3666 1836 3734">
    <p class='ocr_par' dir='ltr' id='par_1_67' title="bbox 275 3666 1836 3734">
     <span class='ocr_line' id='line_1_67' title="bbox 275 3666 1836 3734; baseline -0.006 -7"><span class='ocrx_word' id='word_1_475' title='bbox 275 3674 408 3728; x_wconf 79' lang='lat' dir='ltr'><strong>mihi</strong></span> <span class='ocrx_word' id='word_1_476' title='bbox 436 3673 645 3726; x_wconf 87' lang='lat' dir='ltr'><strong>lumine</strong></span> <span class='ocrx_word' id='word_1_477' title='bbox 671 3677 786 3734; x_wconf 91' lang='lat' dir='ltr'><strong>tuo,</strong></span> <span class='ocrx_word' id='word_1_478' title='bbox 815 3669 982 3723; x_wconf 86' lang='lat' dir='ltr'><strong>etiam</strong></span> <span class='ocrx_word' id='word_1_479' title='bbox 1016 3681 1160 3721; x_wconf 89' lang='lat' dir='ltr'><strong>nunc</strong></span> <span class='ocrx_word' id='word_1_480' title='bbox 1187 3666 1239 3719; x_wconf 93' lang='lat' dir='ltr'><strong>in</strong></span> <span class='ocrx_word' id='word_1_481' title='bbox 1270 3666 1462 3720; x_wconf 90' lang='lat' dir='ltr'><strong>horum</strong></span> <span class='ocrx_word' id='word_1_482' title='bbox 1493 3667 1676 3720; x_wconf 89' lang='lat' dir='ltr'><strong>medio</strong></span> <span class='ocrx_word' id='word_1_483' title='bbox 1713 3683 1836 3720; x_wconf 86' lang='lat' dir='ltr'><strong>ver-</strong></span> 
     </span>
    </p>
   </div>
   <div class='ocr_carea' id='block_1_68' title="bbox 275 3757 1835 3821">
    <p class='ocr_par' dir='ltr' id='par_1_68' title="bbox 275 3757 1835 3821">
     <span class='ocr_line' id='line_1_68' title="bbox 275 3757 1835 3821; baseline -0.004 -3"><span class='ocrx_word' id='word_1_484' title='bbox 275 3771 490 3819; x_wconf 82' lang='lat' dir='ltr'><strong>santem</strong></span> <span class='ocrx_word' id='word_1_485' title='bbox 535 3777 619 3815; x_wconf 90' lang='lat' dir='ltr'><strong>me</strong></span> <span class='ocrx_word' id='word_1_486' title='bbox 641 3760 1047 3815; x_wconf 87' lang='lat' dir='ltr'><strong>invulneratum</strong></span> <span class='ocrx_word' id='word_1_487' title='bbox 1080 3757 1348 3821; x_wconf 91' lang='lat' dir='ltr'><strong>custodis,</strong></span> <span class='ocrx_word' id='word_1_488' title='bbox 1395 3766 1490 3810; x_wconf 92' lang='lat' dir='ltr'><strong>tuo</strong></span> <span class='ocrx_word' id='word_1_489' title='bbox 1525 3759 1723 3812; x_wconf 86' lang='lat' dir='ltr'><strong>lumine</strong></span> <span class='ocrx_word' id='word_1_490' title='bbox 1750 3774 1835 3811; x_wconf 88' lang='lat' dir='ltr'><strong>me</strong></span> 
     </span>
    </p>
   </div>
   <div class='ocr_carea' id='block_1_69' title="bbox 276 3848 1836 3926">
    <p class='ocr_par' dir='ltr' id='par_1_69' title="bbox 276 3848 1836 3926">
     <span class='ocr_line' id='line_1_69' title="bbox 276 3848 1836 3926; baseline -0.007 -17"><span class='ocrx_word' id='word_1_491' title='bbox 276 3863 594 3926; x_wconf 80' lang='lat' dir='ltr'><strong>protegens.</strong></span> <span class='ocrx_word' id='word_1_492' title='bbox 634 3849 772 3916; x_wconf 84' lang='lat' dir='ltr'><strong>Quia</strong></span> <span class='ocrx_word' id='word_1_493' title='bbox 815 3863 944 3905; x_wconf 87' lang='lat' dir='ltr'><strong>vero</strong></span> <span class='ocrx_word' id='word_1_494' title='bbox 971 3848 1234 3914; x_wconf 85' lang='lat' dir='ltr'><strong>delinquo</strong></span> <span class='ocrx_word' id='word_1_495' title='bbox 1274 3862 1416 3915; x_wconf 81' lang='lat' dir='ltr'><strong>saepe</strong></span> <span class='ocrx_word' id='word_1_496' title='bbox 1446 3848 1836 3911; x_wconf 77' lang='lat' dir='ltr'><strong>admodum,et</strong></span> 
     </span>
    </p>
   </div>
   <div class='ocr_carea' id='block_1_70' title="bbox 277 3936 1834 4008">
    <p class='ocr_par' dir='ltr' id='par_1_70' title="bbox 277 3936 1834 4008">
     <span class='ocr_line' id='line_1_70' title="bbox 277 3936 1834 4008; baseline -0.003 -13"><span class='ocrx_word' id='word_1_497' title='bbox 277 3944 334 3996; x_wconf 89' lang='lat' dir='ltr'><strong>iu</strong></span> <span class='ocrx_word' id='word_1_498' title='bbox 369 3942 530 3994; x_wconf 88' lang='lat' dir='ltr'><strong>horas</strong></span> <span class='ocrx_word' id='word_1_499' title='bbox 560 3953 747 4008; x_wconf 89' lang='lat' dir='ltr'><strong>pecco,</strong></span> <span class='ocrx_word' id='word_1_500' title='bbox 780 3937 933 4007; x_wconf 88' lang='lat' dir='ltr'><strong>quia,</strong></span> <span class='ocrx_word' id='word_1_501' title='bbox 962 3936 1215 4005; x_wconf 83' lang='lat' dir='ltr'><strong>inquam,</strong></span> <span class='ocrx_word' id='word_1_502' title='bbox 1251 3936 1417 3990; x_wconf 74' lang='lat' dir='ltr'><strong>eﬂero</strong></span> <span class='ocrx_word' id='word_1_503' title='bbox 1447 3953 1530 3989; x_wconf 90' lang='lat' dir='ltr'><strong>me</strong></span> <span class='ocrx_word' id='word_1_504' title='bbox 1548 3938 1834 3991; x_wconf 85' lang='lat' dir='ltr'><strong>adversum</strong></span> 
     </span>
    </p>
   </div>
   <div class='ocr_carea' id='block_1_71' title="bbox 277 4024 1837 4101">
    <p class='ocr_par' dir='ltr' id='par_1_71' title="bbox 277 4024 1837 4101">
     <span class='ocr_line' id='line_1_71' title="bbox 277 4024 1837 4101; baseline -0.004 -14"><span class='ocrx_word' id='word_1_505' title='bbox 277 4043 352 4097; x_wconf 86' lang='lat' dir='ltr'><strong>te,</strong></span> <span class='ocrx_word' id='word_1_506' title='bbox 384 4033 512 4101; x_wconf 84' lang='lat' dir='ltr'><strong>quia</strong></span> <span class='ocrx_word' id='word_1_507' title='bbox 542 4030 695 4082; x_wconf 89' lang='lat' dir='ltr'><strong>irrito</strong></span> <span class='ocrx_word' id='word_1_508' title='bbox 722 4038 796 4094; x_wconf 89' lang='lat' dir='ltr'><strong>te,</strong></span> <span class='ocrx_word' id='word_1_509' title='bbox 854 4026 1073 4096; x_wconf 88' lang='lat' dir='ltr'><strong>indigeo</strong></span> <span class='ocrx_word' id='word_1_510' title='bbox 1121 4024 1837 4095; x_wconf 75' lang='lat' dir='ltr'><strong>misericordicastigatioue</strong></span> 
     </span>
    </p>
   </div>
   <div class='ocr_carea' id='block_1_72' title="bbox 275 4114 1838 4190">
    <p class='ocr_par' dir='ltr' id='par_1_72' title="bbox 275 4114 1838 4190">
     <span class='ocr_line' id='line_1_72' title="bbox 275 4114 1838 4190; baseline -0.008 -12"><span class='ocrx_word' id='word_1_511' title='bbox 275 4132 391 4186; x_wconf 88' lang='lat' dir='ltr'><strong>tua,</strong></span> <span class='ocrx_word' id='word_1_512' title='bbox 420 4135 583 4190; x_wconf 85' lang='lat' dir='ltr'><strong>quam</strong></span> <span class='ocrx_word' id='word_1_513' title='bbox 617 4121 974 4174; x_wconf 83' lang='lat' dir='ltr'><strong>vehementer</strong></span> <span class='ocrx_word' id='word_1_514' title='bbox 1011 4117 1064 4170; x_wconf 89' lang='lat' dir='ltr'><strong>in</strong></span> <span class='ocrx_word' id='word_1_515' title='bbox 1109 4131 1198 4170; x_wconf 91' lang='lat' dir='ltr'><strong>me</strong></span> <span class='ocrx_word' id='word_1_516' title='bbox 1226 4114 1526 4168; x_wconf 77' lang='lat' dir='ltr'><strong>adhibitam</strong></span> <span class='ocrx_word' id='word_1_517' title='bbox 1553 4115 1728 4169; x_wconf 89' lang='lat' dir='ltr'><strong>sentio</strong></span> <span class='ocrx_word' id='word_1_518' title='bbox 1753 4115 1838 4167; x_wconf 86' lang='lat' dir='ltr'><strong>di-</strong></span> 
     </span>
    </p>
   </div>
   <div class='ocr_carea' id='block_1_73' title="bbox 277 4205 1836 4278">
    <p class='ocr_par' dir='ltr' id='par_1_73' title="bbox 277 4205 1836 4278">
     <span class='ocr_line' id='line_1_73' title="bbox 277 4205 1836 4278; baseline -0.004 -13"><span class='ocrx_word' id='word_1_519' title='bbox 277 4213 392 4266; x_wconf 84' lang='lat' dir='ltr'><strong>vini</strong></span> <span class='ocrx_word' id='word_1_520' title='bbox 440 4225 659 4265; x_wconf 85' lang='lat' dir='ltr'><strong>recessu</strong></span> <span class='ocrx_word' id='word_1_521' title='bbox 712 4209 958 4272; x_wconf 87' lang='lat' dir='ltr'><strong>luminis,</strong></span> <span class='ocrx_word' id='word_1_522' title='bbox 997 4208 1144 4278; x_wconf 86' lang='lat' dir='ltr'><strong>quod</strong></span> <span class='ocrx_word' id='word_1_523' title='bbox 1188 4207 1404 4274; x_wconf 75' lang='lat' dir='ltr'><strong>tegebat</strong></span> <span class='ocrx_word' id='word_1_524' title='bbox 1438 4221 1545 4260; x_wconf 90' lang='lat' dir='ltr'><strong>me.</strong></span> <span class='ocrx_word' id='word_1_525' title='bbox 1594 4205 1664 4262; x_wconf 88' lang='lat' dir='ltr'><strong>Ut</strong></span> <span class='ocrx_word' id='word_1_526' title='bbox 1691 4207 1836 4260; x_wconf 87' lang='lat' dir='ltr'><strong>enim</strong></span> 
     </span>
    </p>
   </div>
   <div class='ocr_carea' id='block_1_74' title="bbox 277 4298 1840 4373">
    <p class='ocr_par' dir='ltr' id='par_1_74' title="bbox 277 4298 1840 4373">
     <span class='ocr_line' id='line_1_74' title="bbox 277 4298 1840 4373; baseline -0.003 -17"><span class='ocrx_word' id='word_1_527' title='bbox 277 4307 394 4373; x_wconf 80' lang='lat' dir='ltr'><strong>sole</strong></span> <span class='ocrx_word' id='word_1_528' title='bbox 442 4304 732 4357; x_wconf 88' lang='lat' dir='ltr'><strong>occidente</strong></span> <span class='ocrx_word' id='word_1_529' title='bbox 759 4316 865 4355; x_wconf 85' lang='lat' dir='ltr'><strong>uox</strong></span> <span class='ocrx_word' id='word_1_530' title='bbox 917 4309 972 4354; x_wconf 93' lang='lat' dir='ltr'><strong>et</strong></span> <span class='ocrx_word' id='word_1_531' title='bbox 1015 4300 1253 4354; x_wconf 61' lang='lat' dir='ltr'><strong>tenebrae</strong></span> <span class='ocrx_word' id='word_1_532' title='bbox 1295 4300 1575 4367; x_wconf 89' lang='lat' dir='ltr'><strong>ingruunt,</strong></span> <span class='ocrx_word' id='word_1_533' title='bbox 1627 4306 1677 4351; x_wconf 90' lang='lat' dir='ltr'><strong>et</strong></span> <span class='ocrx_word' id='word_1_534' title='bbox 1713 4298 1840 4352; x_wconf 77' lang='lat' dir='ltr'><strong>l&#39;era:</strong></span> 
     </span>
    </p>
   </div>
   <div class='ocr_carea' id='block_1_75' title="bbox 276 4390 1832 4461">
    <p class='ocr_par' dir='ltr' id='par_1_75' title="bbox 276 4390 1832 4461">
     <span class='ocr_line' id='line_1_75' title="bbox 276 4390 1832 4461; baseline -0.006 -11"><span class='ocrx_word' id='word_1_535' title='bbox 276 4409 468 4450; x_wconf 82' lang='lat' dir='ltr'><strong>omnes</strong></span> <span class='ocrx_word' id='word_1_536' title='bbox 495 4395 559 4447; x_wconf 88' lang='lat' dir='ltr'><strong>ad</strong></span> <span class='ocrx_word' id='word_1_537' title='bbox 592 4403 807 4461; x_wconf 88' lang='lat' dir='ltr'><strong>pastum</strong></span> <span class='ocrx_word' id='word_1_538' title='bbox 851 4400 1056 4446; x_wconf 82' lang='lat' dir='ltr'><strong>exeunt</strong></span> <span class='ocrx_word' id='word_1_539' title='bbox 1087 4405 1105 4443; x_wconf 93' lang='lat'><strong><em>:</em></strong></span> <span class='ocrx_word' id='word_1_540' title='bbox 1131 4392 1212 4444; x_wconf 89' lang='lat' dir='ltr'><strong>sic</strong></span> <span class='ocrx_word' id='word_1_541' title='bbox 1240 4391 1327 4442; x_wconf 88' lang='lat' dir='ltr'><strong>ubi</strong></span> <span class='ocrx_word' id='word_1_542' title='bbox 1353 4404 1438 4443; x_wconf 84' lang='lat' dir='ltr'><strong>me.</strong></span> <span class='ocrx_word' id='word_1_543' title='bbox 1474 4390 1655 4442; x_wconf 86' lang='lat' dir='ltr'><strong>lumen</strong></span> <span class='ocrx_word' id='word_1_544' title='bbox 1682 4397 1832 4441; x_wconf 91' lang='lat' dir='ltr'><strong>tuum</strong></span> 
     </span>
    </p>
   </div>
   <div class='ocr_carea' id='block_1_76' title="bbox 279 4464 1910 4551">
    <p class='ocr_par' dir='ltr' id='par_1_76' title="bbox 279 4464 1910 4551">
     <span class='ocr_line' id='line_1_76' title="bbox 279 4464 1910 4551; baseline -0.006 -11"><span class='ocrx_word' id='word_1_545' title='bbox 279 4485 548 4546; x_wconf 83' lang='lat' dir='ltr'><strong>deseruit,</strong></span> <span class='ocrx_word' id='word_1_546' title='bbox 581 4485 730 4537; x_wconf 88' lang='lat' dir='ltr'><strong>illico</strong></span> <span class='ocrx_word' id='word_1_547' title='bbox 758 4484 884 4537; x_wconf 74' lang='lat' dir='ltr'><strong>vita:</strong></span> <span class='ocrx_word' id='word_1_548' title='bbox 916 4482 1080 4551; x_wconf 85' lang='lat' dir='ltr'><strong>hujus</strong></span> <span class='ocrx_word' id='word_1_549' title='bbox 1119 4481 1377 4542; x_wconf 76' lang='lat' dir='ltr'><strong>tenebrte,</strong></span> <span class='ocrx_word' id='word_1_550' title='bbox 1411 4494 1475 4532; x_wconf 90' lang='lat' dir='ltr'><strong>ac</strong></span> <span class='ocrx_word' id='word_1_551' title='bbox 1511 4481 1732 4548; x_wconf 83' lang='lat' dir='ltr'><strong>pelagus</strong></span> <span class='ocrx_word' id='word_1_552' title='bbox 1759 4479 1832 4531; x_wconf 88' lang='lat' dir='ltr'><strong>ir-</strong></span> <span class='ocrx_word' id='word_1_553' title='bbox 1869 4464 1910 4519; x_wconf 74' lang='grc' dir='ltr'><strong>Ι)</strong></span> 
     </span>
    </p>
   </div>
   <div class='ocr_carea' id='block_1_77' title="bbox 277 4572 1837 4646">
    <p class='ocr_par' dir='ltr' id='par_1_77' title="bbox 277 4572 1837 4646">
     <span class='ocr_line' id='line_1_77' title="bbox 277 4572 1837 4646; baseline -0.001 -20"><span class='ocrx_word' id='word_1_554' title='bbox 277 4577 651 4646; x_wconf 83' lang='lat' dir='ltr'><strong>requietarum</strong></span> <span class='ocrx_word' id='word_1_555' title='bbox 708 4575 1097 4644; x_wconf 85' lang='lat' dir='ltr'><strong>cogitationum</strong></span> <span class='ocrx_word' id='word_1_556' title='bbox 1153 4587 1238 4626; x_wconf 90' lang='lat' dir='ltr'><strong>me</strong></span> <span class='ocrx_word' id='word_1_557' title='bbox 1297 4572 1558 4635; x_wconf 86' lang='lat' dir='ltr'><strong>obruunt,</strong></span> <span class='ocrx_word' id='word_1_558' title='bbox 1610 4579 1663 4625; x_wconf 91' lang='lat' dir='ltr'><strong>et</strong></span> <span class='ocrx_word' id='word_1_559' title='bbox 1710 4575 1837 4626; x_wconf 68' lang='lat' dir='ltr'><strong>fera:</strong></span> 
     </span>
    </p>
   </div>
   <div class='ocr_carea' id='block_1_78' title="bbox 281 4661 1838 4728">
    <p class='ocr_par' dir='ltr' id='par_1_78' title="bbox 281 4661 1838 4728">
     <span class='ocr_line' id='line_1_78' title="bbox 281 4661 1838 4728; baseline -0.005 -6"><span class='ocrx_word' id='word_1_560' title='bbox 281 4668 624 4722; x_wconf 77' lang='lat' dir='ltr'><strong>turbidarum</strong></span> <span class='ocrx_word' id='word_1_561' title='bbox 705 4673 947 4717; x_wconf 88' lang='lat' dir='ltr'><strong>motuum</strong></span> <span class='ocrx_word' id='word_1_562' title='bbox 1034 4678 1121 4717; x_wconf 88' lang='lat' dir='ltr'><strong>me</strong></span> <span class='ocrx_word' id='word_1_563' title='bbox 1198 4662 1480 4723; x_wconf 83' lang='lat' dir='ltr'><strong>devorant,</strong></span> <span class='ocrx_word' id='word_1_564' title='bbox 1536 4661 1838 4728; x_wconf 81' lang='lat' dir='ltr'><strong>jaculisque</strong></span> 
     </span>
    </p>
   </div>
   <div class='ocr_carea' id='block_1_79' title="bbox 281 4750 1837 4825">
    <p class='ocr_par' dir='ltr' id='par_1_79' title="bbox 281 4750 1837 4825">
     <span class='ocr_line' id='line_1_79' title="bbox 281 4750 1837 4825; baseline -0.008 -10"><span class='ocrx_word' id='word_1_565' title='bbox 281 4761 701 4823; x_wconf 81' lang='lat' dir='ltr'><strong>omnigenarum</strong></span> <span class='ocrx_word' id='word_1_566' title='bbox 757 4756 1156 4825; x_wconf 85' lang='lat' dir='ltr'><strong>cogitationum</strong></span> <span class='ocrx_word' id='word_1_567' title='bbox 1209 4753 1484 4807; x_wconf 86' lang='lat' dir='ltr'><strong>vulneror.</strong></span> <span class='ocrx_word' id='word_1_568' title='bbox 1516 4750 1616 4805; x_wconf 86' lang='lat' dir='ltr'><strong>Ubi</strong></span> <span class='ocrx_word' id='word_1_569' title='bbox 1646 4765 1837 4803; x_wconf 88' lang='lat' dir='ltr'><strong>rursus</strong></span> 
     </span>
    </p>
   </div>
   <div class='ocr_carea' id='block_1_80' title="bbox 281 4840 1838 4920">
    <p class='ocr_par' dir='ltr' id='par_1_80' title="bbox 281 4840 1838 4920">
     <span class='ocr_line' id='line_1_80' title="bbox 281 4840 1838 4920; baseline -0.004 -19"><span class='ocrx_word' id='word_1_570' title='bbox 281 4850 484 4920; x_wconf 81' lang='lat' dir='ltr'><strong>pietate</strong></span> <span class='ocrx_word' id='word_1_571' title='bbox 517 4854 849 4910; x_wconf 85' lang='lat' dir='ltr'><strong>commotus,</strong></span> <span class='ocrx_word' id='word_1_572' title='bbox 881 4847 983 4897; x_wconf 88' lang='lat' dir='ltr'><strong>mei</strong></span> <span class='ocrx_word' id='word_1_573' title='bbox 1014 4847 1278 4898; x_wconf 87' lang='lat' dir='ltr'><strong>misertus</strong></span> <span class='ocrx_word' id='word_1_574' title='bbox 1314 4843 1505 4900; x_wconf 75' lang='lat' dir='ltr'><strong>fueris,</strong></span> <span class='ocrx_word' id='word_1_575' title='bbox 1547 4855 1592 4895; x_wconf 88' lang='lat' dir='ltr'><strong>et</strong></span> <span class='ocrx_word' id='word_1_576' title='bbox 1630 4840 1838 4894; x_wconf 69' lang='lat' dir='ltr'><strong>ili-biles</strong></span> 
     </span>
    </p>
   </div>
   <div class='ocr_carea' id='block_1_81' title="bbox 280 4933 1834 5001">
    <p class='ocr_par' dir='ltr' id='par_1_81' title="bbox 280 4933 1834 5001">
     <span class='ocr_line' id='line_1_81' title="bbox 280 4933 1834 5001; baseline -0.007 -7"><span class='ocrx_word' id='word_1_577' title='bbox 280 4940 704 4994; x_wconf 84' lang='lat' dir='ltr'><strong>lamentationes</strong></span> <span class='ocrx_word' id='word_1_578' title='bbox 752 4952 900 4989; x_wconf 87' lang='lat' dir='ltr'><strong>meas</strong></span> <span class='ocrx_word' id='word_1_579' title='bbox 950 4935 1288 4998; x_wconf 84' lang='lat' dir='ltr'><strong>exaudieris,</strong></span> <span class='ocrx_word' id='word_1_580' title='bbox 1324 4933 1666 5001; x_wconf 78' lang='lat' dir='ltr'><strong>gemitusque</strong></span> <span class='ocrx_word' id='word_1_581' title='bbox 1708 4947 1834 4999; x_wconf 88' lang='lat' dir='ltr'><strong>per-</strong></span> 
     </span>
    </p>
   </div>
   <div class='ocr_carea' id='block_1_82' title="bbox 277 5025 1832 5102">
    <p class='ocr_par' dir='ltr' id='par_1_82' title="bbox 277 5025 1832 5102">
     <span class='ocr_line' id='line_1_82' title="bbox 277 5025 1832 5102; baseline -0.009 -14"><span class='ocrx_word' id='word_1_582' title='bbox 277 5035 518 5102; x_wconf 87' lang='lat' dir='ltr'><strong>ceperis,</strong></span> <span class='ocrx_word' id='word_1_583' title='bbox 552 5042 607 5084; x_wconf 89' lang='lat' dir='ltr'><strong>et</strong></span> <span class='ocrx_word' id='word_1_584' title='bbox 643 5032 910 5099; x_wconf 82' lang='lat' dir='ltr'><strong>lacrymas</strong></span> <span class='ocrx_word' id='word_1_585' title='bbox 943 5027 1256 5092; x_wconf 66' lang='lat' dir='ltr'><strong>admiseris,</strong></span> <span class='ocrx_word' id='word_1_586' title='bbox 1286 5034 1337 5078; x_wconf 87' lang='lat' dir='ltr'><strong>et</strong></span> <span class='ocrx_word' id='word_1_587' title='bbox 1372 5025 1437 5079; x_wconf 87' lang='lat' dir='ltr'><strong>ad</strong></span> <span class='ocrx_word' id='word_1_588' title='bbox 1473 5026 1832 5077; x_wconf 89' lang='lat' dir='ltr'><strong>humilitatem</strong></span> 
     </span>
    </p>
   </div>
   <div class='ocr_carea' id='block_1_83' title="bbox 277 5113 1836 5188">
    <p class='ocr_par' dir='ltr' id='par_1_83' title="bbox 277 5113 1836 5188">
     <span class='ocr_line' id='line_1_83' title="bbox 277 5113 1836 5188; baseline -0.008 -12"><span class='ocrx_word' id='word_1_589' title='bbox 277 5135 464 5178; x_wconf 80' lang='lat' dir='ltr'><strong>meam</strong></span> <span class='ocrx_word' id='word_1_590' title='bbox 525 5119 796 5188; x_wconf 73' lang='lat' dir='ltr'><strong>respicere</strong></span> <span class='ocrx_word' id='word_1_591' title='bbox 852 5115 1116 5178; x_wconf 84' lang='lat' dir='ltr'><strong>volueris,</strong></span> <span class='ocrx_word' id='word_1_592' title='bbox 1149 5114 1239 5182; x_wconf 88' lang='lat' dir='ltr'><strong>qui</strong></span> <span class='ocrx_word' id='word_1_593' title='bbox 1307 5113 1654 5181; x_wconf 81' lang='lat' dir='ltr'><strong>inexpiabilia</strong></span> <span class='ocrx_word' id='word_1_594' title='bbox 1708 5127 1836 5180; x_wconf 83' lang='lat' dir='ltr'><strong>pec-</strong></span> 
     </span>
    </p>
   </div>
   <div class='ocr_carea' id='block_1_84' title="bbox 277 5203 1832 5278">
    <p class='ocr_par' dir='ltr' id='par_1_84' title="bbox 277 5203 1832 5278">
     <span class='ocr_line' id='line_1_84' title="bbox 277 5203 1832 5278; baseline -0.008 -12"><span class='ocrx_word' id='word_1_595' title='bbox 277 5213 421 5275; x_wconf 79' lang='lat' dir='ltr'><strong>cavi,</strong></span> <span class='ocrx_word' id='word_1_596' title='bbox 455 5211 644 5278; x_wconf 85' lang='lat' dir='ltr'><strong>procul</strong></span> <span class='ocrx_word' id='word_1_597' title='bbox 684 5216 741 5260; x_wconf 91' lang='lat' dir='ltr'><strong>ut</strong></span> <span class='ocrx_word' id='word_1_598' title='bbox 776 5208 933 5262; x_wconf 81' lang='lat' dir='ltr'><strong>stella</strong></span> <span class='ocrx_word' id='word_1_599' title='bbox 963 5205 1219 5259; x_wconf 78' lang='lat' dir='ltr'><strong>exoriens</strong></span> <span class='ocrx_word' id='word_1_600' title='bbox 1241 5204 1465 5267; x_wconf 88' lang='lat' dir='ltr'><strong>videris,</strong></span> <span class='ocrx_word' id='word_1_601' title='bbox 1497 5213 1548 5256; x_wconf 90' lang='lat' dir='ltr'><strong>et</strong></span> <span class='ocrx_word' id='word_1_602' title='bbox 1579 5203 1832 5272; x_wconf 81' lang='lat' dir='ltr'><strong>paulatim</strong></span> 
     </span>
    </p>
   </div>
   <div class='ocr_carea' id='block_1_85' title="bbox 276 5295 1832 5369">
    <p class='ocr_par' dir='ltr' id='par_1_85' title="bbox 276 5295 1832 5369">
     <span class='ocr_line' id='line_1_85' title="bbox 276 5295 1832 5369; baseline -0.01 -12"><span class='ocrx_word' id='word_1_603' title='bbox 276 5303 527 5357; x_wconf 88' lang='lat' dir='ltr'><strong>dilataris</strong></span> <span class='ocrx_word' id='word_1_604' title='bbox 576 5303 706 5369; x_wconf 90' lang='lat' dir='ltr'><strong>(non</strong></span> <span class='ocrx_word' id='word_1_605' title='bbox 758 5308 813 5350; x_wconf 90' lang='lat' dir='ltr'><strong>tu</strong></span> <span class='ocrx_word' id='word_1_606' title='bbox 858 5297 974 5367; x_wconf 85' lang='lat' dir='ltr'><strong>ipse</strong></span> <span class='ocrx_word' id='word_1_607' title='bbox 1030 5297 1131 5349; x_wconf 90' lang='lat' dir='ltr'><strong>hoc</strong></span> <span class='ocrx_word' id='word_1_608' title='bbox 1182 5297 1417 5364; x_wconf 88' lang='lat' dir='ltr'><strong>patiens,</strong></span> <span class='ocrx_word' id='word_1_609' title='bbox 1452 5295 1547 5347; x_wconf 85' lang='lat' dir='ltr'><strong>sed</strong></span> <span class='ocrx_word' id='word_1_610' title='bbox 1601 5301 1832 5345; x_wconf 87' lang='lat' dir='ltr'><strong>mentem</strong></span> 
     </span>
    </p>
   </div>
   <div class='ocr_carea' id='block_1_86' title="bbox 275 5386 1833 5456">
    <p class='ocr_par' dir='ltr' id='par_1_86' title="bbox 275 5386 1833 5456">
     <span class='ocr_line' id='line_1_86' title="bbox 275 5386 1833 5456; baseline -0.008 -8"><span class='ocrx_word' id='word_1_611' title='bbox 275 5396 424 5450; x_wconf 78' lang='lat' dir='ltr'><strong>servi</strong></span> <span class='ocrx_word' id='word_1_612' title='bbox 459 5398 535 5446; x_wconf 89' lang='lat' dir='ltr'><strong>tui</strong></span> <span class='ocrx_word' id='word_1_613' title='bbox 565 5393 629 5444; x_wconf 90' lang='lat' dir='ltr'><strong>ad</strong></span> <span class='ocrx_word' id='word_1_614' title='bbox 665 5389 953 5444; x_wconf 84' lang='lat' dir='ltr'><strong>videndum</strong></span> <span class='ocrx_word' id='word_1_615' title='bbox 988 5387 1282 5456; x_wconf 83' lang='lat' dir='ltr'><strong>aperiens).</strong></span> <span class='ocrx_word' id='word_1_616' title='bbox 1315 5388 1516 5440; x_wconf 89' lang='lat' dir='ltr'><strong>sensim</strong></span> <span class='ocrx_word' id='word_1_617' title='bbox 1563 5386 1756 5453; x_wconf 86' lang='lat' dir='ltr'><strong>major,</strong></span> <span class='ocrx_word' id='word_1_618' title='bbox 1780 5394 1833 5438; x_wconf 87' lang='lat' dir='ltr'><strong>et</strong></span> 
     </span>
    </p>
   </div>
   <div class='ocr_carea' id='block_1_87' title="bbox 275 5476 1831 5547">
    <p class='ocr_par' dir='ltr' id='par_1_87' title="bbox 275 5476 1831 5547">
     <span class='ocr_line' id='line_1_87' title="bbox 275 5476 1831 5547; baseline -0.008 -6"><span class='ocrx_word' id='word_1_619' title='bbox 275 5487 458 5542; x_wconf 79' lang='lat' dir='ltr'><strong>instar</strong></span> <span class='ocrx_word' id='word_1_620' title='bbox 506 5480 640 5534; x_wconf 90' lang='lat' dir='ltr'><strong>solis</strong></span> <span class='ocrx_word' id='word_1_621' title='bbox 669 5478 935 5533; x_wconf 81' lang='lat' dir='ltr'><strong>eerneris.</strong></span> <span class='ocrx_word' id='word_1_622' title='bbox 968 5476 1327 5547; x_wconf 85' lang='lat' dir='ltr'><strong>Fugientibus</strong></span> <span class='ocrx_word' id='word_1_623' title='bbox 1374 5476 1590 5546; x_wconf 82' lang='lat' dir='ltr'><strong>quippe,</strong></span> <span class='ocrx_word' id='word_1_624' title='bbox 1619 5486 1671 5530; x_wconf 88' lang='lat' dir='ltr'><strong>et</strong></span> <span class='ocrx_word' id='word_1_625' title='bbox 1696 5492 1831 5529; x_wconf 88' lang='lat' dir='ltr'><strong>.cva-</strong></span> 
     </span>
    </p>
   </div>
   <div class='ocr_carea' id='block_1_88' title="bbox 277 5569 1832 5637">
    <p class='ocr_par' dir='ltr' id='par_1_88' title="bbox 277 5569 1832 5637">
     <span class='ocr_line' id='line_1_88' title="bbox 277 5569 1832 5637; baseline -0.008 -3"><span class='ocrx_word' id='word_1_626' title='bbox 277 5573 638 5634; x_wconf 77' lang='lat' dir='ltr'><strong>nesceulibus</strong></span> <span class='ocrx_word' id='word_1_627' title='bbox 680 5571 917 5625; x_wconf 88' lang='lat' dir='ltr'><strong>tenebris</strong></span> <span class='ocrx_word' id='word_1_628' title='bbox 948 5570 1202 5625; x_wconf 79' lang='lat' dir='ltr'><strong>advenire</strong></span> <span class='ocrx_word' id='word_1_629' title='bbox 1234 5578 1285 5624; x_wconf 84' lang='lat' dir='ltr'><strong>te</strong></span> <span class='ocrx_word' id='word_1_630' title='bbox 1316 5577 1466 5636; x_wconf 79' lang='lat' dir='ltr'><strong>puto,</strong></span> <span class='ocrx_word' id='word_1_631' title='bbox 1509 5569 1599 5637; x_wconf 92' lang='lat' dir='ltr'><strong>qui</strong></span> <span class='ocrx_word' id='word_1_632' title='bbox 1633 5569 1832 5637; x_wconf 78' lang='lat' dir='ltr'><strong>ubique</strong></span> 
     </span>
    </p>
   </div>
   <div class='ocr_carea' id='block_1_89' title="bbox 345 5755 765 5824">
    <p class='ocr_par' dir='ltr' id='par_1_89' title="bbox 345 5755 765 5824">
     <span class='ocr_line' id='line_1_89' title="bbox 345 5755 765 5824; baseline -0.007 -12"><span class='ocrx_word' id='word_1_633' title='bbox 345 5758 390 5794; x_wconf 79' lang='grc'>⁸⁸</span> <span class='ocrx_word' id='word_1_634' title='bbox 421 5755 594 5813; x_wconf 87' lang='lat' dir='ltr'><strong>lCor.</strong></span> <span class='ocrx_word' id='word_1_635' title='bbox 620 5772 678 5824; x_wconf 86' lang='grc' dir='ltr'>ιι,</span> <span class='ocrx_word' id='word_1_636' title='bbox 710 5756 765 5813; x_wconf 82' lang='lat'><strong>9.</strong></span> 
     </span>
    </p>
   </div>
   <div class='ocr_carea' id='block_1_90' title="bbox 1939 3212 3492 3276">
    <p class='ocr_par' dir='ltr' id='par_1_90' title="bbox 1939 3212 3492 3276">
     <span class='ocr_line' id='line_1_90' title="bbox 1939 3212 3492 3276; baseline -0.003 -8"><span class='ocrx_word' id='word_1_637' title='bbox 1939 3225 2028 3272; x_wconf 88' lang='lat' dir='ltr'><strong>tus</strong></span> <span class='ocrx_word' id='word_1_638' title='bbox 2053 3212 2450 3275; x_wconf 87' lang='lat' dir='ltr'><strong>ministratorii,</strong></span> <span class='ocrx_word' id='word_1_639' title='bbox 2480 3227 2541 3267; x_wconf 91' lang='lat' dir='ltr'><strong>ac</strong></span> <span class='ocrx_word' id='word_1_640' title='bbox 2570 3213 2880 3276; x_wconf 85' lang='lat' dir='ltr'><strong>servientis,</strong></span> <span class='ocrx_word' id='word_1_641' title='bbox 2907 3227 3027 3265; x_wconf 90' lang='lat' dir='ltr'><strong>cum</strong></span> <span class='ocrx_word' id='word_1_642' title='bbox 3058 3212 3264 3276; x_wconf 89' lang='lat' dir='ltr'><strong>divino,</strong></span> <span class='ocrx_word' id='word_1_643' title='bbox 3297 3221 3350 3266; x_wconf 90' lang='lat' dir='ltr'><strong>et</strong></span> <span class='ocrx_word' id='word_1_644' title='bbox 3379 3212 3492 3264; x_wconf 84' lang='lat' dir='ltr'><strong>Do-</strong></span> 
     </span>
    </p>
   </div>
   <div class='ocr_carea' id='block_1_91' title="bbox 1935 3305 3493 3375">
    <p class='ocr_par' dir='ltr' id='par_1_91' title="bbox 1935 3305 3493 3375">
     <span class='ocr_line' id='line_1_91' title="bbox 1935 3305 3493 3375; baseline -0.005 -14"><span class='ocrx_word' id='word_1_645' title='bbox 1935 3307 2155 3368; x_wconf 90' lang='lat' dir='ltr'><strong>minico,</strong></span> <span class='ocrx_word' id='word_1_646' title='bbox 2182 3305 2424 3360; x_wconf 89' lang='lat' dir='ltr'><strong>omnium</strong></span> <span class='ocrx_word' id='word_1_647' title='bbox 2467 3305 2684 3372; x_wconf 86' lang='lat' dir='ltr'><strong>opitiee,</strong></span> <span class='ocrx_word' id='word_1_648' title='bbox 2732 3310 2786 3356; x_wconf 91' lang='lat' dir='ltr'><strong>et</strong></span> <span class='ocrx_word' id='word_1_649' title='bbox 2826 3311 3207 3372; x_wconf 85' lang='lat' dir='ltr'><strong>quamcunque</strong></span> <span class='ocrx_word' id='word_1_650' title='bbox 3248 3311 3493 3375; x_wconf 25' lang='lat' dir='ltr'><strong>creatam.</strong></span> 
     </span>
    </p>
   </div>
   <div class='ocr_carea' id='block_1_92' title="bbox 1935 3392 3488 3463">
    <p class='ocr_par' dir='ltr' id='par_1_92' title="bbox 1935 3392 3488 3463">
     <span class='ocr_line' id='line_1_92' title="bbox 1935 3392 3488 3463; baseline -0.005 -11"><span class='ocrx_word' id='word_1_651' title='bbox 1935 3407 2180 3452; x_wconf 89' lang='lat' dir='ltr'><strong>naturam</strong></span> <span class='ocrx_word' id='word_1_652' title='bbox 2223 3395 2578 3450; x_wconf 81' lang='lat' dir='ltr'><strong>conﬁrmante</strong></span> <span class='ocrx_word' id='word_1_653' title='bbox 2610 3403 2662 3448; x_wconf 89' lang='lat' dir='ltr'><strong>et</strong></span> <span class='ocrx_word' id='word_1_654' title='bbox 2688 3395 3074 3448; x_wconf 88' lang='lat' dir='ltr'><strong>corroborante</strong></span> <span class='ocrx_word' id='word_1_655' title='bbox 3104 3392 3309 3463; x_wconf 88' lang='lat' dir='ltr'><strong>Spiritu</strong></span> <span class='ocrx_word' id='word_1_656' title='bbox 3341 3408 3488 3447; x_wconf 85' lang='lat' dir='ltr'><strong>eom-</strong></span> 
     </span>
    </p>
   </div>
   <div class='ocr_carea' id='block_1_93' title="bbox 1936 3485 3486 3560">
    <p class='ocr_par' dir='ltr' id='par_1_93' title="bbox 1936 3485 3486 3560">
     <span class='ocr_line' id='line_1_93' title="bbox 1936 3485 3486 3560; baseline -0.003 -19"><span class='ocrx_word' id='word_1_657' title='bbox 1936 3487 2186 3560; x_wconf 83' lang='lat' dir='ltr'><strong>paratio?</strong></span> <span class='ocrx_word' id='word_1_658' title='bbox 2227 3487 2348 3539; x_wconf 83' lang='lat' dir='ltr'><strong>Alia</strong></span> <span class='ocrx_word' id='word_1_659' title='bbox 2385 3494 2647 3539; x_wconf 71' lang='lat' dir='ltr'><strong>creaturae</strong></span> <span class='ocrx_word' id='word_1_660' title='bbox 2691 3494 2838 3546; x_wconf 87' lang='lat' dir='ltr'><strong>sunt,</strong></span> <span class='ocrx_word' id='word_1_661' title='bbox 2872 3486 2987 3554; x_wconf 88' lang='lat' dir='ltr'><strong>ipse</strong></span> <span class='ocrx_word' id='word_1_662' title='bbox 3040 3485 3265 3538; x_wconf 84' lang='lat' dir='ltr'><strong>Creator</strong></span> <span class='ocrx_word' id='word_1_663' title='bbox 3313 3485 3486 3549; x_wconf 86' lang='lat' dir='ltr'><strong>solus,</strong></span> 
     </span>
    </p>
   </div>
   <div class='ocr_carea' id='block_1_94' title="bbox 1938 3574 3490 3645">
    <p class='ocr_par' dir='ltr' id='par_1_94' title="bbox 1938 3574 3490 3645">
     <span class='ocr_line' id='line_1_94' title="bbox 1938 3574 3490 3645; baseline -0.006 -11"><span class='ocrx_word' id='word_1_664' title='bbox 1938 3588 2125 3645; x_wconf 88' lang='lat' dir='ltr'><strong>utpote</strong></span> <span class='ocrx_word' id='word_1_665' title='bbox 2159 3594 2186 3630; x_wconf 91' lang='lat' dir='ltr'><strong>a</strong></span> <span class='ocrx_word' id='word_1_666' title='bbox 2216 3577 2374 3632; x_wconf 88' lang='lat' dir='ltr'><strong>Patre</strong></span> <span class='ocrx_word' id='word_1_667' title='bbox 2400 3585 2454 3631; x_wconf 90' lang='lat' dir='ltr'><strong>et</strong></span> <span class='ocrx_word' id='word_1_668' title='bbox 2480 3575 2617 3628; x_wconf 87' lang='lat' dir='ltr'><strong>Filio</strong></span> <span class='ocrx_word' id='word_1_669' title='bbox 2645 3575 3042 3644; x_wconf 88' lang='lat' dir='ltr'><strong>inseparabilis.</strong></span> <span class='ocrx_word' id='word_1_670' title='bbox 3071 3574 3212 3628; x_wconf 87' lang='lat' dir='ltr'><strong>Deus</strong></span> <span class='ocrx_word' id='word_1_671' title='bbox 3235 3574 3346 3628; x_wconf 70' lang='lat' dir='ltr'><strong>lucc</strong></span> <span class='ocrx_word' id='word_1_672' title='bbox 3368 3576 3490 3638; x_wconf 87' lang='lat' dir='ltr'><strong>tria,</strong></span> 
     </span>
    </p>
   </div>
   <div class='ocr_carea' id='block_1_95' title="bbox 1938 3665 3494 3738">
    <p class='ocr_par' dir='ltr' id='par_1_95' title="bbox 1938 3665 3494 3738">
     <span class='ocr_line' id='line_1_95' title="bbox 1938 3665 3494 3738; baseline -0.005 -12"><span class='ocrx_word' id='word_1_673' title='bbox 1938 3671 2176 3725; x_wconf 82' lang='lat' dir='ltr'><strong>Trinitas</strong></span> <span class='ocrx_word' id='word_1_674' title='bbox 2215 3670 2410 3738; x_wconf 87' lang='lat' dir='ltr'><strong>quippe</strong></span> <span class='ocrx_word' id='word_1_675' title='bbox 2444 3683 2585 3723; x_wconf 87' lang='lat' dir='ltr'><strong>unus</strong></span> <span class='ocrx_word' id='word_1_676' title='bbox 2611 3667 2753 3720; x_wconf 89' lang='lat' dir='ltr'><strong>Deus</strong></span> <span class='ocrx_word' id='word_1_677' title='bbox 2781 3676 2884 3720; x_wconf 89' lang='lat' dir='ltr'><strong>est.</strong></span> <span class='ocrx_word' id='word_1_678' title='bbox 2918 3665 3034 3735; x_wconf 90' lang='lat' dir='ltr'><strong>Ipsa</strong></span> <span class='ocrx_word' id='word_1_679' title='bbox 3058 3666 3224 3726; x_wconf 89' lang='lat' dir='ltr'><strong>omni,</strong></span> <span class='ocrx_word' id='word_1_680' title='bbox 3255 3682 3350 3721; x_wconf 91' lang='lat' dir='ltr'><strong>seu</strong></span> <span class='ocrx_word' id='word_1_681' title='bbox 3376 3668 3494 3719; x_wconf 87' lang='lat' dir='ltr'><strong>uui-</strong></span> 
     </span>
    </p>
   </div>
   <div class='ocr_carea' id='block_1_96' title="bbox 1937 3755 3489 3825">
    <p class='ocr_par' dir='ltr' id='par_1_96' title="bbox 1937 3755 3489 3825">
     <span class='ocr_line' id='line_1_96' title="bbox 1937 3755 3489 3825; baseline -0.007 -10"><span class='ocrx_word' id='word_1_682' title='bbox 1937 3762 2180 3817; x_wconf 81' lang='lat' dir='ltr'><strong>versitati</strong></span> <span class='ocrx_word' id='word_1_683' title='bbox 2213 3770 2273 3814; x_wconf 90' lang='lat' dir='ltr'><strong>ut</strong></span> <span class='ocrx_word' id='word_1_684' title='bbox 2302 3767 2469 3822; x_wconf 83' lang='lat' dir='ltr'><strong>esset,</strong></span> <span class='ocrx_word' id='word_1_685' title='bbox 2501 3758 2752 3820; x_wconf 85' lang='lat' dir='ltr'><strong>contulit,</strong></span> <span class='ocrx_word' id='word_1_686' title='bbox 2803 3757 2918 3825; x_wconf 90' lang='lat' dir='ltr'><strong>ipsa</strong></span> <span class='ocrx_word' id='word_1_687' title='bbox 2973 3755 3225 3824; x_wconf 88' lang='lat' dir='ltr'><strong>produxit</strong></span> <span class='ocrx_word' id='word_1_688' title='bbox 3271 3759 3489 3818; x_wconf 67' lang='lat' dir='ltr'><strong>omnia;</strong></span> 
     </span>
    </p>
   </div>
   <div class='ocr_carea' id='block_1_97' title="bbox 1941 3846 3490 3924">
    <p class='ocr_par' dir='ltr' id='par_1_97' title="bbox 1941 3846 3490 3924">
     <span class='ocr_line' id='line_1_97' title="bbox 1941 3846 3490 3924; baseline -0.007 -15"><span class='ocrx_word' id='word_1_689' title='bbox 1941 3857 2058 3924; x_wconf 90' lang='lat' dir='ltr'><strong>ipsa</strong></span> <span class='ocrx_word' id='word_1_690' title='bbox 2084 3853 2318 3908; x_wconf 79' lang='lat' dir='ltr'><strong>Verbum</strong></span> <span class='ocrx_word' id='word_1_691' title='bbox 2351 3861 2404 3904; x_wconf 90' lang='lat' dir='ltr'><strong>et</strong></span> <span class='ocrx_word' id='word_1_692' title='bbox 2439 3849 2632 3904; x_wconf 84' lang='lat' dir='ltr'><strong>Filium</strong></span> <span class='ocrx_word' id='word_1_693' title='bbox 2666 3846 2847 3900; x_wconf 81' lang='lat' dir='ltr'><strong>Patris</strong></span> <span class='ocrx_word' id='word_1_694' title='bbox 2885 3847 2936 3900; x_wconf 94' lang='lat' dir='ltr'><strong>iu</strong></span> <span class='ocrx_word' id='word_1_695' title='bbox 2964 3846 3166 3900; x_wconf 90' lang='lat' dir='ltr'><strong>mundo</strong></span> <span class='ocrx_word' id='word_1_696' title='bbox 3193 3849 3490 3901; x_wconf 85' lang='lat' dir='ltr'><strong>secundum</strong></span> 
     </span>
    </p>
   </div>
   <div class='ocr_carea' id='block_1_98' title="bbox 1938 3936 3488 4010">
    <p class='ocr_par' dir='ltr' id='par_1_98' title="bbox 1938 3936 3488 4010">
     <span class='ocr_line' id='line_1_98' title="bbox 1938 3936 3488 4010; baseline -0.007 -11"><span class='ocrx_word' id='word_1_697' title='bbox 1938 3958 2157 3999; x_wconf 76' lang='lat' dir='ltr'><strong>carnem</strong></span> <span class='ocrx_word' id='word_1_698' title='bbox 2183 3957 2279 4010; x_wconf 87' lang='lat' dir='ltr'><strong>pro</strong></span> <span class='ocrx_word' id='word_1_699' title='bbox 2311 3942 2482 3995; x_wconf 80' lang='lat' dir='ltr'><strong>salute</strong></span> <span class='ocrx_word' id='word_1_700' title='bbox 2509 3947 2694 3992; x_wconf 86' lang='lat' dir='ltr'><strong>nostra</strong></span> <span class='ocrx_word' id='word_1_701' title='bbox 2719 3938 2940 3998; x_wconf 88' lang='lat' dir='ltr'><strong>creavit,</strong></span> <span class='ocrx_word' id='word_1_702' title='bbox 2970 3953 2996 3988; x_wconf 87' lang='lat' dir='ltr'><strong>a</strong></span> <span class='ocrx_word' id='word_1_703' title='bbox 3024 3936 3182 3991; x_wconf 86' lang='lat' dir='ltr'><strong>Patre</strong></span> <span class='ocrx_word' id='word_1_704' title='bbox 3205 3947 3257 3990; x_wconf 90' lang='lat' dir='ltr'><strong>et</strong></span> <span class='ocrx_word' id='word_1_705' title='bbox 3286 3938 3488 4006; x_wconf 82' lang='lat' dir='ltr'><strong>Spiritu</strong></span> 
     </span>
    </p>
   </div>
   <div class='ocr_carea' id='block_1_99' title="bbox 1939 4028 3493 4103">
    <p class='ocr_par' dir='ltr' id='par_1_99' title="bbox 1939 4028 3493 4103">
     <span class='ocr_line' id='line_1_99' title="bbox 1939 4028 3493 4103; baseline -0.008 -12"><span class='ocrx_word' id='word_1_706' title='bbox 1939 4045 2126 4091; x_wconf 87' lang='lat' dir='ltr'><strong>saneto</strong></span> <span class='ocrx_word' id='word_1_707' title='bbox 2163 4028 2766 4103; x_wconf 59' lang='lat' dir='ltr'><strong>inseparabilem.~Vere</strong></span> <span class='ocrx_word' id='word_1_708' title='bbox 2798 4039 2974 4083; x_wconf 89' lang='lat' dir='ltr'><strong>autem</strong></span> <span class='ocrx_word' id='word_1_709' title='bbox 3006 4037 3335 4097; x_wconf 89' lang='lat' dir='ltr'><strong>superventu</strong></span> <span class='ocrx_word' id='word_1_710' title='bbox 3368 4029 3493 4095; x_wconf 53' lang='lat' dir='ltr'><strong>Spi—</strong></span> 
     </span>
    </p>
   </div>
   <div class='ocr_carea' id='block_1_100' title="bbox 1943 4119 3487 4190">
    <p class='ocr_par' dir='ltr' id='par_1_100' title="bbox 1943 4119 3487 4190">
     <span class='ocr_line' id='line_1_100' title="bbox 1943 4119 3487 4190; baseline -0.006 -9"><span class='ocrx_word' id='word_1_711' title='bbox 1943 4129 2078 4181; x_wconf 88' lang='lat' dir='ltr'><strong>ritus</strong></span> <span class='ocrx_word' id='word_1_712' title='bbox 2111 4127 2446 4184; x_wconf 88' lang='lat' dir='ltr'><strong>incarnatur,</strong></span> <span class='ocrx_word' id='word_1_713' title='bbox 2485 4132 2536 4175; x_wconf 92' lang='lat' dir='ltr'><strong>et</strong></span> <span class='ocrx_word' id='word_1_714' title='bbox 2569 4121 2622 4174; x_wconf 89' lang='lat' dir='ltr'><strong>ﬁt</strong></span> <span class='ocrx_word' id='word_1_715' title='bbox 2657 4121 2798 4190; x_wconf 85' lang='lat' dir='ltr'><strong>quod</strong></span> <span class='ocrx_word' id='word_1_716' title='bbox 2836 4135 2941 4172; x_wconf 93' lang='lat' dir='ltr'><strong>non</strong></span> <span class='ocrx_word' id='word_1_717' title='bbox 2979 4130 3130 4182; x_wconf 81' lang='lat' dir='ltr'><strong>erat,</strong></span> <span class='ocrx_word' id='word_1_718' title='bbox 3167 4119 3328 4173; x_wconf 92' lang='lat' dir='ltr'><strong>homo</strong></span> <span class='ocrx_word' id='word_1_719' title='bbox 3360 4122 3487 4175; x_wconf 79' lang='lat' dir='ltr'><strong>mihi</strong></span> 
     </span>
    </p>
   </div>
   <div class='ocr_carea' id='block_1_101' title="bbox 1939 4210 3486 4284">
    <p class='ocr_par' dir='ltr' id='par_1_101' title="bbox 1939 4210 3486 4284">
     <span class='ocr_line' id='line_1_101' title="bbox 1939 4210 3486 4284; baseline -0.006 -13"><span class='ocrx_word' id='word_1_720' title='bbox 1939 4216 2152 4280; x_wconf 85' lang='lat' dir='ltr'><strong>similis,</strong></span> <span class='ocrx_word' id='word_1_721' title='bbox 2186 4222 2462 4284; x_wconf 75' lang='lat' dir='ltr'><strong>peccatum</strong></span> <span class='ocrx_word' id='word_1_722' title='bbox 2508 4228 2665 4266; x_wconf 90' lang='lat' dir='ltr'><strong>omne</strong></span> <span class='ocrx_word' id='word_1_723' title='bbox 2696 4220 2745 4265; x_wconf 89' lang='lat' dir='ltr'><strong>et</strong></span> <span class='ocrx_word' id='word_1_724' title='bbox 2779 4210 3116 4279; x_wconf 88' lang='lat' dir='ltr'><strong>iniquitatem</strong></span> <span class='ocrx_word' id='word_1_725' title='bbox 3148 4213 3190 4264; x_wconf 82' lang='lat' dir='ltr'><strong>si</strong></span> <span class='ocrx_word' id='word_1_726' title='bbox 3223 4210 3486 4278; x_wconf 74' lang='lat' dir='ltr'><strong>excipias,</strong></span> 
     </span>
    </p>
   </div>
   <div class='ocr_carea' id='block_1_102' title="bbox 1944 4300 3491 4360">
    <p class='ocr_par' dir='ltr' id='par_1_102' title="bbox 1944 4300 3491 4360">
     <span class='ocr_line' id='line_1_102' title="bbox 1944 4300 3491 4360; baseline -0.005 -2"><span class='ocrx_word' id='word_1_727' title='bbox 1944 4305 2082 4360; x_wconf 87' lang='lat' dir='ltr'><strong>Deus</strong></span> <span class='ocrx_word' id='word_1_728' title='bbox 2114 4302 2272 4359; x_wconf 90' lang='lat' dir='ltr'><strong>simul</strong></span> <span class='ocrx_word' id='word_1_729' title='bbox 2307 4311 2360 4356; x_wconf 91' lang='lat' dir='ltr'><strong>et</strong></span> <span class='ocrx_word' id='word_1_730' title='bbox 2387 4302 2549 4357; x_wconf 91' lang='lat' dir='ltr'><strong>homo</strong></span> <span class='ocrx_word' id='word_1_731' title='bbox 2582 4300 2845 4355; x_wconf 81' lang='lat' dir='ltr'><strong>videndus</strong></span> <span class='ocrx_word' id='word_1_732' title='bbox 2880 4301 3131 4354; x_wconf 91' lang='lat' dir='ltr'><strong>omnibus</strong></span> <span class='ocrx_word' id='word_1_733' title='bbox 3179 4301 3380 4355; x_wconf 84' lang='lat' dir='ltr'><strong>habens</strong></span> <span class='ocrx_word' id='word_1_734' title='bbox 3407 4303 3491 4352; x_wconf 79' lang='grc' dir='ltr'>ιΙι-</span> 
     </span>
    </p>
   </div>
   <div class='ocr_carea' id='block_1_103' title="bbox 1944 4390 3488 4462">
    <p class='ocr_par' dir='ltr' id='par_1_103' title="bbox 1944 4390 3488 4462">
     <span class='ocr_line' id='line_1_103' title="bbox 1944 4390 3488 4462; baseline -0.006 -11"><span class='ocrx_word' id='word_1_735' title='bbox 1944 4397 2128 4451; x_wconf 73' lang='lat' dir='ltr'><strong>vinum</strong></span> <span class='ocrx_word' id='word_1_736' title='bbox 2163 4394 2447 4462; x_wconf 88' lang='lat' dir='ltr'><strong>Spiritum,</strong></span> <span class='ocrx_word' id='word_1_737' title='bbox 2498 4393 2588 4462; x_wconf 89' lang='lat' dir='ltr'><strong>qui</strong></span> <span class='ocrx_word' id='word_1_738' title='bbox 2647 4391 2748 4461; x_wconf 86' lang='lat' dir='ltr'><strong>ipsi</strong></span> <span class='ocrx_word' id='word_1_739' title='bbox 2795 4392 3112 4445; x_wconf 82' lang='lat' dir='ltr'><strong>naturaliter</strong></span> <span class='ocrx_word' id='word_1_740' title='bbox 3159 4390 3331 4455; x_wconf 88' lang='lat' dir='ltr'><strong>adest,</strong></span> <span class='ocrx_word' id='word_1_741' title='bbox 3369 4409 3488 4445; x_wconf 80' lang='lat' dir='ltr'><strong>cum</strong></span> 
     </span>
    </p>
   </div>
   <div class='ocr_carea' id='block_1_104' title="bbox 1939 4483 3490 4557">
    <p class='ocr_par' dir='ltr' id='par_1_104' title="bbox 1939 4483 3490 4557">
     <span class='ocr_line' id='line_1_104' title="bbox 1939 4483 3490 4557; baseline -0.006 -16"><span class='ocrx_word' id='word_1_742' title='bbox 1939 4503 2046 4557; x_wconf 87' lang='lat' dir='ltr'><strong>quo</strong></span> <span class='ocrx_word' id='word_1_743' title='bbox 2071 4497 2316 4543; x_wconf 85' lang='lat' dir='ltr'><strong>mortuos</strong></span> <span class='ocrx_word' id='word_1_744' title='bbox 2346 4487 2398 4538; x_wconf 91' lang='lat' dir='ltr'><strong>in</strong></span> <span class='ocrx_word' id='word_1_745' title='bbox 2441 4486 2602 4538; x_wconf 90' lang='lat' dir='ltr'><strong>vitam</strong></span> <span class='ocrx_word' id='word_1_746' title='bbox 2636 4483 2869 4545; x_wconf 88' lang='lat' dir='ltr'><strong>reduxit,</strong></span> <span class='ocrx_word' id='word_1_747' title='bbox 2906 4491 2960 4537; x_wconf 92' lang='lat' dir='ltr'><strong>et</strong></span> <span class='ocrx_word' id='word_1_748' title='bbox 2995 4497 3261 4537; x_wconf 70' lang='lat' dir='ltr'><strong>caecorum</strong></span> <span class='ocrx_word' id='word_1_749' title='bbox 3303 4484 3490 4536; x_wconf 68' lang='lat' dir='ltr'><strong>oculos</strong></span> 
     </span>
    </p>
   </div>
   <div class='ocr_carea' id='block_1_105' title="bbox 1938 4573 3491 4650">
    <p class='ocr_par' dir='ltr' id='par_1_105' title="bbox 1938 4573 3491 4650">
     <span class='ocr_line' id='line_1_105' title="bbox 1938 4573 3491 4650; baseline -0.006 -16"><span class='ocrx_word' id='word_1_750' title='bbox 1938 4581 2170 4650; x_wconf 87' lang='lat' dir='ltr'><strong>aperuit,</strong></span> <span class='ocrx_word' id='word_1_751' title='bbox 2210 4577 2449 4645; x_wconf 83' lang='lat' dir='ltr'><strong>leprosos</strong></span> <span class='ocrx_word' id='word_1_752' title='bbox 2481 4575 2776 4638; x_wconf 80' lang='lat' dir='ltr'><strong>muudavit,</strong></span> <span class='ocrx_word' id='word_1_753' title='bbox 2810 4573 3082 4628; x_wconf 63' lang='lat' dir='ltr'><strong>daemones</strong></span> <span class='ocrx_word' id='word_1_754' title='bbox 3116 4589 3144 4627; x_wconf 90' lang='lat' dir='ltr'><strong>e</strong></span> <span class='ocrx_word' id='word_1_755' title='bbox 3175 4575 3491 4641; x_wconf 74' lang='lat' dir='ltr'><strong>corporibus</strong></span> 
     </span>
    </p>
   </div>
   <div class='ocr_carea' id='block_1_106' title="bbox 1940 4665 3488 4734">
    <p class='ocr_par' dir='ltr' id='par_1_106' title="bbox 1940 4665 3488 4734">
     <span class='ocr_line' id='line_1_106' title="bbox 1940 4665 3488 4734; baseline -0.008 -12"><span class='ocrx_word' id='word_1_756' title='bbox 1940 4668 2192 4722; x_wconf 87' lang='lat' dir='ltr'><strong>humanis</strong></span> <span class='ocrx_word' id='word_1_757' title='bbox 2221 4667 2443 4734; x_wconf 81' lang='lat' dir='ltr'><strong>expulit.</strong></span> <span class='ocrx_word' id='word_1_758' title='bbox 2503 4665 2646 4717; x_wconf 87' lang='lat' dir='ltr'><strong>Idem</strong></span> <span class='ocrx_word' id='word_1_759' title='bbox 2680 4677 2871 4731; x_wconf 86' lang='lat' dir='ltr'><strong>passus</strong></span> <span class='ocrx_word' id='word_1_760' title='bbox 2895 4677 3129 4718; x_wconf 76' lang='lat' dir='ltr'><strong>t&#39;ruccm.</strong></span> <span class='ocrx_word' id='word_1_761' title='bbox 3163 4671 3214 4715; x_wconf 89' lang='lat' dir='ltr'><strong>et</strong></span> <span class='ocrx_word' id='word_1_762' title='bbox 3242 4670 3488 4724; x_wconf 77' lang='lat' dir='ltr'><strong>mortem,</strong></span> 
     </span>
    </p>
   </div>
   <div class='ocr_carea' id='block_1_107' title="bbox 1942 4750 3485 4823">
    <p class='ocr_par' dir='ltr' id='par_1_107' title="bbox 1942 4750 3485 4823">
     <span class='ocr_line' id='line_1_107' title="bbox 1942 4750 3485 4823; baseline -0.007 -11"><span class='ocrx_word' id='word_1_763' title='bbox 1942 4760 1994 4812; x_wconf 89' lang='lat' dir='ltr'><strong>in</strong></span> <span class='ocrx_word' id='word_1_764' title='bbox 2023 4757 2217 4823; x_wconf 91' lang='lat' dir='ltr'><strong>spiritu</strong></span> <span class='ocrx_word' id='word_1_765' title='bbox 2254 4754 2573 4815; x_wconf 85' lang='lat' dir='ltr'><strong>resurrexit,</strong></span> <span class='ocrx_word' id='word_1_766' title='bbox 2622 4759 2671 4804; x_wconf 92' lang='lat' dir='ltr'><strong>et</strong></span> <span class='ocrx_word' id='word_1_767' title='bbox 2709 4752 2759 4802; x_wconf 86' lang='lat' dir='ltr'><strong>iu</strong></span> <span class='ocrx_word' id='word_1_768' title='bbox 2804 4750 2974 4818; x_wconf 87' lang='lat' dir='ltr'><strong>gloria</strong></span> <span class='ocrx_word' id='word_1_769' title='bbox 3015 4759 3328 4818; x_wconf 87' lang='lat' dir='ltr'><strong>assumptus</strong></span> <span class='ocrx_word' id='word_1_770' title='bbox 3369 4761 3485 4808; x_wconf 88' lang='lat' dir='ltr'><strong>est,</strong></span> 
     </span>
    </p>
   </div>
   <div class='ocr_carea' id='block_1_108' title="bbox 1941 4838 3489 4914">
    <p class='ocr_par' dir='ltr' id='par_1_108' title="bbox 1941 4838 3489 4914">
     <span class='ocr_line' id='line_1_108' title="bbox 1941 4838 3489 4914; baseline -0.01 -11"><span class='ocrx_word' id='word_1_771' title='bbox 1941 4849 2293 4914; x_wconf 86' lang='lat' dir='ltr'><strong>semitamque</strong></span> <span class='ocrx_word' id='word_1_772' title='bbox 2319 4844 2370 4894; x_wconf 88' lang='lat' dir='ltr'><strong>in</strong></span> <span class='ocrx_word' id='word_1_773' title='bbox 2396 4844 2589 4896; x_wconf 73' lang='grc' dir='ltr'>ραιιιιιιι</span> <span class='ocrx_word' id='word_1_774' title='bbox 2618 4842 2888 4908; x_wconf 68' lang='lat' dir='ltr'><strong>reputavit</strong></span> <span class='ocrx_word' id='word_1_775' title='bbox 2909 4839 3159 4892; x_wconf 86' lang='lat' dir='ltr'><strong>omnibus</strong></span> <span class='ocrx_word' id='word_1_776' title='bbox 3184 4838 3235 4889; x_wconf 90' lang='lat' dir='ltr'><strong>in</strong></span> <span class='ocrx_word' id='word_1_777' title='bbox 3261 4853 3318 4890; x_wconf 89' lang='lat' dir='ltr'><strong>se</strong></span> <span class='ocrx_word' id='word_1_778' title='bbox 3343 4848 3489 4889; x_wconf 71' lang='lat' dir='ltr'><strong>curta</strong></span> 
     </span>
    </p>
   </div>
   <div class='ocr_carea' id='block_1_109' title="bbox 1943 4928 3486 4994">
    <p class='ocr_par' dir='ltr' id='par_1_109' title="bbox 1943 4928 3486 4994">
     <span class='ocr_line' id='line_1_109' title="bbox 1943 4928 3486 4994; baseline -0.008 -6"><span class='ocrx_word' id='word_1_779' title='bbox 1943 4954 2003 4992; x_wconf 87' lang='lat' dir='ltr'><strong>ac</strong></span> <span class='ocrx_word' id='word_1_780' title='bbox 2035 4938 2184 4988; x_wconf 89' lang='lat' dir='ltr'><strong>ﬁrma</strong></span> <span class='ocrx_word' id='word_1_781' title='bbox 2211 4936 2310 4986; x_wconf 86' lang='lat' dir='ltr'><strong>ﬁde</strong></span> <span class='ocrx_word' id='word_1_782' title='bbox 2340 4932 2705 4994; x_wconf 70' lang='lat' dir='ltr'><strong>credentibus;</strong></span> <span class='ocrx_word' id='word_1_783' title='bbox 2726 4940 2774 4982; x_wconf 84' lang='lat' dir='ltr'><strong>et</strong></span> <span class='ocrx_word' id='word_1_784' title='bbox 2801 4928 3056 4994; x_wconf 78' lang='lat' dir='ltr'><strong>Spiritum</strong></span> <span class='ocrx_word' id='word_1_785' title='bbox 3084 4928 3486 4981; x_wconf 85' lang='lat' dir='ltr'><strong>sanctissimum</strong></span> 
     </span>
    </p>
   </div>
   <div class='ocr_carea' id='block_1_110' title="bbox 1944 5017 3497 5088">
    <p class='ocr_par' dir='ltr' id='par_1_110' title="bbox 1944 5017 3497 5088">
     <span class='ocr_line' id='line_1_110' title="bbox 1944 5017 3497 5088; baseline -0.01 -9"><span class='ocrx_word' id='word_1_786' title='bbox 1944 5028 1997 5080; x_wconf 91' lang='lat' dir='ltr'><strong>in</strong></span> <span class='ocrx_word' id='word_1_787' title='bbox 2029 5039 2217 5079; x_wconf 90' lang='lat' dir='ltr'><strong>omnes</strong></span> <span class='ocrx_word' id='word_1_788' title='bbox 2247 5023 2403 5076; x_wconf 87' lang='lat' dir='ltr'><strong>ﬁdem</strong></span> <span class='ocrx_word' id='word_1_789' title='bbox 2440 5020 2694 5088; x_wconf 91' lang='lat' dir='ltr'><strong>operibus</strong></span> <span class='ocrx_word' id='word_1_790' title='bbox 2724 5018 3011 5084; x_wconf 86' lang='lat' dir='ltr'><strong>probantes</strong></span> <span class='ocrx_word' id='word_1_791' title='bbox 3041 5017 3255 5071; x_wconf 86' lang='lat' dir='ltr'><strong>abunde</strong></span> <span class='ocrx_word' id='word_1_792' title='bbox 3278 5017 3497 5077; x_wconf 61' lang='lat' dir='ltr'><strong>effudit,</strong></span> 
     </span>
    </p>
   </div>
   <div class='ocr_carea' id='block_1_111' title="bbox 1941 5107 3488 5185">
    <p class='ocr_par' dir='ltr' id='par_1_111' title="bbox 1941 5107 3488 5185">
     <span class='ocr_line' id='line_1_111' title="bbox 1941 5107 3488 5185; baseline -0.009 -14"><span class='ocrx_word' id='word_1_793' title='bbox 1941 5129 1992 5172; x_wconf 90' lang='lat' dir='ltr'><strong>et</strong></span> <span class='ocrx_word' id='word_1_794' title='bbox 2024 5134 2169 5171; x_wconf 90' lang='lat' dir='ltr'><strong>nunc</strong></span> <span class='ocrx_word' id='word_1_795' title='bbox 2203 5129 2416 5185; x_wconf 82' lang='lat' dir='ltr'><strong>quoque</strong></span> <span class='ocrx_word' id='word_1_796' title='bbox 2448 5112 2695 5165; x_wconf 83' lang='lat' dir='ltr'><strong>eumdem</strong></span> <span class='ocrx_word' id='word_1_797' title='bbox 2728 5111 2874 5178; x_wconf 80' lang='lat' dir='ltr'><strong>large</strong></span> <span class='ocrx_word' id='word_1_798' title='bbox 2895 5109 2955 5162; x_wconf 84' lang='lat' dir='ltr'><strong>iu</strong></span> <span class='ocrx_word' id='word_1_799' title='bbox 2991 5110 3122 5161; x_wconf 88' lang='lat' dir='ltr'><strong>tales</strong></span> <span class='ocrx_word' id='word_1_800' title='bbox 3151 5107 3400 5171; x_wconf 73' lang='lat' dir='ltr'><strong>eﬂ‘uudit,</strong></span> <span class='ocrx_word' id='word_1_801' title='bbox 3428 5125 3488 5157; x_wconf 52' lang='lat' dir='ltr'><strong>an</strong></span> 
     </span>
    </p>
   </div>
   <div class='ocr_carea' id='block_1_112' title="bbox 1942 5198 3489 5275">
    <p class='ocr_par' dir='ltr' id='par_1_112' title="bbox 1942 5198 3489 5275">
     <span class='ocr_line' id='line_1_112' title="bbox 1942 5198 3489 5275; baseline -0.008 -18"><span class='ocrx_word' id='word_1_802' title='bbox 1942 5223 2037 5275; x_wconf 87' lang='lat' dir='ltr'><strong>per</strong></span> <span class='ocrx_word' id='word_1_803' title='bbox 2087 5207 2258 5274; x_wconf 86' lang='lat' dir='ltr'><strong>ipsum</strong></span> <span class='ocrx_word' id='word_1_804' title='bbox 2311 5204 2440 5257; x_wconf 91' lang='lat' dir='ltr'><strong>deos</strong></span> <span class='ocrx_word' id='word_1_805' title='bbox 2490 5211 2709 5269; x_wconf 81' lang='lat' dir='ltr'><strong>repente</strong></span> <span class='ocrx_word' id='word_1_806' title='bbox 2759 5200 2919 5260; x_wconf 75' lang='lat' dir='ltr'><strong>facit,</strong></span> <span class='ocrx_word' id='word_1_807' title='bbox 2966 5198 3169 5271; x_wconf 82' lang='lat' dir='ltr'><strong>quibus</strong></span> <span class='ocrx_word' id='word_1_808' title='bbox 3208 5199 3489 5254; x_wconf 68' lang='lat' dir='ltr'><strong>conulatan</strong></span> 
     </span>
    </p>
   </div>
   <div class='ocr_carea' id='block_1_113' title="bbox 1941 5288 3490 5361">
    <p class='ocr_par' dir='ltr' id='par_1_113' title="bbox 1941 5288 3490 5361">
     <span class='ocr_line' id='line_1_113' title="bbox 1941 5288 3490 5361; baseline -0.009 -9"><span class='ocrx_word' id='word_1_809' title='bbox 1941 5300 2133 5361; x_wconf 81' lang='lat' dir='ltr'><strong>fuerit;</strong></span> <span class='ocrx_word' id='word_1_810' title='bbox 2178 5305 2231 5350; x_wconf 81' lang='lat' dir='ltr'><strong>et</strong></span> <span class='ocrx_word' id='word_1_811' title='bbox 2277 5295 2366 5347; x_wconf 78' lang='lat' dir='ltr'><strong>i&#39;lle.</strong></span> <span class='ocrx_word' id='word_1_812' title='bbox 2415 5309 2508 5346; x_wconf 87' lang='lat' dir='ltr'><strong>eos</strong></span> <span class='ocrx_word' id='word_1_813' title='bbox 2573 5306 2635 5345; x_wconf 83' lang='lat' dir='ltr'><strong>ex</strong></span> <span class='ocrx_word' id='word_1_814' title='bbox 2694 5289 3006 5344; x_wconf 87' lang='lat' dir='ltr'><strong>hominibus</strong></span> <span class='ocrx_word' id='word_1_815' title='bbox 3083 5288 3490 5341; x_wconf 73' lang='lat' dir='ltr'><strong>imrnutabilitvr</strong></span> 
     </span>
    </p>
   </div>
   <div class='ocr_carea' id='block_1_114' title="bbox 1940 5379 3491 5450">
    <p class='ocr_par' dir='ltr' id='par_1_114' title="bbox 1940 5379 3491 5450">
     <span class='ocr_line' id='line_1_114' title="bbox 1940 5379 3491 5450; baseline -0.009 -6"><span class='ocrx_word' id='word_1_816' title='bbox 1940 5391 2214 5450; x_wconf 85' lang='lat' dir='ltr'><strong>immutat,</strong></span> <span class='ocrx_word' id='word_1_817' title='bbox 2250 5402 2312 5440; x_wconf 91' lang='lat' dir='ltr'><strong>ac</strong></span> <span class='ocrx_word' id='word_1_818' title='bbox 2347 5386 2435 5438; x_wconf 79' lang='grc' dir='ltr'><strong>ἰ)θί</strong></span> <span class='ocrx_word' id='word_1_819' title='bbox 2471 5384 2630 5445; x_wconf 89' lang='lat' dir='ltr'><strong>ﬁlios,</strong></span> <span class='ocrx_word' id='word_1_820' title='bbox 2666 5381 2856 5435; x_wconf 79' lang='lat' dir='ltr'><strong>fratres</strong></span> <span class='ocrx_word' id='word_1_821' title='bbox 2891 5380 3205 5442; x_wconf 84' lang='lat' dir='ltr'><strong>Salvatoris,</strong></span> <span class='ocrx_word' id='word_1_822' title='bbox 3240 5388 3294 5431; x_wconf 88' lang='lat' dir='ltr'><strong>et</strong></span> <span class='ocrx_word' id='word_1_823' title='bbox 3329 5379 3491 5435; x_wconf 64' lang='lat' dir='ltr'><strong>barre-</strong></span> 
     </span>
    </p>
   </div>
   <div class='ocr_carea' id='block_1_115' title="bbox 1941 5468 3484 5549">
    <p class='ocr_par' dir='ltr' id='par_1_115' title="bbox 1941 5468 3484 5549">
     <span class='ocr_line' id='line_1_115' title="bbox 1941 5468 3484 5549; baseline -0.012 -13"><span class='ocrx_word' id='word_1_824' title='bbox 1941 5483 2036 5536; x_wconf 90' lang='lat' dir='ltr'><strong>des</strong></span> <span class='ocrx_word' id='word_1_825' title='bbox 2062 5480 2279 5549; x_wconf 90' lang='lat' dir='ltr'><strong>quidem</strong></span> <span class='ocrx_word' id='word_1_826' title='bbox 2329 5477 2454 5541; x_wconf 88' lang='lat' dir='ltr'><strong>Dei,</strong></span> <span class='ocrx_word' id='word_1_827' title='bbox 2497 5476 2801 5529; x_wconf 62' lang='lat' dir='ltr'><strong>cohaeredes</strong></span> <span class='ocrx_word' id='word_1_828' title='bbox 2832 5484 3006 5525; x_wconf 84' lang='lat' dir='ltr'><strong>autem</strong></span> <span class='ocrx_word' id='word_1_829' title='bbox 3040 5471 3242 5523; x_wconf 87' lang='lat' dir='ltr'><strong>Christi</strong></span> <span class='ocrx_word' id='word_1_830' title='bbox 3277 5468 3437 5522; x_wconf 81' lang='lat' dir='ltr'><strong>efﬁcit</strong></span> <span class='ocrx_word' id='word_1_831' title='bbox 3471 5508 3484 5526; x_wconf 84' lang='lat'><em>.</em></span> 
     </span>
    </p>
   </div>
   <div class='ocr_carea' id='block_1_116' title="bbox 1942 5561 3486 5634">
    <p class='ocr_par' dir='ltr' id='par_1_116' title="bbox 1942 5561 3486 5634">
     <span class='ocr_line' id='line_1_116' title="bbox 1942 5561 3486 5634; baseline -0.01 -6"><span class='ocrx_word' id='word_1_832' title='bbox 1942 5573 2069 5628; x_wconf 86' lang='lat' dir='ltr'><strong>deos</strong></span> <span class='ocrx_word' id='word_1_833' title='bbox 2099 5587 2220 5625; x_wconf 88' lang='lat' dir='ltr'><strong>cum</strong></span> <span class='ocrx_word' id='word_1_834' title='bbox 2249 5570 2352 5623; x_wconf 87' lang='lat' dir='ltr'><strong>Deo</strong></span> <span class='ocrx_word' id='word_1_835' title='bbox 2380 5577 2658 5623; x_wconf 81' lang='lat' dir='ltr'><strong>versantes</strong></span> <span class='ocrx_word' id='word_1_836' title='bbox 2688 5567 2738 5619; x_wconf 89' lang='lat' dir='ltr'><strong>in</strong></span> <span class='ocrx_word' id='word_1_837' title='bbox 2770 5565 2974 5634; x_wconf 83' lang='lat' dir='ltr'><strong>Spiritu</strong></span> <span class='ocrx_word' id='word_1_838' title='bbox 3007 5570 3221 5625; x_wconf 88' lang='lat' dir='ltr'><strong>sancto,</strong></span> <span class='ocrx_word' id='word_1_839' title='bbox 3244 5561 3486 5632; x_wconf 68' lang='lat' dir='ltr'><strong>alligatus</strong></span> 
     </span>
    </p>
   </div>
  </div>
