4156 6344
617 423 720 494 591

610 633 720 687 cile
747 642 869 683 cum
905 624 1124 680 Christo
1156 622 1210 674 in
1242 619 1441 674 cmlum
1486 615 1878 678 ascenderunt,
1914 621 1968 666 et
2012 620 2183 666 totam

615 724 739 777 vita:
766 721 905 775 bene
933 714 1151 788 agendae
1178 710 1442 764 rationem
1477 707 1548 760 ibi
1586 706 1985 774 acquisierunt,
2020 702 2074 756 in
2106 702 2186 754 vi-

615 816 771 870 sione
797 810 1087 873 bonorum,
1116 818 1237 874 quae
1262 802 1458 856 oculus
1496 814 1606 853 non
1635 798 1794 852 vidit.

685 946 824 1013 Quid
859 943 1023 1014 igitur
1064 951 1261 994 currus
1298 936 1512 1006 igneus,
1561 932 1653 1002 qui
1693 931 1865 985 Etiam
1921 926 2188 983 abstulit?

615 1038 747 1111 quid
776 1034 984 1092 Enochi
1016 1029 1340 1088 translatio?
1360 1027 1427 1081 ad
1451 1027 1564 1080 huic
1589 1039 1689 1094 ego
1716 1025 1792 1076 ita
1826 1031 2027 1084 statuo,
2049 1021 2191 1072 sicut

614 1146 768 1185 mare
799 1127 933 1186 olim
964 1125 1116 1195 virga
1147 1121 1409 1185 divisum,
1441 1127 1493 1173 et
1527 1132 1727 1171 manna
1758 1131 1787 1170 e
1810 1115 1951 1169 coelo
1986 1113 2191 1168 cadens

618 1233 781 1295 typus
798 1219 998 1283 solum,
1023 1222 1078 1272 et
1099 1213 1346 1286 symbola
1373 1210 1617 1274 fuerunt,
1645 1222 1793 1262 mare
1819 1203 2189 1273 baptismatis,

616 1292 819 1368 manna
855 1305 1196 1364 Salvatoris:
1230 1301 1421 1356 eodem
1459 1298 1623 1352 modo
1659 1295 1750 1350 illa
1780 1295 1972 1349 horum
2000 1292 2192 1346 adum-

616 1404 950 1464 brationem,
991 1409 1046 1454 et
1084 1394 1328 1467 symbols
1355 1391 1798 1462 quaedam-esse;
1849 1387 2080 1454 horum),
2110 1386 2190 1438 in-

618 1511 806 1570 quam,
840 1487 1254 1558 incomparabili
1283 1483 1626 1547 excellentia,
1653 1488 1708 1534 et
1735 1479 1906 1549 gloria
1939 1478 2195 1548 praedito-

620 1606 768 1655 rum,
799 1595 1064 1658 quantum
1104 1580 1357 1642 videlicet
1395 1579 1698 1632 increatum
1751 1579 1942 1628 creato
1999 1578 2194 1625 natura

621 1681 920 1738 antecellit.
961 1676 1159 1731 Manna
1190 1672 1336 1728 enim
1367 1709 1381 1734 ,
1425 1668 1569 1737 quod
1612 1667 1771 1737 panis
1828 1672 1882 1720 et
1935 1662 2194 1717 alimonia

622 1773 939 1846 angelorum
982 1776 1209 1823 vocatur
1240 1765 1308 1828 ",
1340 1762 1486 1832 quod
1538 1758 1751 1814 Hebraei
1797 1758 1852 1810 in
1901 1754 2197 1808 solitudine

621 1865 1004 1928 comederunt,
1034 1857 1255 1922 defecit,
1275 1856 1461 1925 periit,
1494 1849 1807 1919 mortuique
1831 1858 1959 1903 sunt
1985 1859 2193 1910 omnes,
2227 1847 2275 1906 B

622 1967 675 2014 et
704 1965 946 2026 quotque
979 1967 1045 2007 eo
1083 1947 1487 2007 vescebantur,
1521 1942 1628 1998 non
1662 1940 1788 1995 inde
1816 1940 1983 1993 vitam
2040 1952 2194 1990 asse-

625 2051 957 2122 quebantur.
987 2042 1128 2099 Caro
1163 2046 1347 2094 autem
1382 2033 1601 2091 Domini
1631 2033 1759 2096 mei,
1785 2045 1910 2084 cum
1938 2029 2008 2084 sit
2043 2027 2195 2082 deiﬁ-

624 2116 770 2201 cata,
810 2145 863 2191 et
888 2133 1014 2188 vita:
1042 2129 1221 2197 plena,
1246 2138 1440 2180 omnes
1477 2121 1829 2177 comedentes
1863 2118 1984 2171 vitae
2020 2116 2194 2185 parti-

625 2233 778 2301 cipes
807 2227 954 2290 facit,
985 2231 1036 2276 et
1059 2215 1474 2274 immortalitate
1504 2219 1683 2280 auget.
1725 2208 1877 2262 Facit
1906 2221 2068 2274 porro
2099 2219 2194 2259 eos

628 2297 737 2379 non
766 2318 933 2373 altum
967 2325 1118 2367 mare
1147 2307 1406 2371 transire,
1433 2317 1535 2358 nec
1575 2318 1639 2356 ex
1671 2299 1906 2369 A'lgypto
1944 2298 1998 2351 in
2034 2297 2195 2350 aliam

627 2414 905 2485 regionent
941 2401 1202 2464 traducit,
1237 2413 1360 2468 quae
1386 2409 1606 2451 rursum
1638 2391 1850 2446 fructus
1875 2389 2196 2442 interituros

629 2480 951 2560 hominibus
980 2492 1205 2555 eﬂ'erat;
1242 2488 1337 2544 sed
1373 2500 1476 2540 nec
1507 2499 1604 2554 per
1629 2497 1805 2536 annos
1832 2480 2196 2549 quadraginta

626 2611 727 2652 nos
766 2589 1047 2648 ambulare
1080 2581 1270 2638 mundi
1302 2577 1636 2646 Redemptor
1673 2574 1864 2643 jubet,
1892 2581 1951 2627 ut
1994 2573 2048 2625 in
2083 2581 2196 2624 ter-

627 2702 744 2744 ram
789 2676 1176 2753 promissionis
1204 2671 1595 2733 deveniamus;
1636 2666 1728 2721 sed
1779 2680 1904 2720 cum
1954 2663 2059 2717 tide
2093 2661 2197 2714 mi-

627 2780 771 2834 nime
801 2772 967 2828 dubia
1003 2767 1333 2837 baptizatos,
1381 2762 1664 2829 {actosque
1695 2757 1965 2826 corporis,
1993 2763 2049 2808 et
2074 2768 2200 2807 san-

626 2866 811 2940 guinis
837 2865 956 2934 ejus
984 2859 1299 2931 participes,
1337 2855 1402 2909 ab
1440 2853 1662 2908 interitu
1706 2851 1757 2904 in
1801 2849 1966 2901 vitam
1989 2888 2001 2911 ,
2037 2861 2064 2898 a
2099 2853 2197 2899 te-

629 2935 813 3014 nebris
837 2956 892 3009 in
921 2954 1120 3012 lucem,
1158 2962 1186 3001 a
1215 2955 1358 3000 terra
1390 2945 1442 2998 in
1468 2941 1666 2997 celum
1710 2955 1833 2994 mox
1874 2937 2035 2993 simul
2067 2935 2201 2990 sub-

627 3058 826 3107 vectat.
854 3045 1012 3100 Prius
1060 3056 1146 3096 me
1194 3037 1563 3106 corruptione,
1603 3044 1655 3087 et
1702 3041 1875 3085 morte
1925 3037 2193 3092 exutum,

628 3136 1002 3207 totum,-quod
1039 3131 1271 3203 cognovi
1306 3138 1358 3184 et
1390 3128 1561 3194 sensi,
1597 3126 1649 3178 in
1681 3125 1984 3177 libertatem
2034 3134 2197 3172 asse-

629 3238 774 3300 ruit;
809 3246 872 3286 ac
905 3227 1121 3291 deinde,
1154 3239 1276 3294 qua:
1317 3221 1489 3289 magis
1529 3228 1610 3273 est
1645 3213 1996 3288 suspicienda
2035 3208 2195 3264 novi-

631 3337 734 3390 tas,
759 3298 970 3378 chlum
1009 3332 1094 3372 me
1127 3314 1274 3377 fecit,
1302 3319 1356 3366 et
1396 3311 1451 3363 in
1482 3322 1566 3361 me
1592 3306 1836 3360 omnium
1886 3307 2076 3354 auctor
2107 3298 2202 3351 ha-

629 3414 858 3477 bitavit;
900 3407 1044 3480 quod
1090 3404 1411 3459 benelicium
1454 3396 1658 3452 nemini
1692 3401 1936 3448 veterum
1985 3397 2204 3444 sancto-

627 3522 752 3564 rum
791 3501 1039 3571 contigit.
1066 3497 1204 3553 Olim
1235 3495 1436 3564 quippe
1471 3489 1795 3558 loquebatur
1820 3499 1915 3553 per
1948 3489 2202 3535 sanctum

633 3596 916 3669 Spiritum,
953 3591 1178 3660 ejusque
1212 3587 1413 3639 virtute
1461 3595 1631 3650 opera
1686 3589 1854 3645 supra
1904 3584 2203 3636 naturam,

632 3662 1005 3746 conditionem
1066 3692 1248 3733 rerum
1304 3670 1705 3745 perpetrabat:
1754 3662 2196 3720 substantialiter

636 3794 819 3836 autem
855 3786 1199 3845 nequaquam
1233 3770 1328 3823 ulli
1373 3768 1516 3821 Deus
1544 3761 1877 3830 coniunctus
1921 3763 2025 3819 est,
2054 3762 2208 3807 ante-

633 3886 797 3946 quam
831 3867 1085 3923 Christus
1121 3862 1263 3917 Deus
1292 3873 1447 3914 meus
1480 3857 1751 3910 humanos
1785 3858 1936 3903 artus
1963 3847 2208 3913 suscipe-

631 3942 740 4022 ret.
774 3966 1069 4030 Assumpto
1106 3957 1252 4011 enim
1290 3965 1543 4030 corpore,
1588 3943 1737 4001 dedit
1776 3942 2038 4012 Spiritum
2077 3951 2207 3990 san-

634 4067 783 4114 ctum
814 4027 998 4115 suum,
1025 4060 1078 4104 et
1111 4061 1206 4118 per
1236 4027 1361 4100 eum
1394 4036 1829 4097 substantialiter
1863 4031 2048 4084 unitur
2084 4027 2210 4079 title-

635 4149 781 4205 iibus
811 4142 1118 4200 universis:
1145 4146 1199 4193 et
1233 4138 1440 4204 irrupta
1477 4122 1964 4200 atqueiusolubilis
1997 4131 2079 4174 est
2108 4119 2209 4171 ista

637 4239 791 4294 unio.

705 4372 858 4428 Eheu
883 4378 896 4425 ι
921 4368 1136 4441 (acerbe
1163 4364 1309 4420 enim
1329 4359 1613 4416 hominum
1646 4368 1833 4410 errore
1865 4363 2030 4420 cogor
2062 4347 2212 4414 inge-

638 4463 894 4532 miscere)
925 4465 1200 4533 quomodo
1225 4473 1330 4511 non
1355 4452 1633 4509 credimus
1653 4445 1912 4502 Christo?
1936 4441 2208 4512 quomodo

639 4575 762 4614 cum
798 4572 903 4611 non
937 4550 1258 4622 sequimur?
1286 4544 1560 4616 quomodo
1611 4543 1776 4595 vitam
1834 4552 1940 4590 non
1987 4541 2212 4602 exopta-

644 4648 810 4704 ntus?
847 4647 1114 4717 quomodo
1149 4641 1371 4696 divitias
1403 4638 1522 4706 ejus
1557 4649 1661 4687 non
1690 4627 2100 4699 depraedabiles,
2157 4631 2212 4678 et

639 4740 997 4803 immortales,
1052 4751 1159 4789 non
1216 4738 1588 4788 senescentem
1631 4725 1882 4793 gloriam,
1930 4730 1983 4774 et
2036 4733 2208 4772 :evum

635 4848 762 4888 cum
799 4831 917 4898 ipso
951 4825 1254 4895 degendum
1286 4837 1395 4873 non
1429 4812 1907 4884 concupiscimus?
1937 4809 2210 4879 quomodo

635 4923 899 4996 perituris
934 4919 1073 4974 aiIixi
1106 4959 1120 4984 ,
1164 4931 1262 4969 nos
1297 4913 1564 4968 salvatqu
1605 4910 1669 4962 iri
1720 4905 2068 4968 conﬁdimus,
2118 4903 2208 4969 qui

638 4993 922 5070 Christum
973 5025 1082 5065 non
1125 5009 1414 5076 plusquam
1468 5017 1588 5070 qua:
1633 5007 1981 5058 contuemur,
2030 4993 2209 5061 diligi-

639 5123 784 5172 mus,
817 5119 916 5160 nec
947 5101 1210 5173 post-fata
1245 5114 1343 5154 nos
1377 5111 1500 5150 cum
1530 5094 1621 5148 illo
1655 5090 1871 5145 futuros
1900 5100 2206 5155 speramus,

636 5201 735 5257 sed
767 5213 932 5253 sensu
968 5197 1149 5248 minus
1183 5193 1347 5246 etiam
1385 5202 1544 5257 quam
1580 5186 1724 5255 ligna
1760 5194 1832 5262 et:
1857 5180 2063 5249 lapides
2100 5178 2207 5232 uti-

639 5306 783 5346 qur.
820 5288 1017 5341 Libera
1050 5301 1153 5349 me,
1193 5283 1429 5343 Christe,
1462 5279 1529 5332 ab
1574 5278 1672 5329 ista
1709 5275 1917 5327 insania
1957 5271 2209 5324 volunta-

640 5383 744 5446 ria,
781 5389 833 5434 ct
864 5380 1000 5432 doce
1031 5392 1216 5429 atnare
1248 5385 1300 5428 te
1331 5374 1494 5426 vitam
1527 5368 1763 5422 lidelium
1793 5364 2060 5419 omnium.
2087 5361 2206 5414 Tibi

639 5474 784 5529 enim
828 5486 1063 5540 semper,
1101 5479 1158 5521 ut
1189 5467 1298 5536 regi
1330 5505 1344 5529 ,
1383 5465 1578 5534 gloria,
1618 5462 1814 5525 honor,
1854 5467 1904 5511 ct
1942 5458 2056 5509 laus
2110 5456 2207 5508 de-

640 5570 820 5631 betur,
858 5578 979 5618 cnm
1016 5561 1192 5626 Patre,
1218 5569 1272 5613 ct
1309 5566 1498 5611 sancto
1525 5554 1730 5624 Spiritu
1769 5555 1822 5604 in
1872 5549 2204 5605 sempiterna

644 5659 864 5716 saecula.
897 5658 1090 5708 Amen.

723 5838 769 5869 ⁵⁸
802 5833 949 5891 Psal.
989 5846 1154 5898 van,
1181 5830 1272 5898 ﬁt,
1302 5828 1410 5894 25;
1451 5824 1623 5880 Exod.
1661 5838 1775 5890 xvr,
1808 5822 1861 5878 4.

1841 410 2221 472 SYMEONIS
2249 411 2614 472 JUNIORIS

615 535 834 609 quidem
876 532 990 588 sola
1020 543 1206 593 carne,
1240 526 1434 597 spiritu
1468 532 1647 579 autem
1679 523 1914 584 liberos;
1959 520 2052 588 qui
2111 519 2189 573 fa-
2219 521 2270 580 Α

3757 396 3868 462 592

2808 514 3035 573 CAPUT
3077 513 3343 568 XXXVII.

2293 657 2548 721 Quazdam
2587 656 3001 722 theologumena.
3034 653 3189 716 Item,
3222 651 3310 713 qui
3346 666 3436 718 per
3467 649 3697 722 Spiritus
3738 663 3870 701 san-

2363 728 2432 778 cti
2479 721 2896 778 communionem
2948 726 3262 776 immutatus
3318 736 3421 773 non
3479 721 3582 783 sit,
3637 733 3730 771 nec
3774 732 3870 786 per

2363 796 2694 860 adoptionem
2749 793 2916 846 Deum
2964 791 3293 861 cognoverit,
3331 790 3382 861 ei
3417 798 3472 841 ut
3525 789 3758 842 homines
3802 789 3870 840 de

2363 859 2557 918 divinis
2593 864 2744 915 rebus
2772 864 3002 926 erudiat,
3027 859 3139 914 non
3175 859 3408 914 concedi.

2365 981 2498 1046 Quis
2539 979 2781 1033 dolorem
2815 959 2999 1031 cordis
3035 976 3136 1028 mei
3174 973 3590 1028 consolabitur?
3617 973 3863 1027 dolorem

2294 1087 2417 1126 cum
2448 1071 2581 1137 dixi,
2616 1069 2918 1125 Salvatoris
2954 1067 3288 1122 desiderium
3325 1065 3654 1134 signiﬁcavi.
3710 1063 3866 1119 Desi-

2296 1164 2505 1218 derium
2548 1171 2727 1216 autem
2767 1168 2930 1230 atque
2965 1159 3128 1213 ardor
3170 1158 3294 1221 iste,
3328 1156 3580 1210 etl‘ectum
3630 1156 3871 1225 Spiritus

2295 1253 2379 1306 vel
2414 1252 2593 1321 potius
2619 1249 2932 1305 cssentialis
2958 1248 3241 1318 praesentia
3274 1255 3375 1307 est,
3392 1244 3482 1299 lux
3499 1246 3874 1306 ὲνυποστάτως

2298 1348 2444 1400 intus
2479 1347 2532 1397 in
2572 1359 2658 1399 me
2691 1342 2828 1396 visa.
2862 1341 2954 1395 Est
2983 1351 3164 1394 autem
3195 1339 3285 1393 lux
3325 1340 3773 1409 incomparabilis
3819 1347 3874 1391 ct

2299 1435 2586 1491 inctl‘abilis
2622 1435 2859 1503 penitus.
2898 1431 3035 1497 Quis
3068 1447 3154 1486 me
3193 1441 3441 1486 secernet
3489 1446 3554 1484 ac
3599 1431 3817 1499 disjung
3855 1435 3876 1481 t

2299 1545 2329 1583 a
2360 1529 2525 1582 rebus
2557 1541 2776 1582 sensum
2817 1524 3185 1587 moventibus,
3225 1539 3254 1576 a
3287 1523 3483 1592 quibus
3520 1523 3687 1577 semel
3735 1522 3872 1574 lihe-

2301 1628 2472 1680 ratus,
2520 1625 2571 1670 et
2626 1613 2979 1669 absconditus
3029 1627 3174 1676 sum,
3219 1613 3438 1681 quando
3469 1611 3732 1664 mundum
3771 1608 3877 1662 sub

2303 1707 2530 1776 pedibus
2563 1704 2768 1758 habui?
2802 1703 2925 1772 quis
2958 1702 3087 1756 mihi
3124 1701 3277 1756 dabit
3313 1701 3764 1770 tranquillitatem
3819 1707 3877 1752 et

2303 1803 2542 1870 quietem
2574 1800 2641 1849 ab
2674 1795 2957 1859 omnibus,
2993 1805 3051 1847 ut
3078 1793 3220 1848 illius
3252 1793 3682 1860 pulchritudine,
3717 1805 3878 1859 aspc-

2306 1903 2507 1961 ctuque
2541 1889 2735 1953 satier;
2768 1903 2928 1957 quem
2962 1885 3087 1956 quia
3123 1885 3425 1954 intelligere
3479 1899 3716 1954 nequeo,
3752 1883 3878 1936 ideo

2306 1997 2490 2037 amore
2524 1976 2869 2034 inﬂammor?
2894 1985 3157 2046 quantum
3193 1990 3320 2028 vero
3353 1973 3762 2042 comprehendi,
3792 1981 3877 2025 at-

2305 2090 2412 2146 que
2459 2075 2683 2145 intelligi
2745 2083 2965 2145 potest',
3025 2074 3333 2128 subsistens
3386 2086 3538 2124 amor
3585 2079 3689 2125 est.
3743 2065 3878 2121 Nam

2306 2169 2548 2223 charitas
2603 2185 2712 2222 non
2762 2178 2846 2222 est
2893 2156 3120 2230 nomen,
3171 2166 3265 2221 sed
3315 2164 3494 2217 divina
3546 2161 3880 2223 substantia,

2307 2259 2723 2329 participabilis,
2795 2266 2850 2312 et
2922 2255 3533 2325 incomprehensibilis,
3593 2266 3646 2307 et
3696 2252 3882 2307 divina

2307 2365 2552 2420 prorsus.
2596 2349 2751 2414 Quod
2800 2349 3180 2417 participatur,
3224 2345 3609 2414 comprehendi
3662 2351 3880 2412 potest;

2308 2443 2410 2496 hoc
2444 2445 2563 2510 plus
2603 2456 2710 2494 non
2737 2448 2936 2510 potest.
2969 2438 3178 2492 Idcirco
3210 2437 3324 2492 dixi
3367 2436 3486 2501 tibi,
3518 2433 3883 2504 comprehem

2308 2533 2519 2589 sibilem
2563 2548 2684 2587 esse
2732 2546 3011 2595 amorem,
3062 2537 3111 2584 et
3165 2529 3343 2600 ipsum
3397 2527 3781 2591 ἐνυπόστατον,
3822 2534 3880 2576 nt

2308 2624 2742 2693 participabilem
2766 2665 2781 2689 ,
2813 2631 2865 2674 et
2908 2621 3484 2689 comprehensibilan
3520 2619 3694 2672 Omne
3728 2618 3876 2672 enim

2308 2718 2454 2788 quod
2505 2717 2897 2785 comprehendi
2953 2725 3009 2770 et
3058 2713 3372 2784 participari
3417 2723 3624 2781 pctest,
3693 2710 3886 2777 utique

2308 2808 2545 2863 essentia
2575 2815 2658 2861 est
2688 2805 3047 2868 ἑνυποστὰτος
3075 2803 3488 2874 participabilis,
3514 2802 3881 2868 similiterque

2309 2897 2821 2967 comprehensibilis
2846 2913 2859 2960 ;
2891 2911 3013 2949 nam
3045 2896 3189 2966 quod
3219 2896 3335 2949 sine
3359 2894 3591 2948 essentia
3618 2902 3721 2959 est,
3749 2891 3885 2944 nihil

2307 2997 2414 3055 est,
2449 2999 2502 3044 et
2533 2990 2667 3043 nihil
2699 2988 2923 3042 dicitur.
2957 2987 3148 3041 Divina
3181 2997 3361 3040 autem
3397 2993 3588 3038 natura
3618 2984 3881 3042 increata,

2309 3091 2364 3138 et
2403 3081 2876 3150 superesseutialis
2902 3089 3012 3143 est,
3050 3088 3235 3149 utpote
3262 3080 3507 3132 omnium
3541 3091 3723 3130 rerum
3755 3090 3886 3129 eon-

2226 3199 2271 3256 C
2307 3175 2550 3229 diturum
2594 3173 2892 3228 essentiam
2931 3171 3377 3240 supergrediens.
3410 3171 3644 3223 Vocatur
3687 3182 3884 3236 super-

2305 3263 2616 3319 essentialis
2649 3260 2994 3328 ὑπερούσιος,
3035 3269 3088 3314 et
3138 3271 3317 3314 tamen
3367 3268 3450 3314 est
3501 3257 3886 3322 évodato;,‘est

2308 3355 2669 3419 ἐνυπόστατος
2738 3369 2904 3422 super
2976 3337 3192 3408 omnem
3258 3353 3594 3416 essentiam,
3654 3361 3884 3412 etcum

2307 3455 2488 3503 creata
2522 3447 2800 3515 hypostasi
2834 3446 2977 3498 nulla
3013 3445 3223 3499 ratione
3254 3443 3491 3498 conferri
3525 3458 3684 3512 posse
3712 3443 3847 3497 intel
3869 3472 3885 3484 -

2309 3540 2513 3608 ligitur,
2549 3547 2633 3594 est
2665 3538 2808 3592 enim
2852 3546 3045 3590 natura
3088 3552 3184 3590 sua
3229 3544 3340 3590 tota
3379 3537 3884 3605 incircumscripta.

2310 3627 2463 3692 Quod
2491 3642 2594 3679 non
2621 3634 2704 3681 est
2738 3625 3237 3693 circumscriptum,
3268 3625 3540 3694 quomodo
3565 3625 3889 3695 hypostasiu

2309 3718 2660 3773 nominabis?
2700 3719 2842 3787 quod
2876 3733 2985 3771 non
3026 3717 3299 3783 subsistit,
3335 3718 3471 3772 nihil
3506 3728 3607 3780 est,
3656 3727 3712 3772 et
3746 3734 3886 3787 quo-

2311 3808 2474 3863 modo
2503 3809 2631 3864 mihi
2663 3809 3160 3863 communicabile?

2387 3901 2443 3956 Si
2485 3918 2590 3956 non
2625 3902 2828 3965 credis,
2861 3899 3092 3954 Paulum
3129 3908 3348 3966 testem,
3381 3908 3677 3969 utrumque
3707 3903 3891 3954 creui-

2313 3991 2417 4044 b'le
2461 4006 2581 4044 esse
2623 3993 3038 4045 conﬁrmantem
3094 3988 3188 4043 tibi
3228 3990 3538 4057 producam.
3561 3989 3695 4043 Cum
3736 3991 3884 4043 cnim

2313 4085 2459 4138 dicat
2488 4083 2683 4136 habere
2724 4098 2781 4136 se
2828 4084 2976 4137 intus
3005 4080 3284 4137 Christum
3341 4082 3678 4151 loquentem,
3726 4090 3780 4137 et
3826 4084 3882 4136 in

2317 4174 2520 4244 Spiritu
2556 4185 2744 4227 sancto
2781 4169 2839 4227 se
2883 4173 3215 4238 loquentem,
3247 4171 3787 4237 communicabilem,
3830 4185 3890 4228 et

2316 4263 2800 4319 circumscrihilem
2828 4263 3171 4316 divinitatem
3233 4263 3388 4328 dicit,
3418 4279 3540 4331 quae
3574 4264 3654 4317 sic
3685 4264 3760 4317 illi
3794 4265 3894 4316 ad-

2316 4363 2452 4419 erat,
2495 4362 2553 4406 ut
2613 4363 2794 4406 tamen
2827 4353 3242 4415 circumscribi,
3290 4363 3453 4422 atque
3498 4356 3887 4422 (omprchetnii

2319 4449 2592 4514 nequiret.
2625 4444 2854 4510 Quando
2887 4457 3064 4498 autem
3105 4445 3288 4499 lumen
3320 4447 3696 4501 inaccessibile
3732 4447 3891 4500 habi-

2238 4538 2290 4597 D
2327 4547 2533 4592 tantem
2566 4539 2882 4601 introducit,
2915 4547 3276 4607 testaturque,
3311 4554 3585 4607 nunquam
3614 4541 3789 4594 visum
3819 4545 3890 4593 ab

2319 4631 2561 4696 homine,
2595 4639 2707 4681 tum
2761 4630 3290 4698 incircumscriptam
3319 4668 3331 4690 ,
3366 4637 3419 4682 ct
3465 4630 3889 4697 incomprehen-

2317 4738 2434 4777 sam
2467 4721 2732 4777 ostendit.
2771 4720 2927 4784 Quod
2971 4736 3208 4789 namque
3235 4721 3420 4773 nullus
3456 4720 3738 4774 hominum
3787 4738 3892 4773 un-

2317 4830 2478 4884 quam
2511 4815 2668 4873 vidit,
2722 4813 2999 4881 quomodo
3029 4821 3122 4865 aut
3167 4813 3434 4880 particeps
3463 4812 3581 4879 ejus
3631 4813 3751 4876 l‘uit,
3797 4825 3890 4868 aut

2316 4907 2446 4960 illud
2480 4906 2830 4973 aliquatenus
2860 4903 3081 4971 attigit?
3116 4918 3459 4970 nequaquam
3496 4904 3644 4956 dices
3674 4942 3687 4966 ,
3738 4913 3890 4957 certo

2317 4998 2453 5057 scio,
2502 5011 2598 5049 nec
2641 4996 2936 5048 contendes
2968 5009 3200 5047 mecum.
3261 4993 3397 5046 Cum
3453 5009 3640 5047 rursus
3693 4997 3893 5048 dixerit

2316 5088 2410 5140 tibi
2448 5104 2459 5139 :
2490 5085 2630 5138 Deus
2658 5086 2744 5153 qui
2781 5085 2916 5136 dixit
2961 5084 3024 5136 de
3051 5083 3274 5137 tenebris
3307 5083 3481 5136 lumen
3512 5085 3890 5151 splendescere,

2315 5181 2404 5248 qui
2435 5179 2608 5231 illuxit
2639 5180 2691 5231 in
2728 5178 2968 5230 cordibus
2999 5178 3195 5230 nostris
3227 5177 3294 5241 ⁵³,
3330 5192 3488 5245 quem
3531 5177 3648 5238 tibi,
3681 5194 3887 5246 quaeso,

2317 5273 2481 5324 alium
2522 5272 2688 5324 Deum
2715 5268 3127 5339 intelligendum
3162 5268 3407 5336 subjicit,
3443 5269 3546 5319 nisi
3582 5267 3758 5332 illum,
3796 5271 3891 5335 qui

2319 5368 2525 5421 habitat
2563 5365 2769 5426 lumen,
2812 5364 2955 5433 quod
2993 5364 3134 5416 ferre
3161 5377 3316 5416 nemo
3357 5376 3467 5428 prae
3503 5361 3758 5413 claritate
3796 5378 3894 5429 ρο-

2321 5466 2442 5519 test,
2478 5466 2529 5510 et
2553 5470 2711 5524 quem
2748 5469 2905 5507 nemo
2947 5467 3186 5520 unquam
3235 5450 3516 5503 hominum
3553 5448 3726 5508 vidit?
3772 5447 3895 5517 Ipse

2355 5550 2462 5602 nim
2501 5547 2999 5616 superessentialis,
3038 5553 3090 5598 et
3130 5545 3278 5613 prius
3326 5544 3624 5608 increatus,
3669 5556 3893 5595 carnem

2319 5642 2582 5711 suscepit,
2611 5647 2663 5694 et
2693 5649 2906 5695 creatus
2948 5637 3082 5690 mihi
3123 5639 3274 5692 visus
3310 5645 3429 5693 εει..
3461 5644 3632 5691 totum
3667 5648 3752 5688 me
3801 5648 3896 5688 as-

1939 5822 1986 5855 ⁸³
2015 5822 2058 5877 ll
2087 5821 2211 5879 Cor.
2257 5837 2329 5888 tv,
2352 5821 2404 5874 6.
