4136 6338
276 402 380 465 593

1321 416 1761 481 DIVINORUM
1791 419 2123 480 AMORUM
2160 422 2414 483 LIBER.

3396 417 3501 482 591

271 524 552 586 sumptum
586 520 903 578 mirabiliter
922 525 1218 584 deificans.
1256 527 1520 586 Credisne
1548 529 1717 596 istud,
1757 529 1845 585 dic
1873 526 1918 587 A
1947 547 2069 587 cum
2110 532 2268 589 nobis
2301 534 2444 589 idem
2493 532 2737 599 accidat,
2782 546 2889 588 non
2933 530 3199 605 putamus"
3232 531 3501 589 accidere.

274 618 395 675 age,
428 618 482 662 et
528 611 846 680 neutiquam
888 613 1148 672 dubitas?
1185 615 1240 672 Si
1292 619 1455 689 igitur
1502 619 1642 675 Deus
1678 621 1839 675 homo

276 694 479 761 factus,
516 704 817 775 utrcredis,
852 705 1139 762 hominem
1160 724 1267 775 me,
1298 724 1458 781 quem
1516 712 1836 781 assumpsit,

276 789 565 856 deificavit,
591 793 881 863 adoptione
915 798 1051 854 deus
1072 816 1192 871 ego,
1213 816 1334 857 cum
1349 803 1441 872 qui
1470 812 1666 857 natura
1702 802 1841 860 Deus

278 889 382 951 est,
419 883 611 950 video;
652 884 806 941 illum
859 890 1095 956 scilicet,
1120 907 1279 963 quem
1322 909 1485 949 nemo
1532 895 1839 949 mortalium

277 973 570 1043 aliquando
603 977 787 1036 videre
820 983 1017 1048 potuit,
1053 999 1153 1039 nec
1177 992 1352 1055 potest
1384 985 1494 1040 ullo
1528 985 1710 1041 modo.
1738 985 1840 1051 Qui

276 1061 445 1118 Deum
484 1066 607 1123 fidei
646 1070 905 1138 operibus
952 1081 1299 1143 receperunt,
1331 1085 1386 1131 et
1428 1077 1483 1131 iu
1515 1076 1722 1146 Spiritu
1755 1092 1842 1134 re-

277 1155 418 1219 nati,
444 1157 521 1211 dii
568 1162 929 1230 appellantur,
973 1164 1150 1235 ipsum
1198 1168 1347 1222 illum
1396 1163 1611 1223 Patrem
1656 1186 1843 1226 eorum

273 1246 485 1313 vident,
517 1263 730 1320 semper
753 1252 1088 1311 habitantem
1112 1258 1294 1329 lumen
1322 1259 1718 1326 inaccessibile,
1738 1244 1843 1331 ipsi

276 1336 329 1389 in
370 1338 861 1423 seipsiseumdem
915 1347 1151 1404 incolam
1199 1350 1483 1415 habentes,
1531 1358 1585 1407 et
1622 1351 1725 1421 ipsi
1761 1352 1843 1406 vi-

274 1430 463 1483 cissim
502 1430 555 1485 in
585 1446 650 1498 eo
680 1437 772 1504 qui
804 1444 888 1492 est
911 1425 1251 1505 inaccessus,
1278 1441 1547 1497 habitant.

352 1517 474 1573 Haec
507 1521 815 1591 ﬁdes~vera,
843 1526 948 1583 hoc
979 1527 1075 1583 Dei
1107 1546 1265 1600 Opus,
1290 1533 1397 1588 hoc
1421 1536 1656 1606 sigillum
1686 1538 1847 1593 Chri-

275 1610 599 1705 stianorum,
636 1616 751 1672 hac
779 1618 966 1674 divina
1012 1625 1457 1692 communicatio,
1510 1616 1623 1686 haec
1672 1631 1844 1700 parti-

274 1703 499 1773 cipatio,
522 1703 580 1762 et
616 1708 832 1766 divinus
859 1713 1096 1769 arrhabo
1128 1732 1142 1781 ;
1177 1716 1293 1772 haec
1322 1726 1404 1773 est
1448 1720 1557 1773 vita
1580 1761 1596 1785 ,
1629 1722 1731 1777 hoc
1762 1738 1847 1777 re-

275 1809 469 1885 gnum,
503 1798 605 1854 hoc
638 1801 1039 1871 indumentum,
1074 1808 1191 1864 hrcc
1219 1811 1399 1865 tunica
1428 1804 1650 1879 Christi,
1680 1829 1842 1885 quam

1948 640 2049 680 nec
2077 641 2403 697 quemquam
2434 640 2767 692 reveremur,
2793 643 2893 683 nec
2918 626 3065 697 ipsos
3096 625 3305 683 caelites
3329 632 3383 679 et
3413 638 3505 678 an-

1949 717 2124 783 gelos,
2153 717 2383 787 desuper
2411 734 2500 774 res
2529 726 2747 774 nostras
2775 718 3053 774 intuentes
3079 735 3093 774 :
3123 717 3219 774 sed
3250 716 3507 787 impletur

1948 805 2001 859 in
2038 807 2199 863 nobis
2236 813 2456 864 verbum
2511 808 2765 876 Domini,
2810 808 3048 866 Videntes
3091 827 3193 864 non
3225 810 3403 865 vident
3434 804 3504 861 ³⁸.

1948 896 2013 951 Et
2044 898 2327 954 audientes
2374 901 2675 969 spiritualia
2702 942 2715 965 ,
2753 916 2915 955 aures
2959 901 3247 955 obstruunt
3290 892 3499 969 potius,

1948 999 2001 1045 et
2036 991 2199 1045 verba
2230 990 2467 1061 Spiritus
2494 994 2685 1049 audire
2718 994 2930 1050 nolunt.
2954 992 3020 1047 Et
3040 993 3261 1048 auribus
3284 990 3503 1063 quidem

1949 1082 2228 1152 corporeis
2268 1084 2529 1151 audiunt;
2572 1086 2887 1155 spirituales
2937 1099 3071 1140 vero
3115 1098 3274 1138 aures
3323 1080 3503 1135 cordis

1950 1173 2199 1229 occlusas
2232 1174 2453 1241 habent,
2486 1184 2539 1232 et
2566 1178 2780 1246 penitus
2804 1191 2911 1231 non
2946 1182 3174 1245 possunt
3208 1172 3371 1227 Deum
3404 1185 3505 1224 au-

1951 1263 2091 1320 dire.
2125 1265 2281 1320 Haud
2310 1249 2455 1322 enim
2488 1276 2717 1337 possunt
2752 1283 2781 1322 a
2813 1267 3006 1336 seipsis
3040 1266 3281 1322 velamen
3310 1263 3503 1317 elatio-

1952 1356 2037 1410 nis
2088 1364 2141 1412 et
2172 1356 2412 1426 stuporis
2444 1356 2683 1420 auferre,
2722 1358 2868 1428 quod
2897 1358 3001 1427 ipsi
3047 1371 3147 1411 sua
3174 1355 3275 1412 sibi
3306 1350 3472 1409 volun

1952 1454 2060 1502 tate
2088 1448 2498 1517 imposuerunt,
2533 1449 2885 1519 volentesque
2931 1455 3117 1503 oculos
3158 1457 3316 1517 atque
3343 1457 3505 1499 aures

1950 1538 2225 1606 operiunt,
2257 1545 2310 1593 et
2360 1539 2485 1593 hinc
2513 1555 2572 1594 se
2596 1540 2779 1595 videre
2813 1548 2974 1609 atque
3009 1537 3193 1592 audire
3229 1537 3503 1590 arbitran-

1953 1638 2060 1683 tur.
2091 1630 2244 1696 Quod
2268 1632 2318 1686 si
2341 1632 2461 1701 quis
2482 1631 2586 1687 illis
2614 1634 2779 1697 dicat,
2807 1631 3010 1696 audite,
3044 1629 3135 1683 filii
3170 1627 3295 1692 mei,
3321 1635 3374 1680 et
3403 1627 3509 1680 tol-

1952 1720 2047 1775 lite
2073 1722 2329 1777 'velamen
2365 1724 2431 1778 de
2473 1722 2729 1778 cordibus
2780 1723 2978 1777 vestris
3014 1722 3082 1786 ⁸⁵,
3119 1720 3183 1775 ad
3228 1719 3340 1773 hmc
3390 1717 3505 1787 ipsa

1953 1814 2117 1868 verba
2153 1813 2444 1877 ferociunt,
2481 1815 2624 1883 quod
2657 1828 2763 1868 non
2794 1821 2992 1883 patres,
3024 1812 3116 1867 sed
3160 1806 3297 1865 illius
3328 1809 3509 1878 appel-

278 1884 670 1952 baptizati‘ﬁde
704 1890 1187 1963 superinduuntur.
1223 1900 1341 1956 Non
1370 1879 1711 1972 ignorantia,
1734 1922 1842 1961 non
1873 1879 1919 1937 Β
1951 1904 2164 1969 laverit,
2193 1907 2471 1974 magisque
2498 1879 2684 1960 odium
2716 1879 2974 1959 adversus
3000 1902 3150 1956 illum
3169 1899 3503 1970 concipiunt,

278 1986 523 2047 stupore,
562 1983 656 2037 sed
695 2000 787 2054 per
820 1986 1000 2056 (idem,
1048 2006 1176 2044 cum
1227 1994 1415 2047 notitia
1447 2001 1503 2049 et
1536 2010 1739 2062 sensu;
1786 2007 1845 2052 ut

276 2082 389 2169 non
418 2069 616 2169 dicam;
646 2074 920 2131 Christum
955 2079 1120 2169 credq
1150 2096 1233 2135 me
1251 2082 1652 2142 induisse.Non
1682 2087 1803 2143 dico
1828 2106 1841 2146 :

280 2159 386 2213 hoc
425 2163 620 2230 crede;
649 2166 741 2221 sed
772 2168 895 2224 fidei
924 2184 1082 2241 Oplls,
1106 2159 1166 2227 et
1193 2174 1318 2229 fidei
1344 2175 1839 2246 confirmationem,

276 2258 333 2303 et
386 2251 507 2308 fidei
561 2263 855 2326 tesseram,
894 2272 947 2317 et
999 2263 1163 2319 fidem
1214 2270 1650 2323 consummatam
1707 2272 1844 2325 citra

281 2340 683 2403 haesitationem
733 2351 956 2419 habeto,
986 2369 1050 2411 ex
1099 2372 1185 2422 eo,
1233 2358 1376 2425 quod
1410 2358 1688 2415 Christum
1722 2376 1848 2417 sen-

280 2434 445 2500 tiens,
480 2449 529 2491 et
560 2454 899 2509 cognoscens
926 2445 1173 2512 induisti,
1207 2448 1521 2518 fulgentem,
1550 2467 1846 2507 coruscan-

282 2532 418 2591 tem,
444 2536 496 2581 et
526 2529 577 2583 in
604 2530 809 2589 lumine
828 2536 1139 2592 clarissimo
1167 2549 1334 2594 totum
1362 2549 1414 2597 te
1444 2543 1842 2609 immutantem,

281 2628 591 2676 manentem
660 2624 1073 2695 immutabilem,
1131 2647 1196 2686 ex
1248 2641 1479 2704 utroque
1534 2636 1845 2706 duplicem,

276 2711 577 2780 adoptione
612 2714 778 2771 Deum
828 2719 1099 2787 videlicet,
1132 2732 1326 2779 natura
1362 2728 1498 2781 nihil
1529 2729 1633 2784 nisi
1666 2730 1845 2785 homi-

282 2804 622 2862 nem.‘Talis
655 2824 776 2863 cum
803 2813 1065 2879 evaseris,
1112 2825 1170 2869 ut
1214 2833 1281 2871 ex
1326 2835 1412 2872 me
1462 2819 1688 2886 audisti,
1728 2829 1845 2877 tum

282 2895 433 2959 veni,
461 2896 628 2953 frater
653 2902 747 2969 mi,
779 2913 831 2959 et
857 2907 1143 2962 nobiscum
1177 2923 1340 2977 supra
1376 2919 1612 2966 montem
1649 2913 1847 2969 divinas

285 2988 643 3055 cognitionis,
678 3009 738 3048 ac
765 2997 993 3053 visionis
1024 3008 1161 3065 asta,
1189 3004 1657 3075 percipiemusque
1684 3008 1847 3062 simul

277 3086 561 3145 paternam
602 3099 809 3141 vocem.

359 3172 504 3228 Heu!
533 3191 793 3276 quantum
816 3197 842 3235 a
862 3182 1043 3276 divina
1063 3185 1329 3256 dignitate
1351 3187 1655 3245 distamUSI
1678 3208 1849 3262 Quan'
1874 3221 1917 3276 ο

282 3274 401 3330 tum
444 3281 474 3320 a
509 3268 618 3322 vita
669 3277 870 3325 aeterna
919 3274 1217 3331 absumus?
1262 3276 1432 3343 Quam
1483 3280 1644 3352 longe
1688 3283 1851 3339 distat

279 3355 483 3411 caelum
518 3374 546 3411 a
580 3359 714 3415 locis
742 3361 951 3426 inferis,
983 3375 1034 3418 et
1076 3366 1147 3421 ibi
1168 3366 1279 3436 jam
1308 3366 1434 3422 olim
1463 3369 1714 3437 detentis,
1740 3381 1848 3428 tam

275 3456 347 3502 ειη
370 3450 603 3520 amplius
634 3468 733 3527 nos
770 3470 801 3508 a
832 3454 1136 3510 divinitatis
1176 3460 1499 3515 excellentia
1526 3502 1539 3525 ,
1597 3472 1847 3520 contem-

280 3542 546 3613 platuque
585 3559 774 3599 revera
804 3548 1161 3619 sejuugiuiur,
1189 3552 1406 3607 etiamsi
1434 3568 1533 3608 nos
1568 3570 1691 3609 cum
1724 3557 1837 3621 illo,

281 3632 433 3704 quOd
486 3634 804 3693 admirabile
841 3647 954 3703 est,
999 3639 1263 3705 habitare,
1305 3651 1357 3696 et
1391 3645 1722 3701 habitantem
1770 3649 1850 3703 lu-

282 3742 411 3782 men
446 3729 821 3784 inaccessibile
854 3746 953 3786 nos
984 3732 1038 3785 in
1068 3733 1220 3787 nobis
1254 3736 1384 3803 ipsis
1414 3746 1584 3790 totum
1623 3754 1848 3794 manen-

283 3830 421 3886 tem,
464 3820 911 3886 babitantemque
956 3823 1155 3879 habere
1204 3825 1470 3896 dicamus,
1518 3838 1571 3882 et
1616 3830 1848 3886 velimus

282 3911 433 3966 infra
476 3922 674 3967 terram
705 3914 977 3979 sedentes,
1008 3916 1072 3969 de
1105 3916 1171 3971 iis
1206 3930 1325 3986 qua:
1356 3933 1518 3987 supra
1548 3930 1767 3986 terram,
1796 3929 1850 3976 et

282 4006 341 4058 in
392 4005 549 4067 caelo,
589 4012 643 4059 et
688 4020 851 4071 supra
902 4006 1101 4060 cmlum
1156 4015 1302 4073 sunt,
1360 4016 1421 4062 ut
1471 4010 1561 4064 illa
1614 4012 1850 4080 perfecte

281 4094 547 4160 scientes,
582 4095 974 4165 philosophari,
1005 4104 1059 4151 et
1083 4111 1303 4153 narrare
1332 4100 1606 4165 omnibus,
1638 4104 1849 4157 vocari-

284 4198 395 4253 que
426 4184 657 4253 gnostici
688 4185 811 4255 (hoc
846 4193 951 4251 est,
985 4187 1033 4241 vi
1072 4201 1165 4242 seu
1201 4187 1460 4243 facultate
1486 4192 1847 4260 cognoscendi

282 4272 552 4345 praediti),
576 4283 631 4329 et
656 4277 854 4347 egregii
893 4277 1156 4346 theologi,
1190 4287 1245 4333 et
1275 4280 1525 4336 doctores
1559 4298 1737 4337 rerum
1763 4298 1852 4339 ar-

282 4382 551 4421 canarum
578 4384 593 4433 ;
634 4367 779 4437 quod
815 4370 1129 4424 stoliditatis
1157 4372 1315 4440 plane
1340 4382 1716 4442 argumentum
1743 4386 1847 4432 εει.

281 4458 459 4512 Natus
491 4458 633 4535 enim
668 4460 835 4513 miser
868 4460 923 4513 in
954 4460 1351 4528 subterraneis,
1384 4471 1440 4518 et
1464 4464 1663 4521 densas
1695 4473 1848 4522 tene-

1952 2008 2053 2049 nec
2080 1995 2282 2049 sentire
2312 1993 2556 2049 morbum
2580 2002 2787 2064 queunt
2813 2009 2921 2062 quo
2950 1994 3222 2057 laborant,
3247 1989 3329 2045 vel
3357 2005 3507 2045 mor-

1948 2088 2051 2142 bos
2084 2086 2413 2157 potius,'qui
2446 2094 2680 2141 mentem
2718 2083 2957 2140 tenebris
2987 2083 3287 2146 involvunt,
3318 2081 3503 2150 etiam

1953 2193 1980 2231 a
2024 2178 2131 2233 Deo
2178 2186 2513 2246 assumptos,
2568 2177 2635 2231 ab
2665 2176 2756 2231 illo
2787 2182 3064 2245 separant.
3112 2175 3193 2229 Ab
3227 2174 3508 2229 existima-

1953 2272 2099 2325 tione
2126 2268 2231 2333 sui,
2265 2278 2319 2324 et
2364 2284 2391 2322 a
2424 2268 2675 2340 superbia
2726 2269 2780 2321 in
2814 2267 3129 2322 servitutem
3177 2264 3399 2329 redacti,
3452 2273 3507 2320 et

1953 2364 2177 2417 istorum
2210 2361 2462 2417 vitiorum
2499 2360 2641 2415 servi
2688 2370 2880 2426 sponte
2926 2359 3209 2425 nominati,
3251 2356 3507 2429 volunta-

1956 2465 2060 2509 tem
2094 2468 2246 2508 suam
2279 2460 2540 2523 perpetuo
2580 2452 2817 2521 explent,
2868 2450 3186 2529 relictisque
3234 2450 3325 2504 Dei
3367 2448 3503 2518 legi-

1953 2545 2076 2608 bus,
2111 2546 2213 2614 ipsi
2267 2544 2411 2612 leges
2459 2544 2562 2599 sibi
2605 2544 2821 2607 ferunt;
2860 2556 2958 2597 nec
2990 2541 3124 2602 Deo,
3156 2540 3249 2595 sed
3290 2540 3506 2595 sibimet

1951 2636 2233 2700 serviunt,
2267 2634 2513 2690 homines
2559 2633 2946 2698 audacissimi;
2998 2640 3050 2686 et
3080 2630 3304 2700 gloriam
3351 2646 3505 2685 suam

1952 2741 2051 2795 pro
2086 2725 2179 2781 Dei
2210 2725 2377 2794 gloria
2410 2732 2767 2793 aucupantes,
2789 2725 3065 2792 operibus,
3100 2732 3153 2777 et
3183 2722 3355 2777 modis
3390 2739 3507 2777 om-

1954 2819 2115 2873 nibus
2171 2833 2288 2872 eam
2341 2818 2673 2873 constituere
2717 2816 3059 2871 annituntur.
3101 2815 3283 2870 Gloria
3344 2814 3508 2883 igitur

1954 2909 2176 2969 Christi,
2212 2918 2294 2964 est
2324 2925 2479 2973 crux,
2522 2917 2577 2961 et
2623 2915 2888 2962 tormenta
2912 2949 2925 2972 ,
2967 2921 3084 2975 quae
3116 2913 3303 2962 nostra
3340 2920 3505 2959 causa

1957 3001 2256 3065 sustinuit,
2293 3009 2352 3055 ut
2392 3016 2491 3054 nos
2533 3000 2704 3069 gloria
2744 2998 2999 3053 alliceret.
3060 2996 3180 3051 Haec
3220 3011 3390 3065 porro
3428 2996 3506 3049 illi

1954 3090 2161 3160 perpeti
2196 3096 2473 3154 recusant,
2522 3087 2972 3156 quemadmodum
3007 3086 3096 3142 ille
3142 3102 3340 3155 passus
3380 3095 3458 3139 est
3490 3101 3516 3148 ;~

1951 3189 2006 3237 et
2038 3181 2167 3249 proh
2201 3180 2385 3235 nefas!
2422 3180 2646 3249 gloriam
2680 3194 2745 3232 ex
2779 3178 3093 3233 hominibus
3142 3179 3367 3239 malunt,
3415 3193 3510 3231 vo-

1951 3272 2352 3340 luntariamque
2382 3286 2410 3323 a
2447 3272 2553 3325 Deo
2579 3268 2975 3342 separationem
3017 3266 3241 3337 eligunt.
3278 3265 3382 3320 Sed
3426 3276 3516 3330 tu,_

1950 3364 2166 3419 Christe
2210 3378 2383 3429 meus,
2417 3362 2469 3416 in
2519 3371 2570 3415 te
2615 3360 2947 3415 confidentes
2989 3360 3056 3412 ab
3098 3359 3310 3429 impuro
3357 3372 3506 3412 vame

1951 3457 2137 3526 gloria:
2170 3455 2372 3518 studio,
2415 3453 2667 3523 superbia
2697 3452 2886 3515 libera,
2925 3458 3250 3519 tuarumque
3294 3450 3507 3518 passio-

1951 3563 2102 3612 num,
2144 3555 2195 3601 et
2229 3545 2414 3616 glorize
2442 3544 2527 3598 fac
2557 3542 2872 3613 participes,
2903 3548 2957 3596 et
2985 3541 3209 3608 dignare
3245 3554 3345 3593 nos
3386 3548 3508 3593 tuos

1948 3654 2072 3693 esse
2107 3635 2572 3707 inseparabiliter,
2611 3649 2754 3689 nunc
2793 3642 2845 3688 et
2877 3635 2931 3687 in
2970 3631 3148 3686 futura
3178 3629 3501 3686 saeculorum

1950 3732 2164 3788 smcula.
2205 3733 2397 3786 Amen.

2437 3815 2691 3873 CAPUT
2722 3815 3011 3872 XXXVIII.

1952 3931 2194 3985 Precatio
2228 3929 2295 3981 ad
2335 3928 2495 3981 Deum
2526 3925 2743 3994 supplet
2770 3924 2931 3977 simul
2949 3963 2964 3984 ,
2995 3933 3046 3977 et
3073 3925 3370 3993 gratiarum
3413 3937 3508 3975 ac-

2214 3999 2371 4057 toria.
2416 3999 2479 4051 de
2513 3995 2775 4064 beneﬁciis
2809 3996 2863 4046 in
2896 4010 2947 4047 se
2978 3994 3213 4047 tollatis.

2023 4094 2097 4147 Da
2137 4088 2290 4155 mihi,
2314 4088 2560 4155 Domine,
2595 4086 2925 4141 intellectum
2954 4126 2969 4148 ,
2998 4085 3067 4139 da
3099 4083 3465 4153 cognitionem
3492 4123 3507 4147 ,

1950 4181 2086 4240 doce
2118 4198 2205 4238 me
2249 4183 2425 4237 facere
2456 4179 2708 4235 mandata
2746 4188 2859 4233 tua.
2898 4176 3137 4233 Tametsi
3182 4178 3399 4245 peccavi
3447 4183 3517 4228 ιιι

1950 4278 2134 4344 homo,
2165 4285 2218 4331 et
2249 4275 2536 4344 plusquam
2565 4272 2748 4335 homo,
2773 4281 2833 4326 ut
2866 4271 3034 4336 nosti,
3069 4269 3424 4324 nihilominus
3448 4278 3509 4322 tu

1955 4371 2097 4425 Deus
2127 4377 2385 4424 consueta
2417 4366 2516 4421 tibi
2565 4363 2940 4420 misericordia
2988 4362 3250 4425 misertus
3300 4375 3358 4415 es
3405 4362 3509 4413 mei

1952 4457 2204 4531 pauperis
2230 4466 2284 4511 et
2310 4455 2541 4525 orphani
2574 4456 2627 4509 in
2660 4456 2763 4508 hoc
2795 4453 3021 4515 mundo,
3054 4451 3337 4518 fecistique
3361 4449 3506 4519 quod

280 4552 417 4604 bras
452 4550 736 4617 praesentis
768 4550 951 4605 saeculi
1004 4552 1276 4620 incolens,
1324 4554 1415 4623 qui
1462 4555 1645 4610 lumen
1678 4556 1849 4612 firturi
1884 4543 1926 4599 Ῑ)
1957 4560 2015 4607 ιιι
2055 4550 2203 4606 solus
2233 4549 2397 4603 nosti.
2430 4546 2472 4602 A
2504 4555 2675 4616 patre,
2701 4552 2779 4625 _et
2829 4542 3109 4606 fratribus,
3132 4540 3423 4609 cognatis,
3457 4547 3511 4591 et

279 4640 476 4696 δέρουιί
512 4654 621 4693 non
658 4641 835 4704 vidit,
869 4642 1013 4709 quod
1044 4643 1097 4696 in
1130 4651 1275 4696 terra
1322 4645 1493 4712 luxit,
1545 4661 1608 4701 ac
1640 4662 1855 4716 semper

276 4736 460 4799 lucet,
500 4740 555 4787 et
583 4730 861 4787 afﬁrmans
892 4749 951 4789 se
978 4736 1224 4790 coelestia
1258 4752 1421 4792 nosse
1453 4753 1516 4793 ac
1545 4742 1769 4803 sentire,
1804 4751 1856 4796 et

276 4838 513 4880 cernere
548 4824 728 4878 omnia
762 4838 882 4891 qua:
914 4824 1024 4878 illic
1053 4836 1199 4892 sunt,
1234 4835 1287 4881 et
1332 4828 1470 4883 alios
1504 4830 1571 4883 de
1602 4830 1667 4885 iis
1701 4832 1855 4885 insti-

277 4924 464 4975 tuere,
489 4926 666 4968 nonne
694 4912 741 4967 is
780 4914 1011 4972 stolidus
1044 4926 1159 4983 est,
1194 4928 1248 4972 et
1284 4920 1328 4972 si
1358 4922 1483 4988 quid
1511 4922 1613 4976 hoc
1646 4926 1859 4990 gravius

276 5005 398 5060 dici
438 5006 653 5075 potest?
690 5006 1151 5071 Quemadmodum
1183 5008 1326 5063 enim
1372 5025 1552 5065 caecus
1599 5029 1720 5066 cum
1773 5015 1855 5067 vi—

275 5097 547 5153 dentibus
609 5097 849 5167 litigans,
904 5107 960 5151 et
1023 5113 1365 5164 asseverans,
1419 5101 1521 5157 hoc
1581 5106 1853 5157 nomisma

271 5201 489 5243 aereum
516 5195 620 5252 est,
656 5188 758 5242 hoc
809 5187 1043 5256 sigillum
1077 5190 1301 5245 alterius
1330 5199 1435 5256 est,
1464 5201 1517 5245 et
1553 5208 1672 5262 quae
1708 5194 1761 5246 in
1788 5208 1854 5248 eo

274 5284 421 5333 sum
442 5274 865 5343 scalptsslittera:
883 5278 1015 5341 haec,
1037 5284 1091 5331 et
1115 5279 1227 5332 haec
1250 5279 1583 5347 significant,
1608 5293 1851 5335 monstro

272 5360 521 5419 mirabili
555 5371 638 5415 est
668 5364 1017 5418 audientibus
1040 5373 1094 5419 et
1117 5365 1431 5421 videntibus
1457 5370 1721 5422 nuruisma
1754 5387 1851 5423 au-

276 5467 469 5515 reum,
510 5457 564 5505 et
593 5452 925 5506 concinnum
974 5453 1305 5520 admodum,
1340 5464 1395 5511 et
1441 5458 1651 5528 signum
1707 5462 1849 5530 regis

271 5555 501 5602 verum,
533 5540 652 5608 ejus
680 5540 969 5609 imaginem
1000 5544 1221 5597 minime
1262 5544 1615 5600 adulteratam
1652 5565 1847 5619 περιω-

271 5641 539 5697 aentans,
567 5640 622 5686 et
662 5632 871 5687 litteras
905 5633 1049 5688 illius
1082 5651 1277 5690 nomen
1320 5641 1685 5707 exprimentes
1724 5658 1736 5694 :
1771 5643 1849 5699 sic

358 5819 410 5852 “
439 5817 570 5874 Luc.
608 5832 723 5883 vui,
751 5816 833 5872 10.
912 5818 956 5850 ⁵⁵
979 5815 1017 5870 ll
1051 5815 1176 5872 Cor.
1205 5830 1280 5881 ιιι,
1309 5816 1421 5871 15.»

1955 4643 2163 4707 amicis,
2206 4656 2235 4695 a
2264 4641 2427 4695 natali
2460 4642 2621 4695 domo
2671 4651 2787 4694 mea
2820 4635 2964 4690 velut
2998 4649 3065 4689 ex
3098 4631 3332 4704 Egypto
3366 4641 3512 4685 tene-

1956 4734 2139 4795 brosa,
2176 4731 2315 4785 velut
2358 4746 2422 4784 ex
2464 4728 2659 4782 inferni
2701 4726 3004 4781 recessibus
3031 4724 3134 4790 (sic
3180 4723 3325 4777 enim
3377 4721 3517 4774 mihi

1958 4824 2171 4888 abiecto
2201 4836 2358 4879 servo
2403 4829 2494 4873 tuo
2525 4820 2591 4873 de
2622 4818 2732 4873 illis
2762 4817 3003 4888 cogitare
3048 4813 3266 4879 dedisti,
3304 4822 3359 4865 et
3400 4825 3511 4866 non

1957 4915 2117 4971 stulte
2150 4914 2313 4981 loqui)
2342 4922 2675 4981 separatum,
2717 4918 2775 4963 et
2800 4915 3164 4975 assumptum,
3192 4914 3245 4958 et
3276 4903 3513 4959 terribili

1960 5019 2121 5056 manu
2158 5011 2243 5054 tua
2275 5000 2672 5070 apprehensum
2691 4998 2885 5050 duxisti
2923 4994 3100 5051 tne-ad
3151 5009 3297 5055 eum,
3345 5008 3513 5061 quem

1957 5093 2286 5161 complacuit
2318 5092 2415 5145 tibi
2448 5091 2501 5143 in
2533 5090 2690 5143 terris
2726 5102 2847 5142 esse
2873 5098 3079 5156 patrem
3115 5100 3293 5141 meum
3316 5123 3331 5148 ,
3360 5094 3413 5139 et
3443 5082 3514 5137 ad

1959 5185 2119 5254 pedes
2157 5182 2298 5251 ejus,
2333 5190 2492 5249 atque
2516 5178 2997 5253 ulnasdeposuisti
3033 5192 3116 5231 :ne
3144 5190 3158 5229 :
3190 5178 3281 5245 qui
3311 5190 3395 5232 me
3418 5176 3515 5231 ob—

1959 5273 2079 5327 tulit
2108 5272 2255 5326 Patri
2284 5280 2396 5337 tuo,
2427 5271 2643 5325 Christe
2678 5285 2851 5333 meus,
2884 5277 2937 5323 et
2974 5267 3069 5321 tibi
3100 5283 3193 5336 per
3228 5267 3513 5336 Spiritum,

1956 5379 1989 5417 o
2024 5362 2285 5426 Trinitas,
2328 5377 2359 5415 ο
2404 5362 2544 5416 Deus
2578 5375 2751 5415 meus.
2784 5360 3029 5428 Cumque
3079 5373 3252 5413 essein
3286 5356 3515 5427 prodigo

1959 5454 2172 5520 similis,
2206 5463 2259 5509 et
2293 5462 2419 5507 ante
2477 5460 2529 5506 te
2583 5453 2808 5521 supplex
2856 5449 3272 5520 procumberem
3330 5447 3414 5519 (ut
3458 5457 3516 5501 tu

1960 5550 2076 5616 ipse
2105 5549 2233 5613 scis,
2265 5547 2389 5617 quia
2426 5546 2664 5600 docuisti
2693 5542 2823 5613 me),
2857 5552 2909 5598 tu
2939 5555 3155 5611 quoque
3183 5555 3290 5595 non
3326 5555 3385 5593 es
3418 5537 3511 5591 de.

1962 5639 2209 5710 dignatus
2251 5654 2444 5694 vocare
2484 5654 2570 5693 tne
2605 5637 2771 5692 lilium
2806 5646 2981 5693 tuum.
3019 5633 3061 5690 Ο
3112 5632 3516 5701 indignumos,
