4156 6344
670 353 780 424 595

1884 356 2259 418 SYMEONIS
2283 356 2646 418 IL'NlORl‘S

3802 354 3904 420 596

667 480 722 524 et
751 469 1030 523 immunda
1083 468 1256 527 labia!
1296 487 1328 528 0
1357 473 1521 529 verba
1571 473 1772 544 lingua:
1825 475 2044 550 inopis,
2076 483 2130 527 et
2177 472 2230 525 iu
2263 474 2306 530 Α
2339 475 2476 530 Iiher
2503 475 2824 544 dignitatem
2863 487 2927 528 ac
2963 473 3337 542 praestantiam
3389 471 3554 544 hujus
3587 472 3776 527 libera.I
3807 487 3903 526 vo.

668 562 920 617 laudibus
953 565 1084 629 tuis,
1123 565 1459 636 agendisque
1491 569 1702 637 gratiis,
1736 576 1789 622 et
1818 567 2092 622 beneficiis
2122 566 2229 620 tuis

666 655 988 712 cnarrandls
1027 667 1271 728 egestate
1309 659 1627 734 laborantis,
1659 676 1782 729 qua:
1813 661 1866 716 in
1910 676 1996 716 tne
2038 661 2232 730 pupil-

666 747 776 800 lum
827 762 893 803 ac
946 744 1286 819 peregrinum
1341 751 1598 806 conferre
1645 752 1896 808 voluisti!
1963 755 2036 807 tui
2084 752 2228 807 enim

666 848 794 893 sunt
829 841 1098 911 peregrini
1140 843 1194 897 in
1225 844 1326 897 huc
1363 845 1582 900 mundo.
1610 843 1741 910 Quae
1767 855 1946 901 autem
1982 854 2070 900 tua
2109 854 2228 898 tuo-

666 946 892 1000 rumque
920 942 1068 996 sunt,
1105 935 1248 990 oculi
1288 951 1396 990 non
1431 937 1635 998 vident.
1675 938 1858 1007 lingua
1892 953 2000 991 non
2049 943 2230 1006 potest

663 1025 870 1093 rtvqui.
918 1040 1016 1081 nec
1061 1030 1296 1084 mundus
1343 1043 1558 1099 capere.
1611 1029 1925 1100 Propterea.
1981 1029 2228 1094 Domine,

662 1116 774 1170 alit
805 1132 903 1172 nos
947 1117 1203 1183 mundus,
1238 1121 1605 1191 persequitur,
1660 1122 1954 1184 maledicit,
2002 1122 2242 1185 invidet,-

665 1209 813 1272 [ιιι-ιι,
838 1208 1058 1272 occidit,
1089 1226 1212 1265 cum
1249 1212 1306 1267 in
1332 1212 1472 1268 tales
1503 1213 1778 1279 inciderit,
1811 1214 1974 1269 audet
2017 1215 2223 1269 omnia.

668 1299 776 1353 Nos
814 1316 963 1365 vero,
1016 1312 1071 1358 nt
1106 1304 1203 1359 tibi
1238 1305 1629 1375 complacitum
1662 1319 1770 1372 est,
1813 1307 2048 1381 humiles
2083 1308 2228 1364 servi

663 1391 760 1457 tui,
784 1391 834 1444 in
855 1393 1169 1450 inﬁrmitate
1194 1405 1444 1464 potentes
1470 1397 1521 1451 in
1549 1391 1865 1466 paupertate
1885 1397 2226 1463 diteseimus,

661 1485 713 1534 in
750 1483 899 1537 omni
935 1483 1286 1540 ttibulatioue
1315 1485 1641 1557 gaudemus,
1677 1488 1828 1542 velut
1861 1497 2018 1542 extra
2061 1503 2227 1542 mun-

661 1577 788 1627 dum
815 1575 999 1644 positi.
1029 1575 1142 1632 Nos
1187 1588 1366 1633 tecum
1402 1595 1614 1643 sumus,
1662 1579 1912 1645 Domine,
1961 1592 2226 1649 corporea

659 1673 845 1719 nostra
893 1667 1130 1723 mundus
1167 1670 1382 1726 retinet.
1425 1668 1500 1724 De
1543 1678 1738 1726 caetero
1769 1685 1946 1730 cacus
1982 1670 2225 1733 oberrat,

659 1758 829 1811 lutum
859 1766 1050 1814 tenens
1089 1761 1288 1826 solum,
1317 1762 1460 1832 quod
1512 1777 1611 1817 nec
1659 1761 1837 1830 ipsutn
1882 1761 2224 1832 lucrifat-ietf;

656 1849 810 1902 dabis
850 1851 995 1904 enim
1023 1890 1039 1917 ,
1074 1858 1132 1905 ut
1164 1853 1487 1922 promisisti,
1518 1854 1573 1907 in
1613 1862 1861 1910 extrema
1915 1853 2044 1908 tuba
2077 1853 2121 1885 “
2171 1864 2225 1907 et

659 1942 761 1996 hoc
791 1940 1096 2010 spirituale,
1133 1951 1185 1997 et
1226 1943 1351 2000 huic
1385 1945 1486 2000 soli
1542 1946 1681 2000 mala
1722 1946 1945 2016 prepria
1977 1945 2222 2001 lucrabi-

656 2041 766 2095 tur,
819 2046 942 2087 cum
1004 2035 1478 2092 consentientibus
1525 2036 1628 2092 sibi
1663 2037 1862 2100 caecis,
1917 2045 1971 2092 et
2034 2036 2222 2092 mundi

655 2126 1010 2183 amatoribus.

1159 2243 1388 2300 CAPUT
1469 2244 1706 2302 XXXIX.

899 2357 1003 2424 Qui
1036 2356 1198 2412 Deum
1225 2357 1512 2424 desiderat,
1547 2362 1658 2414 odit
1693 2365 1967 2415 mundum.

726 2467 928 2525 Umbra
961 2469 1235 2538 detineor,
1268 2480 1318 2528 et
1354 2473 1644 2546 veritatem
1692 2489 1883 2542 cerno,
1915 2476 2061 2546 quod
2089 2479 2221 2533 nihil

654 2569 759 2630 est,
806 2559 912 2616 nisi
950 2561 1124 2616 solida
1159 2577 1303 2630 spes.
1367 2545 1627 2628 Qutenam
1664 2564 1831 2635 igitur
1857 2545 2027 2636 spes?
2058 2582 2220 2638 quam

654 2652 798 2708 oculi
832 2667 942 2710 non
973 2655 1244 2712 viderunt.
1289 2655 1414 2711 llate
1456 2657 1601 2712 enim
1651 2658 1784 2723 vita,
1834 2672 1996 2729 quam
2031 2676 2222 2714 omnes

655 2747 1072 2816 concupiscunt.
1103 2747 1222 2801 V'ita
1252 2757 1435 2802 autem
1464 2751 1552 2803 illa
1589 2750 1720 2820 quid
1751 2757 1834 2806 est
1858 2751 2023 2816 aliud,
2058 2767 2218 2823 quam

656 2837 800 2893 Deus
839 2839 1096 2894 conditor
1145 2842 1437 2894 omnium?
1489 2841 1644 2898 llunc
1699 2859 1841 2906 ama.
1877 2853 1931 2898 et
1962 2845 2087 2902 odio
2127 2846 2222 2898 ha-

655 2931 813 2986 bebis
873 2931 1159 2987 mundum.
1219 2933 1451 2989 Mundus
1517 2951 1701 2992 mors:
1747 2937 1884 3006 quid
1909 2939 2052 2992 enim
2115 2955 2218 2992 non

658 3025 864 3079 ﬂuxum
898 3033 952 3080 et
987 3016 1255 3081 caducum
1287 3026 1495 3082 habet?

1234 3153 1464 3211 CAPUT
1540 3155 1652 3210 XL.

656 3265 979 3340 Gratiarum
1015 3271 1154 3324 actio
1207 3270 1279 3322 ad
1329 3269 1489 3324 Deum
1537 3287 1630 3334 pro
1678 3272 1900 3340 acceptis
1937 3273 2216 3338 beneﬁciis.

731 3335 835 3411 Ubi
867 3333 1011 3411 etde
1040 3342 1277 3411 oratione
1303 3341 1594 3406 spiritu'ali,
1643 3354 1688 3394 et
1739 3333 2018 3411 progressu
2046 3333 2099 3394 in
2133 3360 2219 3406 ea,

725 3417 774 3460 et
802 3408 868 3482 de
906 3409 1086 3462 divina
1132 3410 1546 3482 illuminatione,
1592 3408 1890 3482 visioneque
1919 3429 2021 3468 non
2055 3412 2218 3481 faba,

724 3489 772 3530 et
804 3481 1062 3534 charitatc
1101 3497 1227 3550 erga
1263 3482 1425 3534 Deum
1455 3481 1758 3536 disseritur.

725 3587 984 3650 Benedic,
1011 3585 1192 3652 Pater,
1217 3588 1540 3644 Dominator
1565 3588 1792 3645 Domine
1807 3591 1930 3646 caeli
1954 3607 2016 3646 ae
2040 3601 2216 3660 terrae,

656 3680 904 3746 quiante
934 3679 1389 3734 constitutionem
1430 3681 1620 3735 mundi
1665 3683 1927 3748 statuisti,
1968 3693 2024 3738 ut
2065 3699 2095 3741 e
2137 3686 2220 3738 ni-

658 3773 768 3826 hilo
787 3787 1063 3833 nascerer.
1089 3776 1293 3842 gratias
1323 3785 1424 3841 ago
1447 3773 1567 3836 tibi,
1588 3775 1871 3843 quoniam,
1897 3775 2218 3845 priusquam

658 3863 938 3917 adveniret
969 3863 1085 3918 dies
1122 3874 1174 3918 et
1225 3864 1380 3929 hora,
1405 3864 1467 3917 in
1503 3859 1611 3932 qua
1645 3865 1918 3920 mandasti
1956 3875 2014 3919 ιιι
2045 3868 2223 3935 prodi-

660 3971 770 4013 rem
802 3956 854 4008 in
885 3955 1024 4010 hanc
1056 3955 1257 4018 lucem,
1311 3956 1425 4024 ipse
1460 3958 1614 4012 solus
1666 3957 2012 4020 immortalis,
2069 3963 2220 4016 solus

657 4044 1026 4114 omnipotens,
1089 4044 1238 4099 solus
1286 4044 1460 4100 bonus
1506 4055 1559 4101 et
1613 4046 1906 4113 humanus,
1947 4064 2068 4102 cum
2124 4048 2220 4104 de-

659 4139 970 4193 scendisses
1005 4138 1071 4193 de
1119 4137 1338 4193 excelso
1381 4140 1696 4194 sanctuario
1745 4149 1858 4204 tuo,
1915 4155 1942 4193 a
1995 4151 2221 4211 paterno

659 4232 782 4285 sinu
833 4245 940 4284 non
996 4230 1309 4295 discedens,
1359 4237 1414 4284 et
1464 4245 1494 4285 e
1547 4241 1732 4286 sancta
1794 4231 2015 4301 Virgine
2054 4233 2221 4288 Maria

659 4325 976 4378 incarnatus
1007 4328 1061 4374 et
1098 4321 1317 4390 genitus
1351 4315 1529 4383 esses.
1562 4323 1786 4386 tinxisti,
1819 4331 1874 4378 et
1909 4324 2221 4390 viviﬁcasti,

656 4421 709 4466 et
731 4428 757 4464 a
788 4413 945 4481 primi
979 4412 1222 4481 parentis
1258 4412 1412 4481 lapsu
1444 4413 1686 4467 liberasti
1723 4429 1832 4478 me,
1858 4424 1911 4469 et
1935 4429 2218 4470 aSCensutn

2337 563 2562 624 luntatis
2592 579 2657 619 ac
2688 561 2978 634 potestatis
3014 577 3120 616 non
3155 569 3439 631 reputans,
3471 578 3501 616 a
3542 562 3810 627 dominio,
3851 571 3899 617 et

2336 653 2568 724 imperio
2618 661 2713 708 tuo
2750 653 3027 715 resiliens,
3077 652 3410 723 pratcipitcm
3466 667 3554 707 me
3603 651 3801 722 ahjeci,
3848 661 3900 706 et

2337 745 2447 814 illic
2477 759 2562 800 me
2590 745 2892 816 jacentem,
2925 759 2991 800 ac
3029 746 3148 799 sine
3196 759 3362 799 sensu
3416 757 3615 812 corpus
3652 744 3902 800 volutan-

2335 845 2468 899 tem,
2523 837 2882 905 attritumque
2915 836 3286 902 vehementer,
3324 849 3435 890 non
3485 850 3544 892 es
3597 843 3900 900 aversatus,

2335 941 2444 982 non
2478 943 2538 983 es
2584 941 2786 995 passus
2829 925 3042 994 jacere,
3098 927 3320 997 lutoque
3353 928 3750 996 conspurcari:
3804 925 3901 980 sed

2334 1026 2556 1089 propter
2598 1019 2807 1074 viscera
2841 1018 3236 1073 misericordia:
3269 1027 3372 1072 tuae
3422 1018 3647 1082 misisti,
3689 1026 3744 1072 et
3777 1018 3903 1072 inde

2336 1127 2419 1166 me
2447 1111 2747 1176 sustulisti,
2776 1120 2831 1166 et
2862 1110 3134 1167 illustrius
3171 1110 3478 1165 honorasti.
3526 1111 3564 1163 Α
3599 1111 3823 1181 regihus
3849 1119 3902 1164 ct

2334 1200 2698 1273 principibus,
2748 1210 2809 1254 ut
2855 1215 2983 1256 vase
3033 1200 3352 1273 ignominiaa
3405 1200 3471 1255 ad
3533 1199 3902 1255 ministerium

2333 1290 2650 1361 cupiditatis
2691 1293 2802 1346 sua:
2848 1291 2926 1344 uti
2985 1305 3069 1347 me
3099 1289 3477 1360 cupientibus,
3521 1290 3747 1359 judieiis
3797 1291 3904 1345 tuis

2332 1381 2700 1438 ineﬂ'ahilibus
2733 1381 3032 1438 redemisti.
3091 1383 3221 1437 Auri
3275 1391 3329 1438 et
3385 1382 3590 1451 argenti
3651 1397 3901 1441 munera.

2332 1491 2642 1546 quanquam
2696 1475 2939 1546 pecunia:
2978 1489 3229 1537 avarum,
3261 1474 3513 1544 accipere
3561 1489 3648 1529 me
3676 1491 3785 1528 non
3821 1484 3903 1528 tu-

2331 1568 2466 1624 listi.
2519 1568 2788 1633 Gloriam,
2838 1568 2961 1622 vitae
3015 1567 3426 1631 etarittulinem,
3476 1582 3597 1638 ιιιιτιξ
3647 1567 3779 1619 mihi
3835 1566 3900 1618 ad

2331 1659 2672 1716 vendendam
2705 1661 3196 1717 sanctitieationem
3250 1670 3403 1716 tuam
3452 1661 3576 1713 loro
3624 1659 3784 1729 pretii
3817 1658 3902 1712 ot-

2333 1751 2642 1819 ferebatur,
2708 1764 2764 1806 ttt
2822 1766 3147 1807 exsecrarer
3200 1767 3261 1805 ac
3316 1752 3620 1807 detestarcr
3683 1749 3904 1804 donasti

2329 1843 2485 1900 mihi.

2400 1936 2506 1993 Sed
2534 1937 2648 1992 haec
2675 1937 2878 2002 omnia,
2906 1936 3171 1992 conﬁteor
3201 1935 3320 1998 tihi,
3350 1933 3576 1987 Domine
3610 1935 3751 1988 Deus
3775 1931 3899 1986 cesti

2327 2046 2389 2086 ae
2420 2040 2601 2096 terra,
2635 2044 2721 2085 me
2762 2045 2956 2086 rursus
2988 2029 3141 2082 nihili
3176 2029 3484 2092 facientem,
3521 2027 3573 2080 in
3611 2027 3816 2088 laeum,
3846 2034 3903 2079 et

2327 2119 2659 2190 profundum
2717 2133 2932 2176 omnum
2975 2119 3218 2188 turpium
3273 2116 3689 2188 eogitat’onum,
3727 2115 3900 2170 actio-

2327 2226 2568 2281 nutnque
2603 2209 2992 2267 miserabiliter
3016 2209 3164 2264 ultro
3195 2207 3476 2274 incidisse,
3507 2215 3560 2260 et
3613 2206 3668 2260 in
3703 2219 3899 2259 manus

2327 2301 2442 2356 illic
2473 2300 2755 2355 latentium
2813 2300 3088 2354 latronum
3126 2297 3462 2361 devenisse,
3492 2295 3635 2350 unde
3671 2309 3760 2348 me
3791 2307 3898 2348 non

2326 2392 2503 2446 solum
2542 2407 2643 2463 ego
2694 2391 2866 2456 solus,
2903 2391 2997 2447 sed
3047 2404 3150 2445 nec
3215 2388 3477 2443 mortales
3535 2384 3780 2440 universi
3838 2385 3896 2438 in

2327 2500 2494 2539 unum
2550 2485 2860 2555 congregati
2897 2483 3205 2544 extrahere,
3240 2488 3293 2536 et
3321 2480 3387 2534 ab
3403 2493 3600 2534 eorum
3631 2477 3896 2532 manibus

2325 2577 2558 2632 liberare
2614 2583 2934 2646 potuerunt.
2987 2571 3371 2627 Verumtamen
3431 2571 3505 2625 ibi
3562 2584 3647 2623 me
3695 2569 3898 2625 misere

2325 2670 2395 2724 ab
2425 2668 2533 2725 illis
2566 2669 2890 2732 coercitum,
2937 2677 2988 2722 et
3018 2666 3241 2722 infande
3271 2665 3379 2719 huc
3416 2663 3546 2718 illuc
3585 2670 3894 2731 raptatum,

2326 2777 2702 2834 compressum
2760 2771 2812 2816 et
2862 2762 3104 2822 illusum,
3153 2768 3210 2814 tu
3242 2760 3578 2820 misericors.
3632 2764 3687 2812 et
3741 2755 3894 2810 beni-

2327 2868 2466 2924 gnus
2495 2852 2759 2908 Dominus
2791 2868 2898 2907 non
2947 2851 3269 2920 despexisti,
3320 2864 3427 2902 non
3457 2865 3515 2902 es
3547 2847 3896 2902 abominatus

2326 2961 2638 3015 perversam
2668 2945 3001 3005 voluntatem
3038 2957 3236 3006 meam,
3283 2958 3394 2995 non
3445 2939 3539 2992 ditt
3591 2938 3892 3008 permisisti

2327 3053 2413 3092 me
2445 3046 2643 3108 sponte
2673 3036 2950 3092 latronum
2983 3034 3202 3088 illorum
3237 3032 3582 3104 tyrannidem
3635 3028 3842 3099 perpeti
3878 3047 3890 3081 :

2246 3153 2288 3208 ς
2326 3147 2512 3186 verum
2543 3130 2792 3201 quamvis
2829 3142 2930 3198 ego
2960 3127 3078 3184 sine
3125 3141 3290 3181 sensu
3329 3125 3602 3179 abductus
3654 3123 3723 3174 ah
3778 3120 3892 3174 illis

2324 3226 2562 3292 hetarer,
2586 3232 2644 3277 tu
2675 3229 2784 3278 tam
2817 3221 2957 3276 foede
2988 3235 3073 3276 me
3105 3219 3400 3289 circumagi
3428 3226 3592 3287 atque
3616 3215 3756 3267 trahi
3783 3228 3893 3267 non

2325 3317 2532 3381 terens,
2571 3313 2878 3371 visceribus
2911 3295 3240 3374 commetus,
3287 3317 3342 3362 et
3374 3306 3476 3361 utei
3505 3302 3884 3360 misericordia

2324 3418 2517 3478 captus
2561 3423 2657 3474 es;
2685 3421 2787 3462 nec
2809 3406 3086 3477 angelum,
3109 3413 3201 3458 aut
3229 3402 3506 3457 hominem
3529 3398 3592 3454 ad
3621 3415 3709 3454 me
3735 3397 3900 3453 mise-

2324 3516 2444 3553 rum
2482 3506 2828 3570 peccatorem
2851 3495 3049 3550 misisti
3075 3511 3088 3560 ;
3119 3494 3211 3549 sed
3244 3492 3534 3562 tumetipse
3565 3506 3592 3542 a
3620 3491 3896 3545 bonitatis

2324 3605 2429 3648 tua:
2455 3591 2774 3662 prtecordiis
2796 3589 3075 3650 incitatus,
3113 3588 3165 3640 in
3189 3583 3678 3657 profundissimam
3711 3587 3895 3636 lacum

2325 3698 2381 3759 te
2402 3685 2700 3749 immisisti,
2733 3692 2785 3738 et
2814 3683 2868 3735 in
2902 3681 3044 3736 (ωιιί
3072 3681 3176 3734 alta
3211 3679 3467 3748 voragine
3490 3675 3626 3730 intra
3651 3673 3893 3731 defesso.

2325 3793 2395 3832 ae
2424 3776 2657 3840 sedenti,
2694 3775 2974 3829 dexteram
3027 3772 3406 3825 intaminatam
3442 3769 3748 3834 tetendisti,
3777 3781 3898 3820 nte-

2324 3883 2431 3937 que
2465 3881 2572 3920 non
2610 3867 2881 3920 videntem
2920 3872 2971 3918 te
2999 3862 3113 3932 (qui
3149 3861 3293 3914 enim
3326 3870 3594 3928 poteram,
3635 3868 3728 3910 aut
3757 3872 3898 3926 quo-

2327 3958 2488 4013 modo
2526 3957 2920 4027 suspexissem,
2954 3949 3044 4023 qui
3074 3962 3223 4007 totus
3265 3951 3379 4005 luto
3413 3963 3627 4004 mersus
3659 3946 3896 4002 suffoca-

2325 4051 2423 4105 bar
2452 4051 2494 4103 Ἡ
2566 4048 2764 4119 capillo
2811 4023 3012 4114 c'apitis
3067 4044 3494 4114 apprehensum,
3548 4041 3672 4096 inde
3707 4040 3758 4094 vi
3789 4055 3892 4092 ex-

2326 4142 2538 4196 traxisti
2569 4157 2584 4206 ;
2620 4155 2742 4195 cum
2780 4155 2881 4208 ego
2913 4138 3159 4191 dolorem
3189 4135 3434 4205 quidem,
3481 4141 3536 4188 et
3577 4132 3802 4187 crebros
3835 4130 3891 4184 in

2330 4235 2614 4303 superiora
2680 4240 2974 4294 attractus,
3030 4242 3435 4295 ascensumque
3495 4226 3781 4290 sentirem,
3837 4233 3892 4276 at

2329 4343 2554 4397 prorsus
2587 4327 2883 4387 nescirem,
2913 4338 2940 4376 a
2975 4337 3084 4392 quo
3121 4322 3173 4375 in
3212 4321 3447 4380 sublime
3478 4318 3763 4380 educerer,
3799 4325 3891 4370 aut

2328 4420 2450 4488 quis
2488 4427 2634 4472 esset
2684 4416 2924 4481 tandem,
2959 4417 3051 4484 qui
3093 4428 3177 4466 me
3217 4420 3501 4482 prensaret
3555 4418 3722 4478 atque
3751 4410 3889 4463 edu-

659 4503 714 4557 iu
744 4505 941 4558 emtum
981 4504 1298 4573 praeparasti
1334 4503 1488 4557 mihi.
1521 4502 1725 4558 Deinde
1755 4516 2078 4574 prognatum
2113 4522 2218 4572 me,
2254 4485 2300 4542 θ
2329 4485 2500 4565 ceret.
2543 4509 2713 4562 Porro
2743 4520 2964 4562 sursum
2994 4504 3276 4569 eductum,
3305 4510 3362 4557 et
3389 4503 3441 4557 in
3475 4509 3619 4555 terra
3650 4500 3890 4554 colloca-

657 4603 710 4647 et
764 4597 966 4650 sensim
1018 4602 1376 4656 crescentem,
1412 4605 1467 4648 tu
1523 4609 1608 4648 me
1658 4607 1849 4650 sancto
1897 4598 2220 4666 baptismate

659 4696 753 4740 tuo
779 4685 1069 4750 reﬁnxisti,
1097 4694 1150 4741 et
1183 4688 1478 4751 renovasti,
1529 4698 1831 4755 sanctoque
1863 4687 2072 4757 Spiritu
2097 4705 2223 4746 con-

653 4776 950 4860 ileeorasti.
979 4778 1238 4844 Angelum
1266 4777 1403 4833 lucis
1430 4779 1711 4833 custodem
1745 4780 1874 4833 mihi
1902 4781 2219 4847 attrilmisti,

658 4879 712 4926 et
741 4868 807 4920 ah
838 4867 1095 4934 operibus
1138 4867 1314 4931 malis,
1356 4877 1409 4919 et
1439 4868 1645 4937 laqueis
1674 4869 1902 4935 inimici,
1947 4887 2121 4940 usque
2155 4872 2219 4924 ad

660 4957 957 5030 pet-fectant
1004 4967 1057 5011 et
1092 4957 1301 5026 plenam
1333 4967 1545 5013 aetatem
1585 4975 1671 5012 tne
1708 4961 1935 5015 illiesum
1972 4963 2221 5016 custodi-

659 5050 806 5105 ‘visti.
839 5047 1108 5116 Quoniam
1150 5065 1281 5103 vero
1330 5065 1438 5103 non
1493 5050 1566 5111 vi,
1599 5066 1660 5104 ac
1690 5051 1965 5122 nolentes,
2000 5055 2090 5108 sed
2130 5069 2222 5105 vo-

661 5145 893 5205 luntate,
922 5150 974 5196 et
1010 5141 1274 5194 arbitratu
1308 5144 1379 5204 ,atl
1431 5142 1531 5194 hoc
1579 5143 1979 5210 propendeutcs
2013 5146 2221 5198 salvate

665 5247 763 5288 nos
795 5246 1009 5298 aequum
1052 5232 1367 5300 iustumque
1397 5234 1683 5293 ceusuisti,
1722 5250 1807 5288 me
1839 5249 2054 5303 qttmpte
2083 5237 2225 5288 arbi-

664 5325 752 5377 trii
783 5324 1037 5377 libertate
1070 5323 1327 5376 honorari
1364 5324 1686 5392 permisisti,
1719 5335 1777 5376 ιιι
1805 5342 1870 5378 ex
1904 5328 2213 5379 voluntaria

662 5415 1045 5470 mandaturum
1078 5423 1298 5479 tuorum
1337 5417 1718 5470 observatione
1773 5432 1948 5470 meum
1999 5435 2126 5488 erga
2168 5432 2219 5473 te

659 5507 981 5560 eharitatem
1015 5500 1382 5559 ostenderent.
1438 5506 1546 5574 ligo
1582 5517 1763 5560 autem
1815 5509 2119 5576 itnprolzus,
2169 5521 2220 5566 et

660 5598 923 5665 ngratus,
961 5610 1119 5666 atque
1172 5608 1537 5668 mnt‘tup‘ur,
1576 5601 1717 5653 \clut
1772 5615 1949 5668 equus
1984 5602 2216 5659 ιὶιιριιῐξδ

739 5771 778 5799 ⁵⁵
813 5770 840 5822 Ξ.
865 5771 984 5822 (Tm:
1023 5787 1104 5836 sv,
1143 5772 1230 5826 tu,

2331 4613 2470 4666 tum,
2502 4615 2660 4654 servo
2710 4614 2773 4651 ac
2821 4597 3091 4666 discipulo
3126 4607 3221 4650 tuo
3253 4610 3338 4648 tne
3370 4591 3670 4656 tradidisti,
3719 4600 3890 4644 totum

2331 4692 2698 4763 inquinatum,
2733 4698 2786 4743 et
2820 4690 2935 4742 luto
2966 4689 3178 4752 oculos,
3213 4701 3394 4749 aures,
3430 4699 3491 4738 os
3519 4684 3888 4742 obstructum,

2329 4798 2382 4837 et
2416 4786 2487 4836 ita
2522 4798 2621 4836 nec
2650 4789 2762 4834 ttttn
2797 4787 2847 4834 te
2882 4779 3179 4840 videntem,
3218 4777 3340 4846 quis
3375 4790 3562 4840 esses;
3623 4772 3727 4826 nisi
3784 4771 3888 4824 hoc

2336 4875 2511 4928 solum
2544 4873 2894 4934 indicantem,
2943 4871 3195 4940 quisquis
3229 4881 3405 4930 esses,
3442 4867 3669 4928 bonum,
3710 4871 3762 4916 et
3792 4861 3866 4913 lttt

2332 4980 2552 5018 manum
2586 4977 2727 5024 esse,
2792 4962 2881 5031 qui
2944 4977 3028 5012 tne
3071 4975 3100 5013 e
3147 4956 3417 5027 profundo
3468 4956 3611 5017 lacu,
3647 4965 3700 5007 et
3731 4967 3892 5006 emno

2331 5056 2653 5124 eripuisses.
2685 5052 2839 5106 Dicto
2868 5052 3033 5123 igitur
3060 5049 3191 5104 tnihi
3221 5050 3566 5107 confortare,
3601 5055 3655 5098 et
3680 5043 3887 5097 homini

2332 5146 2462 5198 huic
2494 5145 2824 5206 adhaeresco,
2877 5157 3112 5210 cumque
3170 5154 3422 5210 sequere,
3485 5138 3573 5191 hic
3634 5137 3778 5190 enim
3837 5143 3891 5190 te

2334 5237 2626 5289 abductum
2663 5235 2886 5288 abluet:
2941 5244 2994 5288 et
3044 5234 3254 5288 ﬁrmam
3290 5230 3418 5284 mihi
3461 5229 3513 5282 in
3549 5227 3700 5280 illum
3731 5225 3892 5278 tidem

2335 5328 2588 5396 largitus,
2618 5327 2918 5381 recessisti.
2962 5325 3061 5380 Ubi
3091 5326 3252 5396 igitur
3301 5322 3471 5378 fueris
3508 5321 3740 5389 ignoro;
3793 5332 3894 5386 ego

2333 5421 2713 5489 praescriptum
2747 5419 2873 5472 mihi
2914 5417 3106 5471 ducem
3137 5417 3235 5470 abs
3265 5424 3337 5479 te,
3387 5411 3735 5467 sanctissime
3790 5408 3896 5460 llo-

2331 5512 2498 5576 tninc,
2554 5511 2688 5564 citra
2722 5512 3134 5563 conversionem
3188 5520 3410 5561 secutus
3445 5521 3606 5569 sunt;
3663 5518 3893 5570 cumque

2333 5603 2418 5656 illa:
2453 5603 2517 5657 ad
2550 5604 2935 5672 SC:tlttt‘igEttt‘S,
2964 5612 3013 5654 ut
3057 5602 3253 5663 fontes,
3294 5601 3348 5655 id
3396 5609 3500 5662 est,
3550 5596 3889 5665 Scripturas,
