4156 6344
172 394 272 457 5'37

1216 393 1658 459 DIVlNORUM
1688 391 2015 458 AMORUM
2052 398 2305 459 LIBER.

3298 406 3400 469 558

171 513 223 559 et
256 504 510 560 mandata
539 504 705 560 multa
732 519 855 561 cum
882 505 1206 581 lassitudine
1235 516 1287 563 et
1317 507 1501 562 labore
1533 521 1734 562 ctecum
1767 508 1811 563 A
1841 507 2140 564 ambulanti
2191 509 2346 575 mihi,
2381 516 2432 564 et
2465 509 2528 563 ad
2564 510 2765 566 fontem
2805 515 3071 581 currenti,
3101 523 3156 571 tu
3184 519 3278 587 qui
3310 531 3397 574 mc

172 611 280 662 n-e,
314 606 368 653 et
404 606 558 670 tergo
585 614 688 654 suo
714 615 878 654 manu
930 597 1051 653 fidei
1083 598 1178 654 abs
1214 610 1263 654 te
1298 599 1427 653 tuihi
1462 599 1588 654 data
1619 607 1733 653 tra-

172 699 348 756 ctum,
382 707 446 747 ac
477 693 628 763 sequi
666 704 916 748 coactum
969 692 1310 759 abduxisset,
1347 694 1586 763 respexit
1623 708 1730 757 me,

173 793 225 834 rt
245 783 443 850 pedum
468 785 612 841 vires
627 784 797 853 probe
815 784 1102 854 resumpsi.
1119 782 1412 839 Transihat
1439 793 1616 839 autem
1637 799 1735 852 per

176 875 440 944 lapidosa,
476 890 570 946 per
605 874 804 940 fossas,
843 891 939 946 per
973 874 1317 940 offendicula,
1357 883 1411 930 ct
1443 874 1736 946 superabat

175 967 379 1023 munia.
409 968 508 1023 Ast
527 983 611 1022 me
631 970 684 1022 in
713 969 825 1023 base
849 969 1164 1039 impingere,
1194 977 1246 1024 et
1266 969 1566 1032 offendere,
1596 969 1736 1023 mul-

175 1070 402 1129 tumque
458 1060 728 1127 laborem,
785 1061 989 1117 multas
1027 1061 1367 1122 vexationes,
1401 1067 1453 1114 et
1486 1059 1739 1114 afﬂictio-

176 1164 274 1204 nes
316 1148 585 1218 perferre,
642 1164 705 1205 ac
737 1149 1016 1205 sustinere
1063 1147 1457 1216 contingebat."
1501 1148 1564 1203 Et
1622 1149 1737 1217 ipse

172 1238 392 1307 quidem
426 1239 481 1294 in
510 1241 658 1294 omni
700 1239 871 1304 fonte,
899 1249 960 1294 et
994 1241 1246 1295 scatebra
1279 1256 1372 1310 per
1405 1257 1463 1297 se
1495 1241 1549 1294 in
1576 1240 1738 1296 horas

178 1331 412 1396 lavabat,
455 1346 518 1386 ac
553 1347 614 1387 se
645 1332 902 1386 abluebat
933 1350 946 1385 :
979 1347 1105 1402 ego,
1137 1334 1284 1401 quod
1315 1348 1406 1387 eas
1459 1347 1566 1390 non
1615 1345 1737 1385 cer-

176 1436 386 1485 nerem,
442 1422 642 1478 multas
671 1425 1039 1493 prteteribam.
1076 1425 1153 1479 Ac
1183 1425 1288 1480 nisi
1328 1425 1418 1478 ille
1451 1439 1616 1479 manu
1653 1437 1737 1477 me

175 1511 530 1579 prehensum,
582 1514 650 1568 ad
685 1504 890 1568 fo'ntem
924 1516 1234 1578 statuisset,
1271 1525 1322 1569 ct
1353 1516 1517 1585 pedes
1569 1514 1736 1569 animi

175 1602 278 1657 mei
307 1617 405 1672 pro
436 1603 578 1661 duce
611 1604 868 1671 rexisset,
901 1621 1174 1676 nusquam
1210 1615 1509 1661 scatentem
1540 1621 1734 1676 aquam

175 1694 424 1750 invenire
456 1697 781 1767 potuissem.
838 1697 938 1752 Ubi
972 1705 1154 1752 autem
1204 1699 1334 1752 mihi
1369 1697 1738 1768 scaturigines

176 1787 302 1841 illas
334 1787 756 1855 demonstravit,
813 1791 1173 1860 permisitque
1231 1798 1290 1843 ut
1343 1791 1542 1860 sacpius
1599 1804 1736 1859 aqua

172 1891 305 1944 pura
348 1893 435 1932 me
469 1877 771 1944 ahluerem,
816 1880 956 1935 forte
985 1880 1283 1950 aliquando
1335 1879 1493 1933 etiam
1521 1878 1588 1934 de
1623 1879 1738 1933 luto

171 1967 237 2020 ad
271 1969 573 2039 marginem
607 1968 777 2027 fontis
821 1972 1040 2040 jacente
1074 1986 1236 2024 manu
1289 1970 1631 2034 hauriebam,
1683 1978 1740 2025 et

170 2058 293 2113 inde
327 2056 524 2114 faciem
575 2061 769 2116 lavans
807 2061 1274 2117 contaminabam.
1307 2060 1448 2127 Quin
1481 2068 1534 2118 et
1570 2071 1738 2132 saepe-

171 2165 404 2205 numero
454 2153 727 2223 palpando
780 2153 969 2208 volens
1023 2153 1413 2224 scaturiginem
1472 2154 1737 2219 invenire,

171 2239 454 2295 trahebam
489 2257 596 2296 una
625 2243 930 2312 pulverem,
965 2250 1020 2297 et
1067 2259 1265 2313 aquam
1316 2245 1515 2298 iterum
1549 2245 1741 2299 turba-

171 2329 292 2381 bam
317 2347 332 2394 ;
364 2345 603 2402 eumque
629 2333 846 2401 penitus
868 2334 1007 2388 nihil
1038 2333 1302 2398 viderem,
1331 2343 1560 2404 turpans
1583 2350 1738 2391 εαξηο

173 2419 396 2486 faciem,
431 2439 569 2493 pura
608 2440 695 2481 me
736 2421 954 2497 lympha
997 2426 1258 2497 putabam
1296 2425 1462 2482 ablui.

240 2512 362 2579 Quo
391 2525 570 2569 autem
604 2524 762 2584 pacto
811 2518 1255 2572 commemorabo
1283 2534 1405 2587 quae
1433 2535 1517 2575 me
1541 2519 1736 2574 deinde

173 2617 392 2665 rursum
451 2606 782 2670 necessitas.
828 2615 880 2663 et
931 2609 1012 2663 vis
1067 2609 1401 2677 occuparit?
1461 2610 1739 2679 quomodo

173 2704 427 2760 praeterea
465 2698 684 2767 quidam
739 2698 1054 2768 frequenter
1091 2709 1444 2766 testarentur,
1480 2710 1535 2756 et
1583 2717 1730 2770 quo-

173 2786 307 2841 tidie
355 2789 488 2842 mihi
522 2791 851 2846 cantilenam
887 2791 1045 2844 istam
1082 2791 1420 2856 occinerent,
1451 2794 1581 2862 quid
1615 2795 1737 2848 ina-

175 2891 292 2929 nem
345 2877 590 2935 laborem
624 2879 790 2934 stulte
837 2881 1107 2952 capessis,
1159 2890 1212 2937 et
1249 2882 1524 2938 illusorem
1575 2894 1740 2954 atque

173 2966 527 3034 impostorem
577 2968 725 3023 hunc
777 2972 1053 3040 sequeris,
1085 2979 1140 3025 et
1173 2982 1225 3026 te
1257 2972 1539 3040 aspectum
1573 2989 1738 3030 recu-

171 3064 484 3124 peraturum
518 3057 741 3123 frustra,
789 3068 843 3114 et
870 3059 1140 3114 inutiliter
1165 3059 1434 3114 confidis?
1458 3075 1564 3113 non
1594 3061 1738 3115 enim

1836 607 1996 654 antea
2031 600 2098 656 de
2135 616 2290 658 coeno
2338 614 2676 671 extraxeras,
2724 621 2939 661 rursum
2974 609 3286 675 ocrurristi,
3341 620 3395 666 et

1836 699 1966 746 tunc
2002 694 2236 761 primum
2286 695 2609 751 inlaminato
2658 697 2839 754 vultus
2873 698 2948 752 tui
2985 698 3277 768 splendore
3306 699 3392 755 in-

1837 780 2024 838 ﬁrmos
2053 784 2246 838 oculos
2278 799 2432 841 meos
2479 786 2819 850 illuminasti,
2871 789 3126 859 quodque
3156 790 3385 845 videbar

1839 872 2038 927 habere
2067 873 2270 938 lumen,
2295 875 2542 945 idipsum
2581 876 2814 946 perdidi,
2849 892 2955 947 quo
2993 888 3041 932 te
3064 893 3390 949 cognoscere

1837 975 1943 1015 non
1973 970 2277 1031 potueram.
2322 962 2386 1016 Et
2409 966 2674 1032 quomodo
2693 963 3014 1035 potuissem,
3035 965 3190 1036 cujus
3217 979 3394 1036 neque

1840 1055 2000 1109 faciei
2036 1053 2304 1126 fulgorem
2342 1056 2527 1111 videre
2578 1072 2815 1125 possem,
2854 1071 3031 1125 neque
3065 1056 3388 1125 intelligere,

1839 1156 1931 1201 aut
1965 1149 2290 1217 perspicere,
2325 1158 2413 1202 aut
2436 1163 2767 1218 cognoscere
2797 1150 2920 1221 quis
2954 1150 3174 1204 tandem
3201 1150 3390 1205 esses?

1840 1236 1912 1290 Ex
1948 1254 2011 1293 eo
2043 1253 2126 1292 me
2160 1239 2406 1292 crebrius
2463 1239 2524 1292 ad
2556 1237 2754 1294 fontem
2789 1239 3139 1305 consistente,
3168 1238 3260 1310 qui
3296 1253 3391 1292 va-

1841 1341 1931 1380 cas
1963 1326 2110 1380 omni
2133 1328 2406 1398 superbia,
2442 1342 2550 1382 non
2580 1344 2640 1384 es
2690 1329 3387 1398 dedignatusdescendere,

1841 1415 1912 1468 ad
1943 1429 2028 1469 me
2063 1417 2340 1481 accedere,
2374 1417 2709 1486 prehendere
2745 1426 2908 1487 caput
2941 1432 3141 1483 meum,
3173 1426 3226 1474 et
3258 1417 3311 1472 id
3332 1419 3388 1472 in

1843 1505 1987 1573 ipsas
2051 1521 2220 1578 aquas
2282 1510 2631 1580 immergere,
2692 1508 3032 1579 elﬁcereque,
3089 1519 3148 1562 ut
3208 1510 3391 1562 lumen

1845 1598 2023 1653 vultus
2054 1599 2134 1653 tui
2161 1600 2346 1669 purius
2373 1589 2696 1670 aspicerem.
2723 1598 2844 1656 Mox
2873 1605 2924 1654 te
2954 1599 3245 1666 abstulisti,
3270 1613 3393 1653 cum

1844 1705 1949 1744 non
1981 1689 2226 1746 dedisses
2260 1692 2500 1762 cogitare
2523 1692 2648 1762 quis
2679 1705 2850 1754 esses,
2885 1690 2978 1761 qui
3007 1688 3122 1744 haec
3153 1687 3392 1750 faceres;

1827 1793 1937 1834 eaut
1970 1781 2110 1837 unde
2137 1784 2417 1846 venisses;
2456 1792 2548 1836 aut
2577 1798 2685 1852 quo
2708 1782 2957 1849 ahiisscs,
2986 1795 3118 1844 non,
3151 1780 3395 1848 inquam,

1840 1873 2008 1928 dabas
2044 1874 2148 1927 hoc
2189 1873 2345 1939 mihi,
2401 1889 2577 1944 neque
2612 1888 2733 1927 cum
2775 1873 2840 1927 ad
2894 1879 3110 1942 tempus
3159 1871 3398 1932 venires,

1841 1972 1893 2018 et
1941 1965 2119 2019 abires
2151 1965 2410 2033 paulatim
2483 1965 2658 2033 magis
2694 1979 2754 2019 ac
2789 1965 2960 2036 magis
2987 1962 3308 2034 apparebas,
3343 1969 3396 2014 et

1843 2056 2000 2125 aquis
2030 2071 2118 2110 me
2148 2056 2447 2121 irrorabas,
2486 2065 2539 2110 et
2572 2065 2628 2109 ut
2667 2067 2716 2111 te
2747 2057 3006 2125 liquidius
3037 2071 3159 2110 cum
3191 2055 3398 2123 majore

1839 2149 2047 2205 lumine
2079 2149 2345 2213 intuerer,
2396 2147 2733 2218 largiebaris.
2792 2146 2926 2204 Dum
2977 2148 3081 2202 hoc
3113 2146 3203 2200 diu
3239 2145 3398 2207 facis,

1840 2238 1960 2293 visu
1992 2237 2234 2308 mysterii
2259 2237 2546 2306 cujusdam
2571 2237 2900 2292 venerabilis
2928 2252 3014 2291 me
3037 2236 3292 2305 dignatus
3317 2251 3395 2290 cs.

1842 2326 1918 2382 Te
1952 2329 2099 2383 enim
2132 2325 2478 2391 adveniente,
2542 2334 2620 2390 et,
2663 2335 2720 2380 ut
2749 2327 3027 2403 putabam,
3096 2327 3252 2396 aquis
3315 2338 3401 2378 me

1841 2419 2119 2484 abluente,
2169 2427 2224 2472 et
2277 2419 2640 2488 immergente
2695 2421 2931 2495 saepius,
2971 2417 3237 2487 fulgorem
3290 2419 3400 2469 cir-

1840 2511 2187 2566 cumdantem
2246 2525 2350 2575 me,
2409 2518 2461 2562 et
2500 2508 2686 2565 radios
2744 2501 3058 2564 vultus‘t'u'i
3096 2510 3150 2564 in
3207 2509 3400 2562 modiis

1841 2603 1999 2672 aquis
2025 2601 2328 2671 conspicio.
2361 2600 2725 2671 obstupuique
2759 2601 3128 2665 vehementer,
3157 2614 3278 2653 cum
3308 2613 3392 2651 me

1840 2709 1979 2763 aqua
2013 2693 2234 2748 lucillua
2265 2693 2504 2746 viderem
2539 2692 2707 2759 ablui,
2739 2701 2794 2746 et
2847 2692 2937 2745 ubi
2970 2700 3139 2752 esset,
3171 2701 3224 2745 et
3259 2689 3385 2758 quis

1841 2792 1986 2838 esset
2019 2781 2182 2852 hujus
2221 2782 2296 2836 rei
2330 2782 2611 2852 praebitor,
2640 2796 2746 2836 non
2780 2781 3173 2852 cognoscebam
3205 2798 3218 2833 :
3259 2795 3395 2850 gau-

1842 2871 2034 2927 debam
2068 2873 2244 2926 solum
2274 2884 2360 2925 me
2389 2871 2580 2937 lavari,
2615 2870 2718 2925 fide
2747 2871 2956 2938 augeri,
2979 2884 3076 2938 spe
3110 2869 3259 2923 velut
3291 2869 3394 2922 alis

1843 2963 2108 3028 subvehi;
2137 2974 2188 3016 et
2224 2963 2280 3016 in
2317 2962 2519 3016 coelum
2549 2977 2724 3030 usque
2771 2961 3090 3015 ascendere.
3135 2959 3402 3015 Seducto-

1843 3068 1930 3108 res
1958 3061 2139 3108 autem
2171 3053 2317 3120 illos,
2344 3052 2508 3108 verba
2528 3052 2778 3116 fallaciae,
2811 3061 2866 3106 et
2895 3052 3237 3106 mendacium
3269 3050 3400 3103 mihi

171 3147 489 3202 uunc‘tieri
543 3155 747 3217 potest.
789 3148 930 3215 Quid
966 3149 1133 3219 pedes
1193 3149 1266 3205 ita
1321 3150 1625 3216 offendens,
1686 3160 1740 3205 et
1769 3165 1810 3224 ο
1844 3145 2159 3210 suadentes,
2216 3159 2280 3198 ac
2314 3149 2698 3224 suggerentes
2736 3142 3027 3212 plurimum
3086 3156 3308 3205 exosus,
3350 3149 3403 3195 et

167 3247 466 3296 cruentans
500 3242 787 3310 sequeris;
818 3256 917 3294 cur
941 3255 1048 3296 non
1074 3242 1255 3311 potius
1284 3242 1732 3299 miscricordibus

169 3331 471 3395 auscultas,
509 3334 600 3402 qui
637 3333 934 3388 hortantur
986 3341 1059 3394 te,
1113 3341 1170 3387 ut
1209 3333 1381 3403 quieti
1427 3334 1732 3406 indulgeas,

168 3420 402 3490 ciboque
459 3431 512 3478 et
567 3424 792 3493 potione
851 3435 903 3479 et
958 3425 1167 3495 reliqua
1217 3441 1348 3479 cura
1385 3427 1604 3496 corpori
1642 3435 1734 3481 tuo

169 3517 425 3571 servias?
453 3517 570 3572 Non
594 3519 740 3573 enim
772 3526 926 3588 potes
961 3519 1028 3573 ab
1056 3520 1256 3574 animae
1282 3521 1430 3588 lepra
1469 3520 1692 3575 liberari
1717 3538 1730 3586 ;

170 3621 267 3659 nec
300 3621 539 3674 unquam
585 3607 713 3662 istis
748 3608 1080 3676 temporibus
1120 3609 1376 3678 aspicies.
1417 3607 1572 3663 Unde
1607 3610 1736 3663 illu-

169 3708 261 3748 sor
288 3695 418 3757 iste,
454 3696 841 3751 miraculorum
874 3698 1094 3753 effector
1153 3700 1317 3753 modo
1350 3699 1580 3763 exstitit,
1615 3700 1731 3768 qui,

169 3800 286 3852 qua
337 3787 478 3854 apud
520 3801 710 3841 omnes
741 3788 994 3843 homines
1044 3790 1220 3844 mtatis
1256 3789 1419 3859 hujus
1463 3799 1590 3844 sunt
1634 3791 1735 3844 im-

169 3876 473 3944 possibilia,
522 3878 619 3931 tibi
677 3879 1014 3948 pollicetur?
1062 3874 1155 3934 νώ
1209 3881 1331 3946 tibi,
1383 3881 1642 3948 quoniam
1683 3893 1734 3936 et

168 3967 404 4021 oblatam
444 3983 471 4022 a
506 3968 734 4032 Christi,
764 3981 815 4023 et
848 3969 1076 4023 fratrum
1121 3971 1450 4036 amantibus,
1481 3983 1532 4023 et
1556 3971 1730 4025 aliena

168 4056 336 4119 mala,
377 4066 636 4125 tanquam
675 4058 919 4127 propria,
972 4060 1343 4114 sentientibus
1383 4059 1730 4113 curationem

169 4145 410 4209 amittes,
442 4153 495 4200 et
522 4147 870 4201 incommoda
908 4146 1342 4216 aﬂlictinnesque
1379 4163 1518 4217 quas
1567 4147 1736 4202 susti-

170 4249 285 4298 nes,
318 4250 458 4288 vana
496 4251 594 4304 spe
639 4236 975 4298 sustinebis;
1015 4244 1068 4289 et
1102 4237 1372 4304 promissa
1423 4236 1523 4288 tibi
1572 4251 1601 4287 a
1634 4235 1729 4289 dc-

169 4335 388 4395 ccptore
429 4327 521 4379 illo
573 4342 637 4380 ac
670 4328 1005 4397 sycophanta
1057 4342 1155 4396 pro
1218 4336 1370 4382 certo
1419 4326 1561 4381 baud
1596 4343 1731 4382 con-

167 4417 438 4485 sequeris.
490 4414 673 4480 Quid?
709 4432 822 4470 non
855 4417 1234 4484 ratiocinaris,
1275 4433 1451 4486 neque
1503 4418 1643 4485 apud
1680 4427 1732 4471 te

1842 3242 2089 3291 errantes
2115 3234 2406 3301 miserans,
2451 3248 2638 3289 eorum
2695 3246 3069 3302 congressum,
3109 3240 3404 3285 consuetu-

1844 3327 2047 3392 dinem,
2084 3332 2554 3395 conspectumque
2606 3331 2663 3378 ut
2709 3323 3210 3386 noxium,devitavi
3250 3324 3404 3392 peni-

1845 3417 1971 3470 tus:
2013 3413 2459 3474 contubernalem
2495 3424 2697 3475 autem,
2741 3421 2794 3468 et
2845 3412 3149 3484 adjutorem
3195 3428 3399 3477 meum,

1844 3515 2096 3561 sanctum
2133 3507 2460 3577 discipulum
2496 3513 2649 3560 tuum
2680 3505 2825 3576 dico,
2865 3513 2919 3561 et
2965 3505 3291 3575 apostolum,
3344 3513 3402 3559 ut

1845 3599 2077 3666 teipsum
2136 3599 2378 3652 fictorem
2429 3611 2608 3651 meum
2658 3596 2992 3659 venerabar,
3041 3595 3396 3660 honorabant,

1843 3686 2132 3756 diligebam
2187 3695 2302 3742 toto
2357 3696 2608 3756 pectore:
2652 3685 2901 3755 iacebam
2949 3687 3014 3740 ad
3064 3685 3228 3755 pedes
3280 3688 3398 3752 ejus

1841 3785 2031 3834 noctes
2073 3786 2128 3834 et
2166 3778 2307 3844 dies,
2347 3793 2532 3844 orans,
2590 3785 2649 3831 ut
2680 3776 2724 3832 si
2759 3763 2887 3851 quid
2920 3788 3124 3846 posset,
3179 3779 3401 3846 adjuva-

1842 3876 1923 3922 ret
1956 3882 2041 3925 me
2067 3886 2081 3934 ;
2117 3877 2266 3923 certo
2291 3869 2423 3922 mihi
2459 3870 2816 3939 persuadens,
2847 3884 3191 3938 quaecunque
3214 3871 3395 3934 vellet,

1842 3959 1939 4014 abs
1992 3966 2044 4016 te
2103 3960 2475 4014 obtenturum.
2534 3958 2624 4013 Sic
2670 3959 2860 4028 perdiu
2905 3961 3076 4029 gratia
3133 3970 3220 4013 tua
3273 3975 3394 4012 cum

1839 4063 2271 4119 persevcrarem,
2303 4051 2497 4104 iterum
2525 4049 2672 4103 aliud
2708 4049 2953 4108 mirabile
2975 4064 3233 4108 arcanum
3266 4050 3394 4103 vidi.

1839 4140 2250 4208 Apprehensum
2290 4141 2488 4209 quippe
2534 4154 2620 4198 me
2653 4155 2758 4194 una
2790 4149 2966 4194 tecum
3000 4140 3052 4192 in
3084 4141 3278 4195 cmlum
3307 4157 3395 4216 as:

1839 4231 2078 4286 cendens
2111 4231 2315 4286 duxisti
2343 4232 2457 4287 sive
2487 4231 2542 4286 in
2572 4243 2819 4302 corpore,
2849 4231 2963 4287 sive
2993 4241 3142 4287 extra
3176 4248 3392 4300 corpus.

1840 4324 2045 4386 nescio,
2102 4333 2156 4376 tu
2205 4322 2353 4376 solus
2402 4323 2568 4387 nosti,
2621 4322 2712 4392 qui
2768 4324 2817 4376 id
2855 4322 3051 4378 fecisti.
3113 4324 3250 4376 Cum
3285 4324 3393 4377 illic

1840 4412 2028 4467 horam
2089 4419 2267 4466 tecum
2315 4413 2641 4481 exegissem,
2682 4421 2735 4468 et
2785 4428 2964 4468 essem
3015 4415 3198 4483 gloriae
3230 4416 3390 4482 (qum.

166 4507 377 4575 COgitas
409 4503 686 4574 quomodo
746 4505 871 4560 sine
902 4505 1064 4560 nobis
1102 4506 1237 4559 nihil
1293 4506 1515 4574 possis?
1551 4504 1733 4572 Quid?
1766 4504 1808 4558 D
1838 4513 1929 4557 aut
1958 4503 2114 4570 cujus
2145 4503 2309 4558 fuerit
2342 4504 2548 4575 nescio)
2587 4507 2982 4576 magnitudine,
3015 4514 3068 4560 ct
3109 4507 3394 4576 maiestate

165 4611 348 4651 annon
371 4606 426 4650 et
454 4610 553 4650 nos
589 4611 780 4655 omnes
811 4596 1130 4651 cernimus?
1152 4612 1243 4660 an,
1270 4596 1732 4665 quemadmodum

167 4692 430 4746 seductus
481 4689 570 4742 ille
625 4689 855 4757 ipsemet
888 4689 983 4742 tibi
1040 4688 1279 4751 dictitat,
1319 4690 1448 4743 caeci
1500 4690 1736 4744 sumus?

167 4781 457 4836 Cernimus
485 4780 734 4850 profecto
762 4796 979 4846 omnes,
1018 4789 1073 4834 et
1111 4795 1177 4834 ne
1229 4779 1433 4834 frustra
1487 4782 1586 4844 sis,
1620 4795 1730 4833 non

165 4879 244 4927 est
267 4873 373 4924 hoc
401 4878 587 4926 nostra
607 4870 827 4924 videndi
859 4869 1094 4925 facultas
1122 4869 1320 4924 minor.
1353 4869 1553 4925 Verum
1582 4869 1727 4922 enim

169 4979 296 5018 vero
337 4963 409 5017 ab
468 4963 554 5016 his
608 4961 862 5017 omnibus
905 4962 1040 5016 citra
1087 4964 1518 5024 controversiam
1570 4960 1723 5015 sedu-

167 5053 449 5115 ctoribus,
530 5051 582 5114 et
641 5051 1194 5122 impostoribus,qui
1249 5053 1372 5105 dolo
1427 5051 1732 5120 proximum

166 5145 565 5219 circumvenire
596 5148 763 5210 atque
799 5143 1118 5197 subvertere
1161 5149 1451 5202 conantur,
1481 5148 1533 5193 tu
1570 5140 1734 5194 misce

168 5237 339 5289 ricors
374 5241 430 5287 et
457 5233 690 5301 benigne
727 5233 901 5287 libera
950 5248 1057 5297 me,
1113 5248 1208 5302 per
1242 5246 1361 5286 eam
1404 5245 1565 5301 quam
1600 5229 1730 5282 mihi

169 5323 325 5379 fidem
351 5328 409 5376 et
439 5337 589 5393 spent
624 5321 852 5391 largitus
909 5337 1009 5385 es;
1050 5336 1146 5389 per
1173 5335 1339 5390 quam
1377 5327 1429 5372 et
1454 5333 1573 5385 qua:
1596 5317 1731 5380 dixi,

169 5423 219 5468 et
252 5414 358 5468 alia
392 5412 549 5481 plura
579 5420 639 5464 ut
675 5411 998 5480 perferrem,
1039 5425 1124 5464 me
1157 5410 1552 5464 corroborasti.

234 5505 508 5557 Czeterum
565 5517 689 5559 cum
759 5501 812 5554 in
863 5502 1120 5555 omnibus
1181 5500 1266 5554 his
1326 5498 1732 5568 perdurassem,

177 5611 273 5650 nec
304 5593 656 5656 deiecissem,
688 5603 738 5648 et
790 5597 868 5647 sic
897 5593 1168 5662 palpando
1202 5591 1421 5645 turbida
1472 5605 1612 5659 aqua
1648 5605 1733 5643 me

176 5687 476 5751 abluet-em,
497 5686 786 5740 eteluerer
802 5683 1067 5755 quotidie,
1103 5684 1361 5753 opinione
1395 5699 1508 5737 mea
1538 5697 1636 5752 pro
1665 5696 1729 5734 eo

176 5793 237 5832 ac
268 5778 550 5839 apostolus
575 5775 992 5846 discipulusque
1025 5785 1150 5830 tuus
1175 5775 1408 5832 docebat
1439 5772 1729 5842 aliquando

1836 4595 2142 4662 perculsus,
2187 4596 2535 4649 etimmensa
2583 4594 2869 4650 altitudine
2904 4597 3193 4653 attonitus.
3245 4605 3393 4651 totus

1836 4685 2116 4738 cohorrui.
2185 4683 2423 4738 Rursum
2462 4698 2548 4736 me
2581 4685 2760 4738 solum
2816 4684 2906 4737 ubi
2966 4685 3116 4753 prius
3180 4687 3389 4740 stabam

1835 4772 2112 4836 dimisisti,
2147 4780 2196 4825 et
2226 4772 2481 4826 inventus
2524 4787 2639 4825 sum
2676 4789 2796 4826 cum
2836 4783 3055 4842 stupore
3091 4772 3392 4828 lamentans

1836 4863 2206 4918 infelicitatem
2242 4878 2433 4918 meam.
2469 4864 2586 4917 Non
2621 4867 2790 4919 multo
2839 4875 2978 4934 post,
3031 4880 3157 4918 cum
3203 4880 3382 4920 essem

1833 4953 1994 5018 infra,
2056 4969 2216 5022 supra
2255 4955 2307 5007 in
2345 4955 2498 5009 caelis
2538 4956 2766 5025 apertis.
2815 4956 3004 5009 faciem
3035 4965 3179 5008 luant
3214 4965 3270 5010 ut
3303 4971 3390 5009 so-

1833 5045 1935 5097 l‘em
1969 5044 2255 5099 informem
2286 5046 2538 5115 dignatus
2571 5063 2630 5100 es
2660 5047 2791 5100 mihi
2832 5047 3142 5110 ostendere,
3176 5055 3228 5100 et
3255 5048 3380 5116 quis

1784 5159 1788 5164 “
1833 5145 2002 5198 esses,
2043 5150 2111 5188 ne
2143 5136 2222 5189 sic
2254 5137 2468 5204 quidem
2494 5135 2710 5191 voluisti
2748 5151 2831 5192 me
2870 5151 3218 5206 cegnoscere.
3248 5135 3386 5202 Quid

1833 5225 2176 5279 enim?cum
2232 5241 2340 5279 non
2390 5226 2741 5296 alloquereris
2785 5242 2888 5289 me,
2943 5225 3033 5280 sed
3067 5227 3211 5281 illico
3261 5229 3389 5281 ahs—

1832 5313 2164 5368 condereris.
2226 5314 2334 5385 Ego
2399 5330 2527 5370 vero
2601 5316 2954 5369 circumibam
3012 5331 3259 5383 qumrcns
3313 5324 3383 5382 te,

1833 5419 1991 5471 quem
2043 5419 2147 5458 non
2185 5408 2599 5474 cognoscebam,
2635 5413 2687 5458 et
2735 5406 2919 5460 videre
2953 5405 3176 5460 formam
3215 5416 3383 5471 tuam,

1834 5507 1885 5550 et
1920 5499 2200 5551 nosceudo
2228 5513 2450 5552 noscere
2475 5500 2598 5568 quis
2619 5514 2788 5562 esses,
2820 5498 3214 5553 desiderabam.
3241 5499 3387 5566 Quo-

1835 5588 1979 5640 circa
2012 5603 2119 5656 pra:
2162 5590 2465 5643 incredibili
2510 5591 2701 5643 ardore
2727 5589 3009 5643 charitatis
3041 5603 3163 5658 erga
3205 5599 3256 5643 te
3291 5590 3386 5644 fle--

1836 5679 1956 5732 bam
2013 5679 2384 5745 continenter,
2424 5682 2567 5748 quod
2623 5683 2892 5735 nescirem
2931 5691 2979 5734 tc
3022 5680 3146 5750 quis
3199 5696 3346 5735 csscs
3373 5721 3386 5744 ,

1838 5771 1933 5840 qui
1968 5784 2049 5824 me
2078 5785 2142 5824 ex
2185 5771 2352 5825 nihilo
2401 5782 2456 5827 ut
2487 5788 2663 5829 essent
2712 5770 3039 5842 produxisti,
3074 5781 3127 5825 ct
3160 5788 3188 5825 c
3227 5786 3386 5826 anno
