4156 6344
741 368 849 433 539

1950 350 2327 419 SYMEONIS
2353 351 2714 417 JUNIORIS

3855 366 3968 429 600

739 480 1000 541 ‹·ι1υχὶειί,
1031 483 1084 531 ct
1120 488 1240 544 quae
1271 472 1416 528 dicta
1463 474 1592 524 sunt
1623 465 1807 547 ognia
1839 465 1968 518 mihi
2001 465 2176 518 laetus
2209 479 2289 515 es.
2325 473 2368 520 Α
2401 483 2523 522 ntus
2557 472 2992 539 Ille‘defecissel’
3030 477 3280 547 viresque
3310 477 3712 541 destituissent,
3747 464 3821 533 :et
3877 496 3968 535 re.

745 574 1032 640 Postquam
1063 569 1228 638 igitur
1253 565 1396 620 hunc
1429 564 1480 614 itt
1512 561 1727 614 modum
1749 573 1890 627 swpe
1915 557 2044 610 mihi
2077 569 2294 609 rursum

743 661 911 719 \isus,
967 665 1020 709 et
1053 669 1196 723 saepe
1241 664 1460 706 rursum
1511 663 1597 703 me
1650 647 1944 712 allocutus,
2001 644 2294 705 evanuisti,

745 763 845 802 nec
875 748 1024 801 visus
1057 760 1116 799 es
1148 759 1176 796 a
1209 757 1296 796 me
1343 740 1584 811 penitus,
1618 738 1879 808 fulgorem
1935 751 1999 790 ac
2047 733 2299 804 splendo-

745 857 856 892 rem
887 839 1070 893 vultus
1108 837 1182 889 tui
1217 847 1434 888 rursum
1471 831 1525 884 in
1561 829 1741 900 aquis,
1770 838 1830 881 ut
1866 828 2016 897 prius
2067 824 2297 878 circum-

742 933 1062 985 fundentem
1113 942 1199 980 me
1245 925 1456 985 videns,
1511 932 1563 977 et
1612 937 1734 976 cum
1793 931 2016 986 prorsus
2074 926 2299 968 eernere

747 1040 851 1076 non
890 1022 1098 1079 valens,
1143 1015 1463 1071 recordatus
1494 1028 1635 1077 sum,
1691 1013 1779 1065 ubi
1814 1007 2107 1078 aliquando
2139 1017 2190 1059 te
2241 1005 2296 1057 in

742 1116 994 1181 supernis
1025 1111 1278 1164 viderim.
1314 1108 1382 1162 Et
1415 1107 1580 1161 alium
1633 1118 1754 1157 esse
1804 1103 2127 1170 insipienter
2177 1111 2298 1152 sus-

746 1205 976 1270 picatus,
1008 1201 1187 1254 denuo
1235 1214 1358 1253 cum
1395 1196 1649 1267 laerymis
1680 1195 1865 1250 videre
1895 1205 1946 1249 le
1978 1192 2224 1261 qua-sivi.

816 1298 948 1347 Cum
984 1295 1165 1361 itaque
1189 1291 1420 1345 multum
1457 1305 1540 1344 me
1567 1289 1865 1343 cruciarem
1894 1294 1946 1339 et
1979 1284 2292 1354 aflligerem,

741 1398 788 1438 et
833 1386 933 1438 mei
969 1385 1157 1445 totius.
1194 1397 1256 1437 ac
1293 1383 1461 1436 totius
1489 1381 1699 1444 mundi,
1752 1389 1803 1434 et
1830 1391 2019 1432 eorum
2071 1389 2192 1446 quae
2242 1374 2296 1427 in

744 1476 945 1530 mundo
976 1483 1125 1538 sunt,
1151 1474 1372 1536 oblitus,
1401 1487 1576 1541 neque
1602 1470 1843 1526 umbram
1871 1468 2089 1535 saltem,
2116 1481 2297 1535 neque

741 1569 885 1624 aliud
908 1567 1224 1638 quidquam,
1245 1575 1338 1622 aut
1353 1567 1516 1620 etiam
1536 1565 1756 1619 omnino
1771 1571 1985 1617 exstare
2001 1559 2296 1628 quidquam

739 1677 926 1712 eurum
963 1675 1081 1730 qua:
1117 1659 1390 1722 videntur,
1421 1659 1742 1727 cogitarem,
1788 1664 1842 1708 tu
1879 1651 2135 1707 omnibus
2174 1650 2296 1702 ina-

2402 567 2642 621 tulissem
2674 577 2974 634 contra,,et
3004 573 3126 638 quis
3179 585 3278 638 ego
3318 571 3484 626 miser
3523 586 3668 637 sum,
3703 571 3966 636 Domine,

2400 668 2493 713 aut
2527 659 2657 728 quid
2701 659 2801 714 feci
2843 675 2942 731 ego
2979 661 3294 732 homuncio,
3349 671 3409 716 ut
3452 679 3536 718 me
3573 662 3966 732 hujuscemodi

2399 750 2565 805 bonis
2587 751 2897 820 dignarere,
2935 759 2988 805 et
3024 761 3187 806 tanta:
3216 752 3401 822 gloriae
3428 754 3660 817 socium,
3694 768 3758 808 ac
3791 753 3969 807 haere-

2400 839 2521 894 dem
2577 841 2943 898 institueres?
2988 852 3350 912 putaremque
3404 842 3546 898 hanc
3593 843 3848 914 gloriam,
3910 850 3967 897 et

2401 933 2502 984 hoc
2533 931 2788 1001 gaudium
2821 942 3053 988 mentem
3092 949 3266 988 meam
3299 934 3584 999 excedere,
3609 945 3686 997 tu,
3709 934 3963 997 Domine,

2402 1039 2639 1089 rursum,
2671 1034 2729 1077 ut
2756 1023 2972 1078 amicus
3003 1041 3125 1087 cum
3164 1026 3341 1081 amico
3370 1027 3671 1092 disserens,
3707 1042 3802 1095 per
3837 1026 3963 1093 Spi-

2401 1117 2571 1170 ritum
2607 1124 2760 1170 tuum
2791 1116 2841 1170 in
2872 1131 2961 1172 me
2991 1117 3305 1187 loquentem
3338 1115 3690 1186 despondisti,
3736 1117 3852 1170 haec
3892 1115 3970 1168 ob

2401 1209 2574 1262 solum
2613 1223 2842 1277 scopum
2873 1219 2926 1262 et
2960 1209 3293 1272 institutum,
3326 1219 3378 1263 et
3402 1210 3557 1262 [idem
3583 1217 3729 1260 tuam
3761 1205 3967 1259 donavi

2402 1300 2522 1365 tibi,
2550 1310 2602 1354 et
2632 1301 2808 1356 adhuc
2841 1299 3080 1356 donabo.
3115 1300 3257 1366 Quid
3292 1301 3437 1353 enim
3463 1299 3607 1354 aliud
3639 1309 3730 1353 aut
3765 1299 3966 1360 habes.

2401 1400 2494 1446 aut
2521 1393 2752 1448 habuisti
2778 1395 3070 1463 aliquando
3103 1405 3251 1447 tuum
3290 1393 3490 1464 (nudus
3522 1407 3551 1446 a
3585 1408 3670 1446 me
3697 1405 3972 1464 procreat

2403 1481 2537 1551 tus),
2567 1490 2627 1536 ιιι
2685 1483 2813 1537 illud
2847 1483 3133 1552 accipiam,
3169 1489 3223 1536 et
3294 1481 3408 1535 haec
3469 1481 3565 1534 tibi
3622 1476 3973 1550 rependam?

2400 1571 2477 1626 Ac
2508 1573 2609 1628 nisi
2647 1573 2880 1629 vinculis
2914 1575 3161 1642 corporis
3193 1570 3358 1640 hujus
3393 1570 3632 1633 solvare,
3662 1567 3806 1638 quod
3838 1582 3970 1634 per-

2404 1663 2598 1717 fectum
2649 1671 2874 1718 estnon
2926 1665 3158 1729 videbis,
3214 1678 3388 1734 neque
3422 1676 3486 1716 eo
3537 1669 3651 1716 toto
3700 1659 3969 1729 praeclare

740 1754 1072 1822 spectabilis,
1135 1751 1398 1805 intactilis
1446 1761 1500 1804 et
1583 1744 2158 1816 incomprehensibilis
2209 1755 2373 1846 ap-B
2404 1747 2606 1816 perfrui
2640 1751 2866 1816 poteris.
2920 1751 3054 1804 Cum
3107 1751 3460 1818 sttbjicerem,
3497 1749 3625 1819 quid
3683 1761 3813 1803 vero
3853 1747 3971 1801 hoc

746 1845 998 1911 paruisti,
1027 1852 1080 1897 et
1112 1843 1262 1898 visus
1299 1859 1360 1898 es
1395 1841 1528 1896 mihi
1566 1849 1807 1894 mentem
1827 1852 2000 1892 meam
2038 1850 2297 1905 purgare,

740 1945 793 1989 ct
818 1949 1013 2004 augere
1052 1935 1156 1987 vim
1192 1933 1448 1988 cernendi
1475 1933 1670 1986 anima:
1690 1945 1841 1995 mete,
1869 1928 2209 1999 ampliusque
2238 1941 2301 1979 ac

743 2028 955 2094 plenius
1002 2025 1354 2095 spectandam
1391 2026 1632 2094 praebere
1682 2023 1904 2092 gloriam
1955 2029 2126 2085 tuam,
2173 2020 2297 2087 quia

740 2119 1027 2172 crescebas
1063 2117 1257 2186 magis,
1295 2125 1348 2169 et
1373 2115 1662 2183 splendens
1697 2110 1931 2182 amplius
1959 2110 2298 2166 dilatabaris.

745 2210 917 2262 Etiam
952 2225 1013 2261 ex
1050 2223 1268 2263 recessu
1306 2208 1656 2261 tenebrarum
1693 2215 1745 2261 te
1781 2205 1987 2269 venire,
2021 2213 2073 2258 et
2101 2217 2298 2272 appro-

741 2298 1447 2368 pinquare‘animadverti;
1500 2295 1554 2350 id
1582 2296 1729 2365 quod
1763 2295 1924 2350 nobis
1973 2309 2080 2350 non
2133 2291 2299 2347 semel

744 2395 796 2444 iu
855 2391 1210 2446 scnsibilibus
1281 2390 1561 2446 usuvenil.
1613 2389 1763 2443 Luna
1812 2387 2084 2458 siquidem
2132 2399 2299 2454 appa-

739 2492 909 2547 rente,
951 2493 1004 2537 et
1035 2483 1267 2536 nubibus
1302 2480 1902 2542 velutambulantihus,
1953 2479 2168 2532 videtur
2208 2476 2297 2529 illa

739 2589 960 2628 currere
1013 2574 1319 2638 celerrime,
1368 2587 1489 2626 cum
1544 2571 1676 2624 nihil
1712 2572 1773 2622 ad
1806 2583 2028 2623 cursum
2061 2581 2296 2621 consue-

739 2675 852 2716 tum
887 2665 1085 2728 addat;
1139 2670 1232 2717 aut
1281 2662 1593 2716 institutum
1630 2661 1697 2712 ab
1749 2659 1906 2711 initio
1943 2658 2047 2711 iter
2083 2663 2280 2710 mutet.

741 2756 1002 2809 Similiter
1043 2764 1098 2808 tu
1155 2753 1427 2807 videbaris
1469 2753 1674 2813 venire,
1710 2751 1802 2818 qui
1865 2767 1926 2804 es
1968 2749 2294 2811 immobilis,

741 2857 790 2899 ut
822 2845 914 2912 qui
949 2860 1008 2898 es
1041 2843 1404 2897 immutabilis
1443 2855 1762 2910 augescere,
1819 2855 1884 2894 ac
1931 2839 2107 2907 major
2155 2837 2292 2900 fieri,

737 2946 790 2989 et
828 2934 1050 2988 formam
1075 2949 1287 3004 capere,
1323 2932 1412 3002 qui
1440 2947 1607 3000 capax
1629 2931 1814 2985 formae
1845 2946 1948 2982 non
1984 2944 2063 2982 es.
2096 2930 2296 2995 Quem‘

739 3027 1028 3081 admodum
1104 3026 1249 3080 enim
1319 3027 1372 3077 in
1424 3037 1565 3076 cmco
1619 3022 1874 3091 paulatim
1926 3020 2110 3075 videre
2160 3021 2297 3074 inci-

2407 1841 2612 1909 majus,
2678 1849 2772 1896 aut
2822 1842 3213 1911 splendidius?
3265 1841 3396 1896 mihi
3435 1841 3661 1895 interim
3712 1839 3794 1895 sic
3840 1851 3970 1892 esse

2403 1932 2568 1986 etiam
2599 1941 2721 2001 post
2767 1941 2995 1986 mortem
3023 1930 3243 1998 sufﬁcit,
3280 1939 3337 1987 tu
3375 1915 3965 2004 excipiqunampu-

2403 2025 2528 2079 siHo
2555 2035 2608 2080 et
2633 2032 2866 2094 angusto
2898 2040 2955 2079 es
2987 2027 3194 2089 animo,
3237 2025 3330 2094 qui
3363 2023 3485 2078 istis
3513 2030 3806 2078 contentus
3839 2021 3918 2076 sis
3943 2019 3975 2072 Ῥ

2405 2117 2531 2170 Haec
2567 2133 2690 2170 cum
2748 2116 2952 2170 futuris
3002 2117 3223 2180 collata,
3279 2113 3475 2169 similia
3528 2120 3660 2167 sunt
3710 2111 3852 2166 caelo
3908 2111 3969 2162 in

2402 2208 2616 2270 charta,
2665 2221 2831 2276 quam
2884 2206 3010 2276 quis
3067 2221 3231 2259 manu
3265 2211 3467 2269 teneat,
3499 2201 3736 2271 depicto,
3793 2208 3849 2255 et
3897 2199 3968 2252 ad

2402 2297 2761 2369 spectandum
2795 2297 3100 2368 proposito.
3158 2295 3434 2360 Quantum
3486 2293 3632 2367 enim
3683 2293 3787 2345 hoc
3835 2304 3971 2344 vero

2402 2393 2542 2447 etelo
2575 2392 2799 2446 inferius
2835 2399 2937 2455 est,
2989 2399 3143 2444 tanto
3196 2387 3391 2457 major,
3425 2396 3478 2442 et
3508 2387 3628 2441 sine
3677 2398 3969 2452 compara~

2402 2486 2547 2539 tione
2578 2486 2752 2553 major
2803 2486 2906 2537 hac
2938 2495 3282 2550 quamnunc
3328 2478 3499 2544 vides,
3559 2477 3742 2530 futura
3791 2472 3968 2544 gloria

2402 2575 2758 2632 revelabitur.
3883 2617 3904 2636 ,

2473 2667 2846 2720 Haeclocutus
2895 2662 3234 2727 conticuisti,
3287 2668 3341 2715 et
3401 2660 3606 2715 sensim
3650 2661 3849 2724 bonus,
3899 2670 3968 2710 ae

2398 2761 2579 2814 dulcis
2612 2759 2876 2812 Dominus
2903 2758 2972 2810 ab
3002 2764 3227 2825 aspectu
3253 2767 3374 2808 meo
3405 2753 3619 2806 ablatus
3645 2766 3725 2806 es.
3764 2748 3965 2804 Utrum

2400 2851 2530 2920 quia
2558 2864 2656 2918 ego
2685 2849 2994 2903 recederem
3034 2861 3062 2899 a
3099 2856 3172 2909 te,
3210 2862 3276 2899 an
3313 2845 3438 2915 quia
3478 2852 3532 2896 ttt
3577 2842 3904 2898 abscederes
3928 2854 3960 2891 a

2401 2958 2509 3006 me,
2545 2940 2675 2995 mihi
2727 2955 2832 2993 non
2881 2939 3074 3008 liquet.
3110 2937 3264 2991 Tunc
3311 2950 3502 2990 rursus
3567 2938 3618 2988 in
3671 2947 3760 2987 me
3804 2932 3968 3002 plane

2403 3032 2508 3095 fui,
2550 3029 2807 3086 alicunde
2848 3044 2933 3083 me
2969 3027 3188 3082 venisse
3226 3032 3409 3088 ratus;
3447 3031 3500 3077 et
3523 3023 3806 3091 ingressus
3839 3031 3960 3073 sum

742 3121 939 3186 Ιιῖεηῑθι
975 3128 1026 3171 ει
1060 3128 1267 3178 “Nam,
1294 3131 1390 3171 se“
1425 3115 1686 3168 ί¹¹άίοίι¹¹η
1723 3113 2021 3184 θευτθηινθ
2057 3111 2295 3166 hominis
2324 3122 2366 3178 ο
2401 3127 2552 3195 prius
2579 3122 3015 3184 tabernaculum,
3052 3119 3290 3188 indeque
3315 3118 3369 3170 in
3391 3113 3717 3170 memoriam
3745 3111 3964 3166 rediens

743 3204 1233 3267 animadvertente,
1284 3211 1337 3257 et
1372 3202 1496 3271 quis
1544 3201 1635 3265 sit,
1671 3202 1876 3256 sensim
1908 3209 2294 3270 cognoscente,

743 3311 849 3349 non
881 3306 1031 3356 nota,
1066 3309 1164 3349 seu
1204 3293 1372 3363 ﬁgura
1403 3301 1622 3363 propter
1653 3291 1920 3345 visionem
1952 3291 2294 3354 immutatur,

740 3400 831 3441 aut
861 3384 1318 3448 transformatur;
1365 3385 1468 3439 sed
1499 3386 1579 3440 vis
1618 3384 1838 3438 videndi
1869 3399 1990 3452 qua:
2036 3385 2088 3435 in
2124 3384 2297 3437 oculis

737 3477 861 3546 ejus
899 3485 983 3531 est
1015 3484 1268 3546 purgata,
1321 3474 1546 3546 ﬁguram
1604 3485 1657 3530 et
1713 3475 1945 3528 formam
1992 3475 2171 3556 qualis
2216 3485 2300 3530 est

738 3570 991 3638 percipit,
1030 3576 1136 3623 tota
1183 3567 1302 3636 ejus
1331 3566 1690 3651 similitudine
1726 3567 1870 3621 velut
1904 3568 2170 3637 impressa
2223 3567 2300 3619 fa-

740 3661 929 3714 cultati
977 3659 1216 3725 videndi,
1245 3667 1301 3713 et
1339 3659 1484 3712 illam
1521 3667 1860 3728 penetrante,
1907 3667 2068 3728 atque
2097 3660 2151 3713 in
2177 3673 2297 3712 eam

739 3754 1008 3817 abstersa,
1042 3759 1096 3805 et
1131 3751 1288 3820 quasi
1330 3753 1385 3804 in
1420 3749 1658 3804 tabulam
1696 3751 1966 3821 insculpta
2003 3752 2055 3803 in
2094 3751 2296 3816 anima,

739 3859 843 3914 qua
879 3851 1029 3913 parte
1057 3841 1333 3912 intelligit,
1371 3851 1426 3897 ct
1459 3842 1742 3897 meminit:
1777 3843 1856 3896 sic
1888 3841 2053 3897 etiam
2093 3849 2148 3896 tu
2185 3843 2300 3910 ipse

740 3936 948 3992 lumine
979 3935 1152 3990 sancti
1179 3933 1420 4005 Spiritus
1449 3933 1735 4003 perspicue
1785 3933 1937 3988 visus
1965 3949 2043 3999 es,
2082 3946 2136 3988 et
2169 3949 2298 4004 pur-

742 4032 878 4104 gasgti
902 4039 1136 4086 mentem
1168 4045 1343 4084 meam
1377 4030 1621 4098 integre:
1663 4043 1771 4099 qua
1802 4029 2004 4084 clarius
2029 4038 2084 4084 et
2111 4030 2300 4098 purius

741 4122 980 4186 vidente,
1023 4129 1082 4176 tu
1129 4119 1261 4181 mihi
1295 4120 1549 4175 alicunde
1595 4119 1800 4190 egredi,
1835 4127 1889 4173 et
1930 4119 2164 4174 lucidior
2197 4135 2298 4189 arp-

745 4230 940 4286 parere
970 4213 1124 4268 visus
1158 4229 1238 4277 es,
1270 4220 1323 4265 et
1351 4213 1719 4268 characterem
1753 4213 1940 4266 forma:
1985 4213 2102 4267 sine
2125 4211 2298 4266 forma

741 4319 797 4363 ut
833 4309 1073 4360 viderem
1134 4305 1459 4361 concessisti
1519 4305 1673 4370 mihi,
1740 4316 1793 4361 et
1855 4316 1967 4360 tum
2005 4321 2088 4360 me
2144 4315 2295 4360 extra

739 4400 1002 4455 mundum
1060 4398 1357 4462 abduxisti,
1399 4409 1452 4451 et
1507 4398 1650 4465 quod
1719 4399 1827 4452 dici
1885 4401 1965 4455 fas
2020 4399 2294 4463 existimo,

737 4492 901 4548 etiam
940 4501 1090 4545 extra
1113 4505 1352 4560 corpus;
1387 4505 1507 4543 nam
1540 4499 1594 4544 ut
1622 4491 1774 4544 istud
1797 4500 2048 4545 accurate
2077 4492 2296 4554 scirem,

740 4601 850 4640 non
880 4584 1102 4639 dedisti.
1159 4583 1334 4651 Supra
1371 4583 1591 4636 modum
1640 4583 1806 4652 igitur
1839 4583 2161 4641 illutninasti
2195 4598 2301 4645 me,

738 4687 817 4744 et,
855 4686 914 4732 ut
947 4675 1254 4742 videbatur,
1307 4676 1463 4742 plane
1492 4675 1716 4745 pulchre
1749 4675 1950 4730 videnti
1990 4676 2120 4730 mihi
2152 4677 2303 4732 visus

738 4786 820 4828 es.
853 4770 920 4824 Et
956 4785 1080 4823 cum
1133 4777 1184 4824 te
1214 4769 1634 4838 interrogarem,
1670 4769 1917 4831 Domine,
1955 4769 2081 4836 quis
2127 4784 2300 4835 esses,

743 4875 877 4925 tunc
909 4862 1140 4930 primunt
1185 4875 1271 4914 me
1321 4859 1590 4928 perditum
1627 4875 1755 4914 voce
1787 4868 1876 4912 tua
1936 4862 2188 4930 dignatus
2219 4877 2300 4923 es,

743 4954 1165 5024 perculsquue
1200 4961 1508 5022 stupentem
1561 4966 1625 5005 ac
1654 4959 2004 5016 trementem,
2057 4961 2110 5008 et
2159 4953 2300 5019 apud

740 5045 980 5099 animum
1012 5044 1203 5098 leviter
1229 5045 1581 5112 cogitantem,
1615 5057 1680 5096 ac
1709 5042 2001 5107 dicentem,
2043 5043 2171 5113 quid
2198 5044 2301 5099 sibi

742 5137 846 5195 ista
883 5135 1078 5206 gloria,
1135 5144 1188 5194 et
1236 5135 1398 5205 hujus
1434 5135 1744 5206 splendoris
1781 5137 2099 5203 magnitudo
2145 5137 2305 5190 vult?

745 5227 1020 5299 quomodo
1053 5238 1147 5282 aut
1175 5227 1324 5283 unde
1350 5242 1450 5298 ego
1483 5227 1614 5284 talia
1645 5228 1786 5283 bona
1815 5229 2072 5284 mereor?
2110 5230 2304 5285 leniter

745 5337 809 5375 ac
848 5319 1059 5390 placide
1094 5319 1294 5376 an‘attts
1325 5334 1388 5378 es
1430 5319 1484 5374 in
1533 5320 1676 5375 hunc
1727 5320 1944 5374 modum
1985 5339 1997 5375 :
2036 5323 2146 5392 Ego
2182 5338 2300 5376 sun.

747 5412 913 5476 Deus,
946 5423 1034 5468 tua
1066 5425 1232 5466 causa
1263 5412 1428 5471 homo.
1459 5412 1664 5467 factus.
1693 5410 1756 5466 Et
1785 5413 2043 5480 quoniam
2077 5429 2159 5467 me
2191 5422 2300 5467 tota

748 5503 927 5559 anima
981 5502 1305 5571 quaesivisti,
1358 5501 1430 5558 de
1460 5510 1679 5570 caetero,
1712 5519 1864 5568 ecce,
1903 5503 2073 5558 frater
2127 5521 2302 5574 meus,

749 5606 799 5650 ct
833 5593 1098 5655 coh:cres,
1131 5602 1186 5648 et
1222 5595 1432 5650 amicus
1470 5596 1602 5650 eris.

819 5685 898 5738 Ad
933 5685 1074 5738 hanc
1119 5685 1420 5740 orationem
1464 5702 1586 5741 cun:
1620 5690 2048 5760 olistttpnlssetn.
2085 5705 2133 5747 ct
2181 5694 2300 5747 ani-

857 5801 900 5834 δ’
943 5799 1100 5858 liam.
1136 5817 1251 5861 vin,
1305 5802 1391 5857 Ἣ.

2402 3215 2830 3286 pulchritudinis
2865 3213 3049 3283 gloriae
3104 3221 3230 3276 tum,
3282 3217 3336 3263 et
3389 3207 3679 3262 verborum
3720 3212 3966 3264 tuorum.

2402 3301 2714 3365 ambulans,
2767 3301 2984 3364 sedens,
3037 3298 3351 3362 comedens,
3407 3295 3626 3359 bibens,
3672 3307 3839 3346 orans
3870 3288 3969 3344 ile-

2402 3393 2547 3456 ham,
2588 3398 2642 3445 et
2675 3392 2728 3444 in
2764 3390 2964 3461 gaudio
3015 3390 3260 3444 vivebam
3289 3386 3678 3450 inenarrabili,
3733 3398 3856 3439 cum
3910 3390 3969 3437 te

2404 3484 2804 3554 cognovissent.
2841 3481 3103 3550 Opificem
3163 3480 3430 3536 omnium.
3489 3476 3777 3543 Quomodo
3811 3474 3961 3529 enim

2404 3594 2508 3632 non
2543 3575 2884 3647 gauderem?
2923 3573 3026 3629 Sed
3063 3588 3279 3627 rursum
3312 3581 3563 3632 mmstus,
3594 3578 3649 3624 et
3676 3568 3781 3622 isto
3804 3564 3967 3619 modo

2403 3682 2622 3722 rursum
2658 3675 2710 3718 te
2737 3666 2923 3719 videre
2962 3666 3386 3733 concupiscens,
3423 3673 3481 3716 ut
3512 3659 3621 3714 abii
3658 3659 3726 3712 ad
3768 3657 3963 3711 imma-

2402 3760 2601 3814 culata)
2649 3758 2900 3812 Parentis
2939 3765 3044 3811 tua:
3073 3755 3386 3824 imaginem,
3422 3754 3598 3822 ipsam
3645 3749 3967 3810 salutatum,

2402 3860 2455 3904 et
2488 3849 2540 3902 in
2583 3864 2758 3916 genua
2797 3848 3089 3918 procubui,
3144 3855 3201 3900 tu
3236 3856 3532 3915 antequam
3571 3854 3874 3910 surgerem,
3908 3841 3967 3892 in

2403 3941 2613 4011 abjecto
2652 3939 2817 3994 corde
2878 3953 3018 4011 meo.
3071 3948 3128 3991 ut
3187 3939 3368 3991 lumen
3438 3934 3727 4004 perficiens
3788 3933 3968 4001 ipsum

2402 4048 2430 4086 a
2473 4047 2557 4087 me
2585 4031 2736 4085 visus
2764 4046 2845 4085 es.
2882 4009 2949 4085 Et
2981 4039 3092 4084 tum
3127 4032 3356 4100 cognovi
3394 4039 3443 4084 te
3474 4046 3572 4100 pro
3619 4033 3849 4087 certoin
3883 4049 3972 4087 me

2404 4142 2544 4183 esse.
2575 4127 2651 4180 Ex
2684 4140 2748 4179 eo
2784 4140 2890 4179 non
2921 4127 3066 4193 quod
3103 4138 3312 4177 memor
3337 4139 3513 4180 essem
3550 4126 3648 4190 tui,
3691 4135 3745 4180 et
3777 4141 3968 4179 eorum

2405 4235 2523 4291 quae
2567 4228 2656 4274 tua
2693 4225 2843 4280 sunt,
2878 4228 2930 4272 te
2975 4216 3290 4286 diligebam,
3345 4216 3438 4270 sed
3476 4225 3529 4272 te
3576 4217 3968 4271 subsistentem

2404 4314 2726 4366 charitatem
2762 4311 2904 4364 intra
2969 4324 3056 4364 me
3093 4323 3218 4363 vere
3274 4308 3474 4364 habere
3534 4309 3763 4363 credidi.
3829 4309 3969 4363 Vere

2404 4405 2548 4458 enim
2579 4411 2636 4456 ttt
2671 4403 2811 4456 Deus
2841 4402 3084 4454 charitas
3113 4413 3194 4453 es.
3233 4398 3393 4452 Fidei
3429 4400 3595 4469 igitur
3618 4416 3745 4470 spes
3771 4400 3962 4466 insita,

2405 4497 2546 4552 etin
2602 4497 2716 4564 ipsa
2767 4509 2795 4546 a
2830 4493 3146 4563 poenitentia
3181 4501 3234 4547 et
3271 4491 3526 4562 lacrymis
3577 4492 3772 4562 rigata,
3821 4503 3969 4562 post-

2406 4601 2568 4657 quam
2609 4585 2775 4640 etiam
2808 4599 2836 4637 a
2885 4584 3091 4639 lumine
3129 4593 3222 4638 tuo
3260 4584 3530 4638 illustrata
3583 4581 3802 4642 radices
3832 4586 3962 4656 egit,

2406 4688 2459 4731 et
2486 4676 2626 4731 bene
2652 4683 2810 4730 aucta
2843 4686 2946 4738 est,
2991 4683 3105 4728 tum
3143 4675 3342 4730 deinde
3382 4685 3436 4729 tu
3476 4677 3594 4747 ipse
3629 4680 3806 4735 bonus
3832 4681 3965 4735 arti.

2408 4770 2517 4835 fex,
2564 4781 2617 4824 et
2652 4779 2844 4822 auctor
2897 4766 3215 4834 adveniens,
3274 4784 3371 4837 per
3421 4769 3661 4840 gladium
3719 4773 3970 4828 tentatio-

2406 4877 2558 4924 num,
2590 4876 2684 4930 per
2718 4860 3108 4924 humilitatem,
3161 4860 3412 4929 inquam,
3469 4863 3521 4916 in
3557 4878 3805 4934 magnam
3843 4865 3962 4919 alti-

2408 4955 2649 5009 tudinem
2685 4959 2880 5005 enatos
2909 4951 3133 5006 inutiles
3185 4953 3580 5021 cogitationum
3630 4969 3812 5011 ramos
3849 4969 3970 5009 am-

2410 5057 2631 5117 putans,
2684 5044 2799 5113 spei
2831 5043 2958 5106 soli,
2995 5053 3050 5096 ut
3082 5043 3174 5099 uni
3232 5044 3404 5098 radici
3457 5046 3674 5101 arboris
3722 5057 3962 5104 sanctam

2409 5137 2732 5190 trharitatem
2765 5141 2915 5186 tuam
2977 5132 3248 5188 insevisti.
3305 5132 3457 5189 llanc
3506 5136 3691 5206 itaque
3744 5139 3963 5196 assiduo

2409 5228 2746 5281 incremento
2777 5222 3062 5294 proﬁcere,
3102 5232 3154 5278 et
3185 5233 3505 5279 consuetam
3539 5240 3602 5280 ac
3641 5225 3962 5283 familiarem

2411 5323 2566 5387 mihi,
2613 5321 2696 5373 vel
2739 5319 2923 5389 potius
2955 5326 3006 5372 te
3041 5333 3137 5387 per
3179 5317 3323 5372 hanc
3380 5317 3692 5385 docentem,
3751 5330 3804 5376 et
3844 5322 3965 5376 illa-

2409 5425 2674 5470 strantem
2723 5427 2809 5466 me
2857 5425 3112 5472 cernens.
3166 5419 3224 5463 ut
3267 5409 3381 5479 jam
3437 5413 3583 5466 omni
3622 5413 3724 5468 tide
3775 5429 3836 5467 ac
3868 5429 3962 5486 spe

2408 5509 2682 5578 superior,
2737 5507 2818 5560 sic
2876 5503 3100 5568 alliciar,
3157 5506 3613 5574 quemadmodum
3666 5519 3717 5562 et
3765 5508 3964 5566 Paulus

2408 5607 2651 5658 clamans
2671 5599 2746 5654 ait
2774 5616 2785 5651 :
2831 5597 2982 5662 Quod
3013 5600 3152 5651 enim
3179 5599 3290 5666 quis
3319 5599 3473 5662 ridet,
3505 5599 3631 5670 quid
3673 5613 3846 5666 sperat
3869 5605 3960 5656 'l?

2409 5695 2460 5750 Si
2498 5693 2662 5762 igitur
2696 5705 2794 5760 ego
2843 5697 2893 5742 te
2926 5690 3120 5754 habeo,
3159 5690 3286 5760 quid
3320 5702 3581 5761 praetcrea
3616 5708 3777 5762 spero
3800 5695 3833 5748 ’ἒ
