4156 6344
294 391 389 454 601

1338 392 1783 454 DIVINORUM
1825 393 2157 455 AMORUM
2192 396 2443 457 LIBER.

3416 391 3531 458 602

361 501 499 558 Audi
527 500 680 572 quid.
714 501 784 556 Ut
812 502 979 557 solem
1021 503 1073 555 in
1107 515 1245 571 aqua
1274 501 1425 557 vides
1447 539 1461 566 ,
1496 503 1645 564 illum
1673 504 1847 572 ipsum
1881 505 1923 560 Α
1956 501 2095 554 sto-li
2134 518 2216 555 me
2250 513 2615 573 porcatorom.
2648 513 2703 563 et
2742 507 3025 579 indignum
3080 505 3281 560 collata
3329 505 3386 560 in
3437 521 3524 561 me

290 606 467 649 autem
498 592 816 663 neutiquam
844 594 997 649 vides
1026 632 1043 657 ,
1072 595 1322 663 quamvis
1371 595 1545 663 magis
1593 594 1848 649 deorsum

290 692 341 738 te
370 683 622 755 inclines,
659 685 765 739 tale
802 685 930 755 quid
966 699 1087 739 esse
1112 684 1373 757 intellige,
1408 686 1550 755 quod
1584 687 1637 738 in
1671 694 1722 739 te
1752 686 1849 751 fit;

288 782 343 827 rt
377 774 588 828 instrue
621 784 692 837 te,
732 784 785 829 et
814 775 971 831 stude
1018 791 1252 846 semper,
1316 777 1457 831 intra
1525 779 1576 830 te
1626 792 1757 844 pure
1802 786 1856 833 et

289 866 454 927 clare,
480 876 586 919 ceu
620 866 790 919 solem
812 866 867 921 in
894 881 1031 936 aqua
1063 868 1307 937 limpida,
1340 884 1426 922 me
1452 868 1674 921 intueri.
1699 867 1853 933 Quod

292 954 497 1006 utinam
535 955 613 1017 sic
644 955 830 1010 videre
856 972 961 1018 me,
998 966 1058 1011 ut
1090 958 1223 1022 dixi,
1260 959 1424 1012 etiam
1462 967 1586 1029 post
1626 968 1863 1012 mortem.

291 1058 553 1099 mereare.
596 1046 770 1100 Aliter
800 1054 945 1102 totus
996 1048 1100 1103 iste
1149 1049 1300 1103 orbis
1333 1064 1556 1116 operum
1594 1059 1649 1102 et
1702 1048 1856 1103 labo-

292 1150 436 1200 rum,
468 1145 521 1189 et
552 1138 841 1191 verborum
879 1147 1095 1193 tuorum
1129 1139 1263 1193 nihil
1296 1139 1390 1193 tibi
1426 1138 1665 1208 proderit
1694 1157 1708 1195 :
1734 1154 1860 1208 pro-

289 1225 433 1279 derit
465 1229 691 1282 autem?
732 1229 843 1282 imo
898 1229 1002 1283 ista
1057 1231 1229 1298 magis
1274 1240 1325 1285 te
1374 1231 1857 1298 condemnabunt,

291 1319 819 1388 tribulationemque
856 1322 1115 1389 majorem
1171 1324 1443 1390 parabunt
1477 1342 1488 1377 :
1545 1325 1811 1392 siquidem
1842 1365 1858 1389 ,

290 1418 351 1461 ut
407 1410 605 1474 audis,
658 1415 887 1479 pbtcntss
925 1412 1159 1479 potente}
1186 1424 1445 1469 tormenta
1471 1417 1736 1483 patientur
1790 1417 1861 1470 ⁸⁸.

293 1498 427 1553 Nam
462 1502 686 1570 pauperi
731 1503 799 1555 ab
826 1510 950 1556 ortu
981 1519 1082 1558 suo
1116 1520 1221 1557 non
1254 1515 1363 1558 tam
1400 1505 1589 1574 pudori
1619 1514 1704 1560 est
1731 1520 1863 1574 pau-

292 1599 475 1657 pertas
501 1605 597 1643 sua
620 1631 634 1654 ,
670 1606 768 1645 nec
801 1590 922 1659 ejus
957 1607 1141 1646 comes
1193 1593 1411 1647 tristitia
1440 1632 1454 1656 ,
1506 1593 1641 1648 adeo
1685 1594 1861 1661 ipsum

290 1679 525 1743 cruciat,
558 1688 615 1733 ut
648 1696 795 1742 eum,
826 1682 916 1750 qui
952 1682 1006 1734 in
1052 1680 1259 1736 divitiis
1282 1722 1296 1747 ,
1319 1692 1375 1736 et
1424 1682 1477 1736 iu
1524 1681 1693 1753 gloria
1722 1722 1736 1747 ,
1769 1698 1865 1737 ex-

291 1772 550 1839 celsoqne
585 1773 752 1841 gradu
782 1773 939 1837 vixit,
968 1770 1272 1844 regumque
1304 1774 1677 1829 familiaritate
1705 1790 1859 1842 usus,

1937 1467 1941 1471 ,
1961 1422 2278 1473 sevocasse;

1956 596 2331 652 misericordia
2374 607 2462 653 tua
2502 608 2529 653 :'
2546 608 2600 653 et
2647 600 2932 655 surculum
3002 598 3315 655 dilectionis
3374 606 3481 653 tua:
3508 635 3523 661 .

1956 697 2115 752 quem
2168 685 2223 739 in
2258 688 2509 745 arborem
2570 690 2688 759 spei
2717 704 2857 746 mea:
2887 690 3137 747 insevisti
3158 731 3173 757 ,
3206 690 3407 744 virtute
3434 682 3526 743 tua

1956 775 2280 840 corrobora,
2310 793 2380 832 ne
2406 793 2435 832 a
2471 786 2637 834 vento
2670 788 3094 849 conquassetur,
3128 796 3196 836 ne
3225 795 3253 833 a
3291 779 3527 850 procella

1957 862 2363 934 confringatur,
2392 883 2459 921 ne
2488 868 2557 922 ab
2597 869 2781 938 aliquo
2824 868 3047 923 inimico
3097 869 3404 930 evellatur.
3460 882 3528 933 nc

1956 969 2068 1024 prae
2106 956 2437 1031 negligentia
2471 974 2586 1014 mea
2614 970 2748 1015 aestu
2768 966 3056 1021 exuratur,
3080 974 3150 1013 ne
3173 974 3280 1028 pra:
3305 958 3527 1029 pigritia

1957 1051 2011 1097 et
2042 1044 2299 1113 superbia
2348 1062 2467 1101 mea
2509 1059 2812 1114 exarescat,
2848 1066 2916 1104 ne
2971 1062 3083 1117 prae
3113 1048 3297 1103 studio
3344 1048 3531 1116 gloria

1957 1134 2137 1189 inanis
2166 1136 2391 1192 omnino
2424 1137 2639 1191 tandem
2674 1148 2883 1206 pereat.
2906 1140 2987 1193 Tu
3024 1137 3172 1194 enim
3206 1138 3349 1191 nosti
3386 1176 3401 1199 ,
3436 1136 3527 1205 qui

1958 1225 2061 1279 hoc
2091 1226 2225 1281 mihi
2262 1227 2481 1282 donasti
2511 1267 2526 1290 ,
2572 1236 2625 1282 et
2670 1228 2724 1282 itt
2778 1243 2863 1283 me
2916 1240 3174 1300 Operatus
3227 1244 3327 1292 es,
3372 1238 3424 1281 te
3462 1226 3531 1281 ob

1962 1316 2107 1373 istud
2131 1332 2213 1372 me
2232 1318 2298 1373 ab
2317 1319 2576 1374 omnibus
2595 1319 2915 1375 mortalibus
2939 1360 2952 1385 ,
2972 1336 2999 1373 a
3022 1322 3223 1374 mundo
3248 1320 3528 1386 universo,

2356 1424 2385 1462 a
2418 1424 2502 1464 me
2541 1424 2760 1480 quoque
2789 1411 2906 1479 ipso
2936 1410 3237 1480 adjutorem
3280 1419 3334 1465 et
3370 1409 3531 1463 auxi-

1963 1497 2182 1568 liarium
2224 1513 2431 1563 meum,
2464 1508 2616 1552 tuum
2647 1516 2775 1554 vero
2815 1494 3121 1568 apostolum
3177 1515 3279 1569 pro
3328 1502 3529 1554 volun-

1963 1597 2073 1643 tate
2112 1596 2203 1644 tua
2243 1590 2602 1659 corporaliter
2634 1606 2942 1659 separasse.
2976 1590 3058 1645 Tu
3095 1592 3206 1647 scis
3238 1591 3530 1646 inﬁrmita-

1962 1686 2070 1733 tem
2101 1696 2300 1749 meam,
2339 1691 2394 1736 tu
2434 1694 2543 1738 n0n
2586 1683 2808 1753 ignoras
2849 1682 3228 1748 miseriam,et
3259 1681 3323 1735 ad
3346 1682 3528 1735 omnia

1963 1770 2395 1826 imbecillitatem
2426 1787 2621 1827 meam.
2684 1771 2925 1827 Proinde
2978 1772 3215 1843 amplius
3273 1772 3531 1827 miserere

290 1862 491 1916 deinde
519 1864 774 1918 omnibus
810 1864 919 1919 illis
946 1866 1166 1920 amissis
1196 1866 1263 1920 ad
1314 1881 1587 1920 summam
1652 1866 1859 1921 mendi.
1894 1852 1933 1905 Β
1964 1861 2091 1923 mei,
2111 1862 2199 1930 qui
2222 1862 2466 1918 abundas
2488 1863 2878 1918 misericordia:
2908 1863 3231 1918 visceribus.
3255 1862 3529 1915 Advolvor

290 1954 509 2008 citatem
541 1954 835 2024 depressus
865 1964 975 2011 est.
1000 1954 1236 2010 Tametsi
1262 1972 1351 2011 res
1380 1972 1485 2011 non
1516 1959 1589 2011 ita
1619 1973 1676 2013 se
1701 1958 1861 2012 habet

290 2041 345 2095 in
379 2043 608 2098 terrenis
632 2083 645 2107 ,
707 2054 759 2097 et
788 2060 909 2113 quae
961 2045 1063 2099 sub
1096 2036 1288 2100 oeulos
1318 2046 1562 2110 cadunt,
1619 2046 1761 2101 sicut
1807 2047 1859 2099 in

293 2135 638 2201 cmlestibus,
673 2144 872 2205 etquae
903 2137 1007 2192 sub
1032 2146 1309 2208 aspectum
1367 2138 1591 2193 minime
1615 2139 1859 2194 veniunt.

290 2226 396 2293 Qui
428 2229 571 2282 enim
610 2234 814 2283 certam
847 2228 919 2284 ob
943 2243 1167 2283 causam
1198 2230 1403 2284 terreni
1429 2230 1571 2298 regis
1596 2229 1856 2294 amicitia,

287 2330 343 2372 et
384 2318 646 2373 famulatu
676 2320 888 2374 multati
920 2328 1073 2386 sunt,
1108 2321 1173 2373 lis
1232 2321 1580 2374 fortunarum
1631 2334 1857 2373 suarum

290 2410 530 2465 dominis
561 2425 703 2473 esse,
737 2411 914 2479 iisque
948 2410 1076 2475 frui,
1104 2420 1156 2464 et
1176 2412 1361 2465 vivere
1386 2426 1491 2463 non
1520 2410 1857 2478 prohibetur.

290 2498 387 2553 Ast
420 2515 537 2555 mea
570 2501 859 2563 cbaritate.
903 2512 957 2556 et
1009 2502 1251 2556 amicitia
1302 2503 1346 2557 si
1380 2503 1507 2570 quis
1544 2502 1808 2556 exciderit
1841 2541 1855 2566 ,

290 2591 473 2643 vivere
500 2590 688 2659 nequit
715 2604 978 2657 prorsus;
1010 2592 1118 2643 vita
1164 2592 1307 2645 enim
1362 2592 1480 2659 ejus
1542 2606 1641 2661 ego
1686 2607 1806 2645 sum
1843 2611 1857 2646 :

289 2680 387 2734 sed
425 2681 571 2735 illico
605 2683 843 2735 nudatur
869 2724 883 2747 ,
914 2690 967 2735 ct
993 2683 1258 2750 spoliatur
1292 2684 1548 2737 omnibus
1570 2723 1582 2745 ,
1617 2686 1862 2752 meisque

295 2781 361 2820 ac
384 2767 501 2821 suis
533 2766 783 2821 hostibus
815 2768 1113 2836 capiendus
1143 2770 1497 2838 permittitur.
1522 2769 1619 2823 Cui
1644 2779 1861 2839 arrepto

297 2857 372 2909 illi
411 2872 512 2926 pro
539 2858 775 2927 pristino
807 2859 925 2925 ejus
958 2859 1010 2912 in
1042 2874 1128 2913 me
1160 2874 1368 2924 amore,
1407 2868 1459 2913 et
1486 2860 1861 2914 benevolentia

297 2945 569 3002 furiosius
601 2948 905 3012 insultant,
939 2962 1236 3020 ptenasque
1294 2965 1417 3004 cum
1470 2950 1817 3005 irrisionibus
1841 2987 1856 3014 .

296 3047 355 3092 et
386 3038 640 3092 ludibriis
682 3040 947 3107 irrogant.

370 3129 513 3184 Sane
543 3128 617 3183 ita
657 3138 762 3194 est,
793 3127 905 3184 Rex
936 3132 1302 3188 sanctissime.
1331 3132 1474 3187 Sane
1501 3140 1553 3187 et
1575 3147 1675 3202 ego
1698 3132 1859 3188 credo

1967 1953 2058 2003 tibi
2088 1968 2152 2005 ex
2178 1953 2362 2005 animo
2392 1971 2407 2019 ;
2441 1969 2509 2007 ne
2564 1955 2854 2023 permittas
2912 1970 2998 2009 me
3039 1954 3304 2009 veluntati
3352 1968 3485 2007 mete
3513 1993 3527 2017 ,

1962 2038 2056 2106 qui
2086 2047 2195 2091 tam
2232 2039 2399 2094 multa
2431 2039 2750 2095 benefecisti
2790 2042 2923 2095 mibi
2952 2080 2967 2105 ,
2998 2042 3093 2097 sed
3152 2043 3207 2096 in
3264 2042 3531 2096 cliaritate

1964 2140 2053 2183 tua
2082 2131 2430 2185 constabilito
2481 2132 2714 2187 animam
2777 2148 2991 2199 meam,
3040 2139 3094 2187 et
3141 2132 3194 2186 in
3244 2134 3362 2201 ipsa
3414 2147 3531 2186 eam

1964 2221 2174 2275 radices
2210 2231 2325 2276 tuto
2356 2221 2439 2277 fac
2476 2238 2773 2293 propagare
2811 2240 2826 2276 :
2860 2233 2919 2278 ut
2950 2223 3251 2278 secundum
3282 2223 3530 2292 impollu«

1964 2327 2095 2380 tam,
2126 2326 2396 2381 sanctam,
2428 2332 2456 2371 a
2484 2318 2769 2372 mendacio
2810 2318 3044 2372 alienam
3104 2317 3529 2387 promissionem

1965 2416 2113 2462 tuam
2154 2424 2365 2462 mecum
2397 2408 2453 2462 in
2486 2423 2572 2463 me
2603 2408 2702 2473 sis,
2738 2415 2792 2460 et
2823 2424 2924 2477 ego
2956 2408 3198 2462 vicissim
3258 2408 3311 2461 in
3344 2414 3395 2460 te
3416 2447 3430 2469 ,
3482 2413 3530 2459 et

1963 2508 2117 2569 tegar
2151 2501 2218 2553 ab
2251 2500 2387 2568 ipsa,
2423 2507 2476 2553 et
2511 2515 2611 2569 ego
2652 2510 2851 2568 tegam,
2887 2508 2942 2554 et
2999 2498 3305 2553 custodiam
3353 2498 3528 2566 ipsam

1965 2590 2016 2643 in
2049 2605 2152 2643 me.
2186 2590 2250 2642 Et
2283 2601 2336 2643 tu
2370 2590 2589 2659 quidem
2624 2590 2811 2643 videas
2836 2605 2929 2645 me
2954 2590 3006 2642 in
3060 2590 3201 2657 ipsa.
3254 2586 3528 2652 Domintc

1963 2694 2060 2747 ego
2096 2687 2274 2733 autem
2312 2689 2360 2733 te
2396 2680 2579 2733 videre
2609 2694 2702 2748 per
2729 2680 2901 2747 ipsam
2936 2692 3182 2743 merear,
3217 2690 3365 2730 nunc
3410 2674 3527 2743 qui-

1964 2772 2083 2825 dem
2117 2780 2175 2823 ut
2210 2771 2261 2823 in
2299 2770 2523 2839 speculo
2552 2778 2604 2825 et
2640 2772 2693 2824 in
2750 2772 3037 2841 aenigmate
3064 2812 3079 2833 ,
3130 2776 3190 2823 ut
3228 2767 3415 2821 dixisti
3451 2766 3531 2831 ”,

1966 2868 2094 2912 tunc
2126 2868 2302 2913 autem
2336 2860 2389 2913 in
2423 2868 2536 2913 tota
2569 2860 2833 2913 cbaritate
2867 2868 2939 2921 te,
2976 2860 3069 2927 qtti
3100 2867 3251 2911 totus
3293 2870 3357 2910 es
3405 2854 3526 2908 cha-

1964 2950 2097 3006 ritas
2118 2952 2182 3016 “,
2214 2960 2267 3005 et
2296 2952 2368 3003 ita
2397 2952 2579 3005 vocari
2610 2951 2863 3019 dignatus
2892 2966 2977 3004 es.
3013 2948 3279 3015 Quoniam
3308 2956 3357 2999 te
3382 2945 3528 2999 decet

1966 3045 2146 3098 omnis
2173 3044 2475 3113 gratiarum
2514 3044 2676 3106 actio,
2708 3042 2898 3113 gloria,
2931 3039 3228 3110 imperium
3255 3079 3269 3104 ,
3309 3039 3486 3091 ltonor
3518 3074 3530 3103 ,

1964 3143 2017 3189 et
2044 3135 2308 3201 adoratio,
2336 3134 2573 3200 Patrem,
2603 3143 2655 3187 et
2692 3132 2887 3186 Filium
2920 3173 2934 3195 ,
2969 3139 3022 3185 et
3076 3130 3339 3200 Spiritum
3390 3142 3517 3183 sun-

298 3218 397 3273 tlbi
433 3216 544 3271 Dco
571 3232 729 3283 meo,
764 3226 817 3272 et
846 3220 1074 3289 supplex
1126 3236 1188 3277 ac
1235 3237 1441 3291 pronus
1473 3232 1522 3277 te
1564 3193 1717 3294 rogo,
1764 3239 1859 3278 cu-
1886 3193 1929 3252 ο
1966 3236 2140 3292 ctum,
2182 3234 2237 3281 et
2269 3240 2505 3296 semper,
2540 3224 2673 3280 etin
2710 3223 2917 3278 infinita
2947 3223 3168 3278 saecula.
3194 3221 3391 3275 Amen.

371 3392 567 3466 “.Sap.
614 3410 689 3461 Vl,
725 3396 778 3451 7.

854 3396 901 3430 ⁵⁸
922 3394 951 3451 Ι
973 3392 1099 3452 Cor.
1132 3411 1251 3465 stu,
1280 3400 1369 3467 12,
1433 3397 1687 3457 60lJoan.
1716 3414 1791 3468 tv,
1822 3398 1881 3455 8.
