4156 6344
651 341 759 409 ὃίὲ3

665 488 1723 527 εξε⁵εεΞεεξξξεεεεεξεεεεεεεεεεεε

1246 515 1250 516 ,
1321 515 1324 516 ,
1377 515 1403 516 η
1556 515 1712 520 νννψνέ

1871 358 2257 420 SYMEONIS
2291 359 2657 421 JUNIORIS

3771 367 3875 430 6οι

1728 495 3868 546 ΞΞΞΞΞΞΞΞΞΞΞΞΞΞΞΞΞΞΞΞΞΞΞΕΞΞΞΞΞΞΞΞΞΞΞΞΞΞΞΞΞΞΞΞΞΞΞΞΞΞΞΞΞΞΞΞΕΞΞΞΕ

1826 657 1960 710 ΤΟΥ
1998 659 2198 712 ΟΣΙΟΥ
2219 659 2490 714 ΠΑΤΡΟΣ
2511 659 2708 714 ΗΜοΝ

811 841 1484 974 ΣΥΜΕΩΝ
1626 845 1976 978 ΤΟΥ

2141 847 2584 980 ΝΕΟΥ
2766 845 3712 982 ΘΕΟΛΟΓΟΥ

1002 1107 1566 1197 ΚΕΦΑΛΑΙΑ
1623 1110 2195 1201 ΠΡΑΚΤΙΚΑ
2274 1117 2468 1202 ΚΑΙ
2543 1116 3194 1206 ΘΕΟΛΟΓΙΚΑ
3261 1121 3543 1210 ιΡΜΕ’.

2226 1321 2296 1334 ἰντο

1784 1456 2051 1520 SANCTI
2121 1459 2394 1521 PATRIS
2469 1459 2751 1520 NOSTRI

733 1656 1707 1814 SYMEONIS
1801 1661 2683 1818 JUNIORIS
2827 1663 3807 1824 THEOLOG-l

902 1970 1319 2061 CAPITA
1361 1969 1924 2062 PRACTICA
1970 1969 2119 2061 ET
2168 1971 2942 2065 THEOLOGICA
3016 1961 3630 2068 CCXXVII!‘

727 2339 776 2392 Ι.
813 2340 969 2396 Fides
998 2347 1118 2404 est,
1151 2351 1369 2411 propter
1419 2342 1698 2401 Christum
1751 2359 1847 2414 pro
1896 2345 2017 2414 ejus
2067 2361 2221 2400 mau-

2389 2347 2457 2399 a'.
2493 2349 2683 2410 Πίστις
2717 2346 2943 2410 ὲστὶ,τὸ
2990 2347 3076 2400 διὰ
3128 2348 3363 2416 Χριστὸν
3414 2351 3553 2419 ὑπὲρ
3584 2352 3685 2418 τῆς
3736 2354 3892 2405 αὐτου

656 2433 782 2486 dato
808 2443 982 2486 morte
1019 2434 1362 2499 occumbere,
1395 2442 1450 2490 et
1481 2435 1703 2491 credere
1729 2477 1742 2501 ,
1785 2446 2010 2492 mortem
2060 2437 2222 2506 huju-

732 2656 1158 2738 (I)-.Pr:ecedunt
1187 2657 1330 2728 apud
1361 2656 1478 2712 Jac.
1515 2657 1817 2714 Pontanum
1853 2659 2090 2731 capitula
2125 2674 2212 2714 se-

659 2735 875 2789 quentia
909 2745 921 2778 :

733 2810 754 2846 ι
804 2795 1245 2872 Dgtscorporeis
1273 2799 1446 2852 oculis
1504 2799 1897 2867 aspicientibus
1942 2818 2210 2872 nusquam

659 2871 779 2924 est,
814 2864 995 2932 effugit
1047 2869 1190 2918 enim
1244 2883 1464 2922 sensum
1513 2864 1728 2922 omnem
1780 2864 2077 2926 cernendi:
2116 2876 2213 2927 Ast

662 2934 864 3016 animo,
895 2945 947 2988 et
982 2936 1310 3016 cogitatione
1341 2938 1699 3016 intuentibus.
1721 2939 1918 3016 ubique
1945 2951 2046 2995 est.
2075 2943 2206 2996 Nam

659 3019 780 3056 cum
811 3006 863 3057 in
905 3006 1071 3058 omni.
1105 3020 1199 3060 seu
1233 3007 1282 3058 in
1313 3021 1491 3060 rerum
1524 3006 1881 3062 universitate
1911 3019 1993 3062 est
2023 3051 2036 3070 .
2099 3025 2210 3065 tum

654 3080 807 3144 egra
834 3088 994 3128 omne
1025 3084 1128 3129 est.
1188 3075 1242 3128 In
1276 3076 1367 3128 illo
1409 3092 1573 3144 prope
1612 3088 1694 3131 est
1740 3079 2055 3134 timentibus
2089 3098 2213 3135 eum

656 3142 674 3200 (
705 3141 1080 3217 Psa_l._t.nixtv
1108 3185 1123 3205 ,
1155 3145 1221 3200 10
1243 3146 1365 3217 ὶιςιι
1396 3141 1555 3216 longe
1590 3161 1617 3201 a
1655 3148 2033 3217 peccatoribus
2066 3152 2219 3206 salus

654 3228 772 3279 ejus
805 3215 822 3269 (
853 3212 1000 3268 Paal.
1031 3229 1218 3276 cxvttt,
1259 3216 1361 3269 155
1382 3217 1421 3280 ).

736 3300 754 3331 ¢
795 3282 1050 3338 Memoria
1089 3283 1288 3338 Christi
1323 3295 1552 3339 mentem
1597 3286 1863 3338 illuminat
1890 3327 1903 3345 .
1931 3296 1983 3340 et
2019 3289 2220 3341 daemo-

656 3365 756 3405 nas
787 3351 956 3416 fugat.
984 3353 1186 3406 Lumen
1211 3363 1388 3407 autem
1415 3365 1620 3409 sanctae
1651 3355 1937 3410 Trinitatis
1972 3357 2024 3408 in
2055 3361 2219 3414 corde

659 3436 792 3494 puro
842 3424 1075 3494 lucens,
1125 3423 1424 3494 hominetu
1453 3442 1480 3476 a
1531 3437 1642 3478 toto
1691 3425 1894 3494 mundo
1937 3427 2170 3494 seiungit
2203 3471 2216 3492 ,

657 3491 851 3556 suique
882 3492 1197 3558 participem
1229 3493 1339 3558 jam
1375 3493 1716 3553 hine,futura
1757 3493 1926 3560 gloria
1959 3491 2212 3562 coritplet,

655 3570 926 3632 quatenus
962 3576 1112 3632 eam
1172 3569 1347 3632 potest
1403 3578 1594 3630 capere
1629 3603 1645 3628 ,
1707 3564 1798 3632 qui
1869 3578 1895 3616 a
1977 3582 2217 3632 superna

659 3631 829 3690 gratia
864 3630 1068 3700 regitur
1090 3671 1104 3696 ,
1139 3639 1191 3684 et
1222 3631 1396 3686 adhuc
1432 3633 1484 3686 in
1521 3630 1768 3702 corporis
1822 3630 2071 3689 custodia
2121 3638 2219 3692 de-

663 3702 883 3753 tinetur.

736 3786 754 3817 ι
795 3769 850 3823 Si
881 3770 1338 3842 praetereuntibus
1363 3812 1378 3834 ,
1415 3772 1873 3842 acgpereuntibtrs
1920 3776 2174 3828 omnibus
2197 3815 2216 3842 ,

661 3853 781 3910 qua!
823 3840 1100 3892 oculorum
1147 3855 1313 3894 sensu
1363 3840 1784 3910 percipiuntur,
1841 3840 2218 3898 tantummodo

667 3907 810 3980 Deus
835 3917 1134 3980 permanet,
1171 3924 1234 3980 ac
1264 3907 1621 3977 permanebit,
1655 3910 1879 3965 omnino
1928 3914 2048 3979 ejus
2095 3931 2221 3980 gra-

667 3978 830 4058 tiazin
877 3979 979 4032 hac
1012 3979 1118 4031 vita
1160 3977 1361 4058 alfatim
1428 3991 1742 4048 compotes,
1798 3977 2111 4058 quanquam
2165 3985 2217 4036 in

664 4050 838 4119 terris_
863 4059 1149 4102 versantur
1179 4087 1195 4112 ,
1239 4056 1418 4102 tamen
1473 4065 1619 4102 nunc
1667 4050 1981 4119 maximam‘
2010 4061 2218 4119 partem

661 4131 784 4186 eum
819 4115 1002 4170 futuro
1030 4122 1227 4170 stueulo
1261 4119 1370 4186 apti
1393 4161 1406 4180 .
1435 4128 1598 4185 atque
1643 4118 1921 4186 conjuncti
1954 4115 2117 4183 sunt,
2165 4131 2220 4176 et

663 4185 715 4260 in
746 4187 936 4260 umbra
966 4187 1089 4260 ista,
1111 4185 1568 4260 _onere:corporis
1616 4185 1872 4257 tanquam
1923 4191 2070 4260 gravi
2105 4206 2222 4245 sar-

660 4255 781 4308 cina
807 4254 1078 4324 ideprcssi,
1111 4254 1492 4323 ingemiscunt.

740 4341 757 4371 ι
803 4323 1063 4378 Dominus
1104 4333 1286 4379 noster
1318 4343 1424 4381 non
1463 4342 1555 4381 eos
1584 4328 1772 4383 beatos
1827 4342 1950 4382 esse
1992 4327 2224 4382 aﬂirmat

660 4391 889 4469 (Matth.
929 4409 983 4456 v,
1021 4395 1144 4469 l9),
1182 4395 1272 4461 qui
1304 4394 1499 4469 docent
1531 4396 1835 4469 duntaxat;
1882 4397 1973 4469 sed
2023 4399 2220 4469 dignos

663 4463 811 4536 prius
842 4477 939 4536 per
987 4465 1364 4536 mandatorum
1417 4465 1778 4520 obedientiam
1825 4466 2035 4520 habitos
2065 4463 2219 4536 {qui

661 4530 1293 4604 cuilestiasuspicerent,
1323 4536 1526 4604 quique
1575 4536 1626 4588 in
1675 4536 1985 4601 semetipsis
2038 4530 2220 4591 lum'en

663 4600 1229 4678 spiritusllluminans
1255 4600 2019 4678 coruscareﬁonspexerunt.
2064 4614 2117 4658 et
2161 4608 2216 4659 in

664 4684 786 4741 vera
817 4668 1058 4735 ejusdem
1093 4672 1299 4726 visione
1327 4688 1419 4741 per
1453 4668 1628 4740 ipsnim
1683 4668 1738 4726 et
1785 4675 2097 4740 cognitione
2119 4715 2132 4736 ,
2171 4685 2224 4728 et

660 4740 876 4792 actione
915 4741 1223 4794 didicerunt
1248 4779 1266 4810 ε
1291 4740 1357 4795 de
1393 4745 1589 4810 quibus
1627 4747 1764 4809 apud
1815 4744 1952 4797 alios
1995 4743 2221 4798 docendi

659 4824 820 4881 causa
853 4810 1202 4864 dissererent.
1251 4809 1491 4865 Primum
1544 4813 1703 4880 igitur
1747 4827 1838 4866 eos
1882 4813 1974 4881 qui
2004 4813 2070 4864 ad
2123 4815 2225 4867 do-

665 4878 895 4931 cendum
952 4881 1381 4946 aggrediuntur,
1438 4884 1508 4934 ita
1561 4878 1806 4945 sustolli,
1856 4878 1918 4934 ae
1951 4883 2220 4945 subvehi,

665 4947 1122 5013 quemadmodum
1145 4951 1400 5011 diximus,
1427 4966 1650 5004 necesse
1684 4959 1767 5002 est
1799 4968 1811 5002 :
1839 4967 1904 5003 ne
1925 4951 1968 5004 si
1994 4950 2224 5016 doceant

665 5031 783 5088 quae
812 5018 1083 5088 nesciunt.
1123 5031 1229 5072 tam
1258 5035 1375 5073 sesc
1412 5021 1578 5088 ipsos,
1607 5035 1768 5087 quam
1807 5019 1908 5074 sibi
1940 5014 2224 5076 credentes
2254 5014 2297 5073 C

666 5083 719 5135 in
757 5083 998 5139 fraudem
1052 5095 1106 5140 et
1132 5090 1355 5141 exitium
1387 5083 1668 5142 inducant.

743 5172 760 5202 ε
796 5153 896 5216 Qui
932 5153 1095 5208 Deum
1123 5172 1228 5210 non
1261 5159 1434 5219 timet.
1475 5160 1519 5212 is
1544 5173 1650 5211 non
1683 5157 1856 5210 credit
1882 5157 2046 5210 Deum
2075 5173 2216 5220 esse.

668 5221 940 5297 insipiens
963 5225 1104 5297 enim
1132 5235 1213 5278 est
1245 5226 1431 5297 (Psal.
1462 5244 1579 5291 xm,
1623 5227 1705 5294 1).
1737 5226 1837 5297 Qui
1870 5237 2046 5280 autem
2075 5229 2217 5284 iatud

665 5291 859 5366 credit,
890 5292 1035 5344 illum
1067 5291 1264 5366 tilneti
1315 5314 1332 5345 ι
1377 5297 1478 5361 Qui
1512 5291 1674 5366 porro
1723 5296 1853 5350 dicit
1921 5311 1978 5350 se
2031 5297 2223 5351 timere

662 5357 828 5431 Deum
859 5401 872 5422 ,
910 5371 962 5412 et
987 5364 1236 5416 mandata
1268 5357 1528 5431 ejus'nou
1562 5367 1798 5418 custodit
1825 5404 1838 5427 ,
1875 5366 2100 5419 mendax
2139 5374 2224 5420 est

663 5427 726 5494 (Ι
754 5427 912 5481 Joan.
945 5446 1002 5489 ιι.
1033 5431 1064 5481 4
1088 5432 1126 5497 ),
1169 5450 1186 5480 ι
1219 5446 1270 5486 et
1298 5427 1464 5487 limor
1499 5437 1587 5487 llei
1619 5435 1669 5486 in
1705 5436 1796 5486 illo
1834 5449 1942 5486 non
1973 5445 2092 5498 est;
2129 5436 2219 5488 tibi

660 5498 800 5549 enim
854 5499 1014 5552 timor
1043 5541 1056 5562 ,
1094 5502 1265 5570 inquit
1308 5503 1590 5571 Scriptura
1628 5503 1814 5572 (l’sal.
1849 5520 1934 5556 cxi
1963 5544 1978 5570 ,
2013 5507 2088 5570 1),
2140 5505 2212 5559 ibi

2318 2439 2538 2508 ἐντολῆς
2583 2440 2874 2492 ἀποθανεῖν
2907 2453 2922 2468 ·
2967 2438 3180 2492 καὶτὸν
3227 2439 3455 2494 Θάνατον
3497 2442 3685 2494 τοῦτον
3753 2443 3894 2513 ζωῆς

2317 2660 2564 2714 eustodia
2600 2661 3003 2713 mandatorum.
3040 2658 3197 2724 Quod
3247 2659 3289 2713 si
3329 2668 3378 2714 et
3427 2661 3624 2713 timore
3667 2660 3755 2715 Dei
3803 2678 3892 2716 va-

2317 2745 2527 2792 eamus,
2563 2739 2614 2782 et
2644 2729 2843 2782 divinis
2881 2729 3088 2797 legibus
3127 2744 3231 2780 non
3267 2744 3522 2796 paremus
3547 2771 3561 2794 ,
3596 2729 3662 2783 ab
3711 2731 3891 2786 ethni-

2317 2799 2398 2852 cis
2423 2811 2584 2862 atque
2621 2799 2930 2866 ittlldelibus
2974 2799 3106 2850 nihil
3144 2800 3538 2866 (liscrepamus.

2395 2887 2413 2919 ι
2469 2860 2668 2928 Fides.
2725 2860 2886 2921 ti‘tuor
2963 2867 3088 2929 Dei,
3138 2860 3449 2921 observatio
3505 2868 3883 2922 mandatorum

2317 2938 2438 3002 eius
2471 2954 2569 3006 pro
2605 2939 2853 3006 portione
2879 2939 3220 3005 purgationis
3250 2938 3531 3006 praetiiium
3565 2939 3880 2992 conciliant.

2319 3010 2594 3073 Quantum
2647 3023 2941 3074 purgamur
2975 3049 2988 3068 .
3057 3017 3266 3060 tantum
3323 3009 3375 3061 in
3433 3006 3753 3060 charitatem
3796 3009 3884 3062 Dei

2323 3094 2351 3131 a
2387 3080 2580 3131 timore
2612 3077 2896 3130 evehimur
2922 3120 2936 3140 ,
2967 3083 3019 3128 et
3047 3077 3382 3140 proficienth
3418 3077 3824 3144 quodammodo
3861 3093 3884 3128 a

2325 3149 2519 3202 timore
2542 3147 2609 3200 ad
2636 3146 2957 3200 cliarltatem
2993 3145 3083 3199 Dei
3122 3147 3420 3200 transimus
3446 3186 3458 3206 ,
3495 3146 3777 3201 audientes
3825 3147 3890 3198 ab

2320 3234 2386 3270 eo
2422 3237 2434 3271 :
2476 3232 2495 3268 ι
2534 3216 2634 3282 Qui
2663 3217 2822 3271 habet
2851 3215 3102 3269 mandata
3137 3231 3275 3278 mea,
3316 3226 3368 3270 et
3418 3224 3600 3270 servat
3649 3231 3709 3269 ea
3735 3255 3750 3278 ,
3804 3217 3890 3270 ille

2323 3298 2404 3340 cst
2437 3288 2528 3356 qui
2563 3285 2737 3353 diligit
2801 3301 2883 3340 tne
2915 3285 3112 3356 (Joan.
3147 3300 3254 3349 xw,
3290 3285 3420 3351 21).
3461 3303 3479 3336 ι
3538 3283 3601 3337 Ει
3650 3285 3722 3338 ita
3769 3300 3887 3338 cer-

2324 3354 2502 3409 tamen
2564 3355 2846 3408 certamini
2909 3354 3172 3408 addamus
3200 3394 3214 3417 ,
3267 3357 3550 3423 magisque
3583 3369 3796 3422 semper
3828 3370 3888 3408 ac

2326 3427 2496 3492 magis
2527 3424 2958 3493 contendamus.
3003 3431 3063 3493 ut
3110 3425 3367 3493 operibus
3417 3423 3736 3478 charitatem
3798 3423 3888 3475 de-

2327 3504 2717 3548 monstremus.
2759 3492 2913 3555 Quod
2946 3495 2988 3545 si
3022 3492 3113 3545 ﬁat
3145 3492 3158 3555 ,
3193 3494 3308 3561 ipse
3339 3535 3352 3554 .
3405 3494 3546 3546 sicut
3571 3494 3844 3561 ipromisit
3873 3533 3885 3553 .

2323 3580 2421 3620 nos
2470 3565 2675 3630 diliget.
2727 3562 2783 3615 Si
2841 3561 3096 3615 Christus
3146 3560 3243 3617 nos
3288 3564 3514 3631 diligat.
3569 3560 3728 3613 l’aler.
3774 3563 3890 3631 ejus

2331 3635 2581 3688 similiter
2611 3647 2709 3686 nos
2745 3632 2940 3685 charos
2994 3631 3211 3684 habebit
3240 3671 3253 3693 ,
3306 3643 3360 3686 et
3407 3631 3646 3698 Spiritus
3706 3631 3888 3700 utique

2252 3699 2294 3753 B
2329 3704 2466 3754 viam
2511 3703 2759 3763 muniet,
2814 3715 2877 3753 ac
2928 3700 3265 3754 domicilium
3319 3701 3646 3770 prmparabit
3675 3740 3688 3759 .
3739 3711 3796 3752 ut
3838 3701 3889 3753 in

2323 3787 2432 3825 uno
2459 3772 2825 3840 hypostaseon
2858 3785 3288 3838 personarumve
3322 3778 3630 3840 conventu,
3664 3770 3846 3840 Patris
3873 3810 3888 3832 ,

2321 3850 2376 3894 et
2409 3839 2551 3901 Filii,
2583 3852 2636 3894 et
2672 3839 2908 3906 Spiritus
2939 3840 3112 3894 sancti
3149 3840 3357 3894 mansio
3419 3848 3473 3894 et
3505 3839 3873 3892 habitaculum

2320 3912 2639 3965 evadamus.

2399 4000 2416 4030 ι
2462 3979 2771 4032 Divinitatis
2805 3987 2914 4031 tres
2962 3979 3279 4047 hypostases
3335 3979 3590 4034 habentis
3642 3986 3889 4044 suscepta

2323 4051 2374 4104 in
2413 4049 2669 4118 perfectis
2699 4048 2960 4100 habitatio
2987 4088 3000 4112 ,
3043 4063 3204 4118 quam
3263 4048 3423 4101 iidem
3479 4057 3887 4110 cognoverunt,

2322 4129 2373 4174 et
2408 4117 2664 4186 praeclare
2694 4129 3013 4181 senserunt,
3055 4134 3115 4170 ea
3144 4117 3473 4170 desiderium
3499 4119 3744 4185 ipsorum
3776 4131 3884 4186 non

2325 4185 2508 4252 satiat,
2538 4188 2631 4241 sed
2658 4188 2880 4254 majoris
2913 4191 3113 4254 potius,
3158 4195 3211 4240 et
3262 4186 3592 4241 ardentioris
3633 4185 3887 4237 desiderii

2325 4259 2566 4321 initium,
2602 4265 2655 4310 et
2679 4271 2844 4310 causa
2885 4266 2987 4310 est.
3020 4256 3230 4310 Exinde
3264 4257 3406 4310 enim
3443 4257 3669 4308 istorum
3705 4254 3888 4321 hospi-

2327 4338 2438 4381 tum
2468 4328 2770 4392 susceptori
2823 4326 3024 4378 nttllam
3063 4333 3266 4393 partem
3329 4325 3530 4392 quietis
3581 4323 3885 4376 concedit:

2324 4411 2513 4450 verum
2551 4396 2734 4459 eilicit,
2766 4403 2824 4448 ut
2857 4395 3011 4462 quasi
3061 4396 3128 4446 ab
3168 4394 3291 4460 igne
3322 4408 3537 4461 semper
3591 4394 3848 4462 incensus
3872 4431 3886 4453 ,

2324 4474 2376 4519 et
2405 4464 2808 4526 inﬂammatus,
2859 4461 2922 4516 ad
2974 4463 3255 4519 divinioris
3307 4463 3588 4530 cujusdam
3637 4461 3887 4516 desiderii

2325 4535 2594 4589 ﬂammam
2623 4548 2743 4588 sese
2776 4535 3018 4586 extollat.
3051 4532 3316 4597 Quoniam
3339 4532 3483 4584 enim
3513 4547 3682 4594 mens,
3719 4546 3880 4594 quem

2325 4603 2598 4656 desiderat
2657 4603 3007 4667 intelligendo
3049 4601 3559 4666 comprehendere,
3619 4610 3673 4654 et
3727 4601 3884 4652 linem

2328 4673 2449 4740 ejus
2483 4673 2738 4738 indagare
2766 4671 2990 4738 nequit,
3040 4671 3205 4724 etiam
3263 4671 3576 4730 desiderio,
3625 4671 3887 4740 et_amori

2328 4737 2488 4796 linem
2528 4755 2588 4794 ac
2618 4737 2919 4794 terminum
2952 4754 3156 4806 ponere
3184 4755 3288 4793 non
3323 4747 3501 4809 potest
3536 4760 3550 4797 :
3621 4737 3715 4809 sed
3769 4753 3888 4791 eum

2328 4812 2433 4864 line
2469 4811 2677 4864 infinito
2706 4811 2924 4877 assequi
2959 4849 2973 4873 ,
3032 4820 3083 4863 et
3128 4808 3588 4879 comprehendere
3632 4808 3847 4862 enitens
3874 4841 3888 4867 .

2327 4880 2652 4934 desiderium
2701 4893 2914 4944 semper
2974 4881 3297 4932 immensum
3367 4879 3788 4945 inﬁnitumque,
3841 4887 3892 4930 et

2330 4949 2646 5003 charitatem
2684 4947 3060 5016 inexplebilem
3092 4947 3143 5001 in
3185 4948 3364 5015 seipsa
3402 4946 3740 5001 circumfert.

2406 5038 2422 5070 ι
2459 5018 2560 5082 Qui
2595 5019 2659 5070 ad
2695 5013 2834 5070 hane
2867 5027 3061 5070 metam
3095 5013 3363 5082 processit
3389 5056 3403 5078 ,
3437 5016 3677 5074 nendum
3705 5029 3764 5068 se
3794 5013 3889 5067 de-

2323 5087 2529 5151 siderii,
2583 5096 2676 5140 aut
2727 5085 3010 5140 charitatis
3065 5085 3258 5156 Dei‘in
3317 5087 3494 5156 seipse
3557 5084 3881 5156 principium

2333 5160 2603 5210 invenisse
2637 5156 2936 5209 arbitratur
2976 5175 2988 5208 :
3031 5154 3125 5208 sed
3157 5154 3222 5208 de
3254 5170 3313 5210 se
3361 5153 3433 5210 ita
3481 5153 3681 5216 sentit,
3731 5153 3886 5221 quasi

2325 5228 2491 5280 Demn
2520 5240 2627 5279 non
2665 5233 2876 5278 tentaret
2915 5222 3393 5292 :quandoquidem
3442 5223 3728 5277 eharitatis
3776 5222 3887 5291 ple-

2326 5296 2630 5349 nitudinem
2668 5295 2885 5362 assequi
2945 5292 3088 5346 haud
3144 5298 3398 5362 potuerit.
3450 5293 3588 5346 Hinc
3642 5292 3886 5358 seipsum

2328 5376 2661 5434 postremum
2695 5365 2939 5415 omnium
2996 5364 3322 5434 timentium
3358 5361 3526 5434 Deum
3581 5370 3885 5434 reputans,

2327 5431 2610 5500 indignum
2635 5440 2846 5496 censet,
2878 5434 2969 5502 qui
3002 5446 3124 5486 cum
3163 5431 3413 5489 ﬁdelibus
3449 5432 3674 5489 salutem
3719 5431 3889 5498 adipi-

2329 5515 2536 5557 ερθῑυι.

718 5697 1079 5774 :lliri‘tautum
1114 5698 1351 5774 habemus
1379 5703 1542 5752 Urmce
1590 5704 1716 5752 edita
1743 5704 1787 5751 in
1816 5706 2076 5769 dios-itali;
2103 5707 2194 5752 τῶν
2219 5708 2225 5750 ε

2315 5705 2353 5750 3v
2385 5706 2658 5764 Νηπτικῶν,
2689 5703 2909 5752 Venetiis
2937 5701 3066 5753 H83.
3097 5702 3177 5753 fol.
3201 5704 3304 5755 Jac.
3328 5701 3582 5758 Pontanul
3603 5700 3692 5757 226
3715 5701 3886 5754 Latino

661 5759 800 5815 (dide
811 5768 899 5808 rat.
