4136 6338
690 364 799 428 607

1919 342 2296 410 SYMEONIS
2320 340 2692 403 JUNIORIS

3830 338 3934 396 608

696 474 883 541 pedire
906 478 1132 542 queant,
1187 470 1361 525 laxius
1386 466 1607 539 quidem
1634 472 1783 521 certe
1808 502 1823 529 ,
1858 466 1910 517 et
1952 459 2256 530 languidius

2352 460 2449 531 τῆς
2478 461 2702 532 καρδίας
2731 478 2848 514 σου.
2885 460 2942 513 Εἰ
2965 460 3180 531 γὰρκαὶ
3213 462 3284 532 μὴ
3315 461 3542 527 τελείως
3575 464 3928 535 ἐμποδίσουσι

698 567 833 621 illud
863 565 1133 622 efﬁcient.

770 754 823 810 7.
874 750 1011 806 Cum
1046 759 1096 804 te
1128 748 1391 803 adversus
1416 743 1599 799 omnia
1659 743 1785 798 vita
1824 743 2074 797 humana:
2107 740 2245 796 blan-

694 844 939 899 dimenta
977 842 1153 895 virum
1186 835 1527 909 prtestiteris,
1559 835 1807 906 nihilque
1839 835 1910 892 ab
1939 836 2019 891 eis
2047 834 2261 890 alleva-

697 936 868 989 menti
906 931 1188 1003 petiveris,
1218 940 1332 983 tum
1365 928 1569 983 diaboli
1604 928 1759 985 ﬂexis
1806 928 1875 983 ad
1909 927 2267 983 commisera-

699 1029 901 1083 tionem
938 1025 1221 1096 cognatis,
1269 1022 1399 1078 ﬂere
1442 1036 1557 1088 eos,
1588 1029 1643 1076 et
1696 1020 1985 1075 lamentari
2043 1027 2266 1101 propter

699 1126 753 1174 te
805 1120 861 1173 in
889 1124 1187 1186 conspectu
1221 1123 1316 1171 tuo
1373 1113 1577 1169 facient
1610 1132 1628 1168 :
1672 1112 1824 1183 quod
1872 1111 1947 1166 ita
1993 1126 2119 1167 esse
2169 1124 2269 1165 co-

694 1221 951 1276 gnosces.
983 1205 1136 1271 Quod
1183 1205 1228 1260 si
1264 1214 1321 1259 tu
1356 1204 1580 1258 immota
1625 1212 1808 1257 meme
1855 1210 2042 1256 contra
2105 1202 2264 1255 talem

697 1299 958 1366 impetum
992 1296 1300 1366 perstiteris
1330 1336 1345 1361 ,
1407 1295 1622 1352 videbis
1672 1310 1767 1351 eos
1819 1302 2044 1364 repente
2082 1294 2267 1349 furore

691 1394 748 1439 et
777 1388 905 1442 odio
930 1388 1011 1442 tui
1048 1402 1337 1451 accensos,
1368 1394 1421 1441 te
1452 1395 1510 1441 ut
1547 1386 1829 1440 inimicum
1871 1385 2114 1451 aversari
2147 1426 2159 1441 ..
2213 1396 2267 1442 et

695 1478 905 1533 vultum
931 1489 1085 1535 tuum
1117 1482 1355 1549 amplius
1389 1481 1531 1537 ferre
1559 1496 1670 1536 non
1702 1493 1893 1551 posse.

765 1569 821 1624 8.
853 1570 988 1625 Cum
1025 1586 1054 1625 a
1086 1573 1428 1642 parentibus,
1459 1572 1745 1640 fratribus,
1776 1574 1971 1629 amicis
2020 1578 2116 1627 tibi
2166 1589 2266 1629 ne—

695 1666 841 1733 gotia
902 1662 1145 1732 lacessi,
1190 1676 1244 1721 et
1292 1667 1702 1722 tribulationem
1754 1665 1928 1722 creari
1985 1666 2261 1729 senseris,

696 1757 999 1810 daemonem
1037 1756 1228 1822 irride,
1264 1759 1423 1829 cujus
1455 1758 1718 1815 instinctu
1765 1752 2117 1827 impulsuque
2150 1757 2264 1813 haec

697 1846 1033 1902 multimodis
1063 1856 1255 1903 contra
1291 1856 1345 1906 te
1377 1844 1786 1920 suscipiuntur,
1810 1858 1869 1906 et
1892 1867 2012 1906 cum
2044 1850 2265 1917 timore,

688 1951 935 2008 curaque
966 1941 1139 1997 multa
1171 1942 1310 1996 clam
1342 1942 1533 2000 secede
1556 1985 1570 2009 ,
1622 1944 1788 1999 Deum
1845 1945 2089 2013 impense
2133 1958 2224 1999 ora
2249 1983 2265 2008 ,

694 2036 757 2081 ut
786 2030 1036 2087 celeriter
1072 2030 1142 2087 ad
1191 2042 1408 2104 portum
1466 2036 1594 2091 boni
1651 2034 1887 2105 alicujus
1937 2035 2119 2093 Patris
2170 2051 2266 2106 ap-

696 2120 939 2186 pellaris,
973 2121 1029 2177 in
1054 2138 1163 2192 quo
1192 2124 1430 2180 animam
1463 2134 1609 2180 tuam
1643 2136 1924 2181 oneratam
1983 2136 2053 2183 ac
2088 2126 2262 2182 delas-

692 2218 865 2264 satam
895 2211 1139 2279 reticere,
1169 2230 1234 2270 ac
1274 2229 1527 2272 recreare
1561 2219 1760 2287 possis.
1791 2216 2002 2273 Etenim
2038 2219 2263 2291 pelagus

692 2301 817 2358 vita:
842 2304 1004 2374 hujus
1054 2307 1119 2361 ad
1168 2308 1408 2377 pericula
1460 2309 1810 2379 objicienda,
1855 2318 2255 2381 extremamque

694 2395 992 2463 perniciem
1018 2400 1332 2455 struendam
1364 2415 1426 2456 ac
1479 2403 1780 2473 parandam
1836 2403 2032 2458 idonea
2091 2405 2258 2458 multa

691 2486 962 2543 continet.

759 2578 812 2633 9.
847 2577 947 2643 Qui
973 2581 1233 2636 mundum
1261 2584 1443 2639 odisse
1473 2584 1610 2649 vult,
1638 2599 1703 2639 ex
1750 2584 2007 2641 medullis
2049 2586 2261 2642 intimis

694 2666 856 2723 Deum
884 2671 1093 2740 diligat,
1118 2686 1356 2743 eumque
1385 2674 1731 2730 continenter
1772 2685 1899 2731 ante
1942 2677 2133 2733 oculos
2165 2677 2261 2731 ba-

2348 553 2449 623 τὴν
2476 553 2756 621 πρόθεσιν,
2812 552 2949 606 ἀλλά
3000 555 3427 626 γειχαυνοτέραν
3470 558 3673 628 ταύτην
3706 558 3918 615 πάντως

2349 644 2446 695 καὶ
2468 641 2669 711 ἀσθενῆ
2701 642 3079 709 ἀπεργάζονται
3092 662 3125 697 ι.

2420 732 2489 795 ζ’.
2522 733 2692 785 Ὅταν
2727 734 2864 802 πρὸς
2917 736 3097 788 πάντα
3150 746 3217 788 τά
3248 737 3343 788 τοῦ
3373 736 3490 805 βίου
3525 736 3658 807 ἡδέα
3699 736 3925 808 εὑρεθῇς

2348 824 2595 896 ἀνδρεῖος
2623 826 2715 878 καὶ
2747 825 3155 897 ἀπαράκλητος,
3190 827 3310 880 τότε
3342 829 3422 891 είς
3450 828 3804 899 συμπάθειαν
3837 828 3928 897 δῆ-

2351 915 2447 968 θεν
2492 916 2541 969 οί
2602 915 2856 984 δαίμονες
2902 918 3025 980 τοὺς
3089 922 3369 985 συγγενεῖς
3423 921 3917 990 μεταστρέψαντεςς

2348 1007 2556 1060 κλαίειν
2606 1008 2818 1061 ποιοῦσι
2853 1010 2944 1061 καὶ
2979 1010 3196 1079 θρηνεῖν
3233 1011 3339 1079 πρὸ
3372 1009 3671 1080 προσώπου
3712 1028 3806 1064 σου
3842 1010 3930 1062 διὰ

2349 1098 2433 1151 σέ.
2464 1099 2574 1151 Καὶ
2609 1098 2765 1152 τοῦτο
2795 1100 2991 1170 ἀληθὲς
3026 1094 3165 1153 εἶναι
3186 1100 3393 1173 γνώσῃ,
3422 1104 3509 1154 ὅτε
3547 1104 3611 1156 σὺ
3645 1102 3745 1173 μὲν
3769 1104 3928 1173 ἀτρε-

2351 1207 2484 1254 πτος
2517 1192 2612 1243 καὶ
2639 1192 2695 1242 ὲν
2727 1190 2899 1262 ταύτῃ
2924 1192 3198 1263 ὲμμείνῃς
3226 1194 3289 1262 τῇ
3311 1192 3610 1263 προσϐολῇ,
3644 1193 3931 1257 κάκείνους

2350 1282 2431 1345 είς
2482 1280 2677 1350 μανίαν
2709 1282 2969 1353 τὴνηκατά
3008 1281 3100 1334 σοῦ
3137 1282 3232 1334 καὶ
3254 1285 3407 1351 μῖσος
3439 1284 3641 1352 αἴφνης
3674 1283 3932 1351 ἐξαφθέν-

2348 1390 2450 1434 τας
2480 1368 2616 1444 ἴδῃς,
2646 1374 2741 1427 καὶ
2786 1374 2862 1437 ὡς
2913 1375 3107 1445 ἐχθρὸν
3142 1375 3656 1444 ἀποστρεφομένους
3707 1391 3764 1426 σε
3787 1415 3802 1440 ,
3837 1373 3931 1426 καὶ

2349 1460 2486 1530 όρᾷν
2530 1458 2843 1524 ἐθέλοντας.

2424 1558 2496 1620 η’.
2530 1553 2642 1623 Τῂν
2671 1556 2821 1623 παρά
2857 1553 2964 1607 τῶν
2997 1554 3221 1622 γονέων,
3244 1556 3339 1609 καὶ
3391 1556 3654 1626 ἀδελφῶν,
3692 1558 3784 1610 καὶ
3842 1558 3929 1626 φί-

2352 1646 2460 1699 λων
2486 1662 2578 1698 σου
2605 1645 2782 1715 θλίψιν
2810 1646 2951 1717 ὁρῶν
2982 1647 3067 1700 διὰ
3099 1647 3158 1699 σὲ
3192 1648 3508 1718 γινομένην,
3557 1649 3691 1716 γέλα
3720 1648 3813 1701 ἐπὶ
3849 1647 3927 1718 τῷ

2350 1738 2706 1792 ὑποϐάλλοντι
2728 1738 2898 1792 ταῦτα
2926 1739 3184 1802 ποικίλως
3222 1740 3364 1793 κατά
3388 1740 3481 1792 σοῦ
3517 1740 3761 1806 γίνεσθαι
3806 1741 3924 1792 δαῖ-

2352 1847 2472 1900 μονι
2497 1846 2511 1860 ·
2541 1829 2637 1883 καὶ
2671 1830 2807 1900 μετά
2839 1829 3003 1898 φόϐου
3034 1830 3128 1883 καὶ
3180 1832 3414 1899 σπουδῆς
3446 1831 3648 1901 πολλῆς
3710 1831 3923 1900 ὑποχώ-

2350 1938 2518 1992 ρησον
2539 1937 2552 1949 ·
2604 1921 2698 1973 καὶ
2734 1920 2827 1972 τὸν
2876 1920 3011 1973 Θεὸν
3037 1920 3272 1983 ἐκτενῶς
3319 1921 3578 1985 δυσώπει,
3610 1920 3703 1974 τοῦ
3736 1921 3923 1991 τάχιον

2349 2013 2429 2075 είς
2456 2012 2649 2082 λιμένα
2690 2011 2857 2065 καλοῦ
2909 2012 3121 2081 [ἰατρὸς
3176 2012 3508 2080 καταντῆσαί
3546 2029 3604 2064 σε
3628 2028 3640 2041 ·
3681 2004 3802 2079 ὲνῷ
3827 2009 3924 2079 τὴν

2347 2102 2526 2173 ψυχήν
2555 2120 2649 2156 σου
2698 2102 3092 2173 κεκοπωμένην
3144 2104 3238 2157 καὶ
3279 2104 3719 2175 πεφορτισμένην
3750 2103 3918 2173 ὑπάρ-

2346 2211 2547 2264 χουσαν
2580 2194 2743 2257 αὐτὸς
2796 2194 3150 2250 ἀναπαύσειε.
3180 2195 3358 2248 Πολλὰ
3384 2195 3492 2265 γάρ
3518 2195 3628 2263 ἔχει
3650 2194 3710 2247 τὸ
3760 2193 3907 2246 πέλα-

2346 2304 2442 2355 γος
2483 2285 2577 2339 τοῦ
2614 2286 2729 2355 βίου
2767 2286 3004 2353 πρόξενα
3032 2284 3294 2339 κινδύνων
3318 2287 3413 2340 καὶ
3444 2287 3717 2351 ἀπωλείας
3754 2286 3905 2356 ἐσχάι

2347 2395 2465 2449 της,

2414 2590 2481 2646 θ’.
2522 2594 2582 2647 Ὀ
2610 2594 2835 2662 μισῆσαι
2865 2592 3031 2646 θέλων
3065 2593 3155 2645 τὸν
3191 2593 3395 2663 κόσμον
3416 2636 3431 2658 ,
3470 2596 3692 2665 ἀγάπην
3720 2596 3783 2649 ἐκ
3820 2599 3915 2665 βα-

2350 2682 2490 2736 θέων
2514 2682 2693 2753 ψυχῆς
2725 2682 2869 2752 ἔχειν
2889 2682 3094 2750 ὀφείλει
3124 2684 3259 2753 πρὸς
3285 2683 3375 2737 τὸν
3401 2685 3553 2750 Θεὸν,
3583 2687 3675 2740 καὶ
3699 2688 3915 2757 μνήμην

690 2759 815 2847 beat
839 2768 1054 2829 oportet
1085 2782 1100 2819 :
1128 2764 1347 2833 quando
1369 2765 1587 2836 quidem
1617 2767 1750 2823 nihil
1802 2754 2032 2839 perinde
2062 2781 2121 2826 ut
2156 2771 2256 2826 ista

2345 2773 2533 2827 τούτου
2568 2773 2816 2827 ἀένναον.
2847 2772 3015 2826 Οὐδὲν
3040 2772 3149 2842 γὰρ
3193 2774 3378 2844 ἕτερον
3410 2776 3485 2838 ὡς
3512 2776 3706 2840 ταῦτα,
3740 2777 3913 2829 ἃπαν-

693 2853 804 2907 duo
870 2853 1003 2909 facit
1051 2852 1233 2911 omnia
1285 2873 1409 2913 cum
1471 2859 1674 2931 gaudio
1730 2861 2083 2932 relinquere,
2114 2868 2168 2916 et
2200 2872 2256 2916 ut

2345 2881 2407 2918 τα
2450 2864 2588 2932 μετά
2610 2866 2783 2935 χαρᾶς
2820 2863 3253 2935 καταλιμπάνειν
3300 2869 3464 2933 ποιεῖ,
3502 2868 3597 2920 καὶ
3630 2868 3913 2922 σκυϐάλων

688 2946 1016 3017 quisquilias
1046 2947 1351 3019 despicatui
1384 2953 1605 3008 ducere.

2345 2956 2494 3027 νίκην
2528 2956 2989 3026 ἀποστρέφεσθαι.

758 3038 847 3093 10.
878 3040 1113 3095 Omnino
1156 3041 1283 3112 fuge
1312 3083 1327 3109 ,
1366 3044 1747 3113 probabilibus
1780 3046 1847 3102 de
1886 3047 2074 3104 causis
2110 3048 2256 3121 (imo

2419 3056 2471 3102 ι’.
2505 3048 2598 3119 Μὴ
2638 3047 2759 3101 θέλε
2790 3047 2857 3101 δι’
2886 3047 3143 3116 εὐλόγους
3190 3051 3365 3113 αίτίας
3398 3051 3430 3122 ἢ
3461 3051 3689 3119 ἀλόγους
3714 3052 3791 3124 τῷ
3825 3043 3913 3107 κό-

686 3127 969 3184 enimvero
1010 3129 1459 3199 improbabillbus
1486 3174 1501 3199 ,
1542 3145 1595 3189 et
1640 3131 1840 3190 rationi
1880 3150 2071 3206 parum
2120 3151 2250 3192 con-

2347 3155 2473 3209 σμῳ
2505 3139 2836 3210 προσμεῖναι
2865 3138 2925 3192 τὸ
2958 3139 3175 3193 σύνολον
3195 3157 3209 3169 ·
3244 3139 3355 3193 ἀλλ’
3374 3142 3461 3194 ὅτε
3483 3142 3709 3212 κληθῇς,
3729 3142 3913 3195 συντό-

687 3219 1009 3290 sentanels)
1062 3221 1285 3277 assiduo
1324 3222 1377 3277 in
1410 3224 1611 3279 mundo
1657 3226 1883 3281 versari.
1930 3225 2131 3282 Verum
2166 3242 2256 3306 ae-

2348 3248 2463 3301 μως
2494 3230 2821 3285 ὑπάκουσον.
2853 3232 2940 3283 Ἑν
2965 3231 3138 3284 οὐδενὶ
3154 3232 3262 3302 γὰρ
3291 3232 3463 3303 ἑτέρῳ
3487 3234 3630 3286 οὕτω
3660 3233 3812 3296 Θεὸς,
3837 3233 3911 3297 ὡς

686 3311 944 3376 cersitus,
975 3320 1217 3368 actutum
1254 3313 1414 3370 obedi
1459 3319 1477 3368 ξ
1514 3331 1621 3371 non
1652 3317 1796 3371 enim
1844 3318 1896 3372 in
1952 3318 2062 3373 alio
2112 3319 2254 3376 Deus

2345 3323 2404 3375 ἑν
2454 3323 2521 3392 τῇ
2559 3321 2822 3391 ταχυτῆτι
2861 3320 3017 3391 ήμῶν
3064 3316 3508 3390 ἒπευφραίνεται.
3570 3325 3784 3394 Ἐπειδὴ
3818 3339 3915 3391 και

685 3415 860 3470 aeque,
892 3410 951 3457 ut
986 3402 1039 3456 in
1071 3404 1234 3460 celeri
1268 3406 1575 3462 obedientia
1629 3401 1815 3464 nostra
1858 3408 2078 3466 laetatur
2109 3428 2125 3467 :
2176 3412 2256 3468 si-

2348 3414 2618 3485 κρείσσων
2642 3415 2859 3487 ὑπακοὴ
2901 3415 3180 3485 συντόμως
3215 3416 3354 3487 μετά
3388 3418 3597 3485 πενίας,
3645 3420 3678 3490 ἢ
3716 3420 3914 3491 βραδύ.

687 3491 907 3559 quidem
940 3494 1137 3550 melior
1189 3497 1486 3567 expedita,
1539 3507 1593 3555 et
1644 3510 1893 3572 prompta
1944 3501 2255 3559 obedientia

2347 3526 2449 3579 της
2482 3508 2618 3580 μετὰ
2648 3508 2887 3575 πλήθους
2914 3509 3236 3580 χρημάτων.

688 3600 813 3643 cum
854 3595 1119 3656 egestate,
1147 3603 1312 3658 quam
1365 3590 1594 3648 tarditas
1642 3609 1767 3649 cunt
1808 3592 2110 3651 abundanti
2164 3610 2261 3666 pe-

691 3691 879 3732 cunta.

760 3769 849 3823 ll.
873 3768 930 3825 Si
963 3770 1220 3839 mundus,
1247 3781 1302 3829 et
1330 3775 1605 3830 mundana
1629 3785 1881 3834 universa
1903 3788 2256 3849 praetereunt,

688 3859 838 3916 solus
871 3871 1050 3917 autem
1086 3863 1227 3921 Deus
1284 3868 1650 3936 sempiternus
1696 3877 1779 3925 est
1810 3909 1826 3937 ,
1874 3885 1977 3943 nec
1999 3887 2122 3927 eum
2146 3875 2255 3943 ulla

689 3953 881 4009 mortis
920 3952 1027 4008 fata
1051 3956 1341 4025 periment,
1370 3958 1649 4023 ltetantini,
1672 3942 1989 4033 quicunque
2028 3942 2251 4037 propter

689 4046 838 4098 illum
877 4045 1040 4103 rebus
1071 4046 1231 4106 ﬂuxis
1269 4051 1497 4106 salutem
1550 4053 1789 4120 dixistis,
1828 4054 2016 4112 'Fluxa
2074 4068 2255 4114 autem

689 4145 813 4189 sunt
851 4151 957 4191 non
990 4138 1192 4195 divitia:
1222 4141 1406 4207 modo,
1441 4153 1494 4198 et
1527 4146 1802 4212 pecuniae,
1834 4151 1929 4203 sed
1971 4155 2026 4202 et
2072 4164 2255 4207 omnis

691 4229 964 4299 voluptas.
1000 4238 1054 4287 et
1089 4232 1382 4289 oblectatio
1415 4239 1624 4305 peccat:
1655 4238 1797 4293 ﬂuxa
1818 4246 1952 4296 est-z
1982 4242 2098 4297 sola
2128 4258 2257 4299 vero

690 4319 780 4375 Dei
816 4322 1068 4377 mandata
1105 4324 1223 4392 lux,
1251 4334 1307 4382 et
1337 4327 1443 4382 vita
1474 4340 1641 4394 sunt,
1687 4332 1850 4403 idque
1889 4334 1959 4387 ab
2001 4336 2259 4392 omnibus

684 4412 1049 4480 appellantur.

2416 3779 2505 3835 ια’.
2557 3781 2618 3832 Εί
2658 3783 2685 3834 ό
2732 3780 2933 3849 κόσμος
2966 3780 3058 3831 καὶ
3108 3778 3177 3831 τά
3200 3777 3257 3831 ἐν
3308 3778 3496 3847 κόσμῳ
3548 3776 3913 3846 παρέρχονται

2349 3869 2543 3934 πάντα,
2568 3870 2593 3922 ό
2623 3870 2677 3923 δὲ
2706 3869 2840 3932 Θεὸς
2888 3868 3164 3938 ἄφθαρτος
3215 3868 3309 3921 καὶ
3337 3867 3625 3930 ἀθάνατος.
3692 3866 3915 3935 χαίρετε

2346 3958 2459 4011 ὅσοι
2486 3956 2555 4010 δι’
2601 3957 2760 4009 αὐτὸν
2794 3957 2862 4011 τά
2912 3942 3126 4027 ιρθαρτά
3184 3956 3556 4024 κατελείψατε.
3585 3954 3803 4026 Φθαρτά
3857 3955 3915 4009 δέ

2346 4048 2486 4101 εἰσιν
2511 4048 2573 4102 οὐ
2610 4048 2771 4119 μόνον
2805 4032 3033 4111 πλὸῦτος
3054 4048 3273 4118 καῖ’χρή
3285 4064 3449 4119 ματα,
3479 4046 3617 4100 ἀλλά
3631 4036 3734 4101 ’καὶ
3764 4048 3917 4101 πᾶσα

2346 4138 2508 4209 ἡδονὴ
2540 4140 2632 4193 καὶ
2666 4138 2968 4202 ἀπόλαυσις
3010 4140 3285 4210 ἁμαρτίας
3333 4140 3509 4209 φθορά
3563 4132 3700 4192 ἐστι.
3741 4138 3916 4192 Μόναι

2348 4228 2407 4282 δὲ
2434 4230 2490 4282 ai
2512 4213 2616 4283 τοῦ
2638 4229 2773 4282 Θεοῦ
2808 4229 3018 4283 ἐντολαὶ
3045 4228 3160 4297 φῶς
3182 4230 3287 4283 είσι
3327 4231 3419 4283 καὶ
3446 4228 3558 4298 ζωή
3584 4244 3596 4257 ·
3626 4229 3719 4281 καὶ
3758 4226 3920 4281 τοῦτο

2353 4322 2503 4391 παρά
2534 4308 2750 4376 πάντων
2775 4322 3086 4375 καλοῦνται.

755 4500 843 4555 ιε.
874 4501 929 4555 Si
959 4513 1225 4595 concepta
1248 4506 1466 4562 ﬂamma
1491 4550 1505 4574 ,
1540 4520 1593 4564 et
1640 4514 1793 4578 quasi
1847 4513 1985 4569 taeda
2040 4514 2256 4583 ardenti

2418 4509 2502 4579 ιβἰ
2536 4510 2597 4564 El
2626 4512 2799 4580 φλόγα
2823 4514 3034 4580 ἔλαθες,
3099 4514 3313 4595 ἀδελφέ,
3356 4516 3451 4571 καὶ
3489 4516 3711 4589 δραμὼν
3772 4534 3913 4589 παρ-

685 4598 925 4657 accepta,
952 4587 1141 4658 frater,
1174 4611 1337 4651 cursu
1371 4604 1422 4653 te
1468 4600 1535 4655 ad
1589 4598 1903 4657 cmnobium
1932 4643 1947 4669 ,
2006 4613 2099 4659 aut
2144 4605 2251 4660 Pa-

686 4688 821 4733 trem
862 4684 1198 4751 spiritualem
1231 4690 1511 4744 contulisti
1539 4730 1553 4756 ,
1583 4691 1655 4748 ob
1688 4693 1740 4746 id
1768 4733 1785 4759 ,
1835 4697 1998 4751 etiam
2034 4696 2253 4754 hortatu

686 4769 858 4831 illius,
889 4779 973 4825 aut
1014 4775 1105 4841 qui
1155 4785 1330 4832 tecum
1386 4790 1518 4835 sunt
1558 4783 1937 4853 religiosorum
1980 4785 2209 4840 fratrum
2238 4828 2253 4852 ,

686 4858 1073 4925 lavationibus,
1132 4867 1315 4929 escis,
1370 4868 1566 4925 aliisve
1614 4871 1890 4942 obsequiis
1938 4874 2003 4928 ad
2056 4890 2253 4947 corpus

686 4950 1085 5018 pertinentihus
1104 4960 1481 5023 revreationis,
1512 4970 1577 5027 et.
1600 4965 1765 5017 animi
1791 4980 1953 5021 causa
1985 4969 2249 5022 utendum

685 5042 780 5096 tibi
808 5058 875 5097 ne
903 5054 1085 5113 putes,
1142 5050 1234 5104 sed
1265 5051 1327 5105 ad
1357 5050 1649 5127 jejunium,
1687 5058 1753 5111 ad
1784 5072 1972 5127 aspera
2010 5062 2249 5129 ferenda,

684 5133 750 5187 ad
786 5149 1054 5191 summam
1106 5144 1498 5197 continentiam
1538 5156 1759 5217 paratus
1806 5156 2023 5220 sentpcr
2076 5164 2198 5209 esto
2233 5173 2248 5208 :

684 5238 743 5280 ut
779 5228 823 5284 si
858 5229 1035 5286 Patris
1056 5235 1129 5284 tv“.
1167 5234 1221 5289 in
1252 5235 1483 5291 Domino
1511 5241 1840 5298 auctoritate
1861 5242 1927 5297 ad
1958 5242 2248 5302 fruendum

684 5320 902 5377 aliatzod
931 5324 1184 5379 solatium
1234 5327 1502 5396 incitere,
1541 5331 1619 5387 illi
1662 5333 2045 5391 obsecundans
2092 5344 2249 5406 repe-

686 5412 866 5479 κίκι-υ,
911 5421 965 5467 et
1006 5419 1267 5471 voluntati
1306 5427 1412 5473 tute
1460 5435 1561 5477 nec
1615 5422 1669 5477 in
1722 5423 1825 5479 hoc
1859 5423 2041 5480 dedita
2082 5422 2247 5495 opera

684 5517 893 5571 parere.
924 5506 1140 5577 Alioqui
1172 5523 1295 5562 cum
1334 5510 1612 5579 voluptate
1648 5517 1861 5572 sustine
1885 5554 1901 5582 ,
1942 5533 2006 5574 ac
2042 5531 2244 5589 patere.

679 5609 801 5662 quae
827 5595 999 5651 libens
1031 5608 1086 5653 et
1113 5600 1258 5655 ultro
1302 5603 1367 5655 ad
1401 5605 1595 5659 animae
1640 5608 2070 5666 emolumentum
2121 5615 2247 5669 inde

680 5690 1104 5757 comparandum
1140 5692 1641 5754 laccreinstituiszi.
1670 5700 1745 5755 Ita
1767 5702 1811 5755 si
1845 5702 2005 5768 faxis,
2032 5720 2244 5772 semper

680 5782 747 5834 ab
777 5782 1028 5839 omnibus
1066 5784 1241 5841 inedia
1278 5797 1328 5843 te
1373 5788 1626 5858 aﬂligcrc,
1662 5805 1711 5849 ct
1750 5796 2096 5853 continentia:
2127 5807 2242 5854 stu-

2349 4601 2537 4671 ιγένου
2563 4604 2619 4657 έν
2659 4605 2908 4675 κοινοὸίῳ
2944 4605 2976 4676 ἢ
3002 4607 3356 4678 πνευματικῷ
3404 4610 3591 4679 πατρὶ,
3620 4608 3710 4663 διὰ
3737 4610 3910 4677 τοῦτο,

2344 4693 2391 4745 εί
2421 4693 2703 4765 προτρέπῃ
2740 4696 2870 4766 παρ’
2903 4697 3087 4763 αὐτοῦ,
3126 4699 3158 4769 ἢ
3196 4700 3344 4770 παρὰ
3385 4700 3495 4752 τῶν
3538 4703 3913 4771 συνασκουμέ-

2342 4802 2449 4838 νων
2497 4802 2578 4839 σοι
2623 4787 2887 4857 ἀδελφῶν,
2921 4790 3184 4862 λουτροῖς,
3233 4792 3266 4862 ἣ
3326 4790 3628 4863 βρώμασιν,
3659 4794 3691 4862 ἢ
3728 4794 3913 4855 ἄλλαις

2346 4866 2658 4947 θεραπείαις
2686 4882 2991 4950 χρήσασθαι
3023 4883 3382 4947 ἀναπαύσεως
3424 4885 3601 4954 χάριν,
3635 4884 3795 4937 τοῦτο
3842 4886 3912 4957 μὴ

2341 4973 2611 5044 καταδέξῃ
2644 4990 2656 5003 ·
2688 4974 2803 5026 ἀλλ’
2834 4975 2919 5028 ἀεὶ
2954 4978 3481 5047 παρεσκευασμένος
3516 4977 3607 5031 ἔσο
3648 4980 3783 5049 πρὸς
3826 4998 3913 5049 νη-

2344 5064 2544 5128 στείαν,
2581 5064 2714 5135 πρὸς
2748 5067 3141 5129 κακοπάθειαν,
3176 5069 3313 5139 πρὸς
3369 5069 3697 5140 ἐγκράτειαν
3746 5072 3913 5140 ἀκρο-

2339 5154 2535 5223 τάτην·
2570 5154 2657 5209 ἵνα
2691 5157 2740 5209 εί
2777 5158 2872 5225 μὲν
2904 5156 3056 5227 παρὰ
3089 5156 3182 5211 τοῦ
3213 5158 3306 5211 σοῦ
3342 5160 3401 5211 ὲν
3447 5159 3639 5229 Κυρίῳ
3680 5158 3909 5231 πατρὸς,

2340 5251 2662 5319 προτραπῇς
2698 5252 2986 5319 μετασχεῖν
3011 5251 3429 5321 παρακλήσεως,
3455 5250 3685 5321 εὑρεθῇς
3716 5250 3913 5320 ἐκείνῳ

2343 5340 2443 5409 μιν
2469 5339 2731 5409 ὑπήκοος,
2762 5341 2823 5394 τι.
2866 5340 2922 5394 δι
2951 5340 3080 5395 ῐδιόν
3111 5359 3204 5393 σου
3237 5341 3448 5411 θέλημα
3486 5322 3623 5413 μηδὲ
3647 5344 3705 5395 ὲν
3737 5341 3911 5416 τούτῳ

2340 5431 2509 5484 ποιῶν
2532 5447 2545 5461 ·
2574 5434 2623 5485 si
2657 5432 2713 5485 δὲ
2752 5430 2855 5502 μὴ,
2891 5434 3029 5502 μετὰ
3052 5435 3226 5505 χαρᾶς
3256 5434 3529 5507 ὑπομένῃς
3568 5434 3711 5505 ἅπερ
3751 5435 3911 5488 ἑκου-

2338 5521 2469 5584 σίως
2500 5522 2721 5591 ποιῆσαι
2750 5522 3044 5591 ἠθέλησας,
3078 5523 3327 5594 ψυχικῶς
3352 5524 3749 5599 ὠφελούμενος.
3772 5525 3909 5578 T05-

2336 5629 2397 5664 το
2422 5612 2530 5682 γάρ
2559 5612 2861 5680 φυλάττων,
2895 5614 2993 5686 ἔσῃ
3019 5614 3303 5679 διαπαντὸς
3338 5615 3432 5667 ἐπὶ
3483 5616 3648 5669 πᾶσιν
3695 5616 3770 5679 ῶς
3799 5636 3863 5687 νη
3881 5646 3905 5659 ο

2340 5704 2565 5767 στεύων,
2596 5706 2687 5759 καὶ
2720 5706 3205 5777 ἐγκρατευόμενος,
3255 5709 3349 5760 καὶ
3372 5707 3450 5775 τῷ
3477 5706 3594 5777 ίδίῳ
3636 5707 3905 5777 θελήματι

2339 5797 2477 5850 κατά
2517 5798 2691 5850 πάντα
2742 5799 3170 5868 ὑποταξάμενος.
3203 5801 3275 5853 Οὐ
3314 5801 3473 5870 μόνον
3518 5800 3595 5867 δὲ,
3626 5799 3759 5853 ἀλλὰ
3815 5801 3906 5855 καὶ
