4156 6344
189 372 288 435 609

192 498 283 568 τὴν
313 494 540 549 ἐνοῦσαν
570 494 626 545 ἐν
653 495 715 563 τῇ
749 491 944 561 καρδία
978 506 1070 541 σου
1115 487 1289 556 φλόγα
1327 485 1587 538 ἄσϐεστον
1643 481 1757 531 δια·
1787 508 1825 562 Α

189 592 489 662 τηρήσεις,
545 586 644 656 τὴν
704 585 926 638 πάντων
989 581 1354 651 καταφρονεῖν
1425 593 1484 629 σε
1542 572 1759 644 βιάζου-

192 699 305 737 σαν.

255 961 349 1020 ιγ’.
385 951 558 1005 Ὅταν
592 949 769 1001 πάντα
802 958 914 1015 παρ
942 944 1152 998 ἑαυτῶν
1179 945 1224 996 ot
1255 943 1504 1011 δαίμονες
1543 942 1756 1012 πράξω-

189 1063 259 1106 σι,
285 1043 380 1095 καὶ
413 1043 501 1095 τὸν
531 1042 671 1093 κατά
700 1039 832 1092 Θεὸν
867 1037 1024 1107 ἡμῶν
1079 1034 1277 1088 σκοπὸν
1330 1037 1650 1106 κατασεῖσαι
1697 1034 1757 1086 οὐ

187 1134 509 1203 δυνηθῶσιν,
539 1133 573 1202 ἢ
628 1129 945 1201 ἐμποδίσαι,
987 1129 1108 1180 τότε
1158 1128 1271 1188 τοῖς
1319 1124 1417 1194 τὴν
1475 1124 1759 1178 εὐλάϐειαν

189 1224 639 1296 ὑποκρινομένοις
699 1222 1140 1289 ὑπεισέρχονται,
1193 1217 1286 1270 καὶ
1309 1216 1588 1270 διἀύτῶν
1638 1215 1763 1277 τοὺς

192 1317 628 1386 ἀγωνιζομένους
679 1311 990 1384 ἐμποδίζειν
1023 1311 1340 1380 πειρῶνται.
1383 1309 1492 1362 Καὶ
1549 1307 1764 1377 πρῶτον

199 1409 296 1476 μὲν
329 1406 403 1468 ὡς
439 1407 496 1471 ἐξ
523 1405 743 1474 ἀγάπης
768 1403 930 1472 δῆθεν
969 1403 1066 1454 καὶ
1115 1398 1460 1466 συμπαθείας
1505 1396 1764 1464 κινούμεο

195 1515 296 1558 νοι,
331 1500 410 1558 εἰς
439 1495 754 1565 σωματικὰς
786 1491 1121 1552 ἀναπαύσεις
1160 1490 1359 1559 χωρεῖν
1413 1486 1768 1556 παραινοῦσιν

195 1588 393 1651 αὐτούς
419 1605 435 1621 ·
469 1587 555 1640 ἵνα
593 1586 666 1656 μὴ
694 1586 788 1637 καὶ
820 1584 881 1636 τὸ
916 1582 1076 1651 σῶμα
1101 1580 1431 1649 ἀδυνατήσῃ,
1488 1578 1642 1646 φησὶ,
1676 1576 1771 1628 καὶ

196 1680 276 1741 είς
307 1678 540 1747 ἁκηδίαν
571 1676 913 1744 ἐμπεσεῖται.
953 1672 1183 1724 Ἔπειτα
1228 1669 1320 1722 καὶ
1353 1671 1430 1730 εἰς
1480 1667 1772 1736 συντυχίας

199 1769 500 1836 ἀνωφελεῖς
560 1765 985 1835 ἱκκαλούμενοι,
1045 1763 1144 1824 τάς
1195 1761 1408 1830 ἡμέρας
1436 1763 1492 1812 ὲν
1549 1759 1772 1821 ταύταις

1413 362 1784 424 CAPITULA
1830 361 2215 423 PRACTICA.

3323 363 3427 422 610

1859 471 2025 531 dere.
2089 475 2480 542 propriamque
2532 471 2865 527 voluntatem
2920 469 3169 526 funditus
3215 471 3434 526 exuisse

1856 563 2208 630 judicaberis.
2242 562 2427 633 Ne‘quc
2463 563 2511 616 id
2546 559 2764 628 solum,
2819 563 2914 618 sed
2963 563 3185 631 insuper
3232 563 3431 616 arden-

1861 665 1966 709 tem
1999 656 2049 709 in
2086 665 2306 724 pectore
2344 668 2434 710 tuo
2473 655 2744 708 ﬂammam
2786 656 3165 712 inexstioctam
3209 669 3436 709 conser-

1861 747 2038 808 vabis,
2081 761 2201 814 quia
2232 754 2283 800 te
2327 745 2394 799 ad
2441 744 2690 798 omnium
2736 759 2914 798 rerum
2971 743 3429 811 contemptionem

1859 836 2030 904 adigit

1933 947 2016 1000 15.
2059 946 2193 1001 Cum
2225 946 2571 1016 praestiterint
2611 946 2886 1000 daemones
2912 984 2925 1007 ,
2959 950 3013 997 et
3061 941 3266 1011 experti
3307 940 3428 996 foe.

1863 1039 1969 1092 rint
2001 1043 2209 1101 omnia,
2238 1054 2358 1108 qua:
2383 1039 2436 1091 in
2471 1053 2528 1092 se
2556 1027 2777 1091 fuerunt
2806 1076 2821 1101 ,
2866 1051 2967 1092 nec
3007 1045 3186 1091 tamen
3249 1052 3349 1089 nos
3402 1051 3430 1087 τι

1860 1146 2026 1198 scopo
2060 1141 2246 1186 nostro
2280 1130 2579 1185 secundum
2611 1130 2775 1182 Deum
2810 1135 3057 1183 avertere
3109 1126 3384 1196 potuerint
3418 1167 3433 1189 ,

1861 1237 1958 1275 nec
1989 1224 2275 1288 remorari,
2322 1231 2486 1291 atque
2519 1221 2801 1290 impedire,
2823 1230 2935 1274 tum
2959 1235 3016 1275 se
3040 1221 3092 1273 in
3117 1219 3430 1289 religiosam

1860 1315 2168 1372 cautionem
2207 1316 2528 1369 simulantes
2577 1312 2899 1377 insinuant,
2929 1325 3229 1380 eorumque
3272 1324 3434 1380 opera

1863 1422 2025 1463 sacro
2055 1407 2343 1462 certamini
2376 1405 2592 1470 deditis,
2625 1404 3016 1474 impedimenta
3063 1402 3301 1471 objicere
3334 1403 3430 1454 ad-

1861 1499 2133 1552 nituntur.
2160 1497 2237 1551 Ac
2269 1497 2502 1566 primum
2537 1495 2756 1564 quidem
2786 1493 2929 1547 velut
2962 1507 3148 1546 amore
3173 1533 3187 1556 ,
3225 1483 3278 1545 et
3317 1505 3437 1545 mu-

1861 1592 1955 1638 tuo
1981 1585 2192 1638 illorum
2226 1583 2459 1636 miseria:
2487 1591 2649 1637 sensu
2682 1582 2968 1647 commoti,
2987 1596 3080 1634 eos
3110 1579 3176 1633 ad
3202 1593 3431 1649 corpora

1861 1689 2047 1728 secum
2081 1673 2399 1737 recreanda,
2438 1687 2502 1727 ac
2531 1672 2762 1725 fovenda
2811 1674 3108 1726 concedere
3140 1671 3437 1725 cohortan-

1863 1776 1952 1819 tur
1993 1783 2007 1818 :
2042 1757 2107 1820 ne
2135 1766 2489 1820 debilitentur
2520 1804 2534 1828 ,
2566 1778 2630 1818 ac
2663 1763 2984 1834 frangantur
3009 1805 3023 1826 ,
3051 1764 3306 1831 inquiunt
3333 1803 3351 1827 ,
3383 1773 3437 1816 et

199 1859 656 1929 προσαναλίσκειν
686 1855 879 1917 αὐτοὺς
909 1854 1170 1907 ποιοῦσιν.
1203 1853 1264 1903 El
1300 1851 1397 1919 μέν
1426 1868 1508 1912 τις
1535 1848 1774 1902 ὑπακού-

1868 1858 1916 1912 in
1949 1869 2224 1925 torporem
2269 1870 2331 1909 ac
2355 1856 2687 1917 socordiam,
2723 1855 2837 1910 sive
2885 1855 3125 1917 acediam
3172 1853 3433 1907 delaban-

205 1966 306 2013 σας
334 1949 443 2002 τῶν
481 1948 782 2002 σπουδαίων
808 1944 1048 2015 ὁμοιωθῇ
1072 1944 1279 2006 αὐτοῖς,
1333 1942 1654 2012 στρέφονται
1681 1941 1777 1992 καὶ

204 2041 503 2108 ὲπιγελῶσι
554 2038 652 2109 τὴν
691 2035 856 2092 αὑτοῦ
915 2034 1212 2088 ἀπώλειαν.
1249 2035 1309 2086 Ei
1341 2035 1396 2085 δὲ
1449 2034 1521 2102 μὴ
1557 2032 1775 2102 ὑπάχθῇ

204 2135 316 2193 τοῖς
347 2131 526 2183 αὐτῶν
561 2129 761 2196 λόγοις,
807 2125 944 2180 ἀλλά
969 2128 1127 2194 τηρεῖ
1149 2124 1336 2177 ἑαυτὸν
1368 2124 1513 2187 ξένον
1549 2125 1611 2175 ἐκ
1641 2123 1774 2175 πάν-

207 2239 338 2285 των,
370 2225 461 2272 καὶ
522 2212 770 2280 σύννουν,
821 2217 938 2280 καὶ,
968 2214 1454 2284 ἀπαρρησίαστον,
1509 2212 1782 2266 κινοῦνται

211 2313 290 2373 εἰς
319 2311 534 2379 φθόνον,
582 2311 671 2360 καὶ
723 2308 896 2361 πάντα
943 2306 1158 2356 ποιοῦσι
1189 2307 1282 2356 καὶ
1309 2303 1636 2370 πράσσουσι,
1678 2301 1783 2364 ἕως

211 2398 274 2456 οῦ
307 2405 398 2454 καὶ
443 2403 542 2469 τῆς
593 2399 758 2468 μονῆς
801 2397 964 2450 αὐτὸν
1011 2393 1342 2456 ὲκδιώξωσι·
1375 2393 1435 2444 οὐ
1480 2392 1631 2460 φέρει
1677 2390 1783 2458 γὰρ

217 2493 495 2555 κενοδοξία
548 2491 758 2558 ἄτιμος,
823 2484 1225 2556 ἐπαινουμένην
1274 2483 1600 2536 ταπείνωσιν
1653 2481 1785 2551 ὀρᾷν

216 2584 548 2642 ἀπεναντίας
581 2582 770 2650 αὐτῆς.

292 2856 374 2908 ιδ’.
410 2853 672 2924 ’Ᾱγχεται
705 2856 1001 2920 κενόδοξος,
1052 2857 1451 2926 ταπεινόφρονα
1484 2855 1624 2928 δρῶν
1655 2873 1786 2926 προε-

222 2947 418 3015 χέοντα
442 2947 677 3016 δάκρυα,
708 2948 801 3002 καὶ
829 2947 1027 3008 δισσῶς
1049 2947 1454 3015 ὠφελούμενον·
1483 2948 1615 3000 Θεὸν
1631 2947 1788 2999 ἵλεων

223 3038 292 3091 δι’
328 3038 515 3090 αὐτῶν
539 3038 926 3108 ἐργαζόμενον,
962 3039 1056 3092 καὶ
1088 3038 1409 3108 ἀνθρώπους
1461 3041 1539 3102 είς
1571 3038 1788 3091 ἔπαινον

219 3128 604 3196 ἐπισπώμενον
630 3129 948 3195 ἀὸού).ητον.

292 3313 372 3360 ιε’.
429 3306 547 3370 Ἀφ’
597 3301 657 3361 οῦ
707 3307 930 3361 σεαυτὸν
993 3309 1111 3360 ὅλον
1162 3307 1239 3376 τῷ
1289 3308 1641 3377 πνευματικῷ
1689 3326 1783 3361 σου

217 3399 511 3466 ἀναθήσεις
559 3400 747 3467 πατρὶ,
797 3399 904 3451 ῖσθι
937 3400 1012 3461 ὡς
1067 3400 1212 3462 ξένος
1241 3395 1306 3468 ἧς
1355 3400 1447 3451 ἐπὶ
1489 3402 1652 3452 πᾶσιν
1706 3396 1786 3464 οἷς

217 3490 422 3555 ἔξωθεν
453 3490 684 3561 ἐπιφέρῃ
713 3506 725 3519 ·
757 3490 1082 3560 ἀνθρώποις,
1111 3489 1269 3556 λέγω,
1293 3490 1584 3559 πραγμασί
1609 3508 1666 3543 τε
1691 3491 1786 3544 καὶ

214 3583 517 3653 χρήμασιν.
552 3576 625 3634 Οῦ
665 3583 852 3651 χωρὶς,
882 3582 1045 3651 μηδὲν
1071 3584 1127 3633 ὲν
1145 3582 1322 3644 αὐτοῖς
1349 3583 1603 3652 πρᾶξαιῆ
1630 3582 1788 3651 ποιῆ-

217 3688 309 3726 σαι
342 3672 596 3742 θελήσῃς.
647 3672 804 3724 Ἀλλά
859 3673 995 3740 μηδὲ
1039 3672 1229 3741 μικρὸν
1266 3673 1299 3741 ἢ
1363 3673 1503 3741 μέγα
1553 3674 1786 3742 πρᾶγμα

216 3765 418 3833 αἰτήσῃ
448 3764 574 3833 παρ’
597 3764 760 3817 αὑτοῦ
788 3781 798 3793 ·
852 3764 898 3814 εἰ
934 3765 1062 3831 μήτι
1100 3763 1260 3826 αὐτὸς
1284 3766 1348 3833 τῇ
1384 3765 1560 3834 οἰκείᾳ
1590 3764 1781 3836 γνώμῃ

211 3853 249 3924 ἢ
283 3853 574 3922 προστάξει
612 3853 794 3906 λαϐεῖν
826 3870 905 3915 σε,
945 3853 974 3922 ἦ
1013 3854 1170 3914 αὐτὸς
1218 3855 1421 3915 ἐκεῖνος
1448 3855 1783 3924 αὐτοχείρως

219 3946 457 4012 παρέξει
491 3962 592 3999 σοι.

308 4157 409 4216 ις’.
447 4151 538 4221 Μὴ
560 4151 664 4220 δῷς
689 4152 816 4206 ἄνευ
847 4150 939 4204 τοῦ
960 4152 1099 4204 κατὰ
1134 4152 1264 4202 Θεόν
1289 4166 1382 4201 σου
1419 4151 1622 4221 πατρὸς
1641 4151 1790 4221 ἐλεη-

1866 1956 1974 2000 tur.
2010 1947 2138 2000 Post
2167 1944 2234 1997 ad
2269 1946 2537 2014 colloquia
2589 1945 2928 1997 infructuosa
2973 1959 3066 2000 eos
3100 1952 3397 2013 provooant
3420 1983 3438 2008 ,

1866 2041 1918 2094 in
1974 2041 2174 2108 quibus
2228 2038 2344 2093 dies
2401 2045 2542 2092 totos
2587 2045 2900 2092 conterunt.
2955 2041 3030 2089 Ac
3083 2038 3128 2091 si
3171 2037 3435 2104 quispiam

1863 2131 2081 2194 bonus,
2131 2142 2186 2185 et
2243 2129 2458 2183 virtutis
2510 2126 2791 2183 studiosus
2847 2128 2953 2181 illis
2986 2143 3044 2182 se
3095 2129 3390 2196 requaterit
3422 2168 3435 2188 ,

1867 2221 2137 2282 conversi,
2183 2220 2300 2289 ejus
2337 2220 2611 2274 interitum
2648 2219 2854 2274 rident.
2903 2217 2958 2272 Si
2994 2234 3181 2272 eorum
3231 2235 3439 2273 sermo-

1868 2313 2026 2365 nibus
2059 2326 2219 2364 aures
2261 2309 2611 2372 obstruxerit.
2643 2324 2815 2378 seque
2849 2309 2914 2363 ab
2948 2310 3200 2363 omnibus
3261 2320 3314 2363 et
3349 2325 3443 2378 pe-

1867 2399 2166 2472 reg‘rinum,
2197 2411 2250 2455 et
2278 2417 2498 2470 gravem
2528 2417 2591 2456 ac
2617 2402 2819 2456 serium
2850 2442 2864 2463 ,
2892 2412 2943 2455 et
2973 2417 3001 2455 a
3037 2402 3250 2456 licentia
3303 2403 3439 2456 alie.-

1867 2509 1994 2548 num
2028 2493 2347 2554 servaverit,
2386 2493 2450 2547 ad
2484 2493 2740 2546 invidiam
2790 2493 3134 2546 eooeitantur
3161 2534 3174 2554 ,
3201 2481 3442 2561 velisque

1869 2599 1932 2638 ac
1970 2584 2134 2638 remis
2166 2583 2526 2646 contendunt,
2562 2591 2620 2635 ut
2666 2596 2787 2635 eum
2834 2584 2996 2636 etiam
3043 2599 3073 2637 e
3114 2584 3441 2638 monast:-rio

1870 2673 2165 2742 expellant.
2194 2671 2341 2726 Vana
2377 2670 2576 2741 quippe
2627 2671 2797 2739 gloria
2833 2681 3141 2742 contempta
3171 2715 3185 2739 ,
3221 2675 3441 2727 humill-

1870 2775 2032 2820 tatem
2067 2781 2131 2819 ex
2166 2765 2394 2819 adverso
2428 2765 2700 2817 laudatam
2735 2764 2916 2818 videre
2945 2779 3048 2818 non
3076 2768 3330 2820 sustinet.

1939 2857 2027 2910 ﬂ.
2057 2855 2287 2926 Angitur
2313 2867 2645 2924 magnopere
2694 2854 2875 2907 inanis
2916 2854 3108 2922 gloria:
3155 2864 3443 2909 consecta-

1870 2955 1976 3011 tor,
2009 2961 2131 3000 cum
2165 2946 2423 2999 humilem
2469 2945 2742 3014 lacrymas
2783 2945 3230 3014 profundentem,
3261 2947 3444 3016 dupli-

1868 3041 2113 3105 Citerque
2147 3036 2366 3090 sibimet
2389 3035 2826 3090 commodantem
2881 3035 3146 3090 intuetur.
3196 3035 3327 3088 Nam
3388 3047 3442 3091 et

1870 3128 2038 3183 Deum
2058 3126 2297 3196 perillas
2329 3126 2582 3195 propitiat
2624 3135 2719 3180 :et
2739 3126 2985 3180 homines
3021 3126 3084 3180 ad
3134 3127 3217 3180 sui
3277 3142 3429 3181 eom-

1871 3219 2269 3274 mendationem
2307 3217 2558 3288 (tametsi
2593 3217 2647 3270 id
2687 3217 2911 3271 minime
2958 3217 3186 3287 volens)
3218 3219 3438 3272 excitat.

1945 3311 2036 3365 l5.
2072 3311 2368 3380 Postquam
2395 3317 2446 3363 te
2477 3317 2650 3362 totum
2693 3306 2840 3361 Patri
2889 3308 3160 3378 spirituali
3203 3310 3440 3362 tradidi-

1873 3403 1968 3466 sti,
2025 3399 2142 3456 scio
2192 3409 2245 3453 te
2290 3398 2463 3452 instar
2504 3397 2784 3468 peregrini
2826 3411 2888 3451 ac
2943 3397 3177 3467 hospitis
3221 3413 3343 3453 esse
3385 3400 3436 3453 in

1871 3490 2143 3550 extraneis
2173 3489 2452 3557 omnibus,
2498 3489 2698 3559 quibus
2729 3489 3059 3558 praallceris;
3100 3490 3436 3553 hominibus,

1872 3584 2117 3653 inquam,
2152 3581 2385 3652 negotiis
2421 3590 2474 3634 et
2531 3579 2915 3645 facultatibus,
2950 3580 3093 3632 citra
3145 3569 3305 3648 euju’s
3345 3596 3440 3632 au-

1871 3675 2179 3730 ctoritatem
2224 3673 2356 3726 nihil
2395 3672 2573 3727 facere
2600 3672 2757 3727 velis.
2791 3672 2897 3726 Sed
2944 3688 3122 3741 neque
3159 3673 3437 3742 exiguum,

1871 3777 1964 3819 aut
1988 3779 2245 3833 magnum
2276 3763 2559 3831 quidpiam
2602 3763 2669 3815 ab
2698 3777 2764 3816 eo
2797 3763 2889 3815 tibi
2924 3762 3192 3816 committi
3232 3773 3383 3831 petas
3423 3783 3436 3817 :

1875 3857 1976 3911 nisi
2016 3856 2060 3911 is
2095 3865 2294 3924 suopte
2347 3864 2480 3907 nutu
2526 3864 2619 3906 aut
2670 3854 2748 3906 illi
2798 3864 2850 3908 te
2900 3869 3096 3908 manus
3148 3854 3439 3907 admovme

1867 3947 2128 4016 jusserit;
2157 3956 2247 4000 aut
2280 3948 2508 4015 ipsemet
2540 3961 2635 3999 sua
2665 3946 2812 3999 velut
2838 3960 2999 3999 manu
3031 3945 3162 3999 illud
3200 3947 3290 4000 tibi
3326 3956 3439 3999 tra-

1870 4037 2086 4090 diderit.

1946 4150 2032 4205 16.
2067 4149 2138 4203 De
2162 4149 2310 4202 illata
2343 4160 2440 4201 ans
2474 4157 2525 4202 te
2550 4149 2777 4216 pecunia
2808 4163 2875 4202 ne
2900 4148 2995 4202 des
3029 4149 3433 4221 eleemosynam

215 4245 489 4314 μοσύνην,
519 4247 576 4309 ἐξ
604 4240 676 4299 ὧν
701 4249 999 4318 χρημάτων
1029 4253 1414 4320 προσήνεγκας
1434 4268 1448 4281 °
1494 4252 1626 4306 ἀλλά
1655 4254 1779 4323 μηδὲ

1874 4243 2088 4312 injussu
2138 4241 2308 4304 patris
2365 4240 2440 4294 tui
2493 4241 2792 4294 secundum
2841 4238 3028 4293 Deum.
3088 4240 3192 4295 Sed
3249 4258 3425 4310 neque

209 4336 304 4390 διὰ
340 4339 562 4406 μεσίτου
593 4339 776 4392 λαϐεῖν
799 4358 918 4393 τινα
951 4341 1007 4406 ἐξ
1035 4342 1218 4407 αὐτῶν,
1244 4343 1478 4415 θελήσῃς
1496 4344 1624 4414 παρ’
1648 4347 1779 4398 ὲκεί-

1875 4334 2009 4388 velle
2045 4332 2234 4395 debes,
2277 4345 2333 4385 ut
2364 4331 2487 4399 quis
2515 4347 2608 4399 per
2650 4331 2937 4395 vicarium,
2991 4332 3106 4386 sive
3147 4332 3439 4385 internun-

208 4445 329 4495 νου.
373 4430 635 4499 Κρεῖττον
679 4432 787 4500 γάρ
840 4432 1054 4501 πτωχὸν
1112 4435 1206 4485 καὶ
1263 4432 1409 4497 ξένον
1434 4431 1573 4488 εἷναί
1603 4455 1660 4489 τε
1697 4439 1779 4490 καῖ

1875 4425 2006 4478 tium
2038 4433 2188 4476 tuum
2223 4424 2289 4476 de
2320 4422 2406 4475 illa
2434 4422 2501 4475 ab
2533 4423 2723 4475 eodem
2755 4431 2906 4490 patre
2929 4423 3181 4489 accipiat.
3215 4424 3439 4476 Praestat

206 4519 440 4574 ἀκούειν
479 4537 560 4584 σε,
590 4521 623 4592 ἦ
654 4522 969 4591 σκορπίζειν
1006 4525 1262 4594 χρήματα
1296 4527 1388 4578 καὶ
1433 4526 1630 4579 διδόναι
1678 4530 1779 4590 τοῖς

1875 4518 2019 4569 enim
2049 4514 2385 4574 mendicum.
2428 4523 2481 4567 ct
2516 4514 2867 4582 peregrinum
2895 4528 3036 4577 esse,
3085 4522 3136 4566 et
3169 4514 3436 4566 nominari

205 4614 469 4683 πένησιν,
495 4601 855 4682 εἰσαγωγικὸν
893 4615 1041 4671 ὄντα.
1086 4619 1326 4681 Πίστεως
1380 4619 1435 4672 δὲ
1485 4622 1779 4690 ἁκρεφνοῦς

1876 4618 1949 4670 te,
1976 4622 2135 4676 quam
2186 4606 2454 4673 dissipare
2492 4604 2771 4672 pecunias,
2811 4611 2864 4657 et
2907 4603 3038 4656 dare
3082 4606 3439 4672 pauperibus,

203 4705 278 4759 τὰ
350 4705 548 4767 πάντα,
591 4706 666 4768 ὡς
704 4709 760 4758 ὲν
786 4707 927 4776 χειρὶ
976 4707 1133 4774 Θεοῦ,
1164 4713 1228 4779 τῇ
1261 4709 1352 4761 τοῦ
1417 4713 1785 4777 πνευματικοῦ

204 4795 426 4862 πατρὸς
452 4794 743 4849 ἀναθέσθαι
775 4797 1047 4866 βουλήσει.

289 5053 382 5117 ιζ’.
413 5053 562 5122 Μηδὲ
591 5053 773 5106 λαϐεῖν
799 5052 989 5116 ὓδατος
1022 5053 1182 5105 ποτὸν
1211 5054 1430 5125 αἰτήσῃ,
1464 5053 1509 5103 εί
1543 5053 1634 5104 καὶ
1654 5070 1714 5104 συ
1727 5070 1791 5120 μ-

210 5145 284 5215 ϐῇ
319 5160 382 5195 σε
413 5141 728 5211 φλέγεσθαι,
757 5141 949 5212 μέχρις
980 5143 1045 5194 ἂν
1080 5141 1290 5194 οἴκοθεν
1312 5141 1552 5211 κινηθεὶς
1579 5144 1606 5193 ὁ
1631 5159 1789 5193 πνευ-

214 5239 457 5308 ματικός
497 5251 587 5286 σου
613 5235 792 5304 πατὴρ
828 5232 1108 5304 προτρέψῃ
1131 5251 1209 5286 σε.
1271 5235 1439 5302 Ἀγχε
1475 5236 1582 5304 γὰρ
1628 5251 1790 5286 σεαυ-

209 5329 333 5389 τὸν,
369 5326 467 5378 καὶ
496 5323 680 5393 βιάζου
712 5325 769 5377 ὲν
809 5327 962 5388 πᾶσι,
985 5325 1185 5377 πείθων
1243 5325 1336 5376 καὶ
1369 5324 1540 5392 λέγων
1573 5325 1647 5393 τῷ
1690 5326 1791 5377 λο-

209 5416 410 5489 γισμῷ
436 5430 450 5445 ⁸
483 5415 547 5467 El
576 5415 764 5469 θέλειὸ
785 5415 938 5477 Θεὸς,
957 5415 1048 5467 καὶ
1074 5410 1139 5487 ᾖς
1171 5414 1318 5480 ἄξιος
1343 5414 1435 5466 τοῦ
1466 5417 1631 5478 πιεῖν,
1662 5418 1792 5468 ἀπο-

212 5507 490 5563 καλύπτει
521 5504 736 5566 πάντως
771 5504 846 5573 τῷ
878 5504 1049 5574 Πατρί
1088 5521 1180 5557 σου
1212 5506 1303 5556 καὶ
1333 5504 1478 5570 λέγει
1518 5521 1629 5557 σοι·
1667 5505 1786 5556 Πίε.

210 5600 331 5656 Καὶ
357 5595 659 5664 τηνικαῦτα
708 5595 893 5648 πίεσαι
931 5598 1068 5663 μετά
1116 5594 1357 5667 καθαροῦ
1391 5594 1712 5660 συνειδότος,
1741 5596 1786 5645 εί

209 5693 310 5747 καὶ
339 5687 496 5757 παρά
523 5687 614 5743 τὸν
643 5687 834 5757 καιρὸν
864 5689 896 5758 ἡ
928 5685 1044 5756 ὥρα
1071 5686 1240 5742 ἐστίν.

1876 4715 1998 4753 eum
2038 4699 2089 4749 in
2131 4697 2233 4750 hoc
2282 4697 2407 4748 vitae
2454 4704 2604 4749 statu
2675 4693 2925 4746 novellus
2983 4693 3180 4757 adhuc,
3227 4705 3280 4749 et
3325 4705 3441 4764 tyro

1873 4789 1976 4840 sis.
2023 4787 2264 4838 Sincera:
2303 4795 2481 4836 autem
2512 4782 2631 4836 ﬁdei
2668 4793 2769 4846 est,
2805 4781 2988 4834 omnia
3023 4782 3289 4835 voluntati
3332 4782 3438 4834 Pa-

1877 4877 1977 4930 tris
2000 4875 2300 4945 spiritualis
2331 4874 2472 4927 haud
2514 4889 2671 4929 secus
2720 4889 2882 4944 quam
2911 4872 3004 4926 Dei
3038 4873 3288 4928 manibus
3315 4889 3437 4942 per-

1875 4969 2110 5021 mittere.

1953 5058 2036 5113 Π.
2081 5057 2411 5111 Potestatem
2460 5054 2676 5108 bibendi
2736 5069 2955 5122 aquam,
2990 5069 3054 5110 ne
3114 5070 3263 5122 roga,
3317 5056 3438 5109 licet

1877 5146 1965 5201 siti
1997 5152 2213 5209 ardeas,
2245 5145 2418 5199 donec
2456 5152 2649 5212 suopte
2682 5143 2917 5212 impulso
2945 5142 3104 5195 Pater
3137 5145 3438 5212 spiritualis

1877 5245 1928 5292 te
1977 5238 2040 5292 ad
2089 5236 2383 5291 bibendum
2447 5235 2774 5290 hOrtabitnr.
2830 5235 3033 5288 Coerce
3079 5235 3330 5303 tcipsum,
3389 5245 3441 5290 et

1878 5329 2076 5383 acriter
2121 5328 2338 5382 tibimet
2375 5328 2579 5395 impera
2635 5326 2689 5378 in
2744 5326 3021 5388 omnibus,
3072 5325 3143 5377 ita
3190 5326 3440 5393 loquens,

1877 5432 1930 5475 et
1986 5420 2224 5475 suadens
2287 5418 2384 5473 tibi
2449 5418 2588 5485 apud
2637 5418 2902 5470 animum.
2960 5416 3016 5468 Si
3073 5417 3246 5484 placet
3307 5416 3437 5479 Dm,

1875 5521 1929 5566 et
1969 5513 2046 5566 sis
2096 5512 2293 5582 dignus
2347 5509 2559 5574 bibere,
2629 5510 2792 5577 plane
2837 5508 3098 5561 revelabit
3145 5505 3290 5560 Patri
3347 5518 3441 5561 tuo

1877 5608 2173 5678 spirituali,
2207 5603 2346 5663 etiis
2376 5606 2518 5660 dicet
2562 5605 2657 5659 tibi
2687 5622 2701 5658 :
2737 5603 2886 5659 Bibe.
2931 5602 3067 5656 Tum
3115 5603 3266 5656 hihes
3301 5617 3437 5670 pura

1879 5698 2246 5766 conscientia,
2309 5697 2561 5766 quamvis
2615 5703 2769 5752 extra
2825 5702 3058 5762 tempus,
3113 5703 3206 5746 aut
3249 5693 3440 5746 horam

1879 5789 2057 5845 bibas.
