  <div class='ocr_page' id='page_1' title='image "/cluster/home/n/w/nwhite01/storage/ocr_20150623/120/pst.000005714353/313.png"; bbox 0 0 4156 6344; ppageno 0'>
   <div class='ocr_carea' id='block_1_1' title="bbox 724 334 824 397">
    <p class='ocr_par' dir='ltr' id='par_1_1' title="bbox 724 334 824 397">
     <span class='ocr_line' id='line_1_1' title="bbox 724 334 824 397; baseline 0.04 -4"><span class='ocrx_word' id='word_1_1' title='bbox 724 334 824 397; x_wconf 70' lang='lat' dir='ltr'><strong>Eii</strong></span> 
     </span>
    </p>
   </div>
   <div class='ocr_carea' id='block_1_2' title="bbox 1947 330 2736 393">
    <p class='ocr_par' dir='ltr' id='par_1_2' title="bbox 1947 330 2736 393">
     <span class='ocr_line' id='line_1_2' title="bbox 1947 330 2736 393; baseline -0.003 -1"><span class='ocrx_word' id='word_1_2' title='bbox 1947 330 2328 393; x_wconf 64' lang='lat' dir='ltr'><strong>SYMEONIS</strong></span> <span class='ocrx_word' id='word_1_3' title='bbox 2374 330 2736 390; x_wconf 62' lang='lat' dir='ltr'><strong>JUNiORlS</strong></span> 
     </span>
    </p>
   </div>
   <div class='ocr_carea' id='block_1_3' title="bbox 3850 328 3961 391">
    <p class='ocr_par' dir='ltr' id='par_1_3' title="bbox 3850 328 3961 391">
     <span class='ocr_line' id='line_1_3' title="bbox 3850 328 3961 391; baseline -0.009 -1"><span class='ocrx_word' id='word_1_4' title='bbox 3850 328 3961 391; x_wconf 73' lang='lat' dir='ltr'><strong>6i?</strong></span> 
     </span>
    </p>
   </div>
   <div class='ocr_carea' id='block_1_4' title="bbox 800 423 2310 510">
    <p class='ocr_par' dir='ltr' id='par_1_4' title="bbox 800 440 2293 510">
     <span class='ocr_line' id='line_1_4' title="bbox 800 440 2293 510; baseline -0.005 -14"><span class='ocrx_word' id='word_1_5' title='bbox 800 445 887 497; x_wconf 74' lang='grc'><strong>18.</strong></span> <span class='ocrx_word' id='word_1_6' title='bbox 930 440 1035 508; x_wconf 84' lang='lat' dir='ltr'><strong>Qui</strong></span> <span class='ocrx_word' id='word_1_7' title='bbox 1089 441 1432 509; x_wconf 81' lang='lat' dir='ltr'><strong>spiritualcm</strong></span> <span class='ocrx_word' id='word_1_8' title='bbox 1478 441 1770 495; x_wconf 87' lang='lat' dir='ltr'><strong>utilitatem</strong></span> <span class='ocrx_word' id='word_1_9' title='bbox 1815 442 2152 510; x_wconf 75' lang='lat' dir='ltr'><strong>experiundo</strong></span> <span class='ocrx_word' id='word_1_10' title='bbox 2205 456 2293 496; x_wconf 82' lang='lat' dir='ltr'><strong>co-</strong></span> 
     </span>
    </p>
   </div>
   <div class='ocr_carea' id='block_1_5' title="bbox 2409 423 3962 510">
    <p class='ocr_par' dir='ltr' id='par_1_5' title="bbox 2460 423 3962 505">
     <span class='ocr_line' id='line_1_5' title="bbox 2460 423 3962 505; baseline -0.01 -17"><span class='ocrx_word' id='word_1_11' title='bbox 2460 443 2547 505; x_wconf 67' lang='lat' dir='ltr'><strong>t7&quot;.</strong></span> <span class='ocrx_word' id='word_1_12' title='bbox 2618 436 2677 485; x_wconf 81' lang='lat'><strong>&#39;0</strong></span> <span class='ocrx_word' id='word_1_13' title='bbox 2734 435 2928 503; x_wconf 76' lang='grc' dir='ltr'>πεῖραν</span> <span class='ocrx_word' id='word_1_14' title='bbox 2960 428 3205 499; x_wconf 78' lang='grc' dir='ltr'>ἐσχηκὼς</span> <span class='ocrx_word' id='word_1_15' title='bbox 3267 425 3638 494; x_wconf 71' lang='grc' dir='ltr'><strong>πνευματικῆς</strong></span> <span class='ocrx_word' id='word_1_16' title='bbox 3673 423 3962 490; x_wconf 61' lang='grc' dir='ltr'>ὡφελείας,</span> 
     </span>
    </p>
   </div>
   <div class='ocr_carea' id='block_1_6' title="bbox 726 533 2290 602">
    <p class='ocr_par' dir='ltr' id='par_1_6' title="bbox 726 533 2290 602">
     <span class='ocr_line' id='line_1_6' title="bbox 726 533 2290 602; baseline 0.001 -19"><span class='ocrx_word' id='word_1_17' title='bbox 726 534 1240 602; x_wconf 60' lang='grc' dir='ltr'><strong>αιιοι’ἰ1,1ἰι]ειιιψιῢ</strong></span> <span class='ocrx_word' id='word_1_18' title='bbox 1272 546 1585 601; x_wconf 77' lang='lat' dir='ltr'><strong>gerit-annm</strong></span> <span class='ocrx_word' id='word_1_19' title='bbox 1636 547 1698 584; x_wconf 84' lang='lat' dir='ltr'><strong>ac</strong></span> <span class='ocrx_word' id='word_1_20' title='bbox 1745 533 2018 586; x_wconf 79' lang='lat' dir='ltr'><strong>sinceram</strong></span> <span class='ocrx_word' id='word_1_21' title='bbox 2079 533 2290 595; x_wconf 69' lang='lat' dir='ltr'><strong>habuit,</strong></span> 
     </span>
    </p>
   </div>
   <div class='ocr_carea' id='block_1_7' title="bbox 732 624 2291 688">
    <p class='ocr_par' dir='ltr' id='par_1_7' title="bbox 732 624 2291 688">
     <span class='ocr_line' id='line_1_7' title="bbox 732 624 2291 688; baseline 0 -10"><span class='ocrx_word' id='word_1_22' title='bbox 732 625 895 682; x_wconf 82' lang='lat' dir='ltr'><strong>Deum</strong></span> <span class='ocrx_word' id='word_1_23' title='bbox 951 625 1199 679; x_wconf 86' lang='lat' dir='ltr'><strong>veritatis</strong></span> <span class='ocrx_word' id='word_1_24' title='bbox 1229 634 1421 678; x_wconf 88' lang='lat' dir='ltr'><strong>testem</strong></span> <span class='ocrx_word' id='word_1_25' title='bbox 1456 625 1740 685; x_wconf 69' lang='lat' dir='ltr'><strong>invocans,</strong></span> <span class='ocrx_word' id='word_1_26' title='bbox 1780 624 1938 688; x_wconf 66' lang='lat' dir='ltr'><strong>dixit,</strong></span> <span class='ocrx_word' id='word_1_27' title='bbox 1975 624 2146 677; x_wconf 79' lang='lat' dir='ltr'><strong>S:atui</strong></span> <span class='ocrx_word' id='word_1_28' title='bbox 2179 641 2291 678; x_wconf 87' lang='lat' dir='ltr'><strong>me-</strong></span> 
     </span>
    </p>
   </div>
   <div class='ocr_carea' id='block_1_8' title="bbox 723 716 2293 784">
    <p class='ocr_par' dir='ltr' id='par_1_8' title="bbox 723 716 2293 784">
     <span class='ocr_line' id='line_1_8' title="bbox 723 716 2293 784; baseline -0.001 -13"><span class='ocrx_word' id='word_1_29' title='bbox 723 733 870 778; x_wconf 86' lang='lat' dir='ltr'><strong>cum,</strong></span> <span class='ocrx_word' id='word_1_30' title='bbox 893 724 952 769; x_wconf 92' lang='lat' dir='ltr'><strong>ut</strong></span> <span class='ocrx_word' id='word_1_31' title='bbox 981 731 1156 784; x_wconf 91' lang='lat' dir='ltr'><strong>neque</strong></span> <span class='ocrx_word' id='word_1_32' title='bbox 1182 716 1489 778; x_wconf 79' lang='lat' dir='ltr'><strong>comedere,</strong></span> <span class='ocrx_word' id='word_1_33' title='bbox 1525 730 1699 783; x_wconf 89' lang='lat' dir='ltr'><strong>neque</strong></span> <span class='ocrx_word' id='word_1_34' title='bbox 1722 717 1906 770; x_wconf 86' lang='lat' dir='ltr'><strong>bibere</strong></span> <span class='ocrx_word' id='word_1_35' title='bbox 1930 731 1958 769; x_wconf 90' lang='lat' dir='ltr'><strong>a</strong></span> <span class='ocrx_word' id='word_1_36' title='bbox 1985 717 2147 770; x_wconf 86' lang='lat' dir='ltr'><strong>Patre</strong></span> <span class='ocrx_word' id='word_1_37' title='bbox 2173 731 2293 769; x_wconf 90' lang='lat' dir='ltr'><strong>meo</strong></span> 
     </span>
    </p>
   </div>
   <div class='ocr_carea' id='block_1_9' title="bbox 725 809 2294 878">
    <p class='ocr_par' dir='ltr' id='par_1_9' title="bbox 725 809 2294 878">
     <span class='ocr_line' id='line_1_9' title="bbox 725 809 2294 878; baseline -0.004 -16"><span class='ocrx_word' id='word_1_38' title='bbox 725 809 1000 878; x_wconf 79' lang='lat' dir='ltr'><strong>spirituali</strong></span> <span class='ocrx_word' id='word_1_39' title='bbox 1039 823 1276 876; x_wconf 88' lang='lat' dir='ltr'><strong>unquam</strong></span> <span class='ocrx_word' id='word_1_40' title='bbox 1301 817 1538 875; x_wconf 89' lang='lat' dir='ltr'><strong>peterem</strong></span> <span class='ocrx_word' id='word_1_41' title='bbox 1564 823 1578 870; x_wconf 93' lang='lat'><strong>;</strong></span> <span class='ocrx_word' id='word_1_42' title='bbox 1611 823 1784 876; x_wconf 88' lang='lat' dir='ltr'><strong>neque</strong></span> <span class='ocrx_word' id='word_1_43' title='bbox 1813 823 1881 862; x_wconf 90' lang='lat' dir='ltr'><strong>eo</strong></span> <span class='ocrx_word' id='word_1_44' title='bbox 1913 809 2100 862; x_wconf 86' lang='lat' dir='ltr'><strong>nescio</strong></span> <span class='ocrx_word' id='word_1_45' title='bbox 2126 809 2294 875; x_wconf 83' lang='lat' dir='ltr'><strong>quid-</strong></span> 
     </span>
    </p>
   </div>
   <div class='ocr_carea' id='block_1_10' title="bbox 725 896 2294 965">
    <p class='ocr_par' dir='ltr' id='par_1_10' title="bbox 725 896 2294 965">
     <span class='ocr_line' id='line_1_10' title="bbox 725 896 2294 965; baseline 0 -15"><span class='ocrx_word' id='word_1_46' title='bbox 725 913 886 964; x_wconf 89' lang='lat' dir='ltr'><strong>quam</strong></span> <span class='ocrx_word' id='word_1_47' title='bbox 918 899 1137 962; x_wconf 83' lang='lat' dir='ltr'><strong>penitus</strong></span> <span class='ocrx_word' id='word_1_48' title='bbox 1163 896 1292 949; x_wconf 85' lang='lat' dir='ltr'><strong>mihi</strong></span> <span class='ocrx_word' id='word_1_49' title='bbox 1329 896 1394 949; x_wconf 93' lang='lat' dir='ltr'><strong>ad</strong></span> <span class='ocrx_word' id='word_1_50' title='bbox 1420 910 1578 950; x_wconf 91' lang='lat' dir='ltr'><strong>usum</strong></span> <span class='ocrx_word' id='word_1_51' title='bbox 1609 911 1882 951; x_wconf 80' lang='lat' dir='ltr'><strong>sumerem</strong></span> <span class='ocrx_word' id='word_1_52' title='bbox 1908 913 1920 948; x_wconf 90' lang='lat'>:</span> <span class='ocrx_word' id='word_1_53' title='bbox 1952 896 2131 965; x_wconf 85' lang='lat' dir='ltr'><strong>quoad</strong></span> <span class='ocrx_word' id='word_1_54' title='bbox 2156 899 2294 950; x_wconf 86' lang='lat' dir='ltr'><strong>Deus</strong></span> 
     </span>
    </p>
   </div>
   <div class='ocr_carea' id='block_1_11' title="bbox 725 986 2295 1065">
    <p class='ocr_par' dir='ltr' id='par_1_11' title="bbox 725 986 2295 1065">
     <span class='ocr_line' id='line_1_11' title="bbox 725 986 2295 1065; baseline -0.001 -25"><span class='ocrx_word' id='word_1_55' title='bbox 725 996 880 1041; x_wconf 87' lang='lat' dir='ltr'><strong>certo</strong></span> <span class='ocrx_word' id='word_1_56' title='bbox 922 987 1077 1050; x_wconf 79' lang='lat' dir='ltr'><strong>illum</strong></span> <span class='ocrx_word' id='word_1_57' title='bbox 1103 987 1357 1065; x_wconf 75' lang='lat' dir='ltr'><strong>doceret,</strong></span> <span class='ocrx_word' id='word_1_58' title='bbox 1390 997 1444 1042; x_wconf 87' lang='lat' dir='ltr'><strong>et</strong></span> <span class='ocrx_word' id='word_1_59' title='bbox 1481 988 1527 1042; x_wconf 89' lang='lat' dir='ltr'><strong>is</strong></span> <span class='ocrx_word' id='word_1_60' title='bbox 1553 986 1773 1040; x_wconf 87' lang='lat' dir='ltr'><strong>demum</strong></span> <span class='ocrx_word' id='word_1_61' title='bbox 1809 989 2093 1042; x_wconf 93' lang='lat' dir='ltr'><strong>mandaret</strong></span> <span class='ocrx_word' id='word_1_62' title='bbox 2140 988 2295 1040; x_wconf 90' lang='lat' dir='ltr'><strong>tnihi.</strong></span> 
     </span>
    </p>
   </div>
   <div class='ocr_carea' id='block_1_12' title="bbox 726 1077 2293 1148">
    <p class='ocr_par' dir='ltr' id='par_1_12' title="bbox 726 1077 2293 1148">
     <span class='ocr_line' id='line_1_12' title="bbox 726 1077 2293 1148; baseline 0 -16"><span class='ocrx_word' id='word_1_63' title='bbox 726 1078 821 1132; x_wconf 78' lang='lat' dir='ltr'><strong>Sic</strong></span> <span class='ocrx_word' id='word_1_64' title='bbox 848 1093 934 1131; x_wconf 89' lang='lat' dir='ltr'><strong>me</strong></span> <span class='ocrx_word' id='word_1_65' title='bbox 959 1078 1188 1143; x_wconf 82' lang='lat' dir='ltr'><strong>habens,</strong></span> <span class='ocrx_word' id='word_1_66' title='bbox 1214 1077 1412 1148; x_wconf 82' lang='lat' dir='ltr'><strong>inquit,</strong></span> <span class='ocrx_word' id='word_1_67' title='bbox 1449 1093 1478 1130; x_wconf 92' lang='lat' dir='ltr'><strong>a</strong></span> <span class='ocrx_word' id='word_1_68' title='bbox 1515 1078 1792 1148; x_wconf 90' lang='lat' dir='ltr'><strong>proposito</strong></span> <span class='ocrx_word' id='word_1_69' title='bbox 1822 1093 1986 1148; x_wconf 89' lang='lat' dir='ltr'><strong>scopo</strong></span> <span class='ocrx_word' id='word_1_70' title='bbox 2015 1095 2293 1144; x_wconf 79' lang='lat' dir='ltr'><strong>nunquam</strong></span> 
     </span>
    </p>
   </div>
   <div class='ocr_carea' id='block_1_13' title="bbox 727 1169 1098 1237">
    <p class='ocr_par' dir='ltr' id='par_1_13' title="bbox 727 1169 1098 1237">
     <span class='ocr_line' id='line_1_13' title="bbox 727 1169 1098 1237; baseline 0 -15"><span class='ocrx_word' id='word_1_71' title='bbox 727 1169 972 1222; x_wconf 82' lang='lat' dir='ltr'><strong>aberravi</strong></span> <span class='ocrx_word' id='word_1_72' title='bbox 1000 1171 1098 1237; x_wconf 86' lang='lat' dir='ltr'><strong>(a).</strong></span> 
     </span>
    </p>
   </div>
   <div class='ocr_carea' id='block_1_14' title="bbox 797 1261 2298 1332">
    <p class='ocr_par' dir='ltr' id='par_1_14' title="bbox 797 1261 2298 1332">
     <span class='ocr_line' id='line_1_14' title="bbox 797 1261 2298 1332; baseline 0 -19"><span class='ocrx_word' id='word_1_73' title='bbox 797 1261 886 1315; x_wconf 71' lang='lat' dir='ltr'><strong>i9.</strong></span> <span class='ocrx_word' id='word_1_74' title='bbox 947 1261 1050 1326; x_wconf 85' lang='lat' dir='ltr'><strong>Qui</strong></span> <span class='ocrx_word' id='word_1_75' title='bbox 1121 1277 1252 1332; x_wconf 77' lang='lat' dir='ltr'><strong>erga</strong></span> <span class='ocrx_word' id='word_1_76' title='bbox 1301 1271 1508 1332; x_wconf 80' lang='lat' dir='ltr'><strong>patrem</strong></span> <span class='ocrx_word' id='word_1_77' title='bbox 1561 1278 1719 1316; x_wconf 85' lang='lat' dir='ltr'><strong>suum</strong></span> <span class='ocrx_word' id='word_1_78' title='bbox 1781 1263 2080 1316; x_wconf 84' lang='lat' dir='ltr'><strong>secundum</strong></span> <span class='ocrx_word' id='word_1_79' title='bbox 2134 1262 2298 1315; x_wconf 80' lang='lat' dir='ltr'><strong>Deum</strong></span> 
     </span>
    </p>
   </div>
   <div class='ocr_carea' id='block_1_15' title="bbox 727 1352 2300 1421">
    <p class='ocr_par' dir='ltr' id='par_1_15' title="bbox 727 1352 2300 1421">
     <span class='ocr_line' id='line_1_15' title="bbox 727 1352 2300 1421; baseline 0 -16"><span class='ocrx_word' id='word_1_80' title='bbox 727 1352 887 1405; x_wconf 70' lang='lat' dir='ltr'><strong>[idem</strong></span> <span class='ocrx_word' id='word_1_81' title='bbox 961 1352 1270 1406; x_wconf 85' lang='lat' dir='ltr'><strong>evidentem</strong></span> <span class='ocrx_word' id='word_1_82' title='bbox 1326 1353 1490 1406; x_wconf 82' lang='lat' dir='ltr'><strong>habet</strong></span> <span class='ocrx_word' id='word_1_83' title='bbox 1542 1355 1596 1407; x_wconf 84' lang='lat' dir='ltr'><strong>in</strong></span> <span class='ocrx_word' id='word_1_84' title='bbox 1655 1354 1745 1407; x_wconf 94' lang='lat' dir='ltr'><strong>illo</strong></span> <span class='ocrx_word' id='word_1_85' title='bbox 1791 1353 2072 1407; x_wconf 84' lang='lat' dir='ltr'><strong>Christum</strong></span> <span class='ocrx_word' id='word_1_86' title='bbox 2122 1353 2300 1421; x_wconf 89' lang='lat' dir='ltr'><strong>ipsum</strong></span> 
     </span>
    </p>
   </div>
   <div class='ocr_carea' id='block_1_16' title="bbox 728 1439 2299 1507">
    <p class='ocr_par' dir='ltr' id='par_1_16' title="bbox 728 1439 2299 1507">
     <span class='ocr_line' id='line_1_16' title="bbox 728 1439 2299 1507; baseline 0.005 -17"><span class='ocrx_word' id='word_1_87' title='bbox 728 1439 929 1492; x_wconf 73' lang='lat' dir='ltr'><strong>intueri</strong></span> <span class='ocrx_word' id='word_1_88' title='bbox 957 1455 1016 1494; x_wconf 88' lang='lat' dir='ltr'><strong>se</strong></span> <span class='ocrx_word' id='word_1_89' title='bbox 1046 1440 1348 1507; x_wconf 80' lang='lat' dir='ltr'><strong>existimat,</strong></span> <span class='ocrx_word' id='word_1_90' title='bbox 1375 1451 1568 1497; x_wconf 88' lang='lat' dir='ltr'><strong>etcum</strong></span> <span class='ocrx_word' id='word_1_91' title='bbox 1593 1459 1657 1497; x_wconf 89' lang='lat' dir='ltr'><strong>eo</strong></span> <span class='ocrx_word' id='word_1_92' title='bbox 1685 1443 2036 1497; x_wconf 85' lang='lat' dir='ltr'><strong>familiariter</strong></span> <span class='ocrx_word' id='word_1_93' title='bbox 2057 1459 2299 1507; x_wconf 85' lang='lat' dir='ltr'><strong>versans,</strong></span> 
     </span>
    </p>
   </div>
   <div class='ocr_carea' id='block_1_17' title="bbox 727 1531 2305 1600">
    <p class='ocr_par' dir='ltr' id='par_1_17' title="bbox 727 1531 2305 1600">
     <span class='ocr_line' id='line_1_17' title="bbox 727 1531 2305 1600; baseline 0.003 -15"><span class='ocrx_word' id='word_1_94' title='bbox 727 1545 964 1598; x_wconf 83' lang='lat' dir='ltr'><strong>euntque</strong></span> <span class='ocrx_word' id='word_1_95' title='bbox 996 1531 1288 1598; x_wconf 80' lang='lat' dir='ltr'><strong>aﬂ&#39;cctaus,</strong></span> <span class='ocrx_word' id='word_1_96' title='bbox 1347 1542 1400 1587; x_wconf 92' lang='lat' dir='ltr'><strong>et</strong></span> <span class='ocrx_word' id='word_1_97' title='bbox 1442 1535 1740 1600; x_wconf 88' lang='lat' dir='ltr'><strong>comitans,</strong></span> <span class='ocrx_word' id='word_1_98' title='bbox 1795 1550 1920 1588; x_wconf 90' lang='lat' dir='ltr'><strong>cum</strong></span> <span class='ocrx_word' id='word_1_99' title='bbox 1972 1537 2197 1591; x_wconf 79' lang='lat' dir='ltr'><strong>Christo</strong></span> <span class='ocrx_word' id='word_1_100' title='bbox 2246 1551 2305 1590; x_wconf 85' lang='lat' dir='ltr'><strong>se</strong></span> 
     </span>
    </p>
   </div>
   <div class='ocr_carea' id='block_1_18' title="bbox 727 1622 2306 1685">
    <p class='ocr_par' dir='ltr' id='par_1_18' title="bbox 727 1622 2306 1685">
     <span class='ocr_line' id='line_1_18' title="bbox 727 1622 2306 1685; baseline 0.004 -12"><span class='ocrx_word' id='word_1_101' title='bbox 727 1622 962 1685; x_wconf 87' lang='lat' dir='ltr'><strong>versari,</strong></span> <span class='ocrx_word' id='word_1_102' title='bbox 1005 1632 1059 1677; x_wconf 91' lang='lat' dir='ltr'><strong>et</strong></span> <span class='ocrx_word' id='word_1_103' title='bbox 1086 1639 1208 1677; x_wconf 90' lang='lat' dir='ltr'><strong>eum</strong></span> <span class='ocrx_word' id='word_1_104' title='bbox 1259 1625 1508 1679; x_wconf 89' lang='lat' dir='ltr'><strong>comitari</strong></span> <span class='ocrx_word' id='word_1_105' title='bbox 1541 1634 1863 1681; x_wconf 84' lang='lat' dir='ltr'><strong>constanter</strong></span> <span class='ocrx_word' id='word_1_106' title='bbox 1896 1628 2092 1682; x_wconf 86' lang='lat' dir='ltr'><strong>credit.</strong></span> <span class='ocrx_word' id='word_1_107' title='bbox 2152 1627 2306 1681; x_wconf 81' lang='lat' dir='ltr'><strong>Talis</strong></span> 
     </span>
    </p>
   </div>
   <div class='ocr_carea' id='block_1_19' title="bbox 730 1715 2304 1787">
    <p class='ocr_par' dir='ltr' id='par_1_19' title="bbox 730 1715 2304 1787">
     <span class='ocr_line' id='line_1_19' title="bbox 730 1715 2304 1787; baseline 0.006 -22"><span class='ocrx_word' id='word_1_108' title='bbox 730 1728 1008 1781; x_wconf 85' lang='lat' dir='ltr'><strong>nunquam</strong></span> <span class='ocrx_word' id='word_1_109' title='bbox 1043 1715 1274 1770; x_wconf 84' lang='lat' dir='ltr'><strong>alterius</strong></span> <span class='ocrx_word' id='word_1_110' title='bbox 1299 1719 1757 1772; x_wconf 86' lang='lat' dir='ltr'><strong>consuetudinem</strong></span> <span class='ocrx_word' id='word_1_111' title='bbox 1779 1718 2132 1782; x_wconf 74' lang='lat' dir='ltr'><strong>desiderabit,</strong></span> <span class='ocrx_word' id='word_1_112' title='bbox 2158 1719 2304 1787; x_wconf 84' lang='lat' dir='ltr'><strong>ejus-</strong></span> 
     </span>
    </p>
   </div>
   <div class='ocr_carea' id='block_1_20' title="bbox 728 1805 2304 1884">
    <p class='ocr_par' dir='ltr' id='par_1_20' title="bbox 728 1805 2304 1884">
     <span class='ocr_line' id='line_1_20' title="bbox 728 1805 2304 1884; baseline 0.005 -28"><span class='ocrx_word' id='word_1_113' title='bbox 728 1819 834 1873; x_wconf 90' lang='lat' dir='ltr'><strong>que</strong></span> <span class='ocrx_word' id='word_1_114' title='bbox 871 1805 1170 1870; x_wconf 59' lang='lat' dir='ltr'><strong>memoriae,</strong></span> <span class='ocrx_word' id='word_1_115' title='bbox 1207 1815 1262 1861; x_wconf 93' lang='lat' dir='ltr'><strong>et</strong></span> <span class='ocrx_word' id='word_1_116' title='bbox 1294 1808 1548 1862; x_wconf 85' lang='lat' dir='ltr'><strong>charitati</strong></span> <span class='ocrx_word' id='word_1_117' title='bbox 1589 1809 1727 1863; x_wconf 88' lang='lat' dir='ltr'><strong>nihil</strong></span> <span class='ocrx_word' id='word_1_118' title='bbox 1773 1825 1958 1884; x_wconf 78' lang='lat' dir='ltr'><strong>rerum</strong></span> <span class='ocrx_word' id='word_1_119' title='bbox 1997 1811 2304 1882; x_wconf 78' lang='lat' dir='ltr'><strong>mundana-</strong></span> 
     </span>
    </p>
   </div>
   <div class='ocr_carea' id='block_1_21' title="bbox 732 1898 2300 1965">
    <p class='ocr_par' dir='ltr' id='par_1_21' title="bbox 732 1898 2300 1965">
     <span class='ocr_line' id='line_1_21' title="bbox 732 1898 2300 1965; baseline 0.006 -20"><span class='ocrx_word' id='word_1_120' title='bbox 732 1908 852 1947; x_wconf 85' lang='lat' dir='ltr'><strong>rum</strong></span> <span class='ocrx_word' id='word_1_121' title='bbox 881 1905 1198 1965; x_wconf 85' lang='lat' dir='ltr'><strong>anteponet.</strong></span> <span class='ocrx_word' id='word_1_122' title='bbox 1229 1898 1369 1962; x_wconf 81' lang='lat' dir='ltr'><strong>Quid</strong></span> <span class='ocrx_word' id='word_1_123' title='bbox 1398 1899 1567 1964; x_wconf 89' lang='lat' dir='ltr'><strong>enim,</strong></span> <span class='ocrx_word' id='word_1_124' title='bbox 1602 1898 1850 1965; x_wconf 88' lang='lat' dir='ltr'><strong>obsecro,</strong></span> <span class='ocrx_word' id='word_1_125' title='bbox 1888 1910 1999 1955; x_wconf 92' lang='lat' dir='ltr'><strong>tum</strong></span> <span class='ocrx_word' id='word_1_126' title='bbox 2029 1901 2082 1954; x_wconf 89' lang='lat' dir='ltr'><strong>in</strong></span> <span class='ocrx_word' id='word_1_127' title='bbox 2121 1902 2300 1955; x_wconf 82' lang='lat' dir='ltr'><strong>futura</strong></span> 
     </span>
    </p>
   </div>
   <div class='ocr_carea' id='block_1_22' title="bbox 731 1987 2306 2056">
    <p class='ocr_par' dir='ltr' id='par_1_22' title="bbox 731 1987 2306 2056">
     <span class='ocr_line' id='line_1_22' title="bbox 731 1987 2306 2056; baseline 0.007 -21"><span class='ocrx_word' id='word_1_128' title='bbox 731 1988 842 2040; x_wconf 86' lang='lat' dir='ltr'><strong>vita</strong></span> <span class='ocrx_word' id='word_1_129' title='bbox 876 1987 1091 2050; x_wconf 88' lang='lat' dir='ltr'><strong>melius,</strong></span> <span class='ocrx_word' id='word_1_130' title='bbox 1145 2003 1468 2056; x_wconf 89' lang='lat' dir='ltr'><strong>quamcum</strong></span> <span class='ocrx_word' id='word_1_131' title='bbox 1522 1990 1744 2045; x_wconf 86' lang='lat' dir='ltr'><strong>Christo</strong></span> <span class='ocrx_word' id='word_1_132' title='bbox 1799 2007 1920 2046; x_wconf 87' lang='lat' dir='ltr'><strong>esse</strong></span> <span class='ocrx_word' id='word_1_133' title='bbox 1979 1995 2125 2047; x_wconf 86' lang='lat' dir='ltr'><strong>omni</strong></span> <span class='ocrx_word' id='word_1_134' title='bbox 2175 2007 2306 2046; x_wconf 84' lang='lat' dir='ltr'><strong>tem-</strong></span> 
     </span>
    </p>
   </div>
   <div class='ocr_carea' id='block_1_23' title="bbox 735 2077 2304 2153">
    <p class='ocr_par' dir='ltr' id='par_1_23' title="bbox 735 2077 2304 2153">
     <span class='ocr_line' id='line_1_23' title="bbox 735 2077 2304 2153; baseline 0.004 -22"><span class='ocrx_word' id='word_1_135' title='bbox 735 2077 906 2144; x_wconf 87' lang='lat' dir='ltr'><strong>pore?</strong></span> <span class='ocrx_word' id='word_1_136' title='bbox 942 2078 1073 2146; x_wconf 91' lang='lat' dir='ltr'><strong>quid</strong></span> <span class='ocrx_word' id='word_1_137' title='bbox 1128 2094 1256 2134; x_wconf 87' lang='lat' dir='ltr'><strong>vero</strong></span> <span class='ocrx_word' id='word_1_138' title='bbox 1287 2081 1410 2150; x_wconf 85' lang='lat' dir='ltr'><strong>ejus</strong></span> <span class='ocrx_word' id='word_1_139' title='bbox 1447 2090 1670 2150; x_wconf 87' lang='lat' dir='ltr'><strong>aspectu</strong></span> <span class='ocrx_word' id='word_1_140' title='bbox 1708 2093 1803 2137; x_wconf 90' lang='lat' dir='ltr'><strong>aut</strong></span> <span class='ocrx_word' id='word_1_141' title='bbox 1841 2086 2170 2153; x_wconf 63' lang='lat' dir='ltr'><strong>spaciosius,</strong></span> <span class='ocrx_word' id='word_1_142' title='bbox 2211 2096 2304 2138; x_wconf 85' lang='lat' dir='ltr'><strong>aut</strong></span> 
     </span>
    </p>
   </div>
   <div class='ocr_carea' id='block_1_24' title="bbox 733 2167 2306 2245">
    <p class='ocr_par' dir='ltr' id='par_1_24' title="bbox 733 2167 2306 2245">
     <span class='ocr_line' id='line_1_24' title="bbox 733 2167 2306 2245; baseline 0.008 -25"><span class='ocrx_word' id='word_1_143' title='bbox 733 2167 1004 2222; x_wconf 67' lang='lat' dir='ltr'><strong>dulcius?</strong></span> <span class='ocrx_word' id='word_1_144' title='bbox 1062 2168 1180 2223; x_wconf 83' lang='lat' dir='ltr'><strong>.Iam</strong></span> <span class='ocrx_word' id='word_1_145' title='bbox 1249 2171 1295 2224; x_wconf 84' lang='lat' dir='ltr'><strong>si</strong></span> <span class='ocrx_word' id='word_1_146' title='bbox 1354 2172 1523 2225; x_wconf 90' lang='lat' dir='ltr'><strong>etiam</strong></span> <span class='ocrx_word' id='word_1_147' title='bbox 1576 2173 1852 2242; x_wconf 87' lang='lat' dir='ltr'><strong>colloquio</strong></span> <span class='ocrx_word' id='word_1_148' title='bbox 1907 2176 2050 2230; x_wconf 90' lang='lat' dir='ltr'><strong>illius</strong></span> <span class='ocrx_word' id='word_1_149' title='bbox 2109 2179 2306 2245; x_wconf 66' lang='lat' dir='ltr'><strong>dignus</strong></span> 
     </span>
    </p>
   </div>
   <div class='ocr_carea' id='block_1_25' title="bbox 733 2265 2305 2327">
    <p class='ocr_par' dir='ltr' id='par_1_25' title="bbox 733 2265 2305 2327">
     <span class='ocr_line' id='line_1_25' title="bbox 733 2265 2305 2327; baseline 0.006 -17"><span class='ocrx_word' id='word_1_150' title='bbox 733 2269 1062 2324; x_wconf 86' lang='lat' dir='ltr'><strong>censeatur,</strong></span> <span class='ocrx_word' id='word_1_151' title='bbox 1117 2275 1340 2327; x_wconf 82' lang='lat' dir='ltr'><strong>prorsus</strong></span> <span class='ocrx_word' id='word_1_152' title='bbox 1389 2277 1454 2314; x_wconf 81' lang='lat' dir='ltr'><strong>ex</strong></span> <span class='ocrx_word' id='word_1_153' title='bbox 1507 2279 1573 2317; x_wconf 89' lang='lat' dir='ltr'><strong>eo</strong></span> <span class='ocrx_word' id='word_1_154' title='bbox 1629 2265 1794 2318; x_wconf 89' lang='lat' dir='ltr'><strong>vitam</strong></span> <span class='ocrx_word' id='word_1_155' title='bbox 1848 2275 2108 2320; x_wconf 62' lang='lat' dir='ltr'><strong>aeternam</strong></span> <span class='ocrx_word' id='word_1_156' title='bbox 2169 2270 2305 2320; x_wconf 82' lang='lat' dir='ltr'><strong>hau-</strong></span> 
     </span>
    </p>
   </div>
   <div class='ocr_carea' id='block_1_26' title="bbox 802 2437 2304 2514">
    <p class='ocr_par' dir='ltr' id='par_1_26' title="bbox 802 2437 2304 2514">
     <span class='ocr_line' id='line_1_26' title="bbox 802 2437 2304 2514; baseline 0.009 -24"><span class='ocrx_word' id='word_1_157' title='bbox 802 2437 894 2491; x_wconf 75' lang='lat'><strong>20.</strong></span> <span class='ocrx_word' id='word_1_158' title='bbox 931 2439 1034 2504; x_wconf 86' lang='lat' dir='ltr'><strong>Qui</strong></span> <span class='ocrx_word' id='word_1_159' title='bbox 1087 2455 1210 2495; x_wconf 92' lang='lat' dir='ltr'><strong>cum</strong></span> <span class='ocrx_word' id='word_1_160' title='bbox 1248 2457 1411 2495; x_wconf 83' lang='lat' dir='ltr'><strong>sensu</strong></span> <span class='ocrx_word' id='word_1_161' title='bbox 1469 2444 1704 2513; x_wconf 88' lang='lat' dir='ltr'><strong>quodam</strong></span> <span class='ocrx_word' id='word_1_162' title='bbox 1753 2445 2128 2502; x_wconf 84' lang='lat' dir='ltr'><strong>eonviciantes</strong></span> <span class='ocrx_word' id='word_1_163' title='bbox 2180 2451 2304 2514; x_wconf 86' lang='lat' dir='ltr'><strong>sibi,</strong></span> 
     </span>
    </p>
   </div>
   <div class='ocr_carea' id='block_1_27' title="bbox 737 2530 2308 2608">
    <p class='ocr_par' dir='ltr' id='par_1_27' title="bbox 737 2530 2308 2608">
     <span class='ocr_line' id='line_1_27' title="bbox 737 2530 2308 2608; baseline 0.008 -26"><span class='ocrx_word' id='word_1_164' title='bbox 737 2539 831 2583; x_wconf 86' lang='lat' dir='ltr'><strong>aut</strong></span> <span class='ocrx_word' id='word_1_165' title='bbox 884 2530 1139 2598; x_wconf 79' lang='lat' dir='ltr'><strong>injurias,</strong></span> <span class='ocrx_word' id='word_1_166' title='bbox 1177 2542 1270 2585; x_wconf 90' lang='lat' dir='ltr'><strong>aut</strong></span> <span class='ocrx_word' id='word_1_167' title='bbox 1300 2549 1494 2589; x_wconf 90' lang='lat' dir='ltr'><strong>osores</strong></span> <span class='ocrx_word' id='word_1_168' title='bbox 1533 2553 1680 2602; x_wconf 85' lang='lat' dir='ltr'><strong>suos,</strong></span> <span class='ocrx_word' id='word_1_169' title='bbox 1715 2546 1770 2589; x_wconf 85' lang='lat' dir='ltr'><strong>et</strong></span> <span class='ocrx_word' id='word_1_170' title='bbox 1809 2541 2140 2608; x_wconf 88' lang='lat' dir='ltr'><strong>spoliatores</strong></span> <span class='ocrx_word' id='word_1_171' title='bbox 2185 2542 2308 2594; x_wconf 90' lang='lat' dir='ltr'><strong>dili-</strong></span> 
     </span>
    </p>
   </div>
   <div class='ocr_carea' id='block_1_28' title="bbox 735 2621 2309 2696">
    <p class='ocr_par' dir='ltr' id='par_1_28' title="bbox 735 2621 2309 2696">
     <span class='ocr_line' id='line_1_28' title="bbox 735 2621 2309 2696; baseline 0.01 -23"><span class='ocrx_word' id='word_1_172' title='bbox 735 2621 837 2690; x_wconf 72' lang='lat' dir='ltr'><strong>git,</strong></span> <span class='ocrx_word' id='word_1_173' title='bbox 866 2631 916 2675; x_wconf 87' lang='lat' dir='ltr'><strong>et</strong></span> <span class='ocrx_word' id='word_1_174' title='bbox 944 2637 1040 2690; x_wconf 91' lang='lat' dir='ltr'><strong>pro</strong></span> <span class='ocrx_word' id='word_1_175' title='bbox 1072 2639 1263 2677; x_wconf 89' lang='lat' dir='ltr'><strong>eorum</strong></span> <span class='ocrx_word' id='word_1_176' title='bbox 1294 2628 1470 2678; x_wconf 80' lang='lat' dir='ltr'><strong>salute</strong></span> <span class='ocrx_word' id='word_1_177' title='bbox 1504 2641 1696 2696; x_wconf 87' lang='lat' dir='ltr'><strong>preces</strong></span> <span class='ocrx_word' id='word_1_178' title='bbox 1738 2628 1844 2681; x_wconf 86' lang='lat' dir='ltr'><strong>Deo</strong></span> <span class='ocrx_word' id='word_1_179' title='bbox 1877 2631 2119 2692; x_wconf 68' lang='lat' dir='ltr'><strong>adhibet.</strong></span> <span class='ocrx_word' id='word_1_180' title='bbox 2157 2633 2309 2688; x_wconf 84' lang='lat' dir='ltr'><strong>brevi</strong></span> 
     </span>
    </p>
   </div>
   <div class='ocr_carea' id='block_1_29' title="bbox 735 2715 2311 2793">
    <p class='ocr_par' dir='ltr' id='par_1_29' title="bbox 735 2715 2311 2793">
     <span class='ocr_line' id='line_1_29' title="bbox 735 2715 2311 2793; baseline 0.008 -27"><span class='ocrx_word' id='word_1_181' title='bbox 735 2729 848 2766; x_wconf 84' lang='lat' dir='ltr'><strong>non</strong></span> <span class='ocrx_word' id='word_1_182' title='bbox 877 2715 1209 2768; x_wconf 83' lang='lat' dir='ltr'><strong>mediocrem</strong></span> <span class='ocrx_word' id='word_1_183' title='bbox 1249 2718 1692 2790; x_wconf 77' lang='lat' dir='ltr'><strong>progressionem</strong></span> <span class='ocrx_word' id='word_1_184' title='bbox 1725 2719 1906 2772; x_wconf 81' lang='lat' dir='ltr'><strong>eﬂicit.</strong></span> <span class='ocrx_word' id='word_1_185' title='bbox 1956 2721 2068 2775; x_wconf 89' lang='lat' dir='ltr'><strong>lloc</strong></span> <span class='ocrx_word' id='word_1_186' title='bbox 2109 2725 2311 2793; x_wconf 90' lang='lat' dir='ltr'><strong>quippe</strong></span> 
     </span>
    </p>
   </div>
   <div class='ocr_carea' id='block_1_30' title="bbox 733 2802 2311 2879">
    <p class='ocr_par' dir='ltr' id='par_1_30' title="bbox 733 2802 2311 2879">
     <span class='ocr_line' id='line_1_30' title="bbox 733 2802 2311 2879; baseline 0.007 -24"><span class='ocrx_word' id='word_1_187' title='bbox 733 2819 862 2855; x_wconf 79' lang='lat' dir='ltr'><strong>cum</strong></span> <span class='ocrx_word' id='word_1_188' title='bbox 899 2817 1063 2855; x_wconf 89' lang='lat' dir='ltr'><strong>sensu</strong></span> <span class='ocrx_word' id='word_1_189' title='bbox 1097 2803 1282 2856; x_wconf 79' lang='lat' dir='ltr'><strong>cordis</strong></span> <span class='ocrx_word' id='word_1_190' title='bbox 1323 2802 1550 2868; x_wconf 85' lang='lat' dir='ltr'><strong>factum,</strong></span> <span class='ocrx_word' id='word_1_191' title='bbox 1596 2806 1836 2860; x_wconf 87' lang='lat' dir='ltr'><strong>animttnt</strong></span> <span class='ocrx_word' id='word_1_192' title='bbox 1876 2810 1927 2860; x_wconf 84' lang='lat' dir='ltr'><strong>iit</strong></span> <span class='ocrx_word' id='word_1_193' title='bbox 1980 2812 2311 2879; x_wconf 86' lang='lat' dir='ltr'><strong>profundum</strong></span> 
     </span>
    </p>
   </div>
   <div class='ocr_carea' id='block_1_31' title="bbox 739 2893 2312 2972">
    <p class='ocr_par' dir='ltr' id='par_1_31' title="bbox 739 2893 2312 2972">
     <span class='ocr_line' id='line_1_31' title="bbox 739 2893 2312 2972; baseline 0.009 -27"><span class='ocrx_word' id='word_1_194' title='bbox 739 2893 1102 2958; x_wconf 81' lang='lat' dir='ltr'><strong>humilitatis;</strong></span> <span class='ocrx_word' id='word_1_195' title='bbox 1157 2895 1295 2948; x_wconf 86' lang='lat' dir='ltr'><strong>etin</strong></span> <span class='ocrx_word' id='word_1_196' title='bbox 1346 2893 1524 2950; x_wconf 84' lang='lat' dir='ltr'><strong>fontes</strong></span> <span class='ocrx_word' id='word_1_197' title='bbox 1576 2897 1936 2970; x_wconf 79' lang='lat' dir='ltr'><strong>lacrymarum</strong></span> <span class='ocrx_word' id='word_1_198' title='bbox 2006 2904 2173 2972; x_wconf 76' lang='lat' dir='ltr'><strong>adigit</strong></span> <span class='ocrx_word' id='word_1_199' title='bbox 2209 2921 2223 2956; x_wconf 87' lang='lat'><strong>:</strong></span> <span class='ocrx_word' id='word_1_200' title='bbox 2259 2905 2312 2959; x_wconf 92' lang='lat' dir='ltr'><strong>in</strong></span> 
     </span>
    </p>
   </div>
   <div class='ocr_carea' id='block_1_32' title="bbox 738 2984 2313 3060">
    <p class='ocr_par' dir='ltr' id='par_1_32' title="bbox 738 2984 2313 3060">
     <span class='ocr_line' id='line_1_32' title="bbox 738 2984 2313 3060; baseline 0.009 -24"><span class='ocrx_word' id='word_1_201' title='bbox 738 2984 940 3053; x_wconf 86' lang='lat' dir='ltr'><strong>quibus</strong></span> <span class='ocrx_word' id='word_1_202' title='bbox 971 2985 1350 3056; x_wconf 75' lang='lat' dir='ltr'><strong>sulnnergitur</strong></span> <span class='ocrx_word' id='word_1_203' title='bbox 1394 2989 1616 3056; x_wconf 91' lang='lat' dir='ltr'><strong>quidem</strong></span> <span class='ocrx_word' id='word_1_204' title='bbox 1666 2991 1934 3060; x_wconf 76' lang='lat' dir='ltr'><strong>tripartite</strong></span> <span class='ocrx_word' id='word_1_205' title='bbox 1983 2995 2180 3048; x_wconf 69' lang='lat' dir='ltr'><strong>anima:</strong></span> <span class='ocrx_word' id='word_1_206' title='bbox 2210 2996 2313 3060; x_wconf 83' lang='lat' dir='ltr'><strong>vis,</strong></span> 
     </span>
    </p>
   </div>
   <div class='ocr_carea' id='block_1_33' title="bbox 2331 1777 2378 1831">
    <p class='ocr_par' dir='ltr' id='par_1_33' title="bbox 2331 1777 2378 1831">
     <span class='ocr_line' id='line_1_33' title="bbox 2331 1777 2378 1831; baseline 0 0"><span class='ocrx_word' id='word_1_207' title='bbox 2331 1777 2378 1831; x_wconf 83' lang='grc' dir='ltr'><strong>Β</strong></span> 
     </span>
    </p>
   </div>
   <div class='ocr_carea' id='block_1_34' title="bbox 2389 517 3962 590">
    <p class='ocr_par' dir='ltr' id='par_1_34' title="bbox 2389 517 3962 590">
     <span class='ocr_line' id='line_1_34' title="bbox 2389 517 3962 590; baseline -0.01 -9"><span class='ocrx_word' id='word_1_208' title='bbox 2389 531 2480 582; x_wconf 63' lang='grc' dir='ltr'><strong>καὶ</strong></span> <span class='ocrx_word' id='word_1_209' title='bbox 2511 526 2794 580; x_wconf 75' lang='grc' dir='ltr'>ἀνόθευτον</span> <span class='ocrx_word' id='word_1_210' title='bbox 2825 524 3004 577; x_wconf 80' lang='grc' dir='ltr'>πίστιν</span> <span class='ocrx_word' id='word_1_211' title='bbox 3035 520 3398 590; x_wconf 63' lang='grc' dir='ltr'>κτησάμενος,</span> <span class='ocrx_word' id='word_1_212' title='bbox 3425 519 3678 587; x_wconf 76' lang='grc' dir='ltr'>μάρτυρα</span> <span class='ocrx_word' id='word_1_213' title='bbox 3703 518 3800 584; x_wconf 74' lang='grc' dir='ltr'>τῆς</span> <span class='ocrx_word' id='word_1_214' title='bbox 3826 517 3926 583; x_wconf 54' lang='lat' dir='ltr'><strong>ita</strong></span> <span class='ocrx_word' id='word_1_215' title='bbox 3945 545 3962 553; x_wconf 87' lang='lat'><strong>-</strong></span> 
     </span>
    </p>
   </div>
   <div class='ocr_carea' id='block_1_35' title="bbox 2386 607 3967 684">
    <p class='ocr_par' dir='ltr' id='par_1_35' title="bbox 2386 607 3967 684">
     <span class='ocr_line' id='line_1_35' title="bbox 2386 607 3967 684; baseline -0.009 -11"><span class='ocrx_word' id='word_1_216' title='bbox 2386 621 2536 682; x_wconf 86' lang='grc' dir='ltr'>θείας</span> <span class='ocrx_word' id='word_1_217' title='bbox 2561 620 2652 671; x_wconf 69' lang='grc' dir='ltr'><strong>τὸν</strong></span> <span class='ocrx_word' id='word_1_218' title='bbox 2687 617 2818 669; x_wconf 75' lang='grc' dir='ltr'>Θεὸν</span> <span class='ocrx_word' id='word_1_219' title='bbox 2842 613 3273 684; x_wconf 72' lang='grc' dir='ltr'>προϐαλλόμενος</span> <span class='ocrx_word' id='word_1_220' title='bbox 3306 607 3487 662; x_wconf 55' lang='grc' dir='ltr'>εἶπεν</span> <span class='ocrx_word' id='word_1_221' title='bbox 3524 609 3759 680; x_wconf 80' lang='grc' dir='ltr'>Ἐθέμην</span> <span class='ocrx_word' id='word_1_222' title='bbox 3791 609 3967 660; x_wconf 82' lang='grc' dir='ltr'>τοιοῦ-</span> 
     </span>
    </p>
   </div>
   <div class='ocr_carea' id='block_1_36' title="bbox 2388 702 3960 780">
    <p class='ocr_par' dir='ltr' id='par_1_36' title="bbox 2388 702 3960 780">
     <span class='ocr_line' id='line_1_36' title="bbox 2388 702 3960 780; baseline -0.011 -14"><span class='ocrx_word' id='word_1_223' title='bbox 2388 732 2478 766; x_wconf 80' lang='grc' dir='ltr'><strong>τον</strong></span> <span class='ocrx_word' id='word_1_224' title='bbox 2499 714 2556 764; x_wconf 79' lang='grc' dir='ltr'>ὲν</span> <span class='ocrx_word' id='word_1_225' title='bbox 2582 708 2803 780; x_wconf 79' lang='grc' dir='ltr'>ἐμαυτῷ</span> <span class='ocrx_word' id='word_1_226' title='bbox 2831 707 3110 773; x_wconf 75' lang='grc' dir='ltr'>λογισμὸν,</span> <span class='ocrx_word' id='word_1_227' title='bbox 3128 706 3202 766; x_wconf 81' lang='grc' dir='ltr'>ὡς</span> <span class='ocrx_word' id='word_1_228' title='bbox 3234 704 3368 773; x_wconf 81' lang='grc' dir='ltr'>μήτε</span> <span class='ocrx_word' id='word_1_229' title='bbox 3389 705 3601 770; x_wconf 81' lang='grc' dir='ltr'><strong>φαγεῖν,</strong></span> <span class='ocrx_word' id='word_1_230' title='bbox 3635 702 3772 770; x_wconf 85' lang='grc' dir='ltr'>μήτε</span> <span class='ocrx_word' id='word_1_231' title='bbox 3815 705 3960 751; x_wconf 83' lang='grc' dir='ltr'>πιεῖν</span> 
     </span>
    </p>
   </div>
   <div class='ocr_carea' id='block_1_37' title="bbox 2389 792 3968 871">
    <p class='ocr_par' dir='ltr' id='par_1_37' title="bbox 2389 792 3968 871">
     <span class='ocr_line' id='line_1_37' title="bbox 2389 792 3968 871; baseline -0.008 -16"><span class='ocrx_word' id='word_1_232' title='bbox 2389 801 2711 871; x_wconf 79' lang='grc' dir='ltr'>αἰτήσασθαί</span> <span class='ocrx_word' id='word_1_233' title='bbox 2743 816 2872 852; x_wconf 82' lang='grc' dir='ltr'>ποτε</span> <span class='ocrx_word' id='word_1_234' title='bbox 2907 797 2983 866; x_wconf 85' lang='grc' dir='ltr'>τῷ</span> <span class='ocrx_word' id='word_1_235' title='bbox 3006 796 3176 866; x_wconf 83' lang='grc' dir='ltr'>Πατρί</span> <span class='ocrx_word' id='word_1_236' title='bbox 3203 812 3324 863; x_wconf 83' lang='grc' dir='ltr'>μου,</span> <span class='ocrx_word' id='word_1_237' title='bbox 3353 793 3384 862; x_wconf 82' lang='grc' dir='ltr'><strong>ἦ</strong></span> <span class='ocrx_word' id='word_1_238' title='bbox 3417 793 3590 860; x_wconf 76' lang='grc' dir='ltr'>πάρεξ</span> <span class='ocrx_word' id='word_1_239' title='bbox 3619 792 3780 844; x_wconf 83' lang='grc' dir='ltr'>αὑτοῦ</span> <span class='ocrx_word' id='word_1_240' title='bbox 3807 808 3968 858; x_wconf 79' lang='grc' dir='ltr'>μετα-</span> 
     </span>
    </p>
   </div>
   <div class='ocr_carea' id='block_1_38' title="bbox 2389 883 3966 954">
    <p class='ocr_par' dir='ltr' id='par_1_38' title="bbox 2389 883 3966 954">
     <span class='ocr_line' id='line_1_38' title="bbox 2389 883 3966 954; baseline -0.009 -8"><span class='ocrx_word' id='word_1_241' title='bbox 2389 893 2573 947; x_wconf 75' lang='grc' dir='ltr'>λαϐεῖν</span> <span class='ocrx_word' id='word_1_242' title='bbox 2601 908 2743 954; x_wconf 87' lang='grc' dir='ltr'>τινος</span> <span class='ocrx_word' id='word_1_243' title='bbox 2770 892 2830 942; x_wconf 80' lang='grc' dir='ltr'><strong>τὸ</strong></span> <span class='ocrx_word' id='word_1_244' title='bbox 2857 888 3109 952; x_wconf 80' lang='grc' dir='ltr'>καθόλου,</span> <span class='ocrx_word' id='word_1_245' title='bbox 3151 887 3254 948; x_wconf 71' lang='grc' dir='ltr'><strong>ἕως</strong></span> <span class='ocrx_word' id='word_1_246' title='bbox 3289 885 3354 936; x_wconf 85' lang='grc' dir='ltr'>ἂν</span> <span class='ocrx_word' id='word_1_247' title='bbox 3380 888 3406 938; x_wconf 82' lang='grc' dir='ltr'><strong>ό</strong></span> <span class='ocrx_word' id='word_1_248' title='bbox 3441 884 3572 945; x_wconf 77' lang='grc' dir='ltr'>Θεὸς</span> <span class='ocrx_word' id='word_1_249' title='bbox 3612 883 3966 952; x_wconf 61' lang='grc' dir='ltr'>πληροφορή-</span> 
     </span>
    </p>
   </div>
   <div class='ocr_carea' id='block_1_39' title="bbox 2393 973 3966 1058">
    <p class='ocr_par' dir='ltr' id='par_1_39' title="bbox 2393 973 3966 1058">
     <span class='ocr_line' id='line_1_39' title="bbox 2393 973 3966 1058; baseline -0.008 -20"><span class='ocrx_word' id='word_1_250' title='bbox 2393 1001 2462 1058; x_wconf 83' lang='grc' dir='ltr'>σῃ</span> <span class='ocrx_word' id='word_1_251' title='bbox 2494 984 2656 1038; x_wconf 70' lang='grc' dir='ltr'>αὑτὸν</span> <span class='ocrx_word' id='word_1_252' title='bbox 2686 985 2778 1036; x_wconf 74' lang='grc' dir='ltr'>καὶ</span> <span class='ocrx_word' id='word_1_253' title='bbox 2803 981 3084 1053; x_wconf 80' lang='grc' dir='ltr'><strong>προστάξῃ</strong></span> <span class='ocrx_word' id='word_1_254' title='bbox 3127 996 3238 1049; x_wconf 89' lang='grc' dir='ltr'>μοι.</span> <span class='ocrx_word' id='word_1_255' title='bbox 3275 977 3382 1030; x_wconf 74' lang='grc' dir='ltr'>Καὶ</span> <span class='ocrx_word' id='word_1_256' title='bbox 3412 975 3585 1037; x_wconf 72' lang='grc' dir='ltr'>οὓτως</span> <span class='ocrx_word' id='word_1_257' title='bbox 3611 974 3770 1044; x_wconf 71' lang='grc' dir='ltr'>ἔχων,</span> <span class='ocrx_word' id='word_1_258' title='bbox 3813 973 3966 1027; x_wconf 73' lang='grc' dir='ltr'>οὐδὲ·</span> 
     </span>
    </p>
   </div>
   <div class='ocr_carea' id='block_1_40' title="bbox 2393 1068 3543 1145">
    <p class='ocr_par' dir='ltr' id='par_1_40' title="bbox 2393 1068 3543 1145">
     <span class='ocr_line' id='line_1_40' title="bbox 2393 1068 3543 1145; baseline -0.01 -15"><span class='ocrx_word' id='word_1_259' title='bbox 2393 1093 2542 1142; x_wconf 85' lang='grc' dir='ltr'>ποτε,</span> <span class='ocrx_word' id='word_1_260' title='bbox 2575 1079 2730 1145; x_wconf 70' lang='grc' dir='ltr'>φησι,</span> <span class='ocrx_word' id='word_1_261' title='bbox 2761 1075 2854 1128; x_wconf 85' lang='grc' dir='ltr'><strong>τοῦ</strong></span> <span class='ocrx_word' id='word_1_262' title='bbox 2889 1071 3093 1126; x_wconf 81' lang='grc' dir='ltr'>σκοποῦ</span> <span class='ocrx_word' id='word_1_263' title='bbox 3125 1087 3227 1138; x_wconf 90' lang='grc' dir='ltr'><strong>μου</strong></span> <span class='ocrx_word' id='word_1_264' title='bbox 3251 1068 3543 1137; x_wconf 66' lang='grc' dir='ltr'>ἀττέτυχον.</span> 
     </span>
    </p>
   </div>
   <div class='ocr_carea' id='block_1_41' title="bbox 2481 1258 3984 1332">
    <p class='ocr_par' dir='ltr' id='par_1_41' title="bbox 2481 1258 3984 1332">
     <span class='ocr_line' id='line_1_41' title="bbox 2481 1258 3984 1332; baseline 0.004 -22"><span class='ocrx_word' id='word_1_265' title='bbox 2481 1258 2565 1311; x_wconf 74' lang='grc' dir='ltr'>ιϐ’.</span> <span class='ocrx_word' id='word_1_266' title='bbox 2637 1265 2677 1311; x_wconf 87' lang='lat' dir='ltr'><strong>U</strong></span> <span class='ocrx_word' id='word_1_267' title='bbox 2728 1259 2907 1312; x_wconf 81' lang='grc' dir='ltr'>πίστιν</span> <span class='ocrx_word' id='word_1_268' title='bbox 2963 1261 3304 1330; x_wconf 79' lang='grc' dir='ltr'>κτησάμενος</span> <span class='ocrx_word' id='word_1_269' title='bbox 3332 1261 3535 1331; x_wconf 74' lang='grc' dir='ltr'>ἐναργῆ</span> <span class='ocrx_word' id='word_1_270' title='bbox 3567 1262 3701 1332; x_wconf 81' lang='grc' dir='ltr'>πρὸς</span> <span class='ocrx_word' id='word_1_271' title='bbox 3732 1261 3820 1314; x_wconf 85' lang='grc' dir='ltr'><strong>τδν</strong></span> <span class='ocrx_word' id='word_1_272' title='bbox 3849 1264 3984 1316; x_wconf 63' lang='grc' dir='ltr'>κατὰ</span> 
     </span>
    </p>
   </div>
   <div class='ocr_carea' id='block_1_42' title="bbox 2409 1346 3984 1419">
    <p class='ocr_par' dir='ltr' id='par_1_42' title="bbox 2409 1346 3984 1419">
     <span class='ocr_line' id='line_1_42' title="bbox 2409 1346 3984 1419; baseline 0.004 -21"><span class='ocrx_word' id='word_1_273' title='bbox 2409 1346 2538 1399; x_wconf 72' lang='grc' dir='ltr'>Θεὸν</span> <span class='ocrx_word' id='word_1_274' title='bbox 2587 1347 2801 1417; x_wconf 82' lang='grc' dir='ltr'>πατέρα</span> <span class='ocrx_word' id='word_1_275' title='bbox 2847 1349 3034 1408; x_wconf 82' lang='grc' dir='ltr'>αὑτοῦ.</span> <span class='ocrx_word' id='word_1_276' title='bbox 3096 1348 3308 1418; x_wconf 80' lang='grc' dir='ltr'><strong>βλέπων</strong></span> <span class='ocrx_word' id='word_1_277' title='bbox 3339 1349 3521 1414; x_wconf 74' lang='grc' dir='ltr'>αὑτὸν,</span> <span class='ocrx_word' id='word_1_278' title='bbox 3558 1350 3774 1419; x_wconf 75' lang='grc' dir='ltr'>βλέπειν</span> <span class='ocrx_word' id='word_1_279' title='bbox 3826 1352 3984 1405; x_wconf 79' lang='grc' dir='ltr'>αὐτὸν</span> 
     </span>
    </p>
   </div>
   <div class='ocr_carea' id='block_1_43' title="bbox 2408 1437 3983 1512">
    <p class='ocr_par' dir='ltr' id='par_1_43' title="bbox 2408 1437 3983 1512">
     <span class='ocr_line' id='line_1_43' title="bbox 2408 1437 3983 1512; baseline 0.003 -22"><span class='ocrx_word' id='word_1_280' title='bbox 2408 1437 2492 1490; x_wconf 73' lang='grc' dir='ltr'>τὸν</span> <span class='ocrx_word' id='word_1_281' title='bbox 2551 1439 2784 1507; x_wconf 77' lang='grc' dir='ltr'>Χριστὸν</span> <span class='ocrx_word' id='word_1_282' title='bbox 2829 1439 3144 1508; x_wconf 73' lang='grc' dir='ltr'>λογίζεται·</span> <span class='ocrx_word' id='word_1_283' title='bbox 3199 1440 3294 1493; x_wconf 75' lang='grc' dir='ltr'>καὶ</span> <span class='ocrx_word' id='word_1_284' title='bbox 3347 1440 3541 1502; x_wconf 87' lang='grc' dir='ltr'>συνὼν,</span> <span class='ocrx_word' id='word_1_285' title='bbox 3593 1443 3625 1512; x_wconf 81' lang='grc' dir='ltr'>ἢ</span> <span class='ocrx_word' id='word_1_286' title='bbox 3676 1443 3983 1496; x_wconf 68' lang='grc' dir='ltr'>ἀκολουθῶν</span> 
     </span>
    </p>
   </div>
   <div class='ocr_carea' id='block_1_44' title="bbox 2410 1530 3976 1604">
    <p class='ocr_par' dir='ltr' id='par_1_44' title="bbox 2410 1530 3976 1604">
     <span class='ocr_line' id='line_1_44' title="bbox 2410 1530 3976 1604; baseline 0.004 -22"><span class='ocrx_word' id='word_1_287' title='bbox 2410 1530 2577 1598; x_wconf 67' lang='grc' dir='ltr'>αὒτῷ,</span> <span class='ocrx_word' id='word_1_288' title='bbox 2624 1531 2843 1602; x_wconf 82' lang='grc' dir='ltr'>Χριστῷ</span> <span class='ocrx_word' id='word_1_289' title='bbox 2874 1535 3114 1586; x_wconf 77' lang='grc' dir='ltr'>συνεῖναι</span> <span class='ocrx_word' id='word_1_290' title='bbox 3148 1531 3242 1585; x_wconf 69' lang='grc' dir='ltr'><strong>καὶ</strong></span> <span class='ocrx_word' id='word_1_291' title='bbox 3266 1532 3579 1586; x_wconf 72' lang='grc' dir='ltr'>ἀκολουθεῖν</span> <span class='ocrx_word' id='word_1_292' title='bbox 3609 1535 3841 1604; x_wconf 76' lang='grc' dir='ltr'>βεϐαίως</span> <span class='ocrx_word' id='word_1_293' title='bbox 3887 1553 3976 1588; x_wconf 82' lang='grc' dir='ltr'>πι-</span> 
     </span>
    </p>
   </div>
   <div class='ocr_carea' id='block_1_45' title="bbox 2409 1621 3978 1695">
    <p class='ocr_par' dir='ltr' id='par_1_45' title="bbox 2409 1621 3978 1695">
     <span class='ocr_line' id='line_1_45' title="bbox 2409 1621 3978 1695; baseline 0.003 -21"><span class='ocrx_word' id='word_1_294' title='bbox 2409 1621 2607 1674; x_wconf 83' lang='grc' dir='ltr'>στεύει,</span> <span class='ocrx_word' id='word_1_295' title='bbox 2649 1623 2705 1674; x_wconf 86' lang='lat'><strong>&#39;0</strong></span> <span class='ocrx_word' id='word_1_296' title='bbox 2730 1622 2973 1686; x_wconf 85' lang='grc' dir='ltr'>τοιοῦτος</span> <span class='ocrx_word' id='word_1_297' title='bbox 3016 1623 3116 1675; x_wconf 76' lang='grc' dir='ltr'>οὐκ</span> <span class='ocrx_word' id='word_1_298' title='bbox 3141 1622 3473 1693; x_wconf 77' lang='grc' dir='ltr'><strong>ἐπιθυμήσει</strong></span> <span class='ocrx_word' id='word_1_299' title='bbox 3500 1625 3671 1695; x_wconf 80' lang='grc' dir='ltr'>ἑτέρῳ</span> <span class='ocrx_word' id='word_1_300' title='bbox 3708 1627 3816 1678; x_wconf 86' lang='grc' dir='ltr'><strong>τινί</strong></span> <span class='ocrx_word' id='word_1_301' title='bbox 3856 1629 3978 1694; x_wconf 81' lang='grc' dir='ltr'>ὁμι-</span> 
     </span>
    </p>
   </div>
   <div class='ocr_carea' id='block_1_46' title="bbox 2408 1713 3983 1788">
    <p class='ocr_par' dir='ltr' id='par_1_46' title="bbox 2408 1713 3983 1788">
     <span class='ocr_line' id='line_1_46' title="bbox 2408 1713 3983 1788; baseline 0.003 -23"><span class='ocrx_word' id='word_1_302' title='bbox 2408 1713 2566 1784; x_wconf 80' lang='grc' dir='ltr'>λῆσαί</span> <span class='ocrx_word' id='word_1_303' title='bbox 2587 1731 2715 1767; x_wconf 87' lang='grc' dir='ltr'>ποτε</span> <span class='ocrx_word' id='word_1_304' title='bbox 2738 1731 2750 1746; x_wconf 75' lang='grc' dir='ltr'><strong>ο</strong></span> <span class='ocrx_word' id='word_1_305' title='bbox 2782 1716 2843 1766; x_wconf 78' lang='grc' dir='ltr'><strong>οὐ</strong></span> <span class='ocrx_word' id='word_1_306' title='bbox 2870 1717 3199 1785; x_wconf 82' lang='grc' dir='ltr'>προτιμήσει</span> <span class='ocrx_word' id='word_1_307' title='bbox 3225 1733 3277 1768; x_wconf 84' lang='grc' dir='ltr'><strong>τι</strong></span> <span class='ocrx_word' id='word_1_308' title='bbox 3302 1715 3409 1768; x_wconf 84' lang='grc' dir='ltr'><strong>τῶν</strong></span> <span class='ocrx_word' id='word_1_309' title='bbox 3436 1715 3531 1769; x_wconf 77' lang='grc' dir='ltr'><strong>τοῦ</strong></span> <span class='ocrx_word' id='word_1_310' title='bbox 3557 1717 3759 1786; x_wconf 84' lang='grc' dir='ltr'>κόσμου</span> <span class='ocrx_word' id='word_1_311' title='bbox 3837 1735 3983 1788; x_wconf 84' lang='grc' dir='ltr'>πρα-</span> 
     </span>
    </p>
   </div>
   <div class='ocr_carea' id='block_1_47' title="bbox 2408 1807 3979 1879">
    <p class='ocr_par' dir='ltr' id='par_1_47' title="bbox 2408 1807 3979 1879">
     <span class='ocr_line' id='line_1_47' title="bbox 2408 1807 3979 1879; baseline 0.002 -19"><span class='ocrx_word' id='word_1_312' title='bbox 2408 1807 2636 1876; x_wconf 83' lang='grc' dir='ltr'>γμάτων</span> <span class='ocrx_word' id='word_1_313' title='bbox 2671 1807 2810 1876; x_wconf 81' lang='grc' dir='ltr'>ὑπὲρ</span> <span class='ocrx_word' id='word_1_314' title='bbox 2859 1808 2959 1874; x_wconf 72' lang='grc' dir='ltr'><strong>τὴν</strong></span> <span class='ocrx_word' id='word_1_315' title='bbox 2985 1807 3194 1860; x_wconf 78' lang='grc' dir='ltr'>ἐκείνου</span> <span class='ocrx_word' id='word_1_316' title='bbox 3233 1809 3442 1877; x_wconf 73' lang='grc' dir='ltr'>μνήνην</span> <span class='ocrx_word' id='word_1_317' title='bbox 3468 1808 3600 1878; x_wconf 80' lang='grc' dir='ltr'>ὁμοῦ</span> <span class='ocrx_word' id='word_1_318' title='bbox 3630 1809 3721 1862; x_wconf 69' lang='grc' dir='ltr'><strong>καὶ</strong></span> <span class='ocrx_word' id='word_1_319' title='bbox 3743 1811 3979 1879; x_wconf 72' lang='grc' dir='ltr'>ἀγάπην.</span> 
     </span>
    </p>
   </div>
   <div class='ocr_carea' id='block_1_48' title="bbox 2409 1898 3979 1974">
    <p class='ocr_par' dir='ltr' id='par_1_48' title="bbox 2409 1898 3979 1974">
     <span class='ocr_line' id='line_1_48' title="bbox 2409 1898 3979 1974; baseline 0.001 -22"><span class='ocrx_word' id='word_1_320' title='bbox 2409 1901 2475 1952; x_wconf 85' lang='grc' dir='ltr'>Τί</span> <span class='ocrx_word' id='word_1_321' title='bbox 2507 1899 2614 1968; x_wconf 86' lang='grc' dir='ltr'>γὰρ</span> <span class='ocrx_word' id='word_1_322' title='bbox 2647 1899 2851 1968; x_wconf 77' lang='grc' dir='ltr'>μεῖζον,</span> <span class='ocrx_word' id='word_1_323' title='bbox 2886 1899 3035 1968; x_wconf 66' lang='grc' dir='ltr'>ἣκαὶ</span> <span class='ocrx_word' id='word_1_324' title='bbox 3063 1898 3488 1969; x_wconf 83' lang='grc' dir='ltr'>ὠφελιμώτερον</span> <span class='ocrx_word' id='word_1_325' title='bbox 3524 1902 3579 1952; x_wconf 84' lang='grc' dir='ltr'>ὲν</span> <span class='ocrx_word' id='word_1_326' title='bbox 3609 1903 3672 1970; x_wconf 83' lang='grc' dir='ltr'><strong>τῇ</strong></span> <span class='ocrx_word' id='word_1_327' title='bbox 3705 1900 3979 1974; x_wconf 82' lang='grc' dir='ltr'>παρούσῃ,</span> 
     </span>
    </p>
   </div>
   <div class='ocr_carea' id='block_1_49' title="bbox 2410 1989 3984 2062">
    <p class='ocr_par' dir='ltr' id='par_1_49' title="bbox 2410 1989 3984 2062">
     <span class='ocr_line' id='line_1_49' title="bbox 2410 1989 3984 2062; baseline 0.001 -19"><span class='ocrx_word' id='word_1_328' title='bbox 2410 1994 2503 2044; x_wconf 76' lang='grc' dir='ltr'><strong>καὶ</strong></span> <span class='ocrx_word' id='word_1_329' title='bbox 2538 1993 2597 2043; x_wconf 86' lang='grc' dir='ltr'>ὲν</span> <span class='ocrx_word' id='word_1_330' title='bbox 2629 1993 2694 2060; x_wconf 78' lang='grc' dir='ltr'>τῇ</span> <span class='ocrx_word' id='word_1_331' title='bbox 2731 1990 3002 2062; x_wconf 78' lang='grc' dir='ltr'>μελλούσῃ</span> <span class='ocrx_word' id='word_1_332' title='bbox 3039 1989 3176 2058; x_wconf 78' lang='grc' dir='ltr'>ζωῇ,</span> <span class='ocrx_word' id='word_1_333' title='bbox 3221 1990 3313 2042; x_wconf 91' lang='grc' dir='ltr'><strong>τοῦ</strong></span> <span class='ocrx_word' id='word_1_334' title='bbox 3353 1992 3590 2057; x_wconf 80' lang='grc' dir='ltr'>συνεῖναι</span> <span class='ocrx_word' id='word_1_335' title='bbox 3641 1990 3897 2059; x_wconf 80' lang='grc' dir='ltr'>Χριστῷ;</span> <span class='ocrx_word' id='word_1_336' title='bbox 3937 1991 3984 2044; x_wconf 77' lang='grc' dir='ltr'><strong>τί</strong></span> 
     </span>
    </p>
   </div>
   <div class='ocr_carea' id='block_1_50' title="bbox 2408 2079 3983 2150">
    <p class='ocr_par' dir='ltr' id='par_1_50' title="bbox 2408 2079 3983 2150">
     <span class='ocr_line' id='line_1_50' title="bbox 2408 2079 3983 2150; baseline 0 -17"><span class='ocrx_word' id='word_1_337' title='bbox 2408 2082 2464 2133; x_wconf 82' lang='grc' dir='ltr'>δὲ</span> <span class='ocrx_word' id='word_1_338' title='bbox 2488 2081 2838 2150; x_wconf 80' lang='grc' dir='ltr'>ὼραιότερον,</span> <span class='ocrx_word' id='word_1_339' title='bbox 2879 2081 2911 2150; x_wconf 80' lang='grc' dir='ltr'>ἢ</span> <span class='ocrx_word' id='word_1_340' title='bbox 2945 2079 3276 2150; x_wconf 79' lang='grc' dir='ltr'>γλυκύτερον</span> <span class='ocrx_word' id='word_1_341' title='bbox 3299 2081 3396 2149; x_wconf 82' lang='grc' dir='ltr'>τῆς</span> <span class='ocrx_word' id='word_1_342' title='bbox 3432 2081 3561 2144; x_wconf 81' lang='grc' dir='ltr'>θέας</span> <span class='ocrx_word' id='word_1_343' title='bbox 3591 2081 3796 2146; x_wconf 74' lang='grc' dir='ltr'>αὐτοῦς</span> <span class='ocrx_word' id='word_1_344' title='bbox 3830 2082 3888 2134; x_wconf 82' lang='grc' dir='ltr'>Εἰ</span> <span class='ocrx_word' id='word_1_345' title='bbox 3929 2080 3983 2133; x_wconf 64' lang='grc' dir='ltr'>δὲ</span> 
     </span>
    </p>
   </div>
   <div class='ocr_carea' id='block_1_51' title="bbox 2409 2172 3983 2244">
    <p class='ocr_par' dir='ltr' id='par_1_51' title="bbox 2409 2172 3983 2244">
     <span class='ocr_line' id='line_1_51' title="bbox 2409 2172 3983 2244; baseline -0.003 -18"><span class='ocrx_word' id='word_1_346' title='bbox 2409 2175 2503 2226; x_wconf 75' lang='grc' dir='ltr'>καὶ</span> <span class='ocrx_word' id='word_1_347' title='bbox 2531 2173 2744 2243; x_wconf 75' lang='grc' dir='ltr'>ὁμιλίας</span> <span class='ocrx_word' id='word_1_348' title='bbox 2773 2172 3016 2236; x_wconf 77' lang='grc' dir='ltr'>ἀξιοῦται</span> <span class='ocrx_word' id='word_1_349' title='bbox 3051 2172 3151 2241; x_wconf 82' lang='grc' dir='ltr'>τῆς</span> <span class='ocrx_word' id='word_1_350' title='bbox 3194 2173 3324 2244; x_wconf 81' lang='grc' dir='ltr'>παρ’</span> <span class='ocrx_word' id='word_1_351' title='bbox 3348 2173 3536 2238; x_wconf 79' lang='grc' dir='ltr'>αὑτοῦ,</span> <span class='ocrx_word' id='word_1_352' title='bbox 3580 2175 3798 2235; x_wconf 79' lang='grc' dir='ltr'>πάντως</span> <span class='ocrx_word' id='word_1_353' title='bbox 3839 2173 3983 2244; x_wconf 72' lang='grc' dir='ltr'>ζωὴν</span> 
     </span>
    </p>
   </div>
   <div class='ocr_carea' id='block_1_52' title="bbox 2411 2261 3238 2332">
    <p class='ocr_par' dir='ltr' id='par_1_52' title="bbox 2411 2261 3238 2332">
     <span class='ocr_line' id='line_1_52' title="bbox 2411 2261 3238 2332; baseline -0.001 -15"><span class='ocrx_word' id='word_1_354' title='bbox 2411 2263 2626 2317; x_wconf 86' lang='grc' dir='ltr'>αίώνιον</span> <span class='ocrx_word' id='word_1_355' title='bbox 2662 2265 2724 2316; x_wconf 85' lang='grc' dir='ltr'>ὲκ</span> <span class='ocrx_word' id='word_1_356' title='bbox 2755 2262 2961 2331; x_wconf 77' lang='grc' dir='ltr'>ταύτης</span> <span class='ocrx_word' id='word_1_357' title='bbox 2990 2261 3238 2332; x_wconf 87' lang='grc' dir='ltr'>ἀρύεται.</span> 
     </span>
    </p>
   </div>
   <div class='ocr_carea' id='block_1_53' title="bbox 2487 2455 3987 2526">
    <p class='ocr_par' dir='ltr' id='par_1_53' title="bbox 2487 2455 3987 2526">
     <span class='ocr_line' id='line_1_53' title="bbox 2487 2455 3987 2526; baseline -0.005 -14"><span class='ocrx_word' id='word_1_358' title='bbox 2487 2458 2554 2512; x_wconf 83' lang='grc' dir='ltr'><strong>κ’.</strong></span> <span class='ocrx_word' id='word_1_359' title='bbox 2600 2459 2657 2511; x_wconf 86' lang='lat'><strong>&#39;0</strong></span> <span class='ocrx_word' id='word_1_360' title='bbox 2686 2461 2749 2510; x_wconf 82' lang='grc' dir='ltr'>ὲκ</span> <span class='ocrx_word' id='word_1_361' title='bbox 2778 2457 3075 2519; x_wconf 78' lang='grc' dir='ltr'>διαθέσεως</span> <span class='ocrx_word' id='word_1_362' title='bbox 3105 2456 3229 2520; x_wconf 80' lang='grc' dir='ltr'>τοὺς</span> <span class='ocrx_word' id='word_1_363' title='bbox 3265 2455 3658 2526; x_wconf 81' lang='grc' dir='ltr'>λοιδοροῦντας,</span> <span class='ocrx_word' id='word_1_364' title='bbox 3684 2457 3714 2526; x_wconf 73' lang='grc' dir='ltr'>ἢ</span> <span class='ocrx_word' id='word_1_365' title='bbox 3740 2456 3987 2509; x_wconf 74' lang='grc' dir='ltr'>ἀδικοῦν-</span> 
     </span>
    </p>
   </div>
   <div class='ocr_carea' id='block_1_54' title="bbox 2417 2545 3988 2617">
    <p class='ocr_par' dir='ltr' id='par_1_54' title="bbox 2417 2545 3988 2617">
     <span class='ocr_line' id='line_1_54' title="bbox 2417 2545 3988 2617; baseline -0.001 -17"><span class='ocrx_word' id='word_1_366' title='bbox 2417 2566 2536 2610; x_wconf 85' lang='grc' dir='ltr'>τας.</span> <span class='ocrx_word' id='word_1_367' title='bbox 2570 2550 2661 2601; x_wconf 78' lang='grc' dir='ltr'><strong>καὶ</strong></span> <span class='ocrx_word' id='word_1_368' title='bbox 2697 2545 3132 2617; x_wconf 78' lang='grc' dir='ltr'>ἀποστεροῦντας</span> <span class='ocrx_word' id='word_1_369' title='bbox 3188 2545 3350 2597; x_wconf 72' lang='grc' dir='ltr'>αὑτὸν</span> <span class='ocrx_word' id='word_1_370' title='bbox 3400 2545 3648 2612; x_wconf 82' lang='grc' dir='ltr'><strong>ἀγαπῶν,</strong></span> <span class='ocrx_word' id='word_1_371' title='bbox 3713 2546 3806 2598; x_wconf 72' lang='grc' dir='ltr'><strong>καὶ</strong></span> <span class='ocrx_word' id='word_1_372' title='bbox 3854 2547 3988 2616; x_wconf 81' lang='grc' dir='ltr'>ὑπὲρ</span> 
     </span>
    </p>
   </div>
   <div class='ocr_carea' id='block_1_55' title="bbox 2417 2636 3989 2710">
    <p class='ocr_par' dir='ltr' id='par_1_55' title="bbox 2417 2636 3989 2710">
     <span class='ocr_line' id='line_1_55' title="bbox 2417 2636 3989 2710; baseline -0.005 -15"><span class='ocrx_word' id='word_1_373' title='bbox 2417 2640 2620 2695; x_wconf 88' lang='grc' dir='ltr'>τούτων</span> <span class='ocrx_word' id='word_1_374' title='bbox 2650 2641 2962 2710; x_wconf 78' lang='grc' dir='ltr'>εὐχόμενος,</span> <span class='ocrx_word' id='word_1_375' title='bbox 2991 2639 3070 2700; x_wconf 82' lang='grc' dir='ltr'><strong>είς</strong></span> <span class='ocrx_word' id='word_1_376' title='bbox 3121 2636 3402 2707; x_wconf 83' lang='grc' dir='ltr'>προκοπὴν</span> <span class='ocrx_word' id='word_1_377' title='bbox 3436 2638 3493 2689; x_wconf 83' lang='grc' dir='ltr'>ὲν</span> <span class='ocrx_word' id='word_1_378' title='bbox 3540 2636 3705 2706; x_wconf 71' lang='grc' dir='ltr'>ὀλίγῳ</span> <span class='ocrx_word' id='word_1_379' title='bbox 3747 2638 3989 2705; x_wconf 73' lang='grc' dir='ltr'>μεγάλην</span> 
     </span>
    </p>
   </div>
   <div class='ocr_carea' id='block_1_56' title="bbox 2419 2727 3988 2801">
    <p class='ocr_par' dir='ltr' id='par_1_56' title="bbox 2419 2727 3988 2801">
     <span class='ocr_line' id='line_1_56' title="bbox 2419 2727 3988 2801; baseline -0.003 -17"><span class='ocrx_word' id='word_1_380' title='bbox 2419 2733 2724 2801; x_wconf 80' lang='grc' dir='ltr'>ἀνέρχεται.</span> <span class='ocrx_word' id='word_1_381' title='bbox 2772 2731 2859 2782; x_wconf 85' lang='grc' dir='ltr'><strong>Ἐν</strong></span> <span class='ocrx_word' id='word_1_382' title='bbox 2888 2730 3140 2798; x_wconf 75' lang='grc' dir='ltr'>αἰσθήσει</span> <span class='ocrx_word' id='word_1_383' title='bbox 3164 2729 3272 2797; x_wconf 73' lang='grc' dir='ltr'><strong>γὰρ</strong></span> <span class='ocrx_word' id='word_1_384' title='bbox 3307 2729 3532 2796; x_wconf 81' lang='grc' dir='ltr'>καρδίας</span> <span class='ocrx_word' id='word_1_385' title='bbox 3576 2728 3737 2780; x_wconf 87' lang='grc' dir='ltr'>τοῦτο</span> <span class='ocrx_word' id='word_1_386' title='bbox 3770 2727 3988 2798; x_wconf 74' lang='grc' dir='ltr'>γινόμε-</span> 
     </span>
    </p>
   </div>
   <div class='ocr_carea' id='block_1_57' title="bbox 2419 2817 3991 2887">
    <p class='ocr_par' dir='ltr' id='par_1_57' title="bbox 2419 2817 3991 2887">
     <span class='ocr_line' id='line_1_57' title="bbox 2419 2817 3991 2887; baseline -0.004 -13"><span class='ocrx_word' id='word_1_387' title='bbox 2419 2839 2526 2884; x_wconf 90' lang='grc' dir='ltr'>νον,</span> <span class='ocrx_word' id='word_1_388' title='bbox 2555 2823 2633 2883; x_wconf 84' lang='grc' dir='ltr'><strong>είς</strong></span> <span class='ocrx_word' id='word_1_389' title='bbox 2663 2820 2897 2873; x_wconf 75' lang='grc' dir='ltr'>ἄϐυσσον</span> <span class='ocrx_word' id='word_1_390' title='bbox 2923 2818 3324 2880; x_wconf 73' lang='grc' dir='ltr'>ταπεινώσεως,</span> <span class='ocrx_word' id='word_1_391' title='bbox 3359 2818 3452 2870; x_wconf 76' lang='grc' dir='ltr'><strong>καὶ</strong></span> <span class='ocrx_word' id='word_1_392' title='bbox 3479 2819 3557 2878; x_wconf 79' lang='grc' dir='ltr'>εἰς</span> <span class='ocrx_word' id='word_1_393' title='bbox 3594 2817 3844 2887; x_wconf 76' lang='grc' dir='ltr'>δακρύων</span> <span class='ocrx_word' id='word_1_394' title='bbox 3887 2834 3991 2886; x_wconf 75' lang='grc' dir='ltr'><strong>πη-</strong></span> 
     </span>
    </p>
   </div>
   <div class='ocr_carea' id='block_1_58' title="bbox 2418 2905 3988 2984">
    <p class='ocr_par' dir='ltr' id='par_1_58' title="bbox 2418 2905 3988 2984">
     <span class='ocr_line' id='line_1_58' title="bbox 2418 2905 3988 2984; baseline -0.004 -16"><span class='ocrx_word' id='word_1_395' title='bbox 2418 2917 2519 2984; x_wconf 64' lang='grc' dir='ltr'>γὰς</span> <span class='ocrx_word' id='word_1_396' title='bbox 2557 2915 2618 2968; x_wconf 77' lang='grc' dir='ltr'>τὸ</span> <span class='ocrx_word' id='word_1_397' title='bbox 2648 2913 2992 2982; x_wconf 69' lang='grc' dir='ltr'>λογιζόμενον</span> <span class='ocrx_word' id='word_1_398' title='bbox 3023 2912 3322 2982; x_wconf 80' lang='grc' dir='ltr'>καταφέρει</span> <span class='ocrx_word' id='word_1_399' title='bbox 3351 2926 3364 2940; x_wconf 78' lang='grc'><em>”</em></span> <span class='ocrx_word' id='word_1_400' title='bbox 3397 2913 3453 2964; x_wconf 82' lang='grc' dir='ltr'>ὲν</span> <span class='ocrx_word' id='word_1_401' title='bbox 3481 2905 3562 2972; x_wconf 78' lang='grc' dir='ltr'>οἷς</span> <span class='ocrx_word' id='word_1_402' title='bbox 3596 2911 3988 2975; x_wconf 75' lang='grc' dir='ltr'>καταποντίζε-</span> 
     </span>
    </p>
   </div>
   <div class='ocr_carea' id='block_1_59' title="bbox 2417 3001 3987 3075">
    <p class='ocr_par' dir='ltr' id='par_1_59' title="bbox 2417 3001 3987 3075">
     <span class='ocr_line' id='line_1_59' title="bbox 2417 3001 3987 3075; baseline -0.003 -15"><span class='ocrx_word' id='word_1_403' title='bbox 2417 3025 2504 3060; x_wconf 85' lang='grc' dir='ltr'><strong>ται</strong></span> <span class='ocrx_word' id='word_1_404' title='bbox 2529 3006 2590 3059; x_wconf 78' lang='grc' dir='ltr'><strong>τὸ</strong></span> <span class='ocrx_word' id='word_1_405' title='bbox 2617 3004 2881 3075; x_wconf 78' lang='grc' dir='ltr'>τριμερὲς</span> <span class='ocrx_word' id='word_1_406' title='bbox 2910 3003 3008 3072; x_wconf 81' lang='grc' dir='ltr'><strong>τῆς</strong></span> <span class='ocrx_word' id='word_1_407' title='bbox 3037 3003 3238 3073; x_wconf 78' lang='grc' dir='ltr'>ψυχῆς.</span> <span class='ocrx_word' id='word_1_408' title='bbox 3284 3002 3501 3069; x_wconf 81' lang='grc' dir='ltr'>Ἀνάγει</span> <span class='ocrx_word' id='word_1_409' title='bbox 3549 3001 3607 3054; x_wconf 78' lang='grc' dir='ltr'>δὲ</span> <span class='ocrx_word' id='word_1_410' title='bbox 3637 3003 3715 3063; x_wconf 84' lang='grc' dir='ltr'><strong>είς</strong></span> <span class='ocrx_word' id='word_1_411' title='bbox 3763 3002 3987 3072; x_wconf 74' lang='grc' dir='ltr'>οὐρανὸν</span> 
     </span>
    </p>
   </div>
   <div class='ocr_carea' id='block_1_60' title="bbox 737 3077 2310 3188">
    <p class='ocr_par' dir='ltr' id='par_1_60' title="bbox 737 3077 2310 3147">
     <span class='ocr_line' id='line_1_60' title="bbox 737 3077 2310 3147; baseline 0.008 -16"><span class='ocrx_word' id='word_1_412' title='bbox 737 3084 793 3131; x_wconf 85' lang='lat' dir='ltr'><strong>et</strong></span> <span class='ocrx_word' id='word_1_413' title='bbox 827 3077 1085 3140; x_wconf 80' lang='lat' dir='ltr'><strong>facultas,</strong></span> <span class='ocrx_word' id='word_1_414' title='bbox 1121 3078 1215 3132; x_wconf 88' lang='lat' dir='ltr'><strong>sed</strong></span> <span class='ocrx_word' id='word_1_415' title='bbox 1265 3077 1320 3131; x_wconf 91' lang='lat' dir='ltr'><strong>in</strong></span> <span class='ocrx_word' id='word_1_416' title='bbox 1360 3083 1558 3133; x_wconf 76' lang='lat' dir='ltr'><strong>ccelunt</strong></span> <span class='ocrx_word' id='word_1_417' title='bbox 1609 3082 1878 3147; x_wconf 75' lang='grc' dir='ltr'>ἀπαθείας</span> <span class='ocrx_word' id='word_1_418' title='bbox 1905 3093 2139 3141; x_wconf 88' lang='lat' dir='ltr'><strong>mentem</strong></span> <span class='ocrx_word' id='word_1_419' title='bbox 2193 3104 2310 3143; x_wconf 81' lang='lat' dir='ltr'><strong>sus-</strong></span> 
     </span>
    </p>
   </div>
   <div class='ocr_carea' id='block_1_61' title="bbox 2409 3077 3983 3188">
    <p class='ocr_par' dir='ltr' id='par_1_61' title="bbox 2418 3094 3983 3188">
     <span class='ocr_line' id='line_1_61' title="bbox 2418 3094 3983 3188; baseline -0.004 -37"><span class='ocrx_word' id='word_1_420' title='bbox 2418 3098 2685 3188; x_wconf 53' lang='grc' dir='ltr'>ἀτεαθείας</span> <span class='ocrx_word' id='word_1_421' title='bbox 2741 3097 2831 3148; x_wconf 83' lang='grc' dir='ltr'><strong>τὸν</strong></span> <span class='ocrx_word' id='word_1_422' title='bbox 2871 3094 3015 3154; x_wconf 86' lang='grc' dir='ltr'>νοῦν,</span> <span class='ocrx_word' id='word_1_423' title='bbox 3057 3096 3151 3147; x_wconf 75' lang='grc' dir='ltr'><strong>καὶ</strong></span> <span class='ocrx_word' id='word_1_424' title='bbox 3195 3094 3530 3164; x_wconf 82' lang='grc' dir='ltr'>θεωρητικὸν</span> <span class='ocrx_word' id='word_1_425' title='bbox 3574 3095 3983 3162; x_wconf 77' lang='grc' dir='ltr'>ἀπεργάζεται·</span> 
     </span>
    </p>
   </div>
   <div class='ocr_carea' id='block_1_62' title="bbox 742 3170 2311 3250">
    <p class='ocr_par' dir='ltr' id='par_1_62' title="bbox 742 3170 2311 3250">
     <span class='ocr_line' id='line_1_62' title="bbox 742 3170 2311 3250; baseline 0.01 -29"><span class='ocrx_word' id='word_1_426' title='bbox 742 3170 928 3232; x_wconf 90' lang='lat' dir='ltr'><strong>tollit,</strong></span> <span class='ocrx_word' id='word_1_427' title='bbox 993 3179 1048 3224; x_wconf 91' lang='lat' dir='ltr'><strong>et</strong></span> <span class='ocrx_word' id='word_1_428' title='bbox 1133 3171 1647 3240; x_wconf 82' lang='lat' dir='ltr'><strong>contemplatricem</strong></span> <span class='ocrx_word' id='word_1_429' title='bbox 1723 3175 1876 3229; x_wconf 89' lang='lat' dir='ltr'><strong>facit.</strong></span> <span class='ocrx_word' id='word_1_430' title='bbox 1943 3176 2081 3232; x_wconf 87' lang='lat' dir='ltr'><strong>Hinc</strong></span> <span class='ocrx_word' id='word_1_431' title='bbox 2149 3191 2311 3250; x_wconf 76' lang='lat' dir='ltr'><strong>gustu</strong></span> 
     </span>
    </p>
   </div>
   <div class='ocr_carea' id='block_1_63' title="bbox 741 3260 2312 3334">
    <p class='ocr_par' dir='ltr' id='par_1_63' title="bbox 741 3260 2312 3334">
     <span class='ocr_line' id='line_1_63' title="bbox 741 3260 2312 3334; baseline 0.007 -22"><span class='ocrx_word' id='word_1_432' title='bbox 741 3260 1002 3315; x_wconf 87' lang='lat' dir='ltr'><strong>utilitatis</strong></span> <span class='ocrx_word' id='word_1_433' title='bbox 1058 3261 1131 3314; x_wconf 91' lang='lat' dir='ltr'><strong>ibi</strong></span> <span class='ocrx_word' id='word_1_434' title='bbox 1189 3262 1428 3316; x_wconf 70' lang='lat' dir='ltr'><strong>inventa:</strong></span> <span class='ocrx_word' id='word_1_435' title='bbox 1482 3265 1664 3317; x_wconf 90' lang='lat' dir='ltr'><strong>omnia</strong></span> <span class='ocrx_word' id='word_1_436' title='bbox 1724 3267 2008 3334; x_wconf 72' lang='lat' dir='ltr'><strong>prtrscntis</strong></span> <span class='ocrx_word' id='word_1_437' title='bbox 2053 3269 2177 3323; x_wconf 63' lang='lat' dir='ltr'><strong>vitae</strong></span> <span class='ocrx_word' id='word_1_438' title='bbox 2225 3289 2312 3322; x_wconf 82' lang='lat' dir='ltr'><strong>ar-</strong></span> 
     </span>
    </p>
   </div>
   <div class='ocr_carea' id='block_1_64' title="bbox 742 3350 2317 3430">
    <p class='ocr_par' dir='ltr' id='par_1_64' title="bbox 742 3350 2317 3430">
     <span class='ocr_line' id='line_1_64' title="bbox 742 3350 2317 3430; baseline 0.007 -27"><span class='ocrx_word' id='word_1_439' title='bbox 742 3350 978 3403; x_wconf 86' lang='lat' dir='ltr'><strong>bitratur</strong></span> <span class='ocrx_word' id='word_1_440' title='bbox 1012 3363 1068 3404; x_wconf 93' lang='lat' dir='ltr'><strong>ut</strong></span> <span class='ocrx_word' id='word_1_441' title='bbox 1100 3362 1346 3406; x_wconf 89' lang='lat' dir='ltr'><strong>stercora</strong></span> <span class='ocrx_word' id='word_1_442' title='bbox 1371 3391 1385 3416; x_wconf 96' lang='lat'><strong>,</strong></span> <span class='ocrx_word' id='word_1_443' title='bbox 1435 3355 1726 3423; x_wconf 86' lang='lat' dir='ltr'><strong>ipsumque</strong></span> <span class='ocrx_word' id='word_1_444' title='bbox 1762 3358 1981 3425; x_wconf 89' lang='lat' dir='ltr'><strong>cibum,</strong></span> <span class='ocrx_word' id='word_1_445' title='bbox 2020 3375 2083 3415; x_wconf 88' lang='lat' dir='ltr'><strong>ac</strong></span> <span class='ocrx_word' id='word_1_446' title='bbox 2141 3373 2317 3430; x_wconf 80' lang='lat' dir='ltr'><strong>potio-</strong></span> 
     </span>
    </p>
   </div>
   <div class='ocr_carea' id='block_1_65' title="bbox 742 3442 2316 3518">
    <p class='ocr_par' dir='ltr' id='par_1_65' title="bbox 742 3442 2316 3518">
     <span class='ocr_line' id='line_1_65' title="bbox 742 3442 2316 3518; baseline 0.009 -27"><span class='ocrx_word' id='word_1_447' title='bbox 742 3455 866 3491; x_wconf 90' lang='lat' dir='ltr'><strong>nem</strong></span> <span class='ocrx_word' id='word_1_448' title='bbox 912 3456 1086 3509; x_wconf 80' lang='lat' dir='ltr'><strong>neque</strong></span> <span class='ocrx_word' id='word_1_449' title='bbox 1119 3460 1243 3495; x_wconf 83' lang='lat' dir='ltr'><strong>eum</strong></span> <span class='ocrx_word' id='word_1_450' title='bbox 1277 3442 1674 3512; x_wconf 82' lang='lat' dir='ltr'><strong>declaratioue,</strong></span> <span class='ocrx_word' id='word_1_451' title='bbox 1713 3463 1889 3518; x_wconf 89' lang='lat' dir='ltr'><strong>neque</strong></span> <span class='ocrx_word' id='word_1_452' title='bbox 1925 3453 2174 3506; x_wconf 75' lang='lat' dir='ltr'><strong>crebrius</strong></span> <span class='ocrx_word' id='word_1_453' title='bbox 2222 3456 2316 3506; x_wconf 80' lang='lat' dir='ltr'><strong>ad-</strong></span> 
     </span>
    </p>
   </div>
   <div class='ocr_carea' id='block_1_66' title="bbox 743 3531 1046 3602">
    <p class='ocr_par' dir='ltr' id='par_1_66' title="bbox 743 3531 1046 3602">
     <span class='ocr_line' id='line_1_66' title="bbox 743 3531 1046 3602; baseline 0.007 -20"><span class='ocrx_word' id='word_1_454' title='bbox 743 3532 904 3585; x_wconf 88' lang='lat' dir='ltr'><strong>tnittit</strong></span> <span class='ocrx_word' id='word_1_455' title='bbox 948 3531 1046 3602; x_wconf 65' lang='grc' dir='ltr'><strong>(Ξ).</strong></span> 
     </span>
    </p>
   </div>
   <div class='ocr_carea' id='block_1_67' title="bbox 811 3686 1499 3754">
    <p class='ocr_par' dir='ltr' id='par_1_67' title="bbox 811 3686 1499 3754">
     <span class='ocr_line' id='line_1_67' title="bbox 811 3686 1499 3754; baseline 0.004 -12"><span class='ocrx_word' id='word_1_456' title='bbox 811 3691 833 3720; x_wconf 78' lang='grc'><strong>⁸</strong></span> <span class='ocrx_word' id='word_1_457' title='bbox 862 3686 1020 3742; x_wconf 77' lang='lat' dir='ltr'><strong>Juan.</strong></span> <span class='ocrx_word' id='word_1_458' title='bbox 1049 3703 1120 3754; x_wconf 72' lang='lat' dir='ltr'><strong>Vt,</strong></span> <span class='ocrx_word' id='word_1_459' title='bbox 1155 3692 1222 3744; x_wconf 76' lang='grc'><strong>47</strong></span> <span class='ocrx_word' id='word_1_460' title='bbox 1262 3698 1314 3745; x_wconf 87' lang='lat' dir='ltr'><strong>et</strong></span> <span class='ocrx_word' id='word_1_461' title='bbox 1351 3691 1499 3748; x_wconf 87' lang='lat' dir='ltr'><strong>alibi.</strong></span> 
     </span>
    </p>
   </div>
   <div class='ocr_carea' id='block_1_68' title="bbox 815 3843 2325 3915">
    <p class='ocr_par' dir='ltr' id='par_1_68' title="bbox 815 3843 2325 3915">
     <span class='ocr_line' id='line_1_68' title="bbox 815 3843 2325 3915; baseline -0.001 -15"><span class='ocrx_word' id='word_1_462' title='bbox 815 3847 892 3915; x_wconf 63' lang='grc' dir='ltr'><strong>(ὲ.)</strong></span> <span class='ocrx_word' id='word_1_463' title='bbox 927 3843 1035 3915; x_wconf 72' lang='lat' dir='ltr'><strong>Ilio</strong></span> <span class='ocrx_word' id='word_1_464' title='bbox 1084 3844 1138 3899; x_wconf 91' lang='lat' dir='ltr'><strong>in</strong></span> <span class='ocrx_word' id='word_1_465' title='bbox 1185 3849 1424 3903; x_wconf 81' lang='lat' dir='ltr'><strong>editione</strong></span> <span class='ocrx_word' id='word_1_466' title='bbox 1501 3847 1617 3902; x_wconf 83' lang='lat' dir='ltr'><strong>Jac.</strong></span> <span class='ocrx_word' id='word_1_467' title='bbox 1674 3845 1904 3915; x_wconf 81' lang='lat' dir='ltr'><strong>Pontapi</strong></span> <span class='ocrx_word' id='word_1_468' title='bbox 1982 3847 2325 3902; x_wconf 87' lang='lat' dir='ltr'><strong>interserun-</strong></span> 
     </span>
    </p>
   </div>
   <div class='ocr_carea' id='block_1_69' title="bbox 751 3908 2318 3986">
    <p class='ocr_par' dir='ltr' id='par_1_69' title="bbox 751 3908 2318 3986">
     <span class='ocr_line' id='line_1_69' title="bbox 751 3908 2318 3986; baseline 0.004 -20"><span class='ocrx_word' id='word_1_469' title='bbox 751 3908 843 3969; x_wconf 80' lang='lat' dir='ltr'><strong>tur</strong></span> <span class='ocrx_word' id='word_1_470' title='bbox 877 3908 885 3914; x_wconf 76' lang='grc'><em>”</em></span> <span class='ocrx_word' id='word_1_471' title='bbox 921 3913 1156 3986; x_wconf 74' lang='lat' dir='ltr'><strong>capitula</strong></span> <span class='ocrx_word' id='word_1_472' title='bbox 1224 3926 1429 3986; x_wconf 84' lang='lat' dir='ltr'><strong>septem</strong></span> <span class='ocrx_word' id='word_1_473' title='bbox 1505 3933 1624 3984; x_wconf 79' lang='lat' dir='ltr'><strong>qua:</strong></span> <span class='ocrx_word' id='word_1_474' title='bbox 1695 3917 1749 3969; x_wconf 90' lang='lat' dir='ltr'><strong>in</strong></span> <span class='ocrx_word' id='word_1_475' title='bbox 1815 3908 2318 3973; x_wconf 86' lang='lat' dir='ltr'><strong>Philocalianonle-</strong></span> 
     </span>
    </p>
   </div>
   <div class='ocr_carea' id='block_1_70' title="bbox 753 3983 2322 4054">
    <p class='ocr_par' dir='ltr' id='par_1_70' title="bbox 753 3983 2322 4054">
     <span class='ocr_line' id='line_1_70' title="bbox 753 3983 2322 4054; baseline 0.001 -16"><span class='ocrx_word' id='word_1_476' title='bbox 753 3993 975 4054; x_wconf 75' lang='lat' dir='ltr'><strong>guntur.</strong></span> <span class='ocrx_word' id='word_1_477' title='bbox 1011 4001 1028 4032; x_wconf 75' lang='grc' dir='ltr'><strong>ι</strong></span> <span class='ocrx_word' id='word_1_478' title='bbox 1074 3983 1259 4038; x_wconf 79' lang='lat' dir='ltr'><strong>Fidem</strong></span> <span class='ocrx_word' id='word_1_479' title='bbox 1287 3983 1652 4040; x_wconf 78' lang='lat' dir='ltr'><strong>certissimam</strong></span> <span class='ocrx_word' id='word_1_480' title='bbox 1680 3986 1826 4038; x_wconf 88' lang='lat' dir='ltr'><strong>clare</strong></span> <span class='ocrx_word' id='word_1_481' title='bbox 1858 3987 2130 4048; x_wconf 68' lang='lat' dir='ltr'><strong>ostendit,</strong></span> <span class='ocrx_word' id='word_1_482' title='bbox 2151 3993 2239 4052; x_wconf 86' lang='lat' dir='ltr'><strong>qui</strong></span> <span class='ocrx_word' id='word_1_483' title='bbox 2267 3996 2322 4039; x_wconf 84' lang='lat' dir='ltr'><strong>et</strong></span> 
     </span>
    </p>
   </div>
   <div class='ocr_carea' id='block_1_71' title="bbox 753 4054 2324 4124">
    <p class='ocr_par' dir='ltr' id='par_1_71' title="bbox 753 4054 2324 4124">
     <span class='ocr_line' id='line_1_71' title="bbox 753 4054 2324 4124; baseline 0 -17"><span class='ocrx_word' id='word_1_484' title='bbox 753 4060 952 4116; x_wconf 84' lang='lat' dir='ltr'><strong>locum,</strong></span> <span class='ocrx_word' id='word_1_485' title='bbox 991 4055 1046 4105; x_wconf 92' lang='lat' dir='ltr'><strong>in</strong></span> <span class='ocrx_word' id='word_1_486' title='bbox 1089 4069 1200 4121; x_wconf 84' lang='lat' dir='ltr'><strong>quo</strong></span> <span class='ocrx_word' id='word_1_487' title='bbox 1239 4054 1372 4116; x_wconf 79' lang='lat' dir='ltr'><strong>dux.</strong></span> <span class='ocrx_word' id='word_1_488' title='bbox 1406 4063 1458 4108; x_wconf 89' lang='lat' dir='ltr'><strong>et</strong></span> <span class='ocrx_word' id='word_1_489' title='bbox 1491 4065 1639 4124; x_wconf 75' lang='lat' dir='ltr'><strong>pater</strong></span> <span class='ocrx_word' id='word_1_490' title='bbox 1671 4055 1789 4122; x_wconf 82' lang='lat' dir='ltr'><strong>ejus</strong></span> <span class='ocrx_word' id='word_1_491' title='bbox 1818 4055 2090 4119; x_wconf 76' lang='lat' dir='ltr'><strong>consistit,</strong></span> <span class='ocrx_word' id='word_1_492' title='bbox 2120 4064 2324 4107; x_wconf 79' lang='lat' dir='ltr'><strong>utsan-</strong></span> 
     </span>
    </p>
   </div>
   <div class='ocr_carea' id='block_1_72' title="bbox 749 4124 2402 4197">
    <p class='ocr_par' dir='ltr' id='par_1_72' title="bbox 749 4124 2402 4197">
     <span class='ocr_line' id='line_1_72' title="bbox 749 4124 2402 4197; baseline -0.002 -21"><span class='ocrx_word' id='word_1_493' title='bbox 749 4134 897 4176; x_wconf 90' lang='lat' dir='ltr'><strong>ctum</strong></span> <span class='ocrx_word' id='word_1_494' title='bbox 935 4133 1234 4197; x_wconf 79' lang='lat' dir='ltr'><strong>reveretur,</strong></span> <span class='ocrx_word' id='word_1_495' title='bbox 1270 4125 1656 4192; x_wconf 86' lang='lat' dir='ltr'><strong>pulveremque</strong></span> <span class='ocrx_word' id='word_1_496' title='bbox 1687 4127 1903 4197; x_wconf 85' lang='lat' dir='ltr'><strong>pedum,</strong></span> <span class='ocrx_word' id='word_1_497' title='bbox 1933 4139 2027 4177; x_wconf 90' lang='lat' dir='ltr'><strong>seu</strong></span> <span class='ocrx_word' id='word_1_498' title='bbox 2060 4124 2321 4197; x_wconf 77' lang='lat' dir='ltr'><strong>vestigio-</strong></span> <span class='ocrx_word' id='word_1_499' title='bbox 2355 4138 2402 4197; x_wconf 83' lang='lat' dir='ltr'><strong>D</strong></span> 
     </span>
    </p>
   </div>
   <div class='ocr_carea' id='block_1_73' title="bbox 755 4191 2322 4263">
    <p class='ocr_par' dir='ltr' id='par_1_73' title="bbox 755 4191 2322 4263">
     <span class='ocr_line' id='line_1_73' title="bbox 755 4191 2322 4263; baseline 0.001 -19"><span class='ocrx_word' id='word_1_500' title='bbox 755 4208 899 4263; x_wconf 89' lang='lat' dir='ltr'><strong>rum</strong></span> <span class='ocrx_word' id='word_1_501' title='bbox 927 4191 1072 4255; x_wconf 85' lang='lat' dir='ltr'><strong>ejus,</strong></span> <span class='ocrx_word' id='word_1_502' title='bbox 1123 4191 1315 4262; x_wconf 69' lang='lat' dir='ltr'><strong>magna</strong></span> <span class='ocrx_word' id='word_1_503' title='bbox 1357 4191 1575 4263; x_wconf 16' lang='lat' dir='ltr'><strong>pietate;</strong></span> <span class='ocrx_word' id='word_1_504' title='bbox 1611 4191 1775 4263; x_wconf 85' lang='lat' dir='ltr'><strong>capiti</strong></span> <span class='ocrx_word' id='word_1_505' title='bbox 1825 4208 1926 4263; x_wconf 84' lang='lat' dir='ltr'><strong>suo</strong></span> <span class='ocrx_word' id='word_1_506' title='bbox 1978 4191 2235 4263; x_wconf 77' lang='lat' dir='ltr'><strong>aspergit,</strong></span> <span class='ocrx_word' id='word_1_507' title='bbox 2269 4201 2322 4246; x_wconf 87' lang='lat' dir='ltr'><strong>et</strong></span> 
     </span>
    </p>
   </div>
   <div class='ocr_carea' id='block_1_74' title="bbox 748 4260 2320 4331">
    <p class='ocr_par' dir='ltr' id='par_1_74' title="bbox 748 4260 2320 4331">
     <span class='ocr_line' id='line_1_74' title="bbox 748 4260 2320 4331; baseline 0 -16"><span class='ocrx_word' id='word_1_508' title='bbox 748 4262 904 4317; x_wconf 84' lang='lat' dir='ltr'><strong>cordi</strong></span> <span class='ocrx_word' id='word_1_509' title='bbox 941 4276 1063 4322; x_wconf 88' lang='lat' dir='ltr'><strong>suo,</strong></span> <span class='ocrx_word' id='word_1_510' title='bbox 1104 4271 1162 4314; x_wconf 87' lang='lat' dir='ltr'><strong>tit</strong></span> <span class='ocrx_word' id='word_1_511' title='bbox 1209 4260 1523 4331; x_wconf 77' lang='lat' dir='ltr'><strong>passionum</strong></span> <span class='ocrx_word' id='word_1_512' title='bbox 1559 4262 1682 4316; x_wconf 83' lang='lat' dir='ltr'><strong>inde</strong></span> <span class='ocrx_word' id='word_1_513' title='bbox 1714 4260 2320 4330; x_wconf 69' lang='lat' dir='ltr'><strong>proficiscentittm&#39;tne-</strong></span> 
     </span>
    </p>
   </div>
   <div class='ocr_carea' id='block_1_75' title="bbox 755 4332 2321 4400">
    <p class='ocr_par' dir='ltr' id='par_1_75' title="bbox 755 4332 2321 4400">
     <span class='ocr_line' id='line_1_75' title="bbox 755 4332 2321 4400; baseline -0.001 -17"><span class='ocrx_word' id='word_1_514' title='bbox 755 4334 1146 4392; x_wconf 77' lang='lat' dir='ltr'><strong>dicamentutn,</strong></span> <span class='ocrx_word' id='word_1_515' title='bbox 1199 4341 1650 4400; x_wconf 88' lang='lat' dir='ltr'><strong>peccatorumque</strong></span> <span class='ocrx_word' id='word_1_516' title='bbox 1700 4332 2075 4400; x_wconf 75' lang='lat' dir='ltr'><strong>purgationem</strong></span> <span class='ocrx_word' id='word_1_517' title='bbox 2129 4346 2321 4399; x_wconf 82' lang='lat' dir='ltr'><strong>quam-</strong></span> 
     </span>
    </p>
   </div>
   <div class='ocr_carea' id='block_1_76' title="bbox 756 4401 2320 4470">
    <p class='ocr_par' dir='ltr' id='par_1_76' title="bbox 756 4401 2320 4470">
     <span class='ocr_line' id='line_1_76' title="bbox 756 4401 2320 4470; baseline -0.003 -16"><span class='ocrx_word' id='word_1_518' title='bbox 756 4405 877 4454; x_wconf 86' lang='lat' dir='ltr'><strong>dam</strong></span> <span class='ocrx_word' id='word_1_519' title='bbox 906 4401 1138 4453; x_wconf 79' lang='lat' dir='ltr'><strong>all‘ricat.</strong></span> <span class='ocrx_word' id='word_1_520' title='bbox 1174 4401 1289 4468; x_wconf 90' lang='lat' dir='ltr'><strong>Ipse</strong></span> <span class='ocrx_word' id='word_1_521' title='bbox 1318 4410 1500 4455; x_wconf 83' lang='lat' dir='ltr'><strong>autem</strong></span> <span class='ocrx_word' id='word_1_522' title='bbox 1532 4401 1972 4470; x_wconf 87' lang='lat' dir='ltr'><strong>appropinquare</strong></span> <span class='ocrx_word' id='word_1_523' title='bbox 1995 4415 2101 4453; x_wconf 90' lang='lat' dir='ltr'><strong>non</strong></span> <span class='ocrx_word' id='word_1_524' title='bbox 2135 4403 2320 4466; x_wconf 83' lang='lat' dir='ltr'><strong>audet,</strong></span> 
     </span>
    </p>
   </div>
   <div class='ocr_carea' id='block_1_77' title="bbox 758 4470 2319 4538">
    <p class='ocr_par' dir='ltr' id='par_1_77' title="bbox 758 4470 2319 4538">
     <span class='ocr_line' id='line_1_77' title="bbox 758 4470 2319 4538; baseline 0 -15"><span class='ocrx_word' id='word_1_525' title='bbox 758 4483 934 4537; x_wconf 86' lang='lat' dir='ltr'><strong>neque</strong></span> <span class='ocrx_word' id='word_1_526' title='bbox 963 4470 1154 4522; x_wconf 86' lang='lat' dir='ltr'><strong>saltem</strong></span> <span class='ocrx_word' id='word_1_527' title='bbox 1187 4481 1420 4535; x_wconf 88' lang='lat' dir='ltr'><strong>vestem,</strong></span> <span class='ocrx_word' id='word_1_528' title='bbox 1456 4478 1551 4523; x_wconf 90' lang='lat' dir='ltr'><strong>aut</strong></span> <span class='ocrx_word' id='word_1_529' title='bbox 1577 4479 1947 4538; x_wconf 73' lang='lat' dir='ltr'><strong>tegumentum</strong></span> <span class='ocrx_word' id='word_1_530' title='bbox 1974 4471 2094 4537; x_wconf 84' lang='lat' dir='ltr'><strong>eius</strong></span> <span class='ocrx_word' id='word_1_531' title='bbox 2125 4484 2189 4522; x_wconf 88' lang='lat' dir='ltr'><strong>eo</strong></span> <span class='ocrx_word' id='word_1_532' title='bbox 2214 4487 2319 4522; x_wconf 88' lang='lat' dir='ltr'><strong>nun</strong></span> 
     </span>
    </p>
   </div>
   <div class='ocr_carea' id='block_1_78' title="bbox 753 4539 2324 4607">
    <p class='ocr_par' dir='ltr' id='par_1_78' title="bbox 753 4539 2324 4607">
     <span class='ocr_line' id='line_1_78' title="bbox 753 4539 2324 4607; baseline 0.001 -18"><span class='ocrx_word' id='word_1_533' title='bbox 753 4541 981 4607; x_wconf 84' lang='lat' dir='ltr'><strong>jubente</strong></span> <span class='ocrx_word' id='word_1_534' title='bbox 1030 4540 1316 4606; x_wconf 78' lang='lat' dir='ltr'><strong>attingere.</strong></span> <span class='ocrx_word' id='word_1_535' title='bbox 1372 4541 1436 4592; x_wconf 84' lang='lat' dir='ltr'><strong>Et</strong></span> <span class='ocrx_word' id='word_1_536' title='bbox 1472 4554 1593 4591; x_wconf 90' lang='lat' dir='ltr'><strong>cum</strong></span> <span class='ocrx_word' id='word_1_537' title='bbox 1631 4539 1904 4606; x_wconf 85' lang='lat' dir='ltr'><strong>quidpiam</strong></span> <span class='ocrx_word' id='word_1_538' title='bbox 1964 4540 2109 4592; x_wconf 91' lang='lat' dir='ltr'><strong>illius</strong></span> <span class='ocrx_word' id='word_1_539' title='bbox 2149 4543 2324 4591; x_wconf 84' lang='lat' dir='ltr'><strong>niani-</strong></span> 
     </span>
    </p>
   </div>
   <div class='ocr_carea' id='block_1_79' title="bbox 760 4608 2326 4675">
    <p class='ocr_par' dir='ltr' id='par_1_79' title="bbox 760 4608 2326 4675">
     <span class='ocr_line' id='line_1_79' title="bbox 760 4608 2326 4675; baseline -0.001 -13"><span class='ocrx_word' id='word_1_540' title='bbox 760 4615 863 4663; x_wconf 83' lang='lat' dir='ltr'><strong>bus</strong></span> <span class='ocrx_word' id='word_1_541' title='bbox 903 4617 1121 4673; x_wconf 87' lang='lat' dir='ltr'><strong>tractat,</strong></span> <span class='ocrx_word' id='word_1_542' title='bbox 1160 4623 1284 4661; x_wconf 89' lang='lat' dir='ltr'><strong>cum</strong></span> <span class='ocrx_word' id='word_1_543' title='bbox 1322 4610 1539 4675; x_wconf 90' lang='lat' dir='ltr'><strong>timore,</strong></span> <span class='ocrx_word' id='word_1_544' title='bbox 1581 4617 1634 4663; x_wconf 85' lang='lat' dir='ltr'><strong>et</strong></span> <span class='ocrx_word' id='word_1_545' title='bbox 1682 4608 1986 4662; x_wconf 85' lang='lat' dir='ltr'><strong>reverentia</strong></span> <span class='ocrx_word' id='word_1_546' title='bbox 2041 4609 2174 4663; x_wconf 91' lang='lat' dir='ltr'><strong>illud</strong></span> <span class='ocrx_word' id='word_1_547' title='bbox 2219 4617 2326 4661; x_wconf 86' lang='lat' dir='ltr'><strong>tra-</strong></span> 
     </span>
    </p>
   </div>
   <div class='ocr_carea' id='block_1_80' title="bbox 2418 3184 3987 3262">
    <p class='ocr_par' dir='ltr' id='par_1_80' title="bbox 2418 3184 3987 3262">
     <span class='ocr_line' id='line_1_80' title="bbox 2418 3184 3987 3262; baseline -0.005 -19"><span class='ocrx_word' id='word_1_548' title='bbox 2418 3184 2511 3244; x_wconf 60' lang='grc' dir='ltr'><strong>καὶ</strong></span> <span class='ocrx_word' id='word_1_549' title='bbox 2541 3193 2606 3257; x_wconf 82' lang='grc' dir='ltr'>τῇ</span> <span class='ocrx_word' id='word_1_550' title='bbox 2645 3188 2831 3255; x_wconf 81' lang='grc' dir='ltr'>γεύσει</span> <span class='ocrx_word' id='word_1_551' title='bbox 2866 3188 2960 3254; x_wconf 81' lang='grc' dir='ltr'><strong>τῆς</strong></span> <span class='ocrx_word' id='word_1_552' title='bbox 2992 3186 3198 3262; x_wconf 77' lang='grc' dir='ltr'>ἐκεῖθεν</span> <span class='ocrx_word' id='word_1_553' title='bbox 3230 3187 3617 3256; x_wconf 78' lang='grc' dir='ltr'>χρηστότητος,</span> <span class='ocrx_word' id='word_1_554' title='bbox 3647 3186 3825 3238; x_wconf 76' lang='grc' dir='ltr'>πάντα</span> <span class='ocrx_word' id='word_1_555' title='bbox 3859 3184 3987 3237; x_wconf 83' lang='grc' dir='ltr'>σκύ-</span> 
     </span>
    </p>
   </div>
   <div class='ocr_carea' id='block_1_81' title="bbox 2421 3277 3988 3348">
    <p class='ocr_par' dir='ltr' id='par_1_81' title="bbox 2421 3277 3988 3348">
     <span class='ocr_line' id='line_1_81' title="bbox 2421 3277 3988 3348; baseline -0.003 -16"><span class='ocrx_word' id='word_1_556' title='bbox 2421 3285 2559 3336; x_wconf 58' lang='lat' dir='ltr'><strong>(ala</strong></span> <span class='ocrx_word' id='word_1_557' title='bbox 2581 3283 2648 3334; x_wconf 74' lang='grc' dir='ltr'>τὰ</span> <span class='ocrx_word' id='word_1_558' title='bbox 2679 3281 2772 3333; x_wconf 88' lang='grc' dir='ltr'><strong>τοῦ</strong></span> <span class='ocrx_word' id='word_1_559' title='bbox 2803 3280 3065 3340; x_wconf 77' lang='grc' dir='ltr'>παρόντος</span> <span class='ocrx_word' id='word_1_560' title='bbox 3104 3277 3220 3348; x_wconf 83' lang='grc' dir='ltr'>βίου</span> <span class='ocrx_word' id='word_1_561' title='bbox 3271 3277 3522 3346; x_wconf 74' lang='grc' dir='ltr'>ἡγεῖσθαι</span> <span class='ocrx_word' id='word_1_562' title='bbox 3558 3280 3699 3330; x_wconf 79' lang='grc' dir='ltr'>ποιεῖ</span> <span class='ocrx_word' id='word_1_563' title='bbox 3728 3295 3739 3308; x_wconf 75' lang='grc' dir='ltr'><strong>ο</strong></span> <span class='ocrx_word' id='word_1_564' title='bbox 3778 3279 3869 3329; x_wconf 70' lang='grc' dir='ltr'><strong>καὶ</strong></span> <span class='ocrx_word' id='word_1_565' title='bbox 3897 3278 3988 3327; x_wconf 74' lang='grc' dir='ltr'><strong>αὖ·</strong></span> 
     </span>
    </p>
   </div>
   <div class='ocr_carea' id='block_1_82' title="bbox 2418 3367 3986 3441">
    <p class='ocr_par' dir='ltr' id='par_1_82' title="bbox 2418 3367 3986 3441">
     <span class='ocr_line' id='line_1_82' title="bbox 2418 3367 3986 3441; baseline -0.004 -16"><span class='ocrx_word' id='word_1_566' title='bbox 2418 3375 2516 3441; x_wconf 81' lang='grc' dir='ltr'>τήν</span> <span class='ocrx_word' id='word_1_567' title='bbox 2541 3391 2598 3424; x_wconf 87' lang='grc' dir='ltr'><strong>τε</strong></span> <span class='ocrx_word' id='word_1_568' title='bbox 2639 3374 2738 3439; x_wconf 80' lang='grc' dir='ltr'><strong>τὴν</strong></span> <span class='ocrx_word' id='word_1_569' title='bbox 2765 3371 2971 3440; x_wconf 74' lang='grc' dir='ltr'>τροφὴν</span> <span class='ocrx_word' id='word_1_570' title='bbox 3004 3371 3097 3422; x_wconf 68' lang='grc' dir='ltr'>καὶ</span> <span class='ocrx_word' id='word_1_571' title='bbox 3121 3370 3296 3433; x_wconf 85' lang='grc' dir='ltr'>πόσιν,</span> <span class='ocrx_word' id='word_1_572' title='bbox 3338 3369 3411 3437; x_wconf 81' lang='grc' dir='ltr'>μὴ</span> <span class='ocrx_word' id='word_1_573' title='bbox 3445 3367 3725 3438; x_wconf 73' lang='grc' dir='ltr'>ὲνηδόνως,</span> <span class='ocrx_word' id='word_1_574' title='bbox 3756 3369 3986 3436; x_wconf 80' lang='grc' dir='ltr'>ἢσυχνο-</span> 
     </span>
    </p>
   </div>
   <div class='ocr_carea' id='block_1_83' title="bbox 2421 3462 2964 3532">
    <p class='ocr_par' dir='ltr' id='par_1_83' title="bbox 2421 3462 2964 3532">
     <span class='ocr_line' id='line_1_83' title="bbox 2421 3462 2964 3532; baseline -0.009 -17"><span class='ocrx_word' id='word_1_575' title='bbox 2421 3466 2591 3532; x_wconf 79' lang='grc' dir='ltr'>τέρως</span> <span class='ocrx_word' id='word_1_576' title='bbox 2625 3462 2964 3529; x_wconf 76' lang='grc' dir='ltr'>προσίεσθαι.</span> 
     </span>
    </p>
   </div>
   <div class='ocr_carea' id='block_1_84' title="bbox 2425 3848 3979 3920">
    <p class='ocr_par' dir='ltr' id='par_1_84' title="bbox 2425 3848 3979 3920">
     <span class='ocr_line' id='line_1_84' title="bbox 2425 3848 3979 3920; baseline 0.001 -19"><span class='ocrx_word' id='word_1_577' title='bbox 2425 3856 2558 3913; x_wconf 84' lang='lat' dir='ltr'><strong>clat,</strong></span> <span class='ocrx_word' id='word_1_578' title='bbox 2601 3849 2883 3918; x_wconf 79' lang='lat' dir='ltr'><strong>indignum</strong></span> <span class='ocrx_word' id='word_1_579' title='bbox 2937 3851 3180 3920; x_wconf 85' lang='lat' dir='ltr'><strong>seipsum</strong></span> <span class='ocrx_word' id='word_1_580' title='bbox 3207 3848 3485 3920; x_wconf 82' lang='lat' dir='ltr'><strong>judicans,</strong></span> <span class='ocrx_word' id='word_1_581' title='bbox 3543 3864 3652 3904; x_wconf 90' lang='lat' dir='ltr'><strong>non</strong></span> <span class='ocrx_word' id='word_1_582' title='bbox 3683 3851 3858 3905; x_wconf 91' lang='lat' dir='ltr'><strong>solum</strong></span> <span class='ocrx_word' id='word_1_583' title='bbox 3892 3849 3979 3918; x_wconf 84' lang='lat' dir='ltr'><strong>qui</strong></span> 
     </span>
    </p>
   </div>
   <div class='ocr_carea' id='block_1_85' title="bbox 2424 3920 3980 3987">
    <p class='ocr_par' dir='ltr' id='par_1_85' title="bbox 2424 3920 3980 3987">
     <span class='ocr_line' id='line_1_85' title="bbox 2424 3920 3980 3987; baseline 0.001 -17"><span class='ocrx_word' id='word_1_584' title='bbox 2424 3934 2546 3972; x_wconf 89' lang='lat' dir='ltr'><strong>ettm</strong></span> <span class='ocrx_word' id='word_1_585' title='bbox 2610 3922 2813 3980; x_wconf 80' lang='lat' dir='ltr'><strong>videat,</strong></span> <span class='ocrx_word' id='word_1_586' title='bbox 2866 3920 3028 3987; x_wconf 83' lang='lat' dir='ltr'><strong>eique</strong></span> <span class='ocrx_word' id='word_1_587' title='bbox 3083 3925 3353 3973; x_wconf 83' lang='lat' dir='ltr'><strong>ministret</strong></span> <span class='ocrx_word' id='word_1_588' title='bbox 3404 3935 3638 3974; x_wconf 89' lang='lat' dir='ltr'><strong>:verum</strong></span> <span class='ocrx_word' id='word_1_589' title='bbox 3681 3923 3842 3973; x_wconf 86' lang='lat' dir='ltr'><strong>etiam</strong></span> <span class='ocrx_word' id='word_1_590' title='bbox 3892 3922 3980 3986; x_wconf 85' lang='lat' dir='ltr'><strong>qui</strong></span> 
     </span>
    </p>
   </div>
   <div class='ocr_carea' id='block_1_86' title="bbox 2425 3977 3984 4053">
    <p class='ocr_par' dir='ltr' id='par_1_86' title="bbox 2425 3977 3984 4053">
     <span class='ocr_line' id='line_1_86' title="bbox 2425 3977 3984 4053; baseline 0 -13"><span class='ocrx_word' id='word_1_591' title='bbox 2425 3989 2478 4040; x_wconf 89' lang='lat' dir='ltr'><strong>in</strong></span> <span class='ocrx_word' id='word_1_592' title='bbox 2534 3989 2722 4042; x_wconf 88' lang='lat' dir='ltr'><strong>eadem</strong></span> <span class='ocrx_word' id='word_1_593' title='bbox 2767 3977 2908 4042; x_wconf 76' lang='lat' dir='ltr'><strong>cella&#39;</strong></span> <span class='ocrx_word' id='word_1_594' title='bbox 2939 3977 3079 4043; x_wconf 60' lang='lat' dir='ltr'><strong>&#39;cum</strong></span> <span class='ocrx_word' id='word_1_595' title='bbox 3137 3991 3324 4044; x_wconf 81' lang='lat' dir='ltr'><strong>cadent</strong></span> <span class='ocrx_word' id='word_1_596' title='bbox 3378 3997 3784 4053; x_wconf 88' lang='lat' dir='ltr'><strong>commoretur,</strong></span> <span class='ocrx_word' id='word_1_597' title='bbox 3821 4000 3875 4044; x_wconf 87' lang='lat' dir='ltr'><strong>et</strong></span> <span class='ocrx_word' id='word_1_598' title='bbox 3911 3977 3984 4040; x_wconf 56' lang='lat' dir='ltr'><strong>ii.</strong></span> 
     </span>
    </p>
   </div>
   <div class='ocr_carea' id='block_1_87' title="bbox 2423 4064 2850 4112">
    <p class='ocr_par' dir='ltr' id='par_1_87' title="bbox 2423 4064 2850 4112">
     <span class='ocr_line' id='line_1_87' title="bbox 2423 4064 2850 4112; baseline -0.007 -3"><span class='ocrx_word' id='word_1_599' title='bbox 2423 4064 2534 4112; x_wconf 87' lang='lat' dir='ltr'><strong>vat.</strong></span> <span class='ocrx_word' id='word_1_600' title='bbox 2841 4098 2850 4106; x_wconf 95' lang='lat'><strong>.</strong></span> 
     </span>
    </p>
   </div>
   <div class='ocr_carea' id='block_1_88' title="bbox 2505 4124 3984 4198">
    <p class='ocr_par' dir='ltr' id='par_1_88' title="bbox 2505 4124 3984 4198">
     <span class='ocr_line' id='line_1_88' title="bbox 2505 4124 3984 4198; baseline 0.001 -21"><span class='ocrx_word' id='word_1_601' title='bbox 2505 4143 2523 4177; x_wconf 84' lang='lat' dir='ltr'><strong>t</strong></span> <span class='ocrx_word' id='word_1_602' title='bbox 2567 4124 2716 4179; x_wconf 82' lang='lat' dir='ltr'><strong>Multi</strong></span> <span class='ocrx_word' id='word_1_603' title='bbox 2779 4126 2906 4180; x_wconf 85' lang='lat' dir='ltr'><strong>huic</strong></span> <span class='ocrx_word' id='word_1_604' title='bbox 2952 4129 3100 4188; x_wconf 71' lang='lat' dir='ltr'><strong>vitae.</strong></span> <span class='ocrx_word' id='word_1_605' title='bbox 3160 4129 3434 4196; x_wconf 85' lang='lat' dir='ltr'><strong>rebusque</strong></span> <span class='ocrx_word' id='word_1_606' title='bbox 3493 4128 3774 4198; x_wconf 88' lang='lat' dir='ltr'><strong>perituris,</strong></span> <span class='ocrx_word' id='word_1_607' title='bbox 3833 4128 3984 4194; x_wconf 83' lang='lat' dir='ltr'><strong>pauci</strong></span> 
     </span>
    </p>
   </div>
   <div class='ocr_carea' id='block_1_89' title="bbox 2425 4196 3988 4265">
    <p class='ocr_par' dir='ltr' id='par_1_89' title="bbox 2425 4196 3988 4265">
     <span class='ocr_line' id='line_1_89' title="bbox 2425 4196 3988 4265; baseline 0 -17"><span class='ocrx_word' id='word_1_608' title='bbox 2425 4196 3002 4265; x_wconf 27' lang='lat' dir='ltr'><strong>etiamAvoluntatibus</strong></span> <span class='ocrx_word' id='word_1_609' title='bbox 3035 4199 3148 4252; x_wconf 88' lang='lat' dir='ltr'><strong>suis</strong></span> <span class='ocrx_word' id='word_1_610' title='bbox 3189 4196 3506 4251; x_wconf 83' lang='lat' dir='ltr'><strong>renuntiant</strong></span> <span class='ocrx_word' id='word_1_611' title='bbox 3542 4215 3557 4253; x_wconf 90' lang='lat'><strong>:</strong></span> <span class='ocrx_word' id='word_1_612' title='bbox 3589 4198 3656 4252; x_wconf 89' lang='lat' dir='ltr'><strong>de</strong></span> <span class='ocrx_word' id='word_1_613' title='bbox 3686 4199 3886 4265; x_wconf 87' lang='lat' dir='ltr'><strong>quibus</strong></span> <span class='ocrx_word' id='word_1_614' title='bbox 3914 4200 3988 4248; x_wconf 89' lang='lat' dir='ltr'><strong>di-</strong></span> 
     </span>
    </p>
   </div>
   <div class='ocr_carea' id='block_1_90' title="bbox 2429 4263 3988 4336">
    <p class='ocr_par' dir='ltr' id='par_1_90' title="bbox 2429 4263 3988 4336">
     <span class='ocr_line' id='line_1_90' title="bbox 2429 4263 3988 4336; baseline 0 -18"><span class='ocrx_word' id='word_1_615' title='bbox 2429 4267 2553 4318; x_wconf 79' lang='lat' dir='ltr'><strong>vina</strong></span> <span class='ocrx_word' id='word_1_616' title='bbox 2596 4263 2929 4336; x_wconf 75' lang='lat' dir='ltr'><strong>Scriptura:</strong></span> <span class='ocrx_word' id='word_1_617' title='bbox 2974 4285 2992 4317; x_wconf 80' lang='grc'><strong>(</strong></span> <span class='ocrx_word' id='word_1_618' title='bbox 3038 4267 3186 4320; x_wconf 84' lang='lat' dir='ltr'><strong>Multi</strong></span> <span class='ocrx_word' id='word_1_619' title='bbox 3236 4277 3367 4321; x_wconf 86' lang='lat' dir='ltr'><strong>sunt</strong></span> <span class='ocrx_word' id='word_1_620' title='bbox 3418 4268 3616 4332; x_wconf 75' lang='lat' dir='ltr'><strong>vocati,</strong></span> <span class='ocrx_word' id='word_1_621' title='bbox 3661 4263 3820 4336; x_wconf 79' lang='lat' dir='ltr'><strong>pauci</strong></span> <span class='ocrx_word' id='word_1_622' title='bbox 3866 4281 3988 4320; x_wconf 85' lang='lat' dir='ltr'><strong>vero</strong></span> 
     </span>
    </p>
   </div>
   <div class='ocr_carea' id='block_1_91' title="bbox 2430 4335 3203 4404">
    <p class='ocr_par' dir='ltr' id='par_1_91' title="bbox 2430 4335 3203 4404">
     <span class='ocr_line' id='line_1_91' title="bbox 2430 4335 3203 4404; baseline 0 -15"><span class='ocrx_word' id='word_1_623' title='bbox 2430 4337 2612 4404; x_wconf 82' lang='lat' dir='ltr'><strong>electi.</strong></span> <span class='ocrx_word' id='word_1_624' title='bbox 2655 4352 2672 4384; x_wconf 71' lang='grc' dir='ltr'><strong>ι</strong></span> <span class='ocrx_word' id='word_1_625' title='bbox 2714 4335 2930 4403; x_wconf 75' lang='lat' dir='ltr'><strong>(Matth.</strong></span> <span class='ocrx_word' id='word_1_626' title='bbox 2966 4337 3203 4404; x_wconf 68' lang='lat'><strong>“,46.)</strong></span> 
     </span>
    </p>
   </div>
   <div class='ocr_carea' id='block_1_92' title="bbox 2508 4403 3987 4475">
    <p class='ocr_par' dir='ltr' id='par_1_92' title="bbox 2508 4403 3987 4475">
     <span class='ocr_line' id='line_1_92' title="bbox 2508 4403 3987 4475; baseline 0 -20"><span class='ocrx_word' id='word_1_627' title='bbox 2508 4421 2526 4454; x_wconf 77' lang='grc' dir='ltr'><strong>ι</strong></span> <span class='ocrx_word' id='word_1_628' title='bbox 2562 4403 2790 4468; x_wconf 86' lang='lat' dir='ltr'><strong>Quando</strong></span> <span class='ocrx_word' id='word_1_629' title='bbox 2822 4419 2945 4457; x_wconf 87' lang='lat' dir='ltr'><strong>cum</strong></span> <span class='ocrx_word' id='word_1_630' title='bbox 2981 4405 3210 4459; x_wconf 75' lang='lat' dir='ltr'><strong>fratrum</strong></span> <span class='ocrx_word' id='word_1_631' title='bbox 3243 4406 3473 4475; x_wconf 79' lang='lat' dir='ltr'><strong>collegio</strong></span> <span class='ocrx_word' id='word_1_632' title='bbox 3526 4420 3727 4462; x_wconf 74' lang='lat' dir='ltr'><strong>mensa:</strong></span> <span class='ocrx_word' id='word_1_633' title='bbox 3772 4419 3987 4460; x_wconf 89' lang='lat' dir='ltr'><strong>accum-</strong></span> 
     </span>
    </p>
   </div>
   <div class='ocr_carea' id='block_1_93' title="bbox 2435 4472 3985 4542">
    <p class='ocr_par' dir='ltr' id='par_1_93' title="bbox 2435 4472 3985 4542">
     <span class='ocr_line' id='line_1_93' title="bbox 2435 4472 3985 4542; baseline 0 -17"><span class='ocrx_word' id='word_1_634' title='bbox 2435 4472 2540 4536; x_wconf 80' lang='lat' dir='ltr'><strong>bis,</strong></span> <span class='ocrx_word' id='word_1_635' title='bbox 2575 4483 2629 4525; x_wconf 91' lang='lat' dir='ltr'><strong>et</strong></span> <span class='ocrx_word' id='word_1_636' title='bbox 2663 4481 2840 4527; x_wconf 90' lang='lat' dir='ltr'><strong>mente</strong></span> <span class='ocrx_word' id='word_1_637' title='bbox 2870 4476 3073 4539; x_wconf 87' lang='lat' dir='ltr'><strong>omnia,</strong></span> <span class='ocrx_word' id='word_1_638' title='bbox 3106 4486 3162 4528; x_wconf 92' lang='lat' dir='ltr'><strong>ut</strong></span> <span class='ocrx_word' id='word_1_639' title='bbox 3198 4472 3446 4528; x_wconf 70' lang='lat' dir='ltr'><strong>utubrain</strong></span> <span class='ocrx_word' id='word_1_640' title='bbox 3483 4478 3657 4530; x_wconf 89' lang='lat' dir='ltr'><strong>oculis</strong></span> <span class='ocrx_word' id='word_1_641' title='bbox 3687 4478 3985 4542; x_wconf 86' lang='lat' dir='ltr'><strong>descripse-</strong></span> 
     </span>
    </p>
   </div>
   <div class='ocr_carea' id='block_1_94' title="bbox 2437 4544 3988 4612">
    <p class='ocr_par' dir='ltr' id='par_1_94' title="bbox 2437 4544 3988 4612">
     <span class='ocr_line' id='line_1_94' title="bbox 2437 4544 3988 4612; baseline 0.001 -18"><span class='ocrx_word' id='word_1_642' title='bbox 2437 4544 2536 4603; x_wconf 88' lang='lat' dir='ltr'><strong>ris,</strong></span> <span class='ocrx_word' id='word_1_643' title='bbox 2569 4559 2633 4596; x_wconf 91' lang='lat' dir='ltr'><strong>ac</strong></span> <span class='ocrx_word' id='word_1_644' title='bbox 2667 4548 3101 4612; x_wconf 77' lang='lat' dir='ltr'><strong>repr;esetttaris,</strong></span> <span class='ocrx_word' id='word_1_645' title='bbox 3135 4545 3349 4612; x_wconf 89' lang='lat' dir='ltr'><strong>cibique</strong></span> <span class='ocrx_word' id='word_1_646' title='bbox 3372 4550 3692 4599; x_wconf 88' lang='lat' dir='ltr'><strong>suavitatem</strong></span> <span class='ocrx_word' id='word_1_647' title='bbox 3722 4561 3832 4598; x_wconf 90' lang='lat' dir='ltr'><strong>non</strong></span> <span class='ocrx_word' id='word_1_648' title='bbox 3871 4558 3988 4598; x_wconf 83' lang='lat' dir='ltr'><strong>scn-</strong></span> 
     </span>
    </p>
   </div>
   <div class='ocr_carea' id='block_1_95' title="bbox 2438 4611 3988 4674">
    <p class='ocr_par' dir='ltr' id='par_1_95' title="bbox 2438 4611 3988 4674">
     <span class='ocr_line' id='line_1_95' title="bbox 2438 4611 3988 4674; baseline -0.003 -9"><span class='ocrx_word' id='word_1_649' title='bbox 2438 4615 2577 4665; x_wconf 82' lang='lat' dir='ltr'><strong>seris</strong></span> <span class='ocrx_word' id='word_1_650' title='bbox 2629 4630 2642 4664; x_wconf 88' lang='lat'><strong>:</strong></span> <span class='ocrx_word' id='word_1_651' title='bbox 2703 4611 2797 4665; x_wconf 89' lang='lat' dir='ltr'><strong>sed</strong></span> <span class='ocrx_word' id='word_1_652' title='bbox 2849 4621 3017 4667; x_wconf 89' lang='lat' dir='ltr'><strong>totam</strong></span> <span class='ocrx_word' id='word_1_653' title='bbox 3075 4611 3312 4668; x_wconf 87' lang='lat' dir='ltr'><strong>animam</strong></span> <span class='ocrx_word' id='word_1_654' title='bbox 3369 4615 3631 4670; x_wconf 87' lang='lat' dir='ltr'><strong>miraculo</strong></span> <span class='ocrx_word' id='word_1_655' title='bbox 3693 4623 3988 4674; x_wconf 85' lang='lat' dir='ltr'><strong>attonitam,</strong></span> 
     </span>
    </p>
   </div>
   <div class='ocr_carea' id='block_1_96' title="bbox 834 4757 3992 4828">
    <p class='ocr_par' dir='ltr' id='par_1_96' title="bbox 834 4757 3992 4828">
     <span class='ocr_line' id='line_1_96' title="bbox 834 4757 3992 4828; baseline -0 -15"><span class='ocrx_word' id='word_1_656' title='bbox 834 4765 910 4828; x_wconf 82' lang='grc' dir='ltr'>(ιι)</span> <span class='ocrx_word' id='word_1_657' title='bbox 946 4762 1094 4816; x_wconf 81' lang='lat' dir='ltr'><strong>Nihil</strong></span> <span class='ocrx_word' id='word_1_658' title='bbox 1122 4760 1292 4826; x_wconf 75' lang='lat' dir='ltr'><strong>magis</strong></span> <span class='ocrx_word' id='word_1_659' title='bbox 1325 4761 1599 4816; x_wconf 77' lang='lat' dir='ltr'><strong>veteribus</strong></span> <span class='ocrx_word' id='word_1_660' title='bbox 1656 4761 1973 4814; x_wconf 66' lang='lat' dir='ltr'><strong>monasticae</strong></span> <span class='ocrx_word' id='word_1_661' title='bbox 2021 4760 2148 4812; x_wconf 50' lang='lat' dir='ltr'><strong>vitae</strong></span> <span class='ocrx_word' id='word_1_662' title='bbox 2191 4758 2469 4827; x_wconf 75' lang='lat' dir='ltr'><strong>magistris</strong></span> <span class='ocrx_word' id='word_1_663' title='bbox 2508 4774 2653 4812; x_wconf 68' lang='lat' dir='ltr'><strong>curm</strong></span> <span class='ocrx_word' id='word_1_664' title='bbox 2683 4768 2736 4814; x_wconf 90' lang='lat' dir='ltr'><strong>et</strong></span> <span class='ocrx_word' id='word_1_665' title='bbox 2761 4759 2912 4814; x_wconf 88' lang='lat' dir='ltr'><strong>cordi</strong></span> <span class='ocrx_word' id='word_1_666' title='bbox 2948 4761 3084 4826; x_wconf 79' lang='lat' dir='ltr'><strong>fuit;</strong></span> <span class='ocrx_word' id='word_1_667' title='bbox 3125 4776 3283 4828; x_wconf 87' lang='lat' dir='ltr'><strong>quam</strong></span> <span class='ocrx_word' id='word_1_668' title='bbox 3325 4768 3381 4815; x_wconf 92' lang='lat' dir='ltr'><strong>ut</strong></span> <span class='ocrx_word' id='word_1_669' title='bbox 3445 4759 3656 4816; x_wconf 83' lang='lat' dir='ltr'><strong>tirones</strong></span> <span class='ocrx_word' id='word_1_670' title='bbox 3695 4758 3840 4812; x_wconf 85' lang='lat' dir='ltr'><strong>Patri</strong></span> <span class='ocrx_word' id='word_1_671' title='bbox 3891 4757 3992 4828; x_wconf 89' lang='lat' dir='ltr'><strong>spi-</strong></span> 
     </span>
    </p>
   </div>
   <div class='ocr_carea' id='block_1_97' title="bbox 763 4829 3984 4899">
    <p class='ocr_par' dir='ltr' id='par_1_97' title="bbox 763 4829 3984 4899">
     <span class='ocr_line' id='line_1_97' title="bbox 763 4829 3984 4899; baseline -0.001 -14"><span class='ocrx_word' id='word_1_672' title='bbox 763 4833 948 4885; x_wconf 89' lang='lat' dir='ltr'><strong>rituali</strong></span> <span class='ocrx_word' id='word_1_673' title='bbox 987 4836 1204 4899; x_wconf 87' lang='lat' dir='ltr'><strong>penitus</strong></span> <span class='ocrx_word' id='word_1_674' title='bbox 1234 4832 1608 4896; x_wconf 71' lang='lat' dir='ltr'><strong>subiicerent;</strong></span> <span class='ocrx_word' id='word_1_675' title='bbox 1649 4832 1797 4882; x_wconf 79' lang='lat' dir='ltr'><strong>illius</strong></span> <span class='ocrx_word' id='word_1_676' title='bbox 1846 4831 2059 4895; x_wconf 71' lang='lat' dir='ltr'><strong>iniussu</strong></span> <span class='ocrx_word' id='word_1_677' title='bbox 2096 4829 2225 4882; x_wconf 87' lang='lat' dir='ltr'><strong>nihil</strong></span> <span class='ocrx_word' id='word_1_678' title='bbox 2263 4837 2522 4896; x_wconf 78' lang='lat' dir='ltr'><strong>agerent;</strong></span> <span class='ocrx_word' id='word_1_679' title='bbox 2579 4830 2896 4898; x_wconf 83' lang='lat' dir='ltr'><strong>nullamque</strong></span> <span class='ocrx_word' id='word_1_680' title='bbox 2937 4832 3327 4898; x_wconf 80' lang='lat' dir='ltr'><strong>cogitationem</strong></span> <span class='ocrx_word' id='word_1_681' title='bbox 3389 4841 3663 4896; x_wconf 77' lang='lat' dir='ltr'><strong>pra-teme</strong></span> <span class='ocrx_word' id='word_1_682' title='bbox 3705 4831 3984 4889; x_wconf 82' lang='lat' dir='ltr'><strong>sinerent;</strong></span> 
     </span>
    </p>
   </div>
   <div class='ocr_carea' id='block_1_98' title="bbox 764 4899 3989 4970">
    <p class='ocr_par' dir='ltr' id='par_1_98' title="bbox 764 4899 3989 4970">
     <span class='ocr_line' id='line_1_98' title="bbox 764 4899 3989 4970; baseline -0.002 -16"><span class='ocrx_word' id='word_1_683' title='bbox 764 4918 924 4970; x_wconf 87' lang='lat' dir='ltr'><strong>quam</strong></span> <span class='ocrx_word' id='word_1_684' title='bbox 957 4903 1004 4955; x_wconf 90' lang='lat' dir='ltr'><strong>ei</strong></span> <span class='ocrx_word' id='word_1_685' title='bbox 1037 4917 1141 4953; x_wconf 85' lang='lat' dir='ltr'><strong>non</strong></span> <span class='ocrx_word' id='word_1_686' title='bbox 1182 4901 1553 4967; x_wconf 77' lang='lat' dir='ltr'><strong>patefacerent</strong></span> <span class='ocrx_word' id='word_1_687' title='bbox 1599 4919 1611 4954; x_wconf 91' lang='lat'><strong>:</strong></span> <span class='ocrx_word' id='word_1_688' title='bbox 1648 4899 2032 4970; x_wconf 76' lang='lat' dir='ltr'><strong>Instituuntur,</strong></span> <span class='ocrx_word' id='word_1_689' title='bbox 2067 4899 2243 4966; x_wconf 90' lang='lat' dir='ltr'><strong>inquit</strong></span> <span class='ocrx_word' id='word_1_690' title='bbox 2272 4901 2567 4970; x_wconf 70' lang='lat' dir='ltr'><strong>Cassianus</strong></span> <span class='ocrx_word' id='word_1_691' title='bbox 2595 4899 2690 4953; x_wconf 91' lang='lat' dir='ltr'><strong>lib.</strong></span> <span class='ocrx_word' id='word_1_692' title='bbox 2728 4914 2813 4970; x_wconf 59' lang='lat' dir='ltr'><strong>tu</strong></span> <span class='ocrx_word' id='word_1_693' title='bbox 2852 4900 2927 4952; x_wconf 81' lang='lat' dir='ltr'><strong>De</strong></span> <span class='ocrx_word' id='word_1_694' title='bbox 2967 4902 3138 4952; x_wconf 86' lang='lat' dir='ltr'><strong>instit.</strong></span> <span class='ocrx_word' id='word_1_695' title='bbox 3198 4901 3546 4953; x_wconf 83' lang='lat' dir='ltr'><strong>renuntiant.:</strong></span> <span class='ocrx_word' id='word_1_696' title='bbox 3574 4914 3692 4970; x_wconf 85' lang='lat' dir='ltr'><strong>cap.</strong></span> <span class='ocrx_word' id='word_1_697' title='bbox 3725 4900 3776 4962; x_wconf 85' lang='lat'><strong>9,</strong></span> <span class='ocrx_word' id='word_1_698' title='bbox 3825 4899 3989 4950; x_wconf 79' lang='lat' dir='ltr'><strong>nullas</strong></span> 
     </span>
    </p>
   </div>
   <div class='ocr_carea' id='block_1_99' title="bbox 763 4968 3990 5041">
    <p class='ocr_par' dir='ltr' id='par_1_99' title="bbox 763 4968 3990 5041">
     <span class='ocr_line' id='line_1_99' title="bbox 763 4968 3990 5041; baseline -0.002 -16"><span class='ocrx_word' id='word_1_699' title='bbox 763 4968 972 5041; x_wconf 59' lang='lat' dir='ltr'><strong>penitus</strong></span> <span class='ocrx_word' id='word_1_700' title='bbox 1005 4973 1349 5039; x_wconf 78' lang='lat' dir='ltr'><strong>cogitationes</strong></span> <span class='ocrx_word' id='word_1_701' title='bbox 1385 4972 1677 5036; x_wconf 82' lang='lat' dir='ltr'><strong>prurientes</strong></span> <span class='ocrx_word' id='word_1_702' title='bbox 1708 4971 1758 5021; x_wconf 87' lang='lat' dir='ltr'><strong>in</strong></span> <span class='ocrx_word' id='word_1_703' title='bbox 1794 4968 1950 5021; x_wconf 87' lang='lat' dir='ltr'><strong>corde</strong></span> <span class='ocrx_word' id='word_1_704' title='bbox 1993 4969 2289 5041; x_wconf 75' lang='lat' dir='ltr'><strong>perniciosa</strong></span> <span class='ocrx_word' id='word_1_705' title='bbox 2311 4969 2627 5041; x_wconf 62' lang='lat' dir='ltr'><strong>confusione</strong></span> <span class='ocrx_word' id='word_1_706' title='bbox 2665 4968 2858 5041; x_wconf 72' lang='lat' dir='ltr'><strong>cetere,</strong></span> <span class='ocrx_word' id='word_1_707' title='bbox 2883 4969 2971 5020; x_wconf 82' lang='lat' dir='ltr'><strong>sed</strong></span> <span class='ocrx_word' id='word_1_708' title='bbox 2996 4971 3305 5041; x_wconf 70' lang='lat' dir='ltr'><strong>confestim,</strong></span> <span class='ocrx_word' id='word_1_709' title='bbox 3339 4978 3394 5021; x_wconf 89' lang='lat' dir='ltr'><strong>ut</strong></span> <span class='ocrx_word' id='word_1_710' title='bbox 3425 4969 3885 5041; x_wconf 65' lang='lat' dir='ltr'><strong>exorttefuerint,</strong></span> <span class='ocrx_word' id='word_1_711' title='bbox 3912 4982 3990 5020; x_wconf 78' lang='lat' dir='ltr'><strong>eat</strong></span> 
     </span>
    </p>
   </div>
   <div class='ocr_carea' id='block_1_100' title="bbox 767 5037 3992 5108">
    <p class='ocr_par' dir='ltr' id='par_1_100' title="bbox 767 5037 3992 5108">
     <span class='ocr_line' id='line_1_100' title="bbox 767 5037 3992 5108; baseline -0.002 -14"><span class='ocrx_word' id='word_1_712' title='bbox 767 5037 861 5094; x_wconf 79' lang='lat' dir='ltr'><strong>suo</strong></span> <span class='ocrx_word' id='word_1_713' title='bbox 896 5037 1190 5108; x_wconf 70' lang='lat' dir='ltr'><strong>patefacere</strong></span> <span class='ocrx_word' id='word_1_714' title='bbox 1212 5040 1405 5090; x_wconf 77' lang='lat' dir='ltr'><strong>seniori</strong></span> <span class='ocrx_word' id='word_1_715' title='bbox 1431 5055 1448 5091; x_wconf 90' lang='lat'><strong><em>:</em></strong></span> <span class='ocrx_word' id='word_1_716' title='bbox 1479 5055 1568 5092; x_wconf 86' lang='lat' dir='ltr'><strong>nec</strong></span> <span class='ocrx_word' id='word_1_717' title='bbox 1595 5054 1750 5105; x_wconf 81' lang='lat' dir='ltr'><strong>super</strong></span> <span class='ocrx_word' id='word_1_718' title='bbox 1774 5054 1956 5090; x_wconf 76' lang='lat' dir='ltr'><strong>earum</strong></span> <span class='ocrx_word' id='word_1_719' title='bbox 1980 5037 2187 5105; x_wconf 83' lang='lat' dir='ltr'><strong>judicio</strong></span> <span class='ocrx_word' id='word_1_720' title='bbox 2229 5037 2518 5105; x_wconf 74' lang='lat' dir='ltr'><strong>quidquam</strong></span> <span class='ocrx_word' id='word_1_721' title='bbox 2551 5052 2679 5108; x_wconf 57' lang='lat' dir='ltr'><strong>sua:</strong></span> <span class='ocrx_word' id='word_1_722' title='bbox 2699 5039 3005 5091; x_wconf 84' lang='lat' dir='ltr'><strong>discretioni</strong></span> <span class='ocrx_word' id='word_1_723' title='bbox 3055 5040 3403 5108; x_wconf 78' lang='lat' dir='ltr'><strong>committere,</strong></span> <span class='ocrx_word' id='word_1_724' title='bbox 3432 5039 3567 5108; x_wconf 31' lang='grc' dir='ltr'>τεά*</span> <span class='ocrx_word' id='word_1_725' title='bbox 3609 5037 3741 5108; x_wconf 86' lang='lat' dir='ltr'><strong>illud</strong></span> <span class='ocrx_word' id='word_1_726' title='bbox 3792 5043 3992 5090; x_wconf 73' lang='lat' dir='ltr'><strong>credere</strong></span> 
     </span>
    </p>
   </div>
   <div class='ocr_carea' id='block_1_101' title="bbox 771 5105 3990 5178">
    <p class='ocr_par' dir='ltr' id='par_1_101' title="bbox 771 5105 3990 5178">
     <span class='ocr_line' id='line_1_101' title="bbox 771 5105 3990 5178; baseline -0.001 -17"><span class='ocrx_word' id='word_1_727' title='bbox 771 5115 966 5163; x_wconf 85' lang='lat' dir='ltr'><strong>malum</strong></span> <span class='ocrx_word' id='word_1_728' title='bbox 1009 5105 1084 5162; x_wconf 67' lang='lat' dir='ltr'><strong>ret</strong></span> <span class='ocrx_word' id='word_1_729' title='bbox 1119 5109 1309 5160; x_wconf 82' lang='lat' dir='ltr'><strong>bonum</strong></span> <span class='ocrx_word' id='word_1_730' title='bbox 1345 5124 1475 5167; x_wconf 79' lang='lat' dir='ltr'><strong>esse.</strong></span> <span class='ocrx_word' id='word_1_731' title='bbox 1520 5116 1656 5178; x_wconf 84' lang='lat' dir='ltr'><strong>quod</strong></span> <span class='ocrx_word' id='word_1_732' title='bbox 1685 5109 1993 5160; x_wconf 76' lang='lat' dir='ltr'><strong>discusserit</strong></span> <span class='ocrx_word' id='word_1_733' title='bbox 2021 5123 2081 5159; x_wconf 87' lang='lat' dir='ltr'><strong>ac</strong></span> <span class='ocrx_word' id='word_1_734' title='bbox 2109 5108 2535 5172; x_wconf 79' lang='lat' dir='ltr'><strong>pronuntiat-erit</strong></span> <span class='ocrx_word' id='word_1_735' title='bbox 2571 5107 2793 5159; x_wconf 84' lang='lat' dir='ltr'><strong>senioris</strong></span> <span class='ocrx_word' id='word_1_736' title='bbox 2842 5122 3081 5160; x_wconf 80' lang='lat' dir='ltr'><strong>examen.</strong></span> <span class='ocrx_word' id='word_1_737' title='bbox 3139 5108 3204 5160; x_wconf 81' lang='lat' dir='ltr'><strong>Et</strong></span> <span class='ocrx_word' id='word_1_738' title='bbox 3226 5123 3350 5175; x_wconf 90' lang='lat' dir='ltr'><strong>cap.</strong></span> <span class='ocrx_word' id='word_1_739' title='bbox 3387 5107 3454 5159; x_wconf 80' lang='grc'><strong>10</strong></span> <span class='ocrx_word' id='word_1_740' title='bbox 3489 5123 3501 5158; x_wconf 92' lang='lat'>:</span> <span class='ocrx_word' id='word_1_741' title='bbox 3532 5105 3660 5159; x_wconf 81' lang='lat' dir='ltr'><strong>Post</strong></span> <span class='ocrx_word' id='word_1_742' title='bbox 3694 5107 3803 5158; x_wconf 67' lang='lat' dir='ltr'><strong>[nec</strong></span> <span class='ocrx_word' id='word_1_743' title='bbox 3853 5114 3990 5158; x_wconf 76' lang='lat' dir='ltr'><strong>tanta</strong></span> 
     </span>
    </p>
   </div>
   <div class='ocr_carea' id='block_1_102' title="bbox 764 5177 3990 5246">
    <p class='ocr_par' dir='ltr' id='par_1_102' title="bbox 764 5177 3990 5246">
     <span class='ocr_line' id='line_1_102' title="bbox 764 5177 3990 5246; baseline -0.002 -14"><span class='ocrx_word' id='word_1_744' title='bbox 764 5180 1099 5232; x_wconf 84' lang='lat' dir='ltr'><strong>observantia</strong></span> <span class='ocrx_word' id='word_1_745' title='bbox 1135 5179 1436 5230; x_wconf 78' lang='lat' dir='ltr'><strong>obettientite</strong></span> <span class='ocrx_word' id='word_1_746' title='bbox 1475 5177 1654 5246; x_wconf 75' lang='lat' dir='ltr'><strong>regufa</strong></span> <span class='ocrx_word' id='word_1_747' title='bbox 1682 5180 1998 5239; x_wconf 80' lang='lat' dir='ltr'><strong>custoditur,</strong></span> <span class='ocrx_word' id='word_1_748' title='bbox 2027 5188 2082 5230; x_wconf 89' lang='lat' dir='ltr'><strong>ut</strong></span> <span class='ocrx_word' id='word_1_749' title='bbox 2107 5178 2347 5244; x_wconf 82' lang='lat' dir='ltr'><strong>juniorcs</strong></span> <span class='ocrx_word' id='word_1_750' title='bbox 2371 5179 2562 5244; x_wconf 79' lang='lat' dir='ltr'><strong>absque</strong></span> <span class='ocrx_word' id='word_1_751' title='bbox 2597 5178 2869 5242; x_wconf 72' lang='grc' dir='ltr'><strong>μνωμοείιὶ</strong></span> <span class='ocrx_word' id='word_1_752' title='bbox 2898 5179 2982 5229; x_wconf 83' lang='lat' dir='ltr'><strong>sui</strong></span> <span class='ocrx_word' id='word_1_753' title='bbox 3011 5178 3229 5230; x_wconf 82' lang='lat' dir='ltr'><strong>scientia</strong></span> <span class='ocrx_word' id='word_1_754' title='bbox 3258 5177 3337 5230; x_wconf 79' lang='lat' dir='ltr'><strong>vel</strong></span> <span class='ocrx_word' id='word_1_755' title='bbox 3376 5178 3653 5244; x_wconf 79' lang='lat' dir='ltr'><strong>permissu,</strong></span> <span class='ocrx_word' id='word_1_756' title='bbox 3682 5192 3783 5228; x_wconf 88' lang='lat' dir='ltr'><strong>non</strong></span> <span class='ocrx_word' id='word_1_757' title='bbox 3829 5178 3990 5229; x_wconf 80' lang='lat' dir='ltr'><strong>solum</strong></span> 
     </span>
    </p>
   </div>
   <div class='ocr_carea' id='block_1_103' title="bbox 767 5247 3990 5314">
    <p class='ocr_par' dir='ltr' id='par_1_103' title="bbox 767 5247 3990 5314">
     <span class='ocr_line' id='line_1_103' title="bbox 767 5247 3990 5314; baseline -0.001 -14"><span class='ocrx_word' id='word_1_758' title='bbox 767 5265 873 5300; x_wconf 81' lang='lat' dir='ltr'><strong>non</strong></span> <span class='ocrx_word' id='word_1_759' title='bbox 900 5257 1129 5301; x_wconf 86' lang='lat' dir='ltr'><strong>audeant</strong></span> <span class='ocrx_word' id='word_1_760' title='bbox 1166 5249 1351 5299; x_wconf 65' lang='lat' dir='ltr'><strong>(etiam</strong></span> <span class='ocrx_word' id='word_1_761' title='bbox 1387 5251 1649 5314; x_wconf 82' lang='lat' dir='ltr'><strong>progredi,</strong></span> <span class='ocrx_word' id='word_1_762' title='bbox 1681 5249 1766 5300; x_wconf 83' lang='lat' dir='ltr'><strong>sed</strong></span> <span class='ocrx_word' id='word_1_763' title='bbox 1791 5263 1852 5300; x_wconf 85' lang='lat' dir='ltr'><strong>ne</strong></span> <span class='ocrx_word' id='word_1_764' title='bbox 1884 5249 1983 5314; x_wconf 81' lang='lat' dir='ltr'><strong>ipsi</strong></span> <span class='ocrx_word' id='word_1_765' title='bbox 2014 5248 2221 5314; x_wconf 82' lang='lat' dir='ltr'><strong>quidem</strong></span> <span class='ocrx_word' id='word_1_766' title='bbox 2250 5250 2511 5298; x_wconf 86' lang='lat' dir='ltr'><strong>communi</strong></span> <span class='ocrx_word' id='word_1_767' title='bbox 2538 5260 2601 5296; x_wconf 87' lang='lat' dir='ltr'><strong>ac</strong></span> <span class='ocrx_word' id='word_1_768' title='bbox 2629 5249 2865 5298; x_wconf 80' lang='lat' dir='ltr'><strong>naturali</strong></span> <span class='ocrx_word' id='word_1_769' title='bbox 2901 5247 3200 5299; x_wconf 81' lang='lat' dir='ltr'><strong>necessitati</strong></span> <span class='ocrx_word' id='word_1_770' title='bbox 3221 5248 3530 5314; x_wconf 77' lang='lat' dir='ltr'><strong>satisfacere</strong></span> <span class='ocrx_word' id='word_1_771' title='bbox 3555 5261 3653 5314; x_wconf 73' lang='lat' dir='ltr'><strong>sua</strong></span> <span class='ocrx_word' id='word_1_772' title='bbox 3683 5249 3990 5298; x_wconf 73' lang='lat' dir='ltr'><strong>auctoritate</strong></span> 
     </span>
    </p>
   </div>
   <div class='ocr_carea' id='block_1_104' title="bbox 761 5313 3990 5385">
    <p class='ocr_par' dir='ltr' id='par_1_104' title="bbox 761 5313 3990 5385">
     <span class='ocr_line' id='line_1_104' title="bbox 761 5313 3990 5385; baseline -0.001 -17"><span class='ocrx_word' id='word_1_773' title='bbox 761 5327 1113 5385; x_wconf 78' lang='lat' dir='ltr'><strong>pra’sutttattt.</strong></span> <span class='ocrx_word' id='word_1_774' title='bbox 1157 5317 1234 5370; x_wconf 80' lang='lat' dir='ltr'><strong>Ad</strong></span> <span class='ocrx_word' id='word_1_775' title='bbox 1271 5313 1432 5384; x_wconf 83' lang='lat' dir='ltr'><strong>quam</strong></span> <span class='ocrx_word' id='word_1_776' title='bbox 1464 5320 1878 5385; x_wconf 71' lang='lat' dir='ltr'><strong>perfectissima:</strong></span> <span class='ocrx_word' id='word_1_777' title='bbox 1900 5313 2260 5384; x_wconf 85' lang='lat' dir='ltr'><strong>subjectionis</strong></span> <span class='ocrx_word' id='word_1_778' title='bbox 2294 5329 2542 5367; x_wconf 83' lang='lat' dir='ltr'><strong>normam</strong></span> <span class='ocrx_word' id='word_1_779' title='bbox 2572 5316 2805 5382; x_wconf 88' lang='lat' dir='ltr'><strong>pertinet</strong></span> <span class='ocrx_word' id='word_1_780' title='bbox 2844 5314 3052 5378; x_wconf 87' lang='lat' dir='ltr'><strong>itidem,</strong></span> <span class='ocrx_word' id='word_1_781' title='bbox 3093 5320 3235 5385; x_wconf 85' lang='lat' dir='ltr'><strong>quud</strong></span> <span class='ocrx_word' id='word_1_782' title='bbox 3269 5313 3370 5370; x_wconf 86' lang='lat' dir='ltr'><strong>hoc</strong></span> <span class='ocrx_word' id='word_1_783' title='bbox 3396 5317 3528 5385; x_wconf 92' lang='lat' dir='ltr'><strong>loco_</strong></span> <span class='ocrx_word' id='word_1_784' title='bbox 3548 5313 3783 5385; x_wconf 83' lang='lat' dir='ltr'><strong>Symeon</strong></span> <span class='ocrx_word' id='word_1_785' title='bbox 3809 5314 3990 5385; x_wconf 61' lang='lat' dir='ltr'><strong>prieci-</strong></span> 
     </span>
    </p>
   </div>
   <div class='ocr_carea' id='block_1_105' title="bbox 766 5381 3991 5456">
    <p class='ocr_par' dir='ltr' id='par_1_105' title="bbox 766 5381 3991 5456">
     <span class='ocr_line' id='line_1_105' title="bbox 766 5381 3991 5456; baseline -0.001 -18"><span class='ocrx_word' id='word_1_786' title='bbox 766 5381 885 5456; x_wconf 59' lang='lat' dir='ltr'><strong>&#39;pit;</strong></span> <span class='ocrx_word' id='word_1_787' title='bbox 917 5388 1132 5442; x_wconf 80' lang='lat' dir='ltr'><strong>tametsi</strong></span> <span class='ocrx_word' id='word_1_788' title='bbox 1163 5387 1254 5456; x_wconf 86' lang='lat' dir='ltr'><strong>qui</strong></span> <span class='ocrx_word' id='word_1_789' title='bbox 1288 5381 1398 5439; x_wconf 80' lang='lat' dir='ltr'><strong>rem</strong></span> <span class='ocrx_word' id='word_1_790' title='bbox 1434 5381 1745 5441; x_wconf 54' lang='lat' dir='ltr'><strong>accuratius</strong></span> <span class='ocrx_word' id='word_1_791' title='bbox 1795 5404 1901 5439; x_wconf 88' lang='lat' dir='ltr'><strong>non</strong></span> <span class='ocrx_word' id='word_1_792' title='bbox 1943 5381 2249 5454; x_wconf 79' lang='lat' dir='ltr'><strong>perpendit,</strong></span> <span class='ocrx_word' id='word_1_793' title='bbox 2293 5385 2520 5456; x_wconf 86' lang='lat' dir='ltr'><strong>credere</strong></span> <span class='ocrx_word' id='word_1_794' title='bbox 2556 5385 2805 5438; x_wconf 75' lang='lat' dir='ltr'><strong>fortassis</strong></span> <span class='ocrx_word' id='word_1_795' title='bbox 2863 5395 3048 5454; x_wconf 87' lang='lat' dir='ltr'><strong>posset</strong></span> <span class='ocrx_word' id='word_1_796' title='bbox 3085 5381 3444 5456; x_wconf 80' lang='lat' dir='ltr'><strong>tentationem</strong></span> <span class='ocrx_word' id='word_1_797' title='bbox 3502 5381 3601 5437; x_wconf 86' lang='lat' dir='ltr'><strong>Dei</strong></span> <span class='ocrx_word' id='word_1_798' title='bbox 3634 5381 3991 5456; x_wconf 66' lang='lat' dir='ltr'><strong>includi,sztl-</strong></span> 
     </span>
    </p>
   </div>
   <div class='ocr_carea' id='block_1_106' title="bbox 774 5454 3988 5525">
    <p class='ocr_par' dir='ltr' id='par_1_106' title="bbox 774 5454 3988 5525">
     <span class='ocr_line' id='line_1_106' title="bbox 774 5454 3988 5525; baseline -0.001 -17"><span class='ocrx_word' id='word_1_799' title='bbox 774 5454 880 5508; x_wconf 82' lang='lat' dir='ltr'><strong>ient</strong></span> <span class='ocrx_word' id='word_1_800' title='bbox 918 5454 1334 5523; x_wconf 75' lang='lat' dir='ltr'><strong>interpretative,</strong></span> <span class='ocrx_word' id='word_1_801' title='bbox 1368 5459 1418 5508; x_wconf 92' lang='lat' dir='ltr'><strong>in</strong></span> <span class='ocrx_word' id='word_1_802' title='bbox 1455 5457 1591 5508; x_wconf 79' lang='lat' dir='ltr'><strong>factu</strong></span> <span class='ocrx_word' id='word_1_803' title='bbox 1619 5459 1914 5509; x_wconf 87' lang='lat' dir='ltr'><strong>secundum</strong></span> <span class='ocrx_word' id='word_1_804' title='bbox 1949 5455 2337 5525; x_wconf 71' lang='lat' dir='ltr'><strong>prmerptionis</strong></span> <span class='ocrx_word' id='word_1_805' title='bbox 2375 5455 2561 5525; x_wconf 28' lang='lat' dir='ltr'><strong>Ahujus</strong></span> <span class='ocrx_word' id='word_1_806' title='bbox 2596 5455 2970 5525; x_wconf 68' lang='lat' dir='ltr'><strong>praescriptum</strong></span> <span class='ocrx_word' id='word_1_807' title='bbox 3024 5467 3296 5519; x_wconf 89' lang='lat' dir='ltr'><strong>suscepto.</strong></span> <span class='ocrx_word' id='word_1_808' title='bbox 3332 5454 3438 5508; x_wconf 82' lang='lat' dir='ltr'><strong>Sed</strong></span> <span class='ocrx_word' id='word_1_809' title='bbox 3471 5468 3656 5525; x_wconf 18' lang='lat' dir='ltr'><strong>Asecus</strong></span> <span class='ocrx_word' id='word_1_810' title='bbox 3691 5469 3750 5507; x_wconf 80' lang='lat' dir='ltr'><strong>se</strong></span> <span class='ocrx_word' id='word_1_811' title='bbox 3795 5455 3988 5515; x_wconf 76' lang='lat' dir='ltr'><strong>habet;</strong></span> 
     </span>
    </p>
   </div>
   <div class='ocr_carea' id='block_1_107' title="bbox 765 5522 3989 5595">
    <p class='ocr_par' dir='ltr' id='par_1_107' title="bbox 765 5522 3989 5595">
     <span class='ocr_line' id='line_1_107' title="bbox 765 5522 3989 5595; baseline -0 -20"><span class='ocrx_word' id='word_1_812' title='bbox 765 5543 920 5595; x_wconf 82' lang='lat' dir='ltr'><strong>quia,</strong></span> <span class='ocrx_word' id='word_1_813' title='bbox 950 5537 1005 5578; x_wconf 92' lang='lat' dir='ltr'><strong>ut</strong></span> <span class='ocrx_word' id='word_1_814' title='bbox 1035 5522 1194 5580; x_wconf 84' lang='lat' dir='ltr'><strong>docet</strong></span> <span class='ocrx_word' id='word_1_815' title='bbox 1231 5535 1454 5580; x_wconf 80' lang='lat' dir='ltr'><strong>sanctus</strong></span> <span class='ocrx_word' id='word_1_816' title='bbox 1489 5525 1722 5578; x_wconf 84' lang='lat' dir='ltr'><strong>Thomas</strong></span> <span class='ocrx_word' id='word_1_817' title='bbox 1745 5527 1864 5588; x_wconf 69' lang='lat'><strong>2—2,</strong></span> <span class='ocrx_word' id='word_1_818' title='bbox 1903 5522 1963 5592; x_wconf 47' lang='lat' dir='ltr'><strong>qi</strong></span> <span class='ocrx_word' id='word_1_819' title='bbox 1998 5527 2084 5586; x_wconf 74' lang='lat' dir='ltr'><strong>U7,</strong></span> <span class='ocrx_word' id='word_1_820' title='bbox 2125 5522 2226 5577; x_wconf 81' lang='lat' dir='ltr'><strong>art.</strong></span> <span class='ocrx_word' id='word_1_821' title='bbox 2248 5524 2277 5576; x_wconf 71' lang='grc' dir='ltr'><strong>ἰ</strong></span> <span class='ocrx_word' id='word_1_822' title='bbox 2311 5543 2322 5576; x_wconf 88' lang='grc'><strong>;</strong></span> <span class='ocrx_word' id='word_1_823' title='bbox 2355 5522 2581 5586; x_wconf 82' lang='lat' dir='ltr'><strong>Quando</strong></span> <span class='ocrx_word' id='word_1_824' title='bbox 2611 5524 2728 5589; x_wconf 82' lang='lat' dir='ltr'><strong>quis</strong></span> <span class='ocrx_word' id='word_1_825' title='bbox 2763 5534 2974 5591; x_wconf 67' lang='lat' dir='ltr'><strong>promer</strong></span> <span class='ocrx_word' id='word_1_826' title='bbox 3015 5526 3250 5595; x_wconf 81' lang='lat' dir='ltr'><strong>aliquam</strong></span> <span class='ocrx_word' id='word_1_827' title='bbox 3285 5523 3644 5595; x_wconf 62' lang='lat' dir='ltr'><strong>necessitatem</strong></span> <span class='ocrx_word' id='word_1_828' title='bbox 3673 5539 3764 5576; x_wconf 83' lang='lat' dir='ltr'><strong>seu</strong></span> <span class='ocrx_word' id='word_1_829' title='bbox 3795 5525 3989 5575; x_wconf 77' lang='lat' dir='ltr'><strong>utilita-</strong></span> 
     </span>
    </p>
   </div>
   <div class='ocr_carea' id='block_1_108' title="bbox 765 5593 3987 5661">
    <p class='ocr_par' dir='ltr' id='par_1_108' title="bbox 765 5593 3987 5661">
     <span class='ocr_line' id='line_1_108' title="bbox 765 5593 3987 5661; baseline -0.001 -14"><span class='ocrx_word' id='word_1_830' title='bbox 765 5593 877 5647; x_wconf 61' lang='lat' dir='ltr'><strong>tem</strong></span> <span class='ocrx_word' id='word_1_831' title='bbox 910 5597 1190 5648; x_wconf 86' lang='lat' dir='ltr'><strong>committit</strong></span> <span class='ocrx_word' id='word_1_832' title='bbox 1223 5612 1276 5648; x_wconf 82' lang='lat' dir='ltr'><strong>sc</strong></span> <span class='ocrx_word' id='word_1_833' title='bbox 1311 5597 1486 5647; x_wconf 77' lang='lat' dir='ltr'><strong>divino</strong></span> <span class='ocrx_word' id='word_1_834' title='bbox 1513 5595 1712 5647; x_wconf 71' lang='lat' dir='ltr'><strong>auxilio</strong></span> <span class='ocrx_word' id='word_1_835' title='bbox 1745 5597 1796 5647; x_wconf 85' lang='lat' dir='ltr'><strong>in</strong></span> <span class='ocrx_word' id='word_1_836' title='bbox 1827 5599 1937 5648; x_wconf 82' lang='lat' dir='ltr'><strong>suis</strong></span> <span class='ocrx_word' id='word_1_837' title='bbox 1966 5595 2310 5661; x_wconf 77' lang='lat' dir='ltr'><strong>petitionibus</strong></span> <span class='ocrx_word' id='word_1_838' title='bbox 2346 5596 2419 5645; x_wconf 83' lang='lat' dir='ltr'><strong>vel</strong></span> <span class='ocrx_word' id='word_1_839' title='bbox 2455 5596 2635 5659; x_wconf 72' lang='lat' dir='ltr'><strong>factis,</strong></span> <span class='ocrx_word' id='word_1_840' title='bbox 2677 5595 2772 5644; x_wconf 86' lang='lat' dir='ltr'><strong>ltoc</strong></span> <span class='ocrx_word' id='word_1_841' title='bbox 2803 5609 2905 5644; x_wconf 89' lang='lat' dir='ltr'><strong>non</strong></span> <span class='ocrx_word' id='word_1_842' title='bbox 2949 5602 3024 5646; x_wconf 82' lang='lat' dir='ltr'><strong>est</strong></span> <span class='ocrx_word' id='word_1_843' title='bbox 3062 5593 3226 5646; x_wconf 83' lang='lat' dir='ltr'><strong>Deum</strong></span> <span class='ocrx_word' id='word_1_844' title='bbox 3277 5605 3500 5648; x_wconf 79' lang='lat' dir='ltr'><strong>tentare.</strong></span> <span class='ocrx_word' id='word_1_845' title='bbox 3561 5593 3629 5644; x_wconf 84' lang='lat' dir='ltr'><strong>At</strong></span> <span class='ocrx_word' id='word_1_846' title='bbox 3688 5596 3987 5645; x_wconf 70' lang='lat' dir='ltr'><strong>monasticae</strong></span> 
     </span>
    </p>
   </div>
   <div class='ocr_carea' id='block_1_109' title="bbox 777 5662 3989 5733">
    <p class='ocr_par' dir='ltr' id='par_1_109' title="bbox 777 5662 3989 5733">
     <span class='ocr_line' id='line_1_109' title="bbox 777 5662 3989 5733; baseline -0.001 -17"><span class='ocrx_word' id='word_1_847' title='bbox 777 5669 898 5717; x_wconf 74' lang='lat' dir='ltr'><strong>vita:</strong></span> <span class='ocrx_word' id='word_1_848' title='bbox 931 5669 1268 5733; x_wconf 63' lang='lat' dir='ltr'><strong>professores</strong></span> <span class='ocrx_word' id='word_1_849' title='bbox 1294 5667 1565 5718; x_wconf 75' lang='lat' dir='ltr'><strong>lurtcbattt</strong></span> <span class='ocrx_word' id='word_1_850' title='bbox 1591 5669 1700 5717; x_wconf 72' lang='lat' dir='ltr'><strong>inec</strong></span> <span class='ocrx_word' id='word_1_851' title='bbox 1733 5674 1783 5716; x_wconf 89' lang='lat' dir='ltr'><strong>et</strong></span> <span class='ocrx_word' id='word_1_852' title='bbox 1809 5667 1891 5717; x_wconf 91' lang='lat' dir='ltr'><strong>his</strong></span> <span class='ocrx_word' id='word_1_853' title='bbox 1922 5680 1947 5716; x_wconf 93' lang='lat' dir='ltr'><strong>s</strong></span> <span class='ocrx_word' id='word_1_854' title='bbox 1975 5667 2142 5726; x_wconf 68' lang='lat' dir='ltr'><strong>milia,</strong></span> <span class='ocrx_word' id='word_1_855' title='bbox 2181 5675 2403 5732; x_wconf 83' lang='lat' dir='ltr'><strong>propter</strong></span> <span class='ocrx_word' id='word_1_856' title='bbox 2440 5663 2782 5730; x_wconf 83' lang='lat' dir='ltr'><strong>spiritualcm</strong></span> <span class='ocrx_word' id='word_1_857' title='bbox 2836 5665 3120 5716; x_wconf 86' lang='lat' dir='ltr'><strong>utilitatem</strong></span> <span class='ocrx_word' id='word_1_858' title='bbox 3151 5679 3165 5725; x_wconf 85' lang='lat'><strong>;</strong></span> <span class='ocrx_word' id='word_1_859' title='bbox 3221 5666 3354 5716; x_wconf 76' lang='lat' dir='ltr'><strong>niziil</strong></span> <span class='ocrx_word' id='word_1_860' title='bbox 3389 5662 3537 5717; x_wconf 80' lang='lat' dir='ltr'><strong>enim</strong></span> <span class='ocrx_word' id='word_1_861' title='bbox 3591 5663 3704 5715; x_wconf 83' lang='lat' dir='ltr'><strong>viro</strong></span> <span class='ocrx_word' id='word_1_862' title='bbox 3743 5663 3989 5729; x_wconf 77' lang='lat' dir='ltr'><strong>religioso</strong></span> 
     </span>
    </p>
   </div>
   <div class='ocr_carea' id='block_1_110' title="bbox 769 5733 3435 5800">
    <p class='ocr_par' dir='ltr' id='par_1_110' title="bbox 769 5733 3435 5800">
     <span class='ocr_line' id='line_1_110' title="bbox 769 5733 3435 5800; baseline -0 -12"><span class='ocrx_word' id='word_1_863' title='bbox 769 5737 1110 5789; x_wconf 66' lang='lat' dir='ltr'><strong>It&#39;uuuusms</strong></span> <span class='ocrx_word' id='word_1_864' title='bbox 1154 5736 1350 5786; x_wconf 61' lang='lat' dir='ltr'><strong>accidit</strong></span> <span class='ocrx_word' id='word_1_865' title='bbox 1382 5752 1393 5799; x_wconf 89' lang='lat'><strong>;</strong></span> <span class='ocrx_word' id='word_1_866' title='bbox 1455 5752 1614 5800; x_wconf 83' lang='lat' dir='ltr'><strong>quam</strong></span> <span class='ocrx_word' id='word_1_867' title='bbox 1671 5737 1713 5789; x_wconf 79' lang='lat' dir='ltr'><strong>si</strong></span> <span class='ocrx_word' id='word_1_868' title='bbox 1746 5739 1798 5787; x_wconf 86' lang='lat' dir='ltr'><strong>in</strong></span> <span class='ocrx_word' id='word_1_869' title='bbox 1835 5738 2084 5786; x_wconf 76' lang='lat' dir='ltr'><strong>omnibus</strong></span> <span class='ocrx_word' id='word_1_870' title='bbox 2119 5750 2232 5787; x_wconf 81' lang='lat' dir='ltr'><strong>suis</strong></span> <span class='ocrx_word' id='word_1_871' title='bbox 2267 5735 2572 5787; x_wconf 67' lang='lat' dir='ltr'><strong>actionibus</strong></span> <span class='ocrx_word' id='word_1_872' title='bbox 2604 5734 2671 5784; x_wconf 80' lang='lat' dir='ltr'><strong>ab</strong></span> <span class='ocrx_word' id='word_1_873' title='bbox 2700 5733 2945 5786; x_wconf 86' lang='lat' dir='ltr'><strong>antistite</strong></span> <span class='ocrx_word' id='word_1_874' title='bbox 2983 5748 3083 5788; x_wconf 85' lang='lat' dir='ltr'><strong>suo</strong></span> <span class='ocrx_word' id='word_1_875' title='bbox 3121 5733 3435 5799; x_wconf 81' lang='lat' dir='ltr'><strong>dependeat.</strong></span> 
     </span>
    </p>
   </div>
  </div>
