4136 6338
662 396 768 455 blb

1891 394 2272 470 SYMEQNIS
2302 394 2668 453 JUNIORIS

3792 399 3898 459 61ft

667 529 732 582 σῃ
761 513 855 565 καὶ
889 511 1058 583 μάθῃ,
1112 511 1238 580 περὶ
1301 503 1375 563 ὦν
1422 508 1617 562 οὔποτε
1675 508 1957 573 ἐθεάσατο,
2003 512 2095 563 καὶ
2143 511 2224 563 ’διη

2332 511 2557 571 raverit,
2603 512 2857 580 ipsomct,
2902 519 2954 565 et
2997 512 3132 580 ipsis
3181 511 3340 569 etiam
3399 510 3746 567 auditoribus
3794 529 3891 567 ne-

664 607 938 673 ηγὴσηται
964 602 1144 664 ἀλλοις
1160 601 1303 671 άπερ
1316 600 1572 668 ἀκήκοενο
1587 599 1752 652 αὑτοῦ
1772 601 1867 653 καὶ
1897 601 2004 652 τῶν
2019 602 2242 654 ἀκουὸν-

662 711 793 757 των,
825 695 954 764 περὶ
979 693 1148 745 ποίων
1168 690 1510 762 πραγμάτων
1539 689 1790 758 ἀλλήλοις
1818 690 2240 759 προσδιαλέγον-

664 801 774 851 ται,
806 785 883 856 μὴ
913 785 1151 838 εἰδότων.

733 875 846 942 κς’.
890 876 1174 930 Ἀδύνατον
1198 875 1290 928 καὶ
1328 877 1427 946 τὴν
1458 876 1640 946 σάρκα
1669 872 1745 944 τῷ
1772 873 1919 944 κόρῳ
1948 873 2055 926 τῶν
2094 871 2236 943 βρω-

666 971 847 1037 μάτων
876 967 1284 1039 κατεμπιπλᾷν,
1332 969 1427 1021 καὶ
1478 968 1869 1037 πνευματικῶς
1895 966 1995 1034 τῆς
2043 967 2239 1035 νοερᾶς

663 1063 756 1113 καὶ⁵
777 1060 925 1124 Θείας
975 1059 1342 1113 ἐπαπολαύειν
1389 1060 1780 1130 χρηστότητος.
1827 1059 1978 1128 Ὅσῳ
2003 1061 2109 1127 γὰρ
2141 1061 2239 1127 τὴν

664 1153 910 1222 γαστέρα
969 1169 1052 1215 τις
1101 1151 1452 1220 θεραπεύσει,
1512 1152 1654 1206 κατά
1709 1150 1960 1204 τοσοῦτον
2021 1150 2238 1221 ἐκείνης

660 1244 854 1297 ἑαυτὸν
884 1244 1270 1313 ἀποστερήσει.
1299 1243 1435 1298 Καθ’
1458 1244 1582 1298 ὅσον
1611 1242 1748 1296 δὲτὸ
1779 1242 1938 1312 σῶμα
1973 1243 2232 1295 ὑπωπιά-

663 1352 767 1400 σει,
798 1336 1078 1402 ἀναλόγως
1127 1336 1221 1388 καὶ
1255 1339 1351 1405 τῆς
1381 1336 1756 1404 πνευματικῆς
1787 1325 1992 1404 τροφῆς
2025 1351 2084 1385 τε
2113 1334 2234 1385 -καὶ

661 1427 1059 1497 παρακλήσεως
1088 1426 1555 1497 ἐμπλησθήσεται.

730 1519 832 1579 κζ’.
869 1518 1302 1588 Καταλείψωμεν
1349 1519 1526 1571 πάντα
1577 1519 1647 1571 τά
1704 1519 1794 1570 ἐπὶ
1839 1519 1934 1587 τῆς
1985 1533 2126 1590 ,γηςο
2159 1534 2233 1584 μη

661 1607 888 1659 πλοῦτον
919 1608 1078 1675 μόνον
1097 1647 1113 1673 ,
1140 1608 1488 1677 καὶ.χρυσὸν,
1523 1607 1616 1658 καὶ
1639 1607 1732 1668 τὰς
1762 1605 1924 1667 ἄλλας
1962 1603 2090 1666 ὔλας
2140 1604 2232 1655 τοῦ

659 1699 810 1768 βίου,
844 1698 984 1751 ἀλλὰ
1019 1699 1112 1752 καὶ
1156 1699 1254 1769 τὴν
1305 1697 1602 1766 ἐπιθυμίαν
1645 1697 1742 1766 τὴν
1769 1697 1902 1766 προς
1928 1695 2101 1757 αὐτὰ,
2129 1696 2232 1746 .τὲ-

657 1791 777 1844 λεον
834 1792 940 1843 άπδ
1024 1790 1135 1855 τῶν
1205 1790 1394 1859 ψυχῶν
1465 1789 1623 1858 ἡμῶν
1692 1787 2072 1857 άπελάσωμεν.
2129 1787 2232 1838 Μι-

658 1885 914 1954 σὴσωμεν
944 1885 1018 1953 μὴ
1054 1883 1212 1953 μόνον
1265 1884 1357 1945 τὰς
1399 1881 1592 1952 ἡδονὰς
1654 1878 1748 1932 τοῦ
1794 1880 2065 1948 σώματος,
2096 1877 2232 1930 ἀλλά

656 1976 865 2036 καὶτὰς
896 1974 1123 2040 ἀλόγους
1149 1973 1394 2043 κινήσεις
1427 1971 1617 2036 αὐτοῦ,
1645 1972 1738 2024 καὶ
1771 1972 2042 2040 νεκρῶσαι
2068 1969 2228 2021 τοῦτο

656 2067 746 2119 διὰ
783 2067 962 2118 πόνων
996 2065 1423 2134 σπουδάσωμεν·
1464 2064 1552 2117 διὰ
1572 2063 1762 2116 τούτου
1800 2064 1910 2131 γὰρ
1941 2060 2229 2136 ἐνεργοῦν-

653 2174 744 2210 sat
768 2158 836 2209 τὰ
865 2158 963 2226 τῆς
996 2155 1310 2225 ἐπιθυμίας,
1340 2155 1436 2208 καὶ
1464 2156 1545 2216 είς
1573 2157 1734 2223 ἔργον
1779 2152 2084 2220 ἐξάγονται,
2120 2152 2232 2203 Καὶ

656 2247 855 2312 ζῶντος
882 2246 1072 2310 αὑτοῦ,
1093 2246 1308 2315 ἀνάγκη
1334 2247 1483 2299 πᾶσα
1513 2246 1613 2313 τὴν
1634 2244 1810 2313 ψυχὴν
1837 2247 1869 2314 ἡ
1880 2243 1996 2313 μῶν
2030 2242 2229 2312 νεκρὰν

655 2335 816 2404 εἶναι,
858 2341 952 2392 καὶ
977 2337 1298 2406 δυσκίνητον
1351 2336 1486 2406 πρὸς
1515 2337 1695 2388 πᾶσαν
1726 2336 1877 2388 Θείαν
1922 2333 2160 2404 ἐντολὴν,
2192 2334 2224 2404 ἢ

655 2433 749 2486 καὶ
781 2431 1078 2493 παντελῶς·
1092 2429 1368 2498 ἀκίνητον.

727 2521 834 2593 κη’.
878 2521 1146 2591 Καθάπερ
1177 2521 1210 2591 ή
1241 2519 1373 2588 φλὸξ
1400 2519 1492 2574 τοῦ
1535 2519 1703 2589 πυρὸς
1731 2520 1810 2582 εἰς
1847 2517 1980 2587 ὕψος
2021 2517 2110 2570 ἀεὶ
2141 2518 2225 2572 at-

658 2632 832 2684 ρεται,
865 2617 960 2668 καὶ
993 2613 1193 2684 μᾶλλον
1210 2613 1306 2666 ἐάν
1329 2612 1570 2684 στρέψῃς
1596 2613 1695 2681 τὴν
1723 2610 1857 2681 ὓλην
1875 2610 1968 2680 ἀφ’
1994 2607 2061 2683 ἦς
2094 2611 2226 2665 ἀνά-

655 2720 876 2758 πτεται·
911 2702 1056 2756 οὕτω
1085 2704 1232 2771 καίἡ
1269 2701 1363 2755 τοῦ
1393 2702 1673 2766 κενοδόξου
1702 2702 1898 2772 καρδία
1955 2719 2230 2754 ταπεινω-

655 2798 812 2867 θῆναι
841 2798 900 2850 ού
935 2795 1190 2849 δύναται·
1239 2795 1358 2848 ἀλλ’
1399 2793 1475 2857 ὡς
1511 2794 1576 2847 ἂν
1615 2794 1778 2864 εἴπῃς
1833 2793 2083 2863 αύτῷτά
2125 2793 2227 2862 τῆς

651 2889 919 2958 ὠφελείας
962 2887 1126 2940 αὐτοῦ
1158 2925 1172 2949 ,
1236 2885 1436 2956 μᾶλλον
1487 2886 1582 2939 καὶ⁹
1655 2885 1859 2955 μᾶλλον
1909 2885 2222 2953 ἐπαίρεται.

664 2979 1050 3049 Ἐλεγχόμενος
1081 2977 1210 3045 γὰρ,
1258 2977 1291 3045 ἧ
1339 2978 1431 3030 καὶ
1475 2975 1915 3045 νουθετούμενος,
1951 2976 2223 3042 ἀντιλέγει

653 3071 898 3141 σφοδρῶς
918 3087 934 3103 ⁶
973 3069 1362 3140 ἐπαινούμενος
1415 3068 1494 3134 δὲ,
1525 3067 1559 3138 ἢ
1593 3070 1687 3120 καὶ
1711 3067 2221 3138 παρακαλούμενος,

651 3164 952 3236 ἀνυψοῦται
1005 3162 1213 3225 κακῶς.

721 3259 827 3310 κθ’.
877 3255 1198 3326 Ἀνθρωπος
1264 3252 1655 3331 μεμελετηκὼς
1710 3251 2031 3320 ἀντιλέγειν,
2062 3238 2224 3307 ⁹ἐαυ-

650 3349 730 3421 τῷ
789 3348 1042 3416 δίστομός
1116 3349 1234 3399 ἐστι
1291 3345 1576 3415 μάχαιρα,
1630 3344 1868 3414 ἀναιρῶν
1924 3343 2221 3425 ἀγνώστως

650 3443 751 3513 τὴν
779 3441 915 3495 ἰδίαν
956 3440 1151 3510 ψυχὴν,
1182 3438 1280 3491 καὶ
1328 3437 1431 3507 τῆς
1457 3437 1697 3496 ,αἰωνίου
1737 3435 1884 3504 ζωῆς
1935 3435 2219 3504 ἀλλότριον

651 3530 1279 3623 αιὶῖῆν.ἐρῖαεέὲίεν⁰ςος
1384 3603 1406 3623 ,
1478 3604 1494 3623 .
1650 3602 1731 3623 η
1882 3605 1895 3623 .
2010 3609 2094 3623 .,

713 3601 791 3658 λ’.
824 3601 1228 3670 Ὀίάντιλέγωὴ
1252 3601 1438 3671 ὅμοιός
1474 3602 1686 3673 ἐστιτῷ
1711 3603 1972 3664 ἑκουσίως
2009 3609 2227 3654 ἔκδοτον

642 3690 836 3745 ἐαυτὸν
860 3688 1102 3743 ποιοῦντι
1149 3691 1259 3752 τοῖς
1291 3691 1636 3755 ὑπεναντίοις
1688 3691 1783 3744 τοῦ
1825 3691 2088 3761 βασιλέως
2133 3693 2227 3761 ἐχ-

641 3780 789 3850 θροῖς
823 3797 837 3811 ο
869 3782 901 3849 ἠ
937 3780 1045 3850 γὰρ
1075 3780 1356 3847 ἀντιλογία
1423 3782 1691 3850 ἀρπάγιόν
1716 3783 1853 3846 ἐστι,
1883 3782 2073 3852 δέλεαρ
2103 3782 2225 3852 ἔχον

639 3873 739 3943 τὴν
780 3873 1172 3943 δικαιολογίαν.
1206 3874 1289 3925 Δι’
1321 3870 1390 3946 ἦς
1418 3875 1788 3944 ἀπατώμενοι,
1813 3875 1874 3927 τὸ
1929 3877 2225 3946 ἄγκιστρον

640 3965 1015 4033 καταπίνομεν
1038 3968 1137 4033 τῆς
1172 3966 1450 4035 ἁμαρτίας
1475 3983 1488 3995 ·
1534 3967 1623 4034 ὑφ’
1650 3961 1710 4020 οὗ
1759 3969 1850 4019 καὶ
1883 3967 2224 4037 ἁρπάζεσθαι

639 4056 830 4109 εἴωθεν
859 4058 891 4126 η
917 4055 1076 4110 ἀθλία
1100 4056 1384 4126 (tamen?)
1426 4057 1524 4126 τῆς
1556 4057 1801 4128 γλώττης
1829 4060 1920 4111 καὶ
1963 4058 2057 4110 τοῦ
2104 4057 2224 4110 λαιο

645 4148 747 4219 μού
790 4149 893 4201 ὑπὸ
935 4149 1043 4201 τῶν
1097 4148 1424 4218 πνευμάτων
1453 4150 1554 4217 τῆς
1600 4151 1866 4220 πονηρίας
1892 4169 1904 4182 ·
1939 4152 2034 4204 καὶ
2092 4151 2224 4204 ποτὲ

644 4242 742 4311 μὲν
773 4242 851 4302 είς
889 4239 1028 4308 ὕψος
1070 4241 1449 4310 ὑπερηφανίας
1507 4242 1842 4308 ἀνάγεσθαιο
1883 4243 2011 4295 ποτὲ
2043 4243 2099 4295 δὲ
2142 4244 2223 4306 είς

642 4329 768 4397 χάος
816 4328 1062 4382 ἀϐύσσου
1101 4331 1375 4400 ἁμαρτίας
1418 4332 1905 4396 καταϐυθξζεσθαι,
1941 4335 2034 4386 καὶ
2083 4334 2220 4403 μετὰ

638 4419 748 4471 τῶν
785 4419 842 4482 ἐξ
868 4418 1095 4488 ούρανοῦ
1129 4422 1566 4475 ἐκπεπτωκότων
1602 4423 2077 4487 καταδικάζεσθαι.

2331 603 2658 668 scientibus,
2693 604 2894 672 quibus
2926 604 2991 659 de
3015 604 3176 660 rebus
3202 620 3386 660 sermo
3415 608 3509 663 sit.

2395 878 2485 932 26.
2523 877 2668 931 Fieri
2704 877 2916 944 nequit,
2948 884 3006 928 ut
3042 888 3267 929 carnem
3319 888 3446 929 esca
3488 875 3807 943 farciamus,
3841 887 3894 931 et

2327 968 2492 1023 simul
2524 967 2891 1037 spiritualiter
2921 967 3395 1022 intellectualibus
3425 982 3489 1022 ac
3517 968 3717 1024 divinis
3747 985 3889 1023 com-

2327 1062 2691 1132 moditatibus
2771 1061 3145 1130 perfruamur.
3217 1060 3496 1124 Quantum
3556 1063 3699 1115 enim
3767 1063 3892 1130 quis

2326 1155 2501 1207 ventri
2537 1152 2811 1216 servierit,
2846 1162 3057 1206 tantum
3094 1153 3204 1206 illis
3228 1168 3351 1208 sese
3381 1153 3674 1208 fraudabit.
3702 1153 3886 1219 Quan-

2325 1258 2439 1301 tum
2473 1255 2653 1300 autem
2698 1261 2901 1315 corpus
2930 1245 3234 1306 domuerit,
3269 1253 3432 1314 atque
3471 1247 3886 1314 compresserit,

2323 1348 2534 1393 tantum
2577 1340 2815 1392 vicissim
2862 1338 3144 1402 alimonia,
3183 1338 3670 1407 consolationeque
3721 1338 3887 1406 spiri-

2323 1430 2456 1484 tuali
2483 1429 2817 1498 implebitur.

2390 1524 2481 1576 Ἦ.
2518 1521 2713 1576 Omnia
2746 1537 2866 1590 quae
2896 1522 2949 1575 in
2981 1523 3144 1576 terris
3189 1529 3337 1586 sunt,
3377 1522 3622 1585 divitias,
3667 1536 3883 1584 aurum,

2321 1620 2375 1666 et
2407 1612 2543 1667 alias
2593 1613 2716 1666 vitae
2769 1627 2877 1676 res,
2939 1627 3043 1665 non
3099 1612 3477 1682 relinquamus
3532 1613 3730 1675 solum,
3787 1615 3886 1667 sel

2321 1700 2486 1752 etiam
2523 1699 2740 1753 illorum
2768 1699 3122 1781 cupiditatem
3172 1701 3239 1755 ab
3272 1701 3470 1754 animis
3514 1705 3720 1758 nostris
3767 1718 3888 1772 per-

2323 1790 2460 1844 fecte
2490 1789 2836 1860 repellamus.
2877 1788 3170 1846 Oderimus
3197 1793 3504 1863 voluptates
3526 1795 3795 1862 corporis,
3835 1803 3884 1847 et

2321 1895 2513 1936 omnes
2546 1881 2819 1936 motiones
2859 1882 2978 1947 ejus
3010 1897 3038 1935 a
3080 1885 3303 1938 ratione
3335 1885 3563 1950 alienas,
3598 1886 3886 1954 ipsumque

2319 1971 2602 2026 laboribus
2651 1964 2984 2026 mortificare
3034 1974 3379 2028 studeamus.
3425 1973 3525 2029 Per
3576 1976 3680 2032 hoc
3739 1978 3881 2031 enim

2317 2066 2784 2134 concupiscentiae
2834 2066 3040 2134 vigent,
3079 2074 3134 2120 et
3176 2067 3229 2118 in
3290 2081 3425 2137 opus
3478 2080 3683 2123 exeunt
3724 2090 3736 2124 :
3777 2087 3883 2140 quo

2319 2155 2523 2220 vivido,
2559 2165 2613 2209 et
2647 2157 2886 2227 vigente,
2936 2159 3174 2211 animam
3207 2169 3453 2213 nostram
3489 2168 3656 2214 totam
3689 2163 3883 2215 exani-

2318 2262 2484 2314 mem,
2513 2258 2566 2302 et
2595 2248 2661 2301 ad
2683 2264 2843 2304 omne
2869 2248 2961 2303 Dei
2994 2251 3305 2303 mandatum
3335 2252 3742 2320 exsequendum
3775 2260 3885 2306 tar-

2319 2339 2466 2402 dam,
2499 2353 2563 2392 ac
2605 2336 2905 2404 diﬂicilem,
2939 2347 3034 2393 aut
3069 2339 3236 2392 etiam
3274 2340 3506 2393 omnino
3551 2342 3880 2396 immobilem

2318 2444 2440 2486 CSSC
2473 2443 2696 2484 necesse
2734 2438 2839 2483 est.

2387 2521 2478 2575 28.
2512 2521 2798 2587 Quomodo
2859 2521 3076 2574 flamma
3134 2513 3618 2591 ignis'superiora
3666 2534 3882 2590 semper

2319 2613 2564 2681 appetit,
2619 2613 3121 2681 quomodocunque
3168 2613 3365 2666 veteris
3411 2611 3692 2665 materiam
3739 2612 3881 2665 unde

2319 2703 2633 2757 accenditur
2669 2720 2681 2756 :
2715 2702 2796 2756 sic
2832 2717 2930 2756 cor
2958 2716 3110 2755 vanae
3139 2701 3323 2771 gloria:
3345 2701 3577 2756 studiosi
3603 2701 3882 2756 humiliari

2317 2791 2508 2860 nequit
2539 2809 2553 2845 :
2592 2791 2686 2845 sed
2723 2801 3002 2859 utcunque
3036 2791 3192 2844 utilia
3218 2791 3269 2845 ei
3301 2789 3529 2855 dixeris,
3567 2793 3739 2860 magis
3768 2807 3883 2844 ma-

2319 2882 2510 2952 gisque
2552 2882 2816 2936 elevatur.
2871 2880 3259 2950 Rrprehensns
3295 2884 3464 2948 enim,
3506 2891 3600 2934 aut
3632 2884 3881 2936 admoni-

2317 2980 2424 3036 tus,
2459 2971 2805 3026 vehementer
2835 2969 3184 3025 contradicit.
3226 2969 3506 3024 Laudatus
3547 2979 3753 3035 autem,
3787 2979 3881 3022 aut

2317 3071 2559 3133 rogatus,
2589 3063 2813 3132 spiritus
2846 3064 2984 3115 male
3016 3063 3178 3114 tollit.

2388 3240 2477 3292 29.
2514 3239 2687 3292 Homo
2713 3239 2764 3292 in
2803 3237 3234 3290 contradicendo
3269 3236 3624 3300 exercitatus,
3661 3235 3876 3289 sibimet

2314 3345 2515 3399 anceps
2549 3329 2759 3398 gladius
2812 3337 2916 3389 est,
2960 3327 3258 3380 inscienter
3289 3327 3526 3378 animam
3583 3339 3738 3378 suam
3794 3325 3880 3376 iu-

2318 3415 2615 3483 terflciens,‘
2642 3430 2695 3473 et
2730 3433 2758 3470 a
2797 3418 2904 3471 vita
2943 3424 3145 3470 aeterna
3178 3415 3412 3470 alienam
3446 3414 3684 3468 eilicienc

2383 3593 2470 3646 50.
2508 3591 2607 3656 Qui
2646 3589 2992 3653 contradicit,
3029 3586 3226 3640 similis
3259 3586 3334 3638 illi
3379 3595 3479 3652 est,
3517 3587 3610 3656 qui
3641 3601 3702 3642 se
3735 3589 3877 3656 regis

2312 3684 2577 3743 inimicis,
2615 3691 2668 3734 et
2713 3679 3046 3734 adversariis
3104 3687 3298 3746 sponte
3332 3679 3384 3730 in
3422 3679 3738 3731 servitutem
3773 3682 3871 3732 ad-

2309 3777 2460 3830 dicit.
2509 3772 2880 3828 Contradictio
2935 3771 3079 3823 enim
3125 3784 3248 3823 esca
3288 3779 3371 3823 est
3417 3784 3606 3838 rapax,
3665 3769 3869 3824 habens

2313 3865 2612 3936 quamdam
2647 3878 2826 3916 causa:
2874 3876 2984 3915 suae
3035 3860 3432 3922 defensionem,
3489 3874 3604 3936 qua
3634 3859 3868 3928 decepti.

2309 3960 2528 4012 hamqu
2562 3963 2908 4025 peccatorum
2963 3953 3313 4013 devoramus,
3358 3965 3386 4004 a
3425 3966 3532 4018 quo
3578 3959 3631 4004 et
3679 3953 3870 4006 misera

2309 4053 2513 4111 anima,
2556 4048 2713 4118 quasi
2745 4061 2839 4114 per
2887 4044 3134 4113 linguam
3182 4051 3235 4096 et
3279 4043 3457 4111 gulam
3507 4055 3536 4094 a
3583 4041 3868 4110 spiritibus

2307 4142 2564 4209 nequitiae
2593 4139 2708 4206 rapi
2757 4135 3039 4200 consuevit
3077 4151 3091 4188 :
3133 4143 3186 4189 et
3220 4132 3513 4202 aliquando
3544 4135 3597 4186 in
3629 4133 3871 4185 altitudi-

2305 4250 2429 4288 nem
2463 4230 2734 4302 superbiae
2760 4228 2992 4282 extolli:
3031 4225 3328 4295 aliquando
3370 4225 3422 4277 in
3467 4224 3635 4277 chaos
3686 4224 3866 4293 abyssi

2306 4332 2654 4394 peccatorum
2691 4319 2954 4389 demergi,
2983 4327 3037 4372 et
3067 4332 3190 4371 cum
3226 4317 3312 4370 his
3337 4316 3428 4385 qui
3461 4315 3528 4370 de
3550 4315 3692 4378 caelo
3721 4316 3861 4371 ceci-

2303 4419 2528 4480 derunt,
2566 4412 2710 4483 apud
2751 4412 2962 4465 inferos
2993 4408 3375 4463 condemnari.

710 4512 815 4565 λα’.
861 4513 923 4564 '0
959 4512 1422 4589 ἀτιμαζόμενοςῆ
1466 4515 1838 4586 ὑϐριζόμενος,
1875 4517 1968 4569 καὶ
2019 4517 2220 4588 σφόδρα

2379 4507 2468 4560 3L
2507 4505 2608 4570 Qui
2638 4501 2960 4572 ignominia,
2993 4508 3046 4553 et
3072 4497 3290 4565 injuriis
3318 4497 3572 4564 afﬁcitur,
3602 4510 3668 4551 ex
3695 4511 3871 4566 eoque

640 4603 823 4670 ἀλγῶν
855 4603 952 4671 τὴν
984 4603 1230 4674 καρδίαν,
1286 4607 1601 4672 γινωσκέτω
1629 4607 1691 4658 ἐκ
1733 4607 1923 4659 τούτου
1982 4608 2065 4659 ὅτι
2110 4621 2217 4660 πα-

642 4692 790 4746 λαιὸν
826 4694 950 4761 ὄφιν
977 4695 1264 4764 περιφέρει
1317 4696 1628 4763 ἐγκόλπιον.
1660 4697 1720 4748 Et
1782 4697 1879 4766 μὲν
1925 4695 2018 4751 οὖν
2080 4700 2217 4767 μετά

643 4784 857 4852 σιωπῆς
895 4787 1241 4856 ὑπομείνῃ,ἢ
1277 4788 1415 4855 μετά
1443 4787 1642 4857 πολλῆς
1663 4790 2044 4853 ταπεινώσεως
2078 4793 2215 4844 ἀπο-

642 4875 984 4944 κριθήσεται,
1014 4875 1213 4946 ἀσθενῆ
1258 4876 1447 4930 τοῦτον
1486 4879 1578 4930 καὶ
1628 4878 1983 4950 ἐκλελυμένον
2031 4882 2215 4952 είργά-

644 4978 811 5015 σατο⁶
854 4963 980 5015 τίδὲ
1044 4966 1183 5034 μετὰ
1219 4967 1442 5036 πικρίας
1489 4968 1804 5038 ἀντείπῃ,ἢ
1863 4971 1956 5022 καὶ
1993 4970 2213 5040 λαλήσει

643 5055 784 5121 μετά
820 5053 1188 5123 θρασύτητος,
1243 5057 1474 5110 δέδωκεν
1504 5060 1654 5128 ἰσχὺν
1688 5059 1765 5128 τῷ
1810 5059 1950 5128 ὄφει,
2002 5060 2092 5112 τὸν
2139 5063 2213 5116 ἰδν

641 5145 828 5213 ἐκχέαι
850 5147 905 5198 ἐν
932 5149 996 5218 τῇ
1031 5148 1228 5218 καρδίᾳ
1257 5147 1445 5212 αὑτοῦ,
1463 5150 1553 5203 καὶ
1577 5151 1869 5218 ἀνημέρως
1903 5153 2209 5207 κατεσθίειν

639 5235 708 5287 τά
730 5234 880 5298 ἐντὸς
907 5237 1070 5290 αὑτοῦ
1097 5253 1111 5267 ⁸
1146 5239 1220 5303 ὼς
1267 5239 1513 5291 ἐντεῦθεν
1560 5241 1678 5293 καθ’
1730 5242 1964 5312 ἑκάστην
1995 5243 2214 5296 ἐνδυνα-

642 5325 912 5395 μούμενον
948 5329 1130 5396 αὑτὸν,
1163 5324 1504 5402 κατάὄρωμα
1532 5333 1803 5385 ποιεῖσθαι
1832 5333 1928 5403 τὴν
1957 5336 2044 5386 ἐπ’
2075 5338 2212 5403 ἀγα-

638 5416 752 5479 θοῖς
780 5419 1065 5490 διόρθωσιν
1110 5423 1204 5476 καὶ
1247 5425 1400 5492 ίσχὺν
1429 5424 1526 5494 τῆς
1566 5424 1752 5487 ἀθλίας
1785 5425 1947 5478 αὑτοῦ
1995 5427 2169 5496 ψυχῆς
2195 5444 2209 5458 ⁸

639 5507 737 5558 καὶ
761 5508 860 5577 ζῇν
910 5509 1009 5579 μὲν
1053 5511 1215 5564 αὐτὸν
1266 5512 1450 5566 ἔκτοτε
1491 5517 1556 5582 τῇ
1615 5515 1879 5585 ἁμαρτίᾳ,
1914 5517 2104 5586 νεκρὸν
2154 5517 2212 5570 δὲ

636 5598 906 5664 ταντελῶς
934 5596 1071 5653 εἶναι
1095 5605 1161 5672 τῇ
1186 5602 1524 5673 δικαιοσύνῃ.

708 5686 808 5757 λβ’.
848 5690 975 5744 Ἐὰν
1005 5692 1380 5759 ἀποτάξασθαι
1414 5693 1704 5765 βουληθῇς,
1738 5695 1832 5747 καὶ
1861 5694 1955 5765 τὴν
1986 5697 2212 5764 εὐαγγε-

637 5776 793 5847 λικὴν
818 5778 1086 5836 πολιτειαν
1115 5782 1516 5854 ἐκδιδαχθῆναι,
1537 5783 1611 5854 μὴ
1632 5785 1862 5854 ἀπείρῳ,
1884 5785 2015 5856 μηδέ
2032 5787 2211 5855 ἐμπα-

2305 4613 2559 4668 magnum
2595 4593 2760 4648 animi
2804 4593 3053 4646 dolorem
3107 4591 3274 4658 capit,
3329 4590 3458 4643 inde
3511 4589 3755 4658 colligat.
3807 4606 3866 4644 se

2303 4691 2587 4758 antiquum
2625 4690 2936 4754 serpentem
2972 4683 3025 4736 in
3071 4683 3192 4737 sinu
3223 4680 3600 4734 circumferre.
3633 4685 3700 4734 At
3735 4698 3863 4734 vero

2303 4787 2349 4840 si
2384 4797 2504 4837 cum
2535 4781 2752 4834 silentio
2780 4776 3128 4839 sustinuerit,
3165 4781 3260 4827 aut
3294 4788 3491 4843 magna
3518 4787 3640 4826 cum
3681 4774 3864 4826 humi-

2300 4876 2451 4928 litate
2481 4871 2850 4941 responderit,
2891 4868 3043 4920 illum
3099 4864 3422 4927 inilrmabit,
3474 4871 3527 4918 et
3563 4863 3860 4918 invalidum

2301 4968 2510 5022 reddet.
2543 4963 2638 5018 Sin
2677 4977 2800 5017 cum
2834 4958 3136 5013 acerbitate
3188 4955 3551 5016 contradicat,
3599 4964 3691 5008 aut
3733 4969 3856 5008 cum

2299 5056 2551 5119 audacia,
2582 5062 2635 5107 et
2670 5051 2977 5106 temeritate
3023 5047 3302 5115 loquatur,
3340 5045 3452 5114 jam
3505 5045 3745 5115 serpenti
3794 5043 3860 5096 ad

2297 5161 2566 5202 venenum
2607 5145 2660 5197 in
2691 5144 2857 5197 corde
2888 5155 2988 5195 suo
3026 5138 3465 5201 dilfnndendum,
3500 5144 3553 5191 et
3600 5138 3669 5191 ad
3718 5139 3859 5190 inte-

2299 5241 2444 5293 riora
2474 5234 2772 5290 crudeliter
2821 5230 3167 5301 depascenda
3219 5228 3364 5283 vircs
3404 5229 3591 5287 addit:
3644 5239 3704 5282 ut
3734 5226 3858 5279 hinc

2297 5327 2542 5398 quotidie
2571 5323 2857 5388 valentior,
2890 5321 3036 5390 quod
3073 5321 3208 5373 bene
3234 5318 3472 5371 correxit
3503 5317 3559 5372 in
3592 5315 3856 5380 moribus,

2297 5431 2350 5473 et
2374 5418 2550 5471 robur
2579 5416 2799 5469 misellae
2835 5414 2954 5482 ejus
3001 5412 3196 5464 anima:
3244 5410 3463 5464 devoret
3511 5425 3522 5460 :
3563 5421 3616 5461 et
3639 5408 3755 5476 ipse
3794 5408 3856 5460 de

2298 5520 2494 5567 caetero
2521 5509 2745 5579 iustitiae
2774 5506 2930 5575 plane
2961 5511 3233 5568 mortuus,
3263 5509 3485 5570 peccato
3515 5501 3682 5554 vivat.

2368 5708 2456 5762 52.
2501 5705 2558 5760 Si
2596 5704 2804 5759 mundo
2844 5700 3097 5756 nuntium
3151 5700 3449 5763 remittere,
3498 5708 3552 5753 et
3588 5698 3847 5768 evangelh

2296 5811 2414 5850 cam
2451 5794 2662 5850 vivendi
2699 5804 2946 5846 normam
2987 5786 3171 5842 doceri
3202 5785 3303 5848 vis.
3332 5791 3543 5841 cavete
3579 5783 3864 5846 imperito,
