4156 6344
269 395 369 457 617

1468 384 1834 447 ίᾺΡΙΤυΙΑ
1870 381 2260 443 PRAC'I‘ICA.

3390 379 3493 438 618

275 517 356 569 θεῖ
389 510 694 579 διδασκάλῳ
721 510 910 562 ἑαυτὸν
940 504 1109 574 ὲκὸῷς
1136 518 1148 531 ⁸
1180 503 1265 554 ἵνα
1301 511 1374 570 μη
1411 497 1530 550 αντὶ
1559 493 1842 560 εὐαγγελιο

1939 499 1985 544 et
2021 486 2533 559 perturbationibus
2557 486 2761 558 agitato
2783 486 3042 557 magistro
3068 485 3119 539 in
3147 487 3492 556 disciplinain

277 607 378 677 κῆς
431 601 748 671 διαδολικὴν
790 597 1065 652 πολιτείαν
1100 592 1438 662 ἐκδιδαχθῇς.
1481 585 1701 655 Ἐπειδὴ

277 673 380 752 λων
419 693 780 756 διδασκάλων,
823 689 968 745 καλά
1019 688 1088 740 τά
1138 687 1474 756 μαθήματαο
1525 678 1711 734 κακῶν
1766 673 1844 738 δὲ,

279 790 424 846 κακά
453 805 467 818 '
497 787 592 840 καὶ
656 777 1321 864 σπερμάτωνίπονηρῶν,
1377 772 1596 833 πάντως
1637 766 1850 835 πονηρά

277 882 348 935 τὰ
383 879 654 950 γεώργια.

347 1061 454 1129 λγ¹.
491 1061 696 1128 Εὑχαϊς
739 1059 837 1114 καὶ
873 1058 1104 1128 δάκρυσι
1128 1069 1219 1111 τον
1265 1058 1412 1110 Θεὸν
1446 1055 1846 1117 καθικέτευσον,

281 1153 496 1224 πέμψαι
528 1169 610 1206 σοι
639 1150 832 1220 ὁδηγὸν
875 1148 1060 1219 ἀπαθῆ
1085 1166 1143 1201 τε
1183 1148 1274 1201 καὶ
1326 1148 1499 1218 ἅγιον.
1548 1143 1773 1216 Ἐρεύνα
1791 1143 1850 1198 δὲ

281 1249 376 1301 καὶ
404 1245 566 1308 αὐτὸς
594 1243 692 1307 τὰς
718 1243 841 1296 θεία
853 1263 867 1305 ;
900 1242 1148 1312 Γραφάς,
1192 1241 1288 1295 καὶ
1336 1240 1573 1310 μάλιστα
1605 1238 1702 1300 τάς
1741 1235 1849 1288 τῶν

281 1323 450 1405 ἁγίων
480 1335 737 1406 Πατέρων
792 1325 1101 1406 πρακτικάς
1129 1332 1452 1404 συγγραφάς
1472 1349 1485 1364 ·
1513 1331 1598 1384 ἵνα
1628 1328 1850 1393 ταύταις

283 1427 724 1498 ἀντιπαρατιθεὶς
743 1427 811 1480 τὰ
830 1427 980 1498 παρὰ
999 1425 1093 1480 τοῦ
1115 1424 1437 1480 διδασκάλου
1454 1425 1546 1477 καὶ
1576 1421 1853 1492 προεστῶο

285 1521 369 1582 τός
409 1535 492 1572 σοι
530 1518 892 1588 διδασκόμενα
952 1519 1046 1571 καὶ
1079 1519 1449 1588 πραττόμενα,
1486 1516 1560 1577 ὡς
1616 1515 1673 1567 ἐν
1724 1529 1854 1565 κατ-

288 1611 468 1681 όπτρῳ
483 1611 709 1666 δύνασαι
733 1610 952 1680 βλέπειν
965 1610 1136 1664 ταῦτα
1159 1610 1253 1663 καὶ
1287 1607 1742 1678 καταμανθάνεινο
1759 1606 1851 1681 καὶ

288 1703 346 1756 τὰ
373 1680 470 1771 μὲν
517 1702 811 1774 συνᾴδοντα
845 1703 965 1764 ταῖς
1012 1702 1278 1772 Γραφαῖς,
1307 1696 1705 1768 ὲγκολποῦσθαι
1758 1680 1852 1748 καὶ

284 1793 534 1862 κατέχειν
567 1796 634 1863 τῇ
661 1792 869 1863 διανοίᾳ
891 1813 906 1826 ·
933 1792 998 1846 τά
1029 1792 1083 1844 δὲ
1113 1790 1242 1845 νόθα
1287 1790 1386 1842 καὶ
1441 1786 1712 1856 ἀλλότρια,
1736 1784 1852 1838 δια-

282 1883 485 1953 κρίνειν
524 1883 617 1935 καὶ
643 1881 1091 1949 ἀποπέμπεσθαι,
1125 1881 1210 1933 ἵνα
1253 1880 1326 1950 μὴ
1374 1876 1671 1948 πλανηθῇς.
1716 1875 1850 1932 Πολ-

282 1974 362 2026 λοὶ
391 1975 522 2042 γάρ,
574 1971 706 2038 ίσθι,
740 1972 932 2028 πλάνοι
969 1974 1064 2028 καὶ
1119 1970 1593 2041 ψευδοδιδάσκαλοι
1628 1973 1684 2023 ἐν
1721 1969 1850 2032 ’ταῖς

281 2069 516 2138 ἡμέραις
538 2066 767 2128 ταύταις
802 2065 1108 2133 γεγόνασιν.

349 2156 443 2211 λδ’.
483 2158 595 2218 Πᾶς
626 2159 655 2209 ὁ
713 2155 788 2227 μὴ
839 2155 1073 2225 βλέπων,
1118 2153 1311 2216 ἄλλους
1364 2152 1421 2206 δὲ
1479 2150 1694 2219 ὁδηγεῖν
1753 2149 1854 2202 ὑπ-

282 2251 653 2321 ισχνούμενος,
685 2248 885 2311 πλάνος
915 2248 1054 2311 ἐστὶ,
1086 2249 1178 2300 καὶ
1210 2247 1336 2308 τοὺς
1376 2245 1673 2322 ἑπομένους
1706 2240 1858 2313 αὐτῷ

278 2345 356 2405 εἰς
381 2341 541 2410 βυθὸν
564 2341 842 2402 ἀπωλείας
882 2339 1175 2408 ἐντίθησιν,
1207 2337 1346 2390 κατά
1388 2337 1488 2407 τὴν
1518 2334 1610 2389 τοῦ
1644 2335 1850 2405 Κυρίου

282 2433 463 2501 φωνήν
487 2449 498 2460 ·
539 2451 556 2483 ι
611 2432 650 2483 Τ
654 2432 816 2499 υφλὸς
870 2431 1070 2501 τυφλὸν
1094 2432 1188 2484 ἐὰν
1221 2429 1408 2499 ὁδηγῇ,
1452 2425 1851 2498 ἀμφότεροιεις

280 2523 504 2594 βόθυνον
527 2523 910 2592 ἐμπεσοῦνται.
937 2541 958 2574 ι

349 2613 444 2668 λε’.
484 2614 541 2667 ’0
571 2614 771 2681 τυφλὸς
802 2614 938 2682 πρὸς
967 2613 1029 2665 τὸ
1091 2612 1172 2676 ἓν,
1201 2611 1399 2678 τυφλὸς
1417 2609 1534 2672 ὅλος
1559 2608 1692 2679 πρὸς
1714 2608 1852 2662 πάν·

277 2723 344 2759 τα
379 2705 548 2759 ἐστίν.
601 2705 659 2758 '0
686 2704 740 2756 δὲ
800 2703 1012 2774 βλέπων
1046 2705 1103 2756 ὲν
1141 2702 1219 2771 τῷ
1248 2702 1347 2766 ἑνὶ,
1373 2702 1430 2753 ὲν
1484 2699 1691 2770 θεωρίᾳ
1743 2696 1854 2750 τῶν

279 2798 496 2850 πάντων
518 2795 632 2847 ἐστί
657 2810 671 2823 ·
701 2798 800 2865 τῆς
843 2794 1077 2865 θεωρίας
1100 2811 1160 2846 τε
1189 2793 1294 2846 τῶν
1333 2792 1548 2847 πάντων
1569 2790 1851 2859 ἀπέχεται,

280 2889 371 2942 καὶ
404 2891 462 2941 ὲν
493 2892 556 2958 τῇ
590 2887 792 2959 θεωρίᾳ
820 2887 929 2940 τῶν
955 2887 1174 2939 πάντων
1189 2885 1431 2954 γίνεται,
1461 2884 1554 2937 καὶ
1587 2881 1694 2934 τῶν
1718 2879 1852 2932 θεωυ

282 2979 562 3047 ρουμὲνων
592 2977 696 3041 ἔξω
724 2978 890 3030 ἐστίν.
927 2977 1017 3030 Ἑν
1048 2976 1123 3046 τῷ
1146 2977 1227 3029 ἑνὶ
1253 2975 1426 3037 οὕτως
1450 2973 1547 3038 ὢν,
1583 2974 1650 3027 τὰ
1675 2973 1853 3026 πάντα

278 3073 381 3139 ὁρᾷ
405 3086 420 3101 ο
454 3071 628 3122 καὶέν
657 3071 824 3123 πᾶσιν
867 3067 964 3133 ὢν,
1001 3069 1152 3121 οὐδὲν
1193 3067 1302 3120 τῶν
1343 3067 1563 3120 πάντων
1626 3065 1749 3135 ὁρᾷ.
1792 3065 1851 3115 '0

1933 583 2120 638 tradas
2173 597 2189 635 :
2242 596 2310 636 ne
2367 596 2470 652 pro
2523 579 2835 648 evangelica
2888 580 3102 634 ratione
3169 579 3495 634 diabolicam

1933 674 2143 730 discas.
2213 673 2361 728 Bona
2431 671 2704 744 siquidem
2771 671 3039 726 bonorum
3108 673 3494 742 magistrorum

1936 773 2227 836 prmcepta,
2267 766 2534 819 malorum
2590 763 2731 818 mala
2785 778 2800 816 :
2854 772 2908 818 et
2961 763 3281 818 vitiosarum
3328 762 3496 818 semi-

1934 875 2061 912 num
2094 859 2211 927 ipsa
2249 873 2468 927 quoque
2495 858 2715 913 cultura
2749 842 2980 926 prorsus
3041 855 3233 911 \itiosa
3295 863 3348 911 et
3397 855 3497 911 iiii-

1934 954 2101 1018 proba
2130 960 2233 1003 est.

2005 1039 2096 1092 55.
2127 1037 2394 1094 Precibus
2443 1047 2497 1093 et
2529 1039 2783 1110 lacrymis
2830 1040 2998 1093 Deum
3059 1037 3247 1106 fatiga,
3295 1047 3352 1090 ut
3401 1035 3497 1091 tibi

1933 1130 2127 1186 ducem
2162 1140 2435 1196 sanctum,
2464 1139 2517 1184 et
2543 1145 2573 1184 a
2615 1132 2858 1186 moribus
2898 1130 3097 1185 rationi
3150 1127 3498 1184 adversanti-

1936 1227 2040 1282 bus
2097 1226 2398 1282 sincerum.
2455 1224 2840 1294 integrumque
2894 1205 3096 1277 mittat.
3150 1221 3230 1275 Tu
3282 1235 3500 1290 quoque

1936 1328 2160 1372 sanctas
2195 1318 2533 1386 Scripturas,
2565 1325 2617 1370 et
2647 1315 2922 1386 praecipue
2956 1315 3230 1383 practicos
3274 1321 3500 1368 sancto-

1937 1425 2058 1462 rum
2083 1410 2304 1464 Patrum
2335 1408 2776 1462 Cmnmentarios
2829 1418 3098 1469 scrutare,
3162 1415 3218 1459 ut
3258 1420 3380 1460 cum
3433 1404 3503 1458 iis

1939 1516 2270 1569 cOmparans
2305 1516 2422 1569 quae
2463 1516 2493 1556 a
2533 1500 2795 1572 magistro
2853 1509 2909 1554 et
2958 1497 3213 1567 praefecto
3255 1496 3499 1572 .doreris,

1938 1590 2087 1645 velut
2117 1590 2170 1644 in
2206 1591 2432 1660 speculo
2471 1569 2656 1659 qualia
2703 1589 2816 1644 sint
2865 1588 3052 1644 videre
3083 1597 3134 1643 et
3171 1569 3504 1656 pernoscere

1939 1699 2108 1753 queas
2131 1699 2145 1738 :
2166 1691 2353 1738 etcum
2379 1682 2675 1752 Scripturis
2694 1683 2910 1753 quidem
2933 1681 3133 1737 divinis
3158 1680 3504 1736 consentien-

1941 1772 2014 1826 tia
2042 1773 2095 1826 in
2139 1772 2321 1827 sinuin
2350 1772 2668 1836 immittere,
2703 1784 2757 1826 et
2789 1772 2974 1827 animo
3011 1770 3238 1838 inﬁgere
3268 1788 3282 1822 :
3317 1769 3505 1839 spuria

1941 1874 2164 1930 autem,
2221 1873 2276 1918 et
2338 1863 2514 1918 aliena
2578 1865 2913 1930 discernere,
2977 1871 3032 1918 et
3079 1860 3380 1924 detestari,
3441 1873 3508 1913 ne

1940 1969 2129 2012 errore
2177 1957 2470 2010 auferaris.
2526 1953 2660 2008 Nam
2716 1955 2804 2010 bis
2853 1955 3195 2024 temporibus
3243 1955 3505 2012 seducto-

1941 2061 2053 2108 res,
2079 2060 2134 2103 et
2172 2047 2464 2123 mendaces
2488 2063 2595 2101 nou
2616 2056 2822 2117 paucos
2854 2048 3284 2117 repeririJscias,
3319 2046 3502 2101 velim.

2012 2139 2103 2193 54.
2146 2137 2471 2207 Quicunque
2530 2138 2646 2208 ipse
2702 2149 2810 2192 nun
2874 2137 3042 2202 videt,
3090 2145 3144 2192 et
3195 2137 3317 2191 aliis
3363 2136 3506 2189 viam

1945 2233 2262 2303 prmiturum
2291 2231 2597 2300 pollicetur,
2631 2231 2891 2287 seductor
2914 2239 3017 2295 est,
3049 2239 3103 2284 et
3131 2237 3426 2298 sequentes
3451 2242 3510 2282 se

1942 2327 1998 2380 in
2031 2312 2240 2380 foveam
2292 2323 2619 2392 perditionis
2674 2323 2904 2389 inducit,
2941 2323 3095 2392 juxta
3141 2327 3366 2377 verbum
3405 2321 3510 2374 Do~

1944 2417 2078 2471 mini
2109 2433 2125 2470 :
2161 2433 2178 2466 ι
2210 2415 2404 2470 Car-cus
2447 2415 2492 2468 si
2538 2428 2685 2468 caeco
2737 2412 2995 2468 ducatum
3044 2418 3282 2481 praestet,
3324 2424 3508 2464 nonne

1945 2510 2104 2564 ambo
2129 2509 2181 2562 iu
2209 2507 2420 2561 foveam
2453 2507 2650 2560 cadent
2681 2505 2750 2558 ‘?
2785 2526 2803 2557 ι

2016 2605 2103 2659 '55.
2133 2603 2234 2668 Qui
2261 2603 2316 2656 in
2347 2616 2458 2655 uno
2482 2614 2661 2655 caecus
2688 2606 2792 2665 est,
2826 2607 2976 2654 tonis
3000 2612 3180 2654 oecus
3207 2607 3290 2653 est
3317 2598 3371 2651 in
3397 2609 3512 2652 om-

1944 2699 2100 2754 nibus
2134 2715 2149 2752 :
2183 2705 2392 2760 contra,
2427 2695 2700 2764 quividet
2726 2693 2779 2747 in
2830 2708 2960 2757 uno,
3024 2693 3168 2747 videt
3223 2693 3275 2746 in
3330 2691 3511 2746 omni.

1945 2793 2069 2845 bus.
2111 2787 2248 2842 Cum
2296 2802 2326 2840 a
2363 2786 2494 2842 risu
2541 2785 2786 2840 omnium
2822 2784 3113 2849 abstineat,
3151 2782 3510 2837 nihilominus

1944 2881 2127 2934 omnia
2157 2879 2320 2944 videt,
2351 2888 2404 2934 et
2435 2885 2588 2932 extra
2621 2879 2735 2932 visa
2757 2885 2864 2932 est.
2887 2873 2978 2930 Sic
3005 2890 3125 2928 cum
3149 2875 3202 2930 in
3227 2889 3334 2929 uno
3353 2874 3509 2946 (Deo)

1945 2974 2034 3032 sit.
2060 2972 2238 3026 cernit
2271 2971 2526 3025 universa
2551 2987 2564 3024 :
2585 2979 2638 3024 et
2663 2971 2807 3023 inter
2826 2969 3080 3024 universa
3104 2984 3225 3022 cum
3259 2968 3352 3032 sit,
3376 2967 3511 3021 nihil

1946 3079 2010 3118 ex
2041 3064 2306 3117 erunibus
2343 3063 2544 3117 cernit.
2574 3061 2679 3128 Qui
2709 3062 2764 3116 in
2794 3077 2904 3116 uno
2935 3077 3029 3131 per
3061 3076 3228 3116 unum
3255 3057 3420 3122 videt,
3456 3068 3511 3114 et

281 3160 493 3232 βλέπων
521 3161 580 3213 ὲν
607 3159 684 3230 τῷ
715 3161 814 3227 ἑνὶ,
833 3161 922 3213 διὰ
944 3159 1172 3232 τοῦὲνὸς
1197 3160 1287 3211 καὶ
1313 3158 1528 3221 ἑαυτὸν,
1555 3158 1647 3212 καὶ
1681 3156 1850 3210 ἆπανο

1945 3155 2211 3223 seipsuin,
2248 3163 2302 3208 et
2333 3155 2521 3207 omnia
2577 3152 2746 3210 videt.
2797 3164 2851 3207 et
2900 3151 2955 3206 iu
3008 3167 3073 3206 eo
3129 3151 3508 3207 absconditus.

275 3269 364 3316 τα,
418 3250 514 3303 καὶ
551 3251 759 3312 πάντας
814 3253 1024 3321 καθορᾷ
1057 3267 1069 3279 '
1098 3251 1190 3302 καὶ
1243 3248 1622 3320 κεκρυμμένος
1669 3245 1745 3300 ὢν
1792 3248 1851 3299 ἐν

279 3343 447 3411 αὐτῷ,
482 3342 632 3396 οὐδὲν
665 3345 773 3395 τῶν
811 3337 1066 3396 ἁπάντων
1091 3345 1214 3414 ὁρᾷ.

348 3435 457 3497 λς’.
504 3433 561 3487 '0
591 3433 665 3503 μὴ
704 3435 802 3504 τὴν
833 3436 1017 3487 εἰκόνα
1049 3432 1162 3487 τοῦ’
1189 3434 1394 3504 Κυρίου
1447 3434 1604 3503 ἡμῶν
1679 3429 1850 3501 Ἰησοῦ

279 3525 539 3595 Χριστοῦ,
574 3525 670 3579 τοῦ
700 3525 1025 3596 ἐπουρανίου
1060 3525 1351 3595 ἀνθρώπου
1380 3542 1438 3578 τε
1486 3524 1581 3577 καὶ
1610 3522 1764 3586 Θεοῦ,
1793 3521 1852 3575 ἐν

280 3615 357 3684 τῷ
383 3612 585 3686 λογικῷ
629 3614 722 3668 καὶ
750 3650 755 3656 -
783 3614 955 3686 νοερῷ
1025 3613 1299 3684 ἀνθρώπῳ
1350 3613 1686 3684 εὐαισθήτως
1757 3610 1852 3663 καὶ

277 3701 532 3772 γνωστῶς
559 3701 941 3771 ἐνδυσάμενος,
987 3697 1127 3773 αἷμα
1181 3705 1339 3775 μόνον
1380 3705 1498 3758 ἐστὶ
1534 3705 1629 3758 καὶ
1696 3705 1855 3777 σὰρξ,

279 3790 660 3860 πνευματικῆς
685 3792 842 3859 δόξης
879 3792 1134 3862 αἴσθησιν
1168 3794 1242 3864 μὴ
1300 3793 1598 3863 δυνάμενος
1637 3793 1724 3847 διά
1760 3794 1855 3848 τοῦ

276 3881 437 3951 λόγου
491 3881 678 3935 λαϐεῖν
705 3898 720 3913 ο
767 3884 1021 3952 καθάπερ
1045 3885 1136 3936 καὶ
1180 3886 1228 3936 οἰ
1259 3885 1330 3936 ὲκ¹
1376 3884 1600 3952 γενετῆς
1633 3882 1849 3952 τυφλοὶ,

276 3976 366 4030 διὰ
412 3975 510 4029 τοῦ
539 3975 701 4044 λόγου
749 3977 910 4047 μόνου
979 3979 1039 4032 τὶ
1067 3977 1160 4030 τοῦ
1216 3978 1366 4046 ἡλίου
1411 3977 1526 4046 φῶς
1563 3977 1764 4045 γνῶναι
1794 3979 1853 4030 οὐ

275 4065 552 4122 δύνανται.

343 4151 442 4217 λζ’.
475 4152 533 4206 '0
557 4153 772 4208 ἀκούων
803 4156 896 4208 καὶ
914 4154 1085 4220 οὔτως
1109 4156 1323 4226 βλέπων
1339 4156 1433 4210 καὶ
1449 4157 1855 4228 αἰσθανόμενος,

274 4236 382 4296 οἶδε
415 4243 523 4295 τῶν
569 4243 879 4314 λεγομένων
943 4246 1040 4317 τὴν
1062 4246 1310 4318 δύναμιν,
1329 4247 1404 4310 ὼς
1431 4247 1530 4318 ἤδη
1554 4247 1651 4318 τὴν
1673 4247 1858 4302 εἰκόνα

275 4335 514 4406 φορέσας
541 4336 634 4389 τοῦ
665 4338 1027 4408 ἐπουρανίου,
1069 4340 1164 4393 καὶ
1198 4343 1278 4404 εἰς
1323 4341 1492 4411 ἄνδρα
1520 4341 1722 4394 τέλειον
1768 4340 1854 4394 ἑλ-

167 4473 176 4482 ,
275 4425 385 4479 θὼν
413 4426 508 4480 τοῦ
537 4428 905 4500 πληρώματος
931 4430 1024 4484 τοῦ
1059 4432 1300 4502 Χριστοῦ
1327 4449 1342 4462 θ
1381 4434 1474 4486 καὶ
1493 4431 1667 4495 οὓτως
1689 4432 1848 4503 ἔχων,
1872 4477 1910 4529 D

275 4516 501 4590 δύναται
530 4519 624 4572 καὶ
671 4521 853 4584 καλῶς
881 4522 1095 4590 ὁδηγεῖν
1129 4525 1188 4577 ὲν
1233 4527 1300 4595 τῇ
1325 4524 1430 4594 ὀδῷ
1461 4525 1570 4580 τῶν
1595 4525 1688 4578 τοῦ
1719 4523 1852 4578 Θεοῦ

274 4611 504 4663 ἐντολῶν
541 4611 602 4664 τὸ
631 4612 880 4680 ποίμνιον
910 4613 1002 4666 τοῦ
1033 4613 1192 4669 Θεοῦ.
1241 4615 1298 4668 '0
1324 4615 1380 4668 δὲ
1413 4617 1488 4685 μὴ
1523 4616 1701 4680 εἰδὼς,
1757 4618 1850 4670 καὶ

274 4701 446 4765 ἄλλως
470 4701 631 4772 ἔχων,
667 4702 934 4773 πρόδηλός
958 4706 1128 4767 ἐστιν,
1157 4706 1239 4758 ὅτι
1271 4706 1401 4760 οὐδὲ·
1419 4709 1488 4760 τά
1516 4708 1850 4778 αἰσθητήρια

272 4793 370 4862 τῆς
401 4792 577 4862 ψυχῆς
609 4795 997 4864 τετρανωμὲνα
1028 4798 1123 4853 καὶ
1149 4796 1274 4866 ὑγιῆ
1297 4797 1634 4868 ἐπιφέρεται.
1664 4791 1734 4869 ᾯ
1756 4798 1852 4852 καὶ

274 4883 475 4953 μᾶλλον
507 4882 688 4947 καλῶς
718 4883 828 4948 ’ἐξει
879 4886 939 4937 τὸ
970 4885 1221 4955 ἄγεσθαι,
1259 4888 1290 4948 ἢ
1331 4889 1388 4942 τὸ
1427 4890 1580 4956 ἄγειν
1634 4893 1846 4943 ἐπικιν-

270 4975 442 5038 δύνως
453 5014 466 5027 .

344 5061 442 5132 λη’.
481 5063 540 5116 '0
565 5062 642 5133 τῷ
687 5064 993 5140 διδασκάλῳ
1043 5068 1136 5119 καὶ
1181 5067 1358 5138 ὁδηγῷ
1395 5069 1580 5133 αὑτοῦ,
1608 5069 1680 5133 ὡς
1730 5071 1847 5142 Θεῷ

271 5154 553 5217 ἀτενίζων,
586 5154 892 5225 ἀντιλέγειν
920 5158 980 5209 οὐ
1043 5159 1286 5224 δύναται.
1320 5161 1412 5213 -Εί
1439 5161 1494 5214 δὲ
1527 5162 1700 5219 οἴεται
1755 5165 1847 5216 καὶ

271 5242 414 5311 λέγει
443 5243 733 5316 ἀμφότερα
785 5247 950 5316 ἔχειν,
1010 5248 1161 5311 ίστω,
1205 5251 1568 5322 πεπλάνηται.
1598 5245 1846 5309 ”()ποίαν

270 5334 377 5405 γάρ
402 5336 451 5388 οί
481 5334 576 5387 τοῦ
612 5336 748 5389 Θεοῦ
783 5344 915 5411 πρὸς
939 5339 1030 5390 τὸν
1077 5339 1208 5392 Θεὸν
1236 5342 1421 5411 ἔχουσι
1460 5345 1559 5413 τὴν
1606 5344 1845 5400 διάθεσιν

273 5423 365 5496 [ἐν
384 5426 528 5480 ἄλλ.
553 5427 817 5498 διάνοιαν]
835 5429 1036 5496 ἀγνοεῖ.

344 5809 580 5864 ³Μδιιδ..
633 5826 721 5875 xv,
779 5809 863 5862 H.
938 5807 961 5839 ⁸
995 5806 1011 5863 l
1047 5805 1177 5860 Cor,
1213 5822 1303 5871 xv,
1362 5807 1452 5862 49.

615 5908 882 5967 Parum.
934 5907 1047 5968 Gn.
1095 5903 1277 5965 CXX.

1941 3249 2079 3305 nihil
2112 3249 2358 3305 omnium
2384 3249 2552 3303 videt.

2009 3429 2098 3484 36.
2124 3428 2228 3494 Qui
2267 3428 2560 3497 imaginem
2602 3425 2818 3481 Domini
2857 3427 3031 3481 nostri
3090 3425 3220 3482 Jesu
3275 3426 3508 3495 Christi,

1940 3520 2186 3576 cmlestis
2235 3519 2473 3573 hominis
2507 3533 2571 3572 ac
2604 3517 2700 3572 Dei
2752 3517 2807 3571 in
2869 3516 3089 3571 homine
3142 3517 3401 3572 interiore
3446 3531 3511 3571 ac

1941 3612 2199 3668 rationali
2238 3625 2602 3682 cognoscens,
2654 3620 2711 3664 et
2746 3610 2995 3665 sentiens
3017 3611 3257 3665 necdum
3304 3609 3507 3674 induit,

1939 3706 2240 3760 etiamnum
2266 3701 2394 3757 caro
2425 3710 2659 3767 tantum,
2687 3709 2740 3756 et
2771 3703 2993 3770 sanguls
3023 3709 3110 3756 est
3141 3717 3156 3754 :
3190 3715 3290 3756 uec
3325 3708 3509 3771 potest

1940 3795 2242 3866 spiritualis
2261 3794 2447 3864 gloria:
2469 3792 2723 3847 notitiam
2744 3806 2839 3861 per
2865 3789 2959 3846 Dei
2983 3791 3210 3847 verbum
3236 3792 3506 3860 accipere,

1939 3887 2401 3958 quemadmodum
2435 3885 2614 3939 oculis
2651 3885 2719 3938 ab
2768 3884 2883 3952 ipsa
2917 3883 3129 3951 origine
3160 3899 3258 3937 sua
3304 3883 3505 3948 orbati,

1940 3982 2074 4036 solis
2105 3980 2287 4033 lumen
2323 3991 2416 4045 per
2456 3977 2684 4030 alterius
2737 3989 3045 4029 sermonem
3088 3982 3367 4044 nequeunt
3410 3989 3506 4028 co-

1940 4087 2226 4145 gnoscere.

2009 4167 2098 4219 '57.
2132 4164 2235 4230 Qui
2263 4162 2342 4216 sic
2375 4162 2554 4226 audit,
2607 4159 2785 4214 cernit
2816 4168 2869 4214 et
2902 4159 3180 4228 intelligit,
3231 4159 3374 4212 haud
3408 4175 3508 4212 ne-

1941 4253 2198 4323 scitquid
2227 4253 2331 4307 sibi
2361 4251 2522 4305 verba
2554 4262 2743 4305 nostra
2781 4250 2946 4304 velint
2979 4266 2993 4303 :
3028 4258 3084 4302 ut
3109 4248 3200 4317 qui
3223 4249 3336 4318 jam
3371 4248 3507 4302 inia-

1939 4346 2116 4415 ginem
2154 4342 2395 4398 coelestis
2421 4347 2642 4411 portare
2679 4342 2907 4409 coeperit
2942 4339 2985 4406 δ,
3016 4351 3070 4394 et
3092 4342 3143 4394 in
3181 4340 3351 4393 virum
3383 4354 3508 4408 per-

1941 4435 2143 4487 lectum
2181 4430 2539 4502 plenitudinis
2591 4428 2797 4484 Christi
2823 4428 3060 4484 evaserit
3093 4429 3136 4481 ⁵.
3177 4428 3278 4494 Qui
3315 4428 3368 4481 in
3405 4429 3506 4483 hoc

1942 4533 2091 4578 statu
2118 4535 2226 4591 est,
2256 4525 2302 4579 is
2329 4521 2478 4595 gregi
2516 4521 2723 4577 Christi
2750 4521 2803 4575 in
2838 4521 2922 4574 ria
2975 4519 3354 4574 mandatorum
3407 4519 3501 4573 Dei

1941 4633 2066 4673 cum
2095 4616 2252 4683 laude
2279 4614 2475 4684 praeire
2505 4613 2727 4683 poterit.
2764 4610 2867 4676 Qui
2905 4611 3141 4679 ignorat,
3173 4620 3226 4663 ct
3254 4609 3412 4663 aliter
3444 4626 3519 4664 se-
3605 4601 3609 4609 ’

1943 4713 2124 4776 habet,
2149 4725 2274 4765 eum
2303 4723 2402 4762 nec
2432 4722 2630 4763 sensus
2668 4705 2866 4759 anima:
2897 4703 3204 4758 illustratus
3249 4711 3303 4756 et
3336 4716 3503 4755 sanos

1942 4808 2141 4861 habere
2169 4810 2403 4860 constat.
2428 4802 2797 4867 Quamobrem
2828 4797 2906 4853 illi
2933 4799 3105 4865 magis
3137 4799 3428 4861 conducet,
3457 4798 3504 4850 si

1942 4909 2184 4969 regatur,
2217 4910 2380 4968 quam
2414 4894 2458 4950 si
2485 4893 2792 4964 periculose
2818 4900 2989 4960 regat.

2006 5076 2099 5132 58.
2136 5074 2240 5142 Qui
2277 5073 2600 5144 magistrum
2649 5085 2714 5124 ac
2754 5070 2950 5124 ducem
2987 5084 3145 5122 suum
3179 5084 3285 5121 nou
3338 5081 3499 5120 secus

1935 5185 2098 5241 quam
2126 5167 2298 5223 Deum
2335 5165 2635 5226 auscultat,
2687 5173 2742 5217 et
2786 5164 2840 5216 in
2873 5175 2937 5215 eo
2973 5159 3181 5214 deﬁxus
3225 5167 3327 5224 est,
3365 5171 3496 5212 con-

1937 5263 2207 5317 tradicere
2265 5274 2376 5316 non
2434 5267 2634 5328 potesr.
2699 5254 2796 5309 Sin
2857 5264 3042 5309 autem
3091 5251 3388 5306 arbitratur
3443 5251 3494 5304 in

1935 5369 2224 5424 utramque
2266 5363 2471 5423 partem
2499 5351 2606 5405 dici
2636 5364 2798 5421 posse
2843 5364 2901 5403 se
2933 5361 3122 5402 errare
3154 5345 3307 5401 sciat.
3352 5343 3472 5409 Quo

1936 5448 2095 5502 modo
2134 5445 2280 5501 enim
2325 5443 2417 5513 qui
2455 5442 2548 5496 0ςὶ
2585 5450 2711 5496 sunt
2762 5454 2891 5508 erga
2943 5439 3109 5494 Deum
3166 5436 3492 5495 adiciantur.

1934 5549 2275 5606 compertum
2311 5551 2419 5590 non
2455 5534 2634 5588 habet.

1606 5811 1624 5841 ³
1659 5807 1854 5878 Ephes.
1889 5821 1964 5875 iv,
1998 5807 2087 5862 15.

3065 5895 3138 5957 20
