4136 6338
648 370 753 430 (l9

1894 361 2277 425 SYMEONIS
2312 361 2679 423 JUNlOIilS

3791 367 3906 430 620

715 482 803 536 .59.
840 481 942 548 Qui
972 483 1136 536 vitam
1169 481 1322 552 juxta
1364 496 1427 536 ac
1463 482 1740 536 interitum
1766 495 1926 535 suum
1957 482 2010 534 in
2045 495 2206 534 manu

2391 476 2488 532 λο’.
2532 479 2588 531 '0
2620 477 2894 532 πιστεύων
2917 479 2973 532 ὲν
3004 481 3068 550 τῇ
3094 481 3235 551 χειρὶ
3278 479 3372 534 τοῦ
3423 483 3680 553 ποιμένος
3711 483 3904 562 αὐτοῦ,

646 581 885 648 pastoris
914 579 997 632 sui
1026 578 1266 646 positum
1293 592 1416 632 esse
1445 578 1644 641 credit,
1676 590 1956 646 nunquam
1993 585 2211 628 contra-

645 671 816 724 dicet.
869 672 1048 740 Atque
1091 671 1256 739 hujus
1307 670 1382 724 rei
1435 669 1654 723 inscitia
1716 667 2211 722 contradictionem

644 773 872 833 generat
906 782 920 818 :
954 765 1320 820 contradictio
1378 763 1575 820 mortis
1633 764 1736 818 sub
1802 761 2212 831 intelligentiam

642 858 910 918 cadentis,
947 866 1009 911 ac
1046 856 1394 925 sempiterna:
1423 854 1667 911 cﬂcctrix
1701 865 1805 911 est.

712 947 802 1000 40.
835 945 1163 1016 Priusquam
1192 947 1396 1017 aliquis
1426 948 1802 1003 damnationis
1840 947 2110 1002 sententia
2139 945 2217 1000 fe-

642 1041 840 1102 riatur,
872 1039 1038 1093 datur
1069 1041 1221 1096 locus
1255 1039 1399 1095 facta
1432 1055 1530 1095 sua
1587 1039 1918 1096 defendendi
1955 1041 2096 1110 apud
2121 1040 2214 1110 ju-

640 1133 838 1188 dicem.
891 1131 1074 1189 Factis
1109 1143 1294 1188 autem
1347 1134 1507 1202 plane
1551 1133 1664 1202 jam
1706 1135 2116 1198 constantibus,
2161 1142 2219 1187 et

642 1228 971 1291 manifestis,
991 1235 1042 1282 et
1057 1229 1322 1282 sententia
1343 1227 1540 1296 Iudicis
1557 1230 1784 1298 prolata,
1803 1230 2098 1282 tortoribus
2117 1242 2218 1281 nec

641 1317 892 1385 multum,
911 1334 1009 1378 nee
1029 1333 1217 1389 parum
1236 1318 1613 1373 contradicere
1627 1334 1691 1374 ac
1707 1320 2096 1389 repngnarefas
2110 1332 2210 1377 est.

707 1412 796 1465 ιι.
833 1413 1146 1481 Antequam
1192 1413 1257 1467 ad
1287 1412 1433 1469 istud
1466 1414 1705 1468 tribunal
1758 1414 1982 1469 accedat
2023 1430 2220 1470 mona~

637 1502 792 1566 chus,
835 1511 888 1556 ct
920 1512 1105 1572 aperta
1153 1504 1284 1556 liaut
1326 1517 1449 1573 quae
1495 1503 1665 1559 latent
1721 1505 1776 1558 in
1831 1505 1999 1560 corde
2069 1507 2213 1576 ejus,

639 1595 893 1651 fortassis
920 1596 966 1650 ei
995 1596 1377 1652 contradicere
1403 1595 1551 1661 licet,
1587 1597 1784 1668 partim
1814 1606 2037 1668 propter
2069 1598 2219 1668 igno-

639 1689 908 1755 rautiam;
953 1688 1154 1756 partim
1192 1688 1320 1758 quia
1355 1703 1456 1742 sua
1497 1704 1558 1745 se
1588 1688 1872 1744 occultare
1905 1704 2068 1759 posse
2096 1692 2216 1760 Opi-

639 1789 824 1834 natur.
866 1778 972 1834 Sed
1002 1789 1128 1851 post
1177 1780 1577 1851 cogitationum
1630 1779 2048 1848 revelationem,
2095 1781 2213 1837 sin-

637 1889 930 1942 ceramque
962 1874 1364 1932 confessionem
1403 1890 1512 1929 non
1565 1874 1692 1930 licet
1724 1889 1991 1943 unquam,
2041 1891 2215 1944 usque

639 1963 705 2018 ad
731 1963 1153 2034 mortemjudici
1195 1966 1494 2020 secundum
1527 1964 1722 2029 Deum,
1759 1974 1815 2021 et
1851 1967 2058 2022 vicario
2094 1967 2215 2046 ejus

638 2073 763 2114 sese
787 2058 950 2113 dictis
982 2072 1282 2130 opponere.
1338 2060 1646 2116 Monachus
1697 2061 1902 2132 quippe
1936 2061 2004 2115 ab
2050 2060 2213 2116 initio

638 2151 704 2202 ad
747 2150 850 2205 hoc
883 2151 1120 2205 tribunal
1156 2152 1462 2221 ingressus,
1498 2155 1682 2208 contis
1734 2153 1820 2207 sui
1873 2154 2090 2208 retectis
2126 2168 2215 2206 ar-

638 2245 796 2297 canis
821 2242 931 2313 jam
977 2243 1102 2298 inde
1132 2243 1238 2298 sibi
1279 2245 1575 2313 petsuasit,
1613 2245 1657 2300 si
1705 2247 1785 2300 vel
1824 2247 2095 2316 modicam
2121 2260 2214 2301 co-

634 2333 935 2399 gnitionem
999 2334 1360 2403 ai'quisiet'it,
1417 2336 1562 2389 mille
1613 2344 1815 2389 mortes
1863 2351 1922 2390 se
1968 2351 2212 2392 comme-

635 2425 812 2480 ruisse
843 2443 855 2479 :
889 2439 943 2481 et
973 2441 1071 2496 per
1103 2428 1497 2492 obedien'iam,
1546 2429 2024 2499 humilitatemque
2054 2444 2210 2484 suam

633 2519 704 2588 (si
736 2534 860 2575 vere
907 2519 1097 2589 utique
1121 2520 1369 2590 mysterii
1398 2521 1615 2575 modum
1659 2520 1787 2590 scit)
1817 2522 1966 2576 omni
2006 2521 2214 2577 ultione

633 2611 815 2681 suppli
857 2612 1017 2682 ioque
1055 2613 1346 2668 liberatum
1379 2614 1576 2668 credit.

704 2794 792 2848 δι’.
837 2794 938 2861 Qui
977 2794 1091 2850 haec
1120 2794 1430 2851 indelebilis
1468 2795 1521 2850 in
1567 2795 1749 2850 animo
1789 2811 1888 2852 suo
1945 2798 2208 2860 custodit,

630 2888 849 2951 doctus,
888 2889 1221 2953 admonitus.
1245 2889 1548 2959 castigatus
1585 2906 1860 2960 nunquam
1898 2891 2062 2947 corde
2093 2901 2213 2948 mo~

633 2980 867 3033 vehitur.
901 2978 1168 3046 Quoniam
1199 2981 1372 3051 quiin
1411 2980 1525 3035 haec
1555 2981 1694 3036 mala
1730 2981 1942 3047 incidit,
1988 2984 2042 3037 in
2079 2998 2213 3038 con-

632 3073 1040 3139 tradictionem,
1070 3072 1318 3144 inquam,
1346 3083 1400 3128 et
1428 3074 1798 3130 infidelitatem
1832 3090 1958 3145 erga
1993 3074 2206 3130 Patrem

2319 572 2417 642 τὴν
2442 570 2634 625 ἑαυτοῦ
2663 571 2929 642 ὑπάρχειν
2960 570 3106 642 ζωὴν
3129 578 3221 626 καὶ
3252 574 3343 627 τὸν
3367 574 3616 639 θάνατον,
3646 578 3745 630 οὐκ
3777 580 3900 631 άντ-

2322 662 2468 714 είποι
2534 661 2688 715 ποτέ.
2723 661 2785 713 'H
2816 653 2874 714 δὲ
2901 661 3106 715 τούτων
3135 664 3329 731 ἄγνοια
3391 651 3880 738 ἀντιλογίανγεννᾷ

2319 753 2418 815 τὴν
2448 749 2710 814 πρόξενον
2740 751 2834 804 τοῦ
2862 751 3054 821 νοητοῦ
3087 757 3182 805 καὶ
3218 757 3326 807 aito
3363 754 3443 810 ιου
3468 756 3720 811 θανάτου.

2393 943 2466 1016 μ’.
2500 945 2611 1015 Πρὸ
2643 943 2737 997 τοῦ
2768 943 2952 996 λαϐεῖν
2993 945 3092 1016 τὴν
3126 945 3402 1015 ἀπόφασιν
3442 947 3532 1001 τὸν
3577 950 3894 1009 κατάδικον,

2317 1039 2478 1099 τόπος
2527 1035 2724 1089 δίδοται
2783 1035 3081 1103 ἀπολογίας
3127 1031 3297 1108 αὐτῷ,
3331 1038 3409 1108 τῷ
3454 1039 3681 1113 δικαστῇ
3715 1042 3892 1095 λαλεῖι.

2319 1129 2451 1197 περὶ
2481 1121 2556 1179 ὧν
2584 1126 2789 1198 ἔπραξε
2815 1143 2829 1160 ·
2868 1128 3012 1196 μετά
3050 1127 3107 1180 δὲ
3140 1130 3238 1199 τὴν
3265 1129 3375 1182 τῶν
3397 1125 3687 1200 πρακτέων
3731 1133 3897 1201 quam

2323 1200 2510 1289 ρωσιν,
2550 1221 2642 1272 καὶ
2675 1219 2776 1292 τὴν
2802 1219 2895 1273 τοῦ
2936 1221 3193 1273 δικαστοῦ
3239 1223 3537 1291 ἀπόφασιν,
3569 1225 3723 1278 οὐδὲν
3748 1226 3783 1297 ἢ
3813 1243 3899 1295 μι-

2323 1313 2474 1382 κρὸν,
2503 1312 2535 1383 ἢ
2570 1313 2713 1381 μέγα
2742 1314 2855 1375 τοῖς
2883 1311 3265 1381 βασανίζουσιν
3295 1314 3586 1384 ἀντιλέγει.

2391 1426 2502 1488 μα’.
2538 1421 2648 1491 Πρὸ
2676 1419 2772 1472 τοῦ
2806 1422 3070 1476 εἰσελθεῖν
3098 1426 3180 1488 είς
3225 1426 3386 1480 τοῦτο
3434 1423 3494 1480 τδ
3540 1429 3893 1502 δικαστήριον

2316 1511 2405 1564 τὸν
2459 1513 2715 1583 μοναχὸν,
2763 1514 2856 1567 καὶ
2909 1517 3224 1587 φανερῶσαι
3271 1519 3436 1574 αὐτοῦ
3488 1523 3555 1575 τά
3603 1521 3889 1594 ὲγκάρδισ,

2317 1603 2444 1665 ἴσως
2480 1604 2782 1672 ἀντιλέγειν
2821 1605 3031 1671 ἔξεστιν
3061 1607 3213 1679 αὑτῷ
3236 1623 3250 1638 ⁸
3269 1615 3338 1662 τά
3361 1611 3465 1680 μὲν·
3483 1615 3623 1667 κατὰ
3643 1614 3889 1681 ἄγνοιαν,

2315 1692 2382 1744 τα
2410 1693 2466 1758 δὲ
2496 1696 2588 1746 καὶ
2621 1695 2696 1757 ὡς
2720 1698 2952 1767 οίομένῳ
2981 1697 3248 1766 κρύπτειν
3274 1701 3342 1754 τά
3373 1703 3590 1757 ἑαυτοῦ.
3630 1707 3786 1759 Μετὰ
3839 1707 3892 1759 δὲ

2315 1786 2416 1856 τὴν
2446 1787 2552 1840 τῶν
2585 1787 2862 1857 λογισμῶν
2897 1776 3266 1861 ἀποκάλυψιν,
3286 1796 3377 1846 καὶ
3403 1797 3669 1867 εἰλικρινῆ
3697 1796 3890 1868 ἐξαγόο

2318 1890 2523 1946 ρευσιν,
2557 1877 2655 1928 οὐκ
2686 1877 2894 1940 ἔξεστιν
2923 1879 3227 1948 ἀντιλέγειν
3264 1883 3342 1952 τῷ
3380 1887 3518 1954 μετά
3565 1886 3701 1939 Θεὸν
3740 1889 3894 1941 δικα-

2316 1967 2438 2035 στῇ,
2473 1968 2564 2018 καὶ
2597 1966 2924 2040 ὲξουσιαστῇ
2954 1970 3144 2037 αὐτοῦ,
3201 1974 3363 2045 μέχρι
3392 1977 3625 2030 θανάτου
3645 1979 3800 2035 ποτέ.
3838 1981 3892 2033 ’0

2316 2058 2424 2129 γὰρ
2455 2060 2687 2129 μοναχδς
2716 2063 2778 2113 ὲν
2824 2064 2998 2132 τούτῳ
3029 2064 3350 2136 κατ’.ἀρχάς
3388 2068 3647 2123 εἰσελθὼν
3700 2071 3778 2140 τῷ
3809 2071 3890 2124 δι-

2316 2152 2618 2223 καστηρίῳ,
2643 2153 2736 2204 καὶ
2759 2153 3165 2224 ἀπογυμνώσας
3195 2157 3265 2209 τά
3296 2160 3515 2228 κρυπτὰ
3535 2161 3633 2229 τῆς
3664 2163 3891 2233 καρδίας

2313 2241 2502 2309 αὑτοῦ,
2555 2244 2846 2297 πέπεισται
2880 2247 2943 2298 ὲκ
2994 2248 3318 2318 προοιμίων,
3345 2251 3457 2317 εῐγε
3512 2251 3607 2303 καὶ
3641 2255 3890 2307 ὁπωσοῦν

2312 2336 2514 2403 γνῶσιν
2573 2337 2860 2406 κέκτηται,
2896 2338 2979 2390 ὅτι
3063 2341 3274 2409 μυρίων
3351 2343 3586 2412 ὑπάρχει
3640 2342 3890 2417 θανάτων

2309 2428 2458 2496 ἄξιος
2483 2443 2497 2458 ο
2529 2428 2622 2481 καὶ
2649 2428 2736 2481 διά
2763 2429 2860 2499 τῆς
2891 2429 3137 2500 ὑπακοῆς
3163 2432 3327 2485 αὑτοῦ
3361 2437 3453 2486 καὶ
3470 2432 3882 2501 ταπεινώσεως,

2312 2520 2786 2590 πάσηςτιμωρίας
2818 2521 2910 2572 καὶ
2946 2520 3222 2585 κολάσεως
3255 2523 3594 2594 λυτρωθῆναι
3618 2527 3885 2588 πιστεύει,

2313 2615 2360 2664 εί
2389 2611 2462 2674 ὡς
2527 2611 2744 2682 ἀληθῶς
2792 2611 2903 2682 ἄρα
2950 2612 3042 2665 τὸν
3069 2614 3272 2682 τρόπον
3310 2614 3403 2668 τοῦ
3436 2617 3739 2687 μυστηρίου
3773 2621 3893 2672 επί-

2319 2716 2535 2754 σταται.

2385 2793 2491 2862 μβ⁹.
2527 2794 2582 2845 Ὀ
2611 2793 2975 2856 ἀνεξάλειπτα
3020 2793 3194 2847 ταῦτα
3223 2795 3505 2864 φυλάττων
3529 2798 3587 2851 ὲν
3601 2800 3665 2869 τῇ
3691 2798 3883 2852 ἑαυτοῦ

2312 2883 2540 2953 διανοίᾳ,
2583 2884 2682 2951 τὴν
2720 2883 2949 2970 καρδίαν
2989 2885 3244 2940 οὐδέποτε
3305 2887 3702 2959 κινηθήσεται,
3758 2907 3886 2944 παι-

2307 2975 2616 3045 δευόμενος,
2638 2976 2680 3044 ’ἥ
2715 2977 3160 3047 νουθετούμενος,
3182 2978 3215 3049 ἢ
3238 2978 3619 3049 ἐλεγχόμενος.
3667 2981 3886 3051 Ἐπειδὴ

2307 3067 2336 3118 ό
2367 3065 2656 3136 ἐμπίπτων
2684 3069 2794 3128 τοῖς
2825 3066 3092 3130 τοιούτοις
3124 3070 3337 3132 κακοῖς,
3369 3068 3517 3136 λέγω
3549 3069 3613 3139 δὴ
3644 3073 3710 3141 τῇ
3736 3075 3884 3124 ἀντιο

631 3169 969 3239 spiritualem
1017 3177 1072 3223 ct
1117 3169 1435 3239 magistrum
1468 3185 1651 3233 suum,
1687 3169 1739 3222 in
1770 3183 1955 3224 casses
2001 3182 2052 3224 et
2081 3186 2206 3241 pro-

2311 3159 2463 3227 λογίᾳ
2515 3159 2608 3210 καὶ
2644 3157 2895 3228 ἀπιστία,
2926 3161 2992 3228 τῇ
3012 3159 3147 3230 πρὸς
3170 3160 3261 3212 τὸν
3283 3163 3647 3230 πνευματικὸν
3674 3162 3885 3233 πατέρα

633 3263 798 3316 funda
826 3261 1124 3315 inferorum
1161 3261 1343 3315 adhuc
1377 3262 1566 3317 vivens
1595 3263 1964 3316 miserandum
1998 3263 2050 3317 in
2087 3278 2209 3317 mo-

630 3355 760 3403 dum
787 3350 1113 3405 deturbatur
1143 3365 1158 3403 :
1189 3359 1242 3403 et
1269 3358 1325 3402 ut
1355 3350 1740 3406 inobedientia:
1789 3366 1852 3405 ac
1881 3353 2207 3422 perditionis

629 3439 800 3503 filius,
829 3439 1169 3494 domicilium
1216 3439 1437 3495 Satanae
1470 3439 1550 3500 fit.
1591 3450 1644 3496 et
1698 3443 1880 3498 omnis
1913 3443 2200 3499 immtde

629 3532 916 3600 potestatis
953 3532 1092 3601 ejus.

700 3624 789 3678 45.
817 3624 1092 3678 Adhortor
1122 3635 1194 3688 te,
1228 3624 1300 3679 ﬁll
1323 3625 1669 3694 obedientiam
1695 3636 1748 3681 ut
1771 3627 1884 3683 hmc
1907 3629 1959 3682 in
1989 3639 2208 3699 pectore

629 3726 724 3769 tuo
777 3716 991 3770 volutes
1047 3715 1365 3781 identidem,
1396 3715 1749 3790 omnemque
1784 3723 2202 3778 contentionem

629 3811 911 3874 adhibeas,
954 3827 1020 3866 ne
1054 3812 1104 3865 in
1135 3811 1272 3866 mala
1301 3812 1524 3878 inferni,
1554 3814 1619 3868 de
1654 3815 1854 3884 quibus
1883 3817 2088 3873 dictum
2121 3831 2205 3876 est

629 3920 654 3953 ιι
689 3903 872 3966 nobis,
896 3904 1204 3973 piaecipites
1233 3944 1248 3968 ,
1288 3905 1382 3960 sed
1409 3905 1466 3958 in
1497 3905 1615 3960 dies
1646 3907 1891 3977 singulos
1933 3911 2095 3962 Deum
2132 3912 2203 3964 ita

628 4009 786 4062 regns
846 4001 900 4048 et
953 3993 1155 4048 dicas:
1200 3995 1368 4059 Deus,
1423 4003 1477 4050 et
1519 3995 1746 4053 Domine
1801 3999 2203 4068 universorum,

626 4100 787 4153 quem
823 4101 988 4152 pt'ncl
1015 4096 1097 4140 est
1129 4089 1310 4140 omnis
1341 4088 1589 4156 spiritus,
1626 4099 1676 4141 et
1709 4089 1906 4143 animus
1938 4099 2201 4158 potestas,

625 4178 719 4246 qui
754 4177 907 4232 solos
943 4190 1139 4232 sanare
1166 4192 1250 4231 me
1283 4187 1456 4246 potes,
1481 4180 1678 4235 exaudi
1713 4196 1796 4235 me
1826 4182 2120 4249 infelicem,
2153 4193 2204 4240 et

627 4270 680 4321 in
721 4283 804 4321 me
836 4269 1242 4323 delitescentem
1275 4268 1566 4324 draconem
1600 4273 1937 4328 sanctissimi
1967 4275 2202 4344 Spiritus

619 4355 705 4413 tui
758 4361 989 4414 adventu
1026 4364 1407 4430 interemptum
1449 4363 1609 4429 dele;
1648 4379 1841 4435 meque
1874 4369 2200 4427 mendicum.

627 4464 681 4508 et
708 4456 775 4508 ab
801 4457 949 4507 Omni
985 4455 1188 4508 virtute
1221 4457 1452 4521 nudum,
1492 4460 1667 4513 sancti
1704 4458 1881 4517 Patris
1912 4463 2013 4518 mei
2051 4465 2204 4532 pedi-

625 4548 728 4601 bus
753 4547 1036 4615 procidere
1065 4545 1219 4612 velis,
1242 4559 1294 4602 et
1321 4562 1565 4605 sanctam
1597 4551 1720 4619 ejus
1742 4553 1974 4608 animam
2005 4554 2070 4608 ad
2103 4556 2202 4609 do-

626 4639 840 4694 lendam
874 4639 1047 4693 vicem
1109 4654 1306 4703 meam,
1364 4653 1418 4696 et
1463 4643 1531 4696 ad
1589 4645 2017 4701 misericordiam
2070 4650 2200 4703 mihi

626 4730 753 4785 inde
777 4729 1122 4784 tribuendam
1154 4732 1447 4798 adducito;
1475 4744 1529 4789 et
1559 4735 1624 4790 da
1656 4737 2018 4794 humilitatem
2046 4746 2198 4797 cordi

627 4837 773 4887 meo,
813 4831 865 4874 et
901 4822 1262 4892 cogitationes
1295 4823 1574 4889 decentes,
1618 4831 1916 4896 peceatori,
1958 4835 2048 4900 qui
2101 4848 2199 4902 pe-

627 4915 760 4983 pigit
787 4925 983 4975 tecum,
1020 4923 1075 4966 ut
1099 4915 1475 4983 ptenitentiam
1508 4931 1689 4987 ageret
1723 4937 1735 4972 :
1771 4931 1826 4974 et
1854 4936 1921 4975 ne
1945 4923 1998 4975 in
2033 4924 2193 4978 finem

625 5007 981 5075 derelinquas
1015 5010 1274 5072 animam,
1314 5025 1433 5078 qua:
1474 5011 1640 5065 semel
1682 5013 1775 5066 tibi
1817 5029 1875 5070 se
1932 5032 2197 5087 aggrave-

625 5104 723 5164 vit,
756 5111 810 5153 et
841 5108 893 5153 te
933 5100 1184 5155 confessa
1226 5109 1329 5166 est,
1374 5104 1582 5172 totique
1615 5107 1820 5160 mundo
1851 5114 2194 5179 przeoptavit,

625 5207 689 5245 ac
734 5193 972 5262 praetulit
1005 5202 1075 5247 te.
1133 5193 1212 5246 'l'u
1254 5197 1398 5248 enim
1440 5201 1603 5263 nosti,
1647 5200 1886 5266 Domine,
1944 5205 2078 5259 velle
2114 5223 2198 5261 me

625 5287 850 5346 saltari,
880 5286 1091 5339 tametsi
1129 5287 1269 5340 mala
1301 5293 1694 5345 consuetudine
1725 5297 1977 5348 retardor
2002 5306 2054 5350 ct
2091 5298 2197 5349 ini-

626 5377 834 5444 pedior.
875 5373 1258 5434 Verumtamen
1321 5387 1502 5435 omnia
1545 5385 1638 5438 tibi
1702 5389 1980 5453 possibilia
2044 5401 2193 5455 sunt,

625 5484 743 5537 qua:
777 5469 917 5538 apud
948 5469 1196 5526 homines
1234 5474 1614 5543 impossibilia.

691 5648 781 5700 44.
836 5646 937 5713 Qui
973 5652 1291 5716 prmclarum
1339 5652 1460 5708 ﬁdei
1506 5672 1568 5710 ac
1623 5661 1737 5727 spei
1773 5659 2188 5719 fundamentum

628 5742 762 5793 aulae
795 5756 857 5793 ac
895 5743 1085 5824 palatii
1112 5743 1327 5813 pietatis
1353 5763 1676 5819 posuerunt,
1709 5764 1762 5810 et
1790 5771 1954 5828 supra
1981 5769 2188 5827 petr..m

627 5833 956 5892 obedientize
990 5836 1240 5898 Patribus
1277 5844 1649 5913 spiritualibus
1681 5853 1998 5909 cxhibendm
2031 5858 2193 5922 pedes

2310 3251 2475 3303 αὐτοῦ
2545 3249 2638 3301 καὶ
2717 3249 3060 3317 διδάσκαλον,
3117 3252 3195 3313 είς
3261 3251 3532 3322 πέταυρον
3578 3253 3680 3304 καὶ
3725 3253 3885 3323 βυθὸν

2307 3342 2435 3413 ᾇδου
2469 3343 2548 3396 ἔτι
2601 3342 2708 3406 ζῶν
2736 3343 2984 3404 ἐλεεινῶς
3010 3343 3401 3413 καταφέρεται,
3457 3345 3552 3397 καὶ
3592 3338 3744 3407 οἶκος
3790 3346 3880 3398 τοῦ

2307 3441 2524 3491 Σατανᾶ
2574 3441 2666 3491 καὶ
2690 3439 2870 3509 πάσης
2908 3437 3072 3490 αὑτοῦ
3106 3440 3207 3507 τῆς
3235 3430 3544 3510 ἀκαθάρτου
3594 3439 3878 3511 δυνάμεως

2307 3529 2537 3597 γίνεται,
2569 3527 2642 3590 ὡς
2674 3527 2905 3599 ἀπειθὴς
2938 3528 3030 3580 καὶ
3055 3527 3330 3590 ἀπωλείας
3360 3529 3496 3592 υἱός.

2381 3617 2488 3688 μ.γῖ
2511 3618 2818 3688 Παρακαλῶ
2838 3635 2895 3671 σε
2909 3619 2999 3671 τὸν
3011 3619 3106 3686 τῆς
3129 3620 3394 3690 ὑπακοῆς,
3423 3619 3508 3672 ἵνα
3534 3620 3709 3674 ταῦτα
3729 3622 3882 3693 στρέο

2307 3725 2413 3783 φῃς
2448 3710 2684 3780 συνεχῶς
2717 3713 2774 3764 ὲν
2809 3714 2877 3782 τῇ
2906 3747 2910 3750 η
2937 3711 3146 3782 διανοίᾳ
3190 3728 3284 3763 σου
3315 3726 3326 3741 ⁸
3371 3713 3465 3764 καὶ
3487 3713 3643 3785 πάσῃ
3674 3715 3876 3786 σπουδῇ

2305 3809 2697 3878 ἀγωνίσασθαι,
2724 3809 2821 3862 τοῦ
2869 3809 2942 3879 μὴ
2968 3801 3256 3862 κατελθεῖν
3298 3810 3355 3862 ὲν
3407 3811 3518 3873 τοῖς
3566 3809 3881 3880 εἰρημένοις

2306 3901 2400 3957 τοῦ
2427 3903 2554 3974 ᾅδου
2575 3904 2766 3964 κακοῖς
2795 3919 2807 3932 ·
2845 3903 2957 3955 ἀλλ’
2978 3901 3119 3955 οὕτω
3139 3901 3356 3954 δέεσθαι
3377 3901 3597 3972 θερμῶς
3627 3901 3722 3954 τοῦ
3744 3898 3878 3954 Θεοῦ

2306 3993 2429 4047 καθ’
2458 3994 2718 4065 ἑκάστην,
2743 3977 3078 4082 καὶ1).ἐγειν’έ
3110 3993 3211 4048 Θεὲ
3245 3993 3341 4047 καὶ
3370 3993 3542 4063 Κύριε
3573 3993 3682 4046 τῶν
3705 3992 3877 4046 ἀπάν-

2305 4103 2435 4152 των,
2460 4089 2490 4141 ό
2514 4086 2694 4157 πάσης
2734 4087 2902 4156 πνοῆς
2927 4087 3021 4140 καὶ
3047 4085 3224 4156 ψυχῆς
3247 4086 3387 4156 ἔχων
3409 4087 3507 4155 τὴν
3553 4085 3829 4151 ἐξουσίαν,
3848 4086 3875 4136 ό

2303 4175 2464 4245 μόνος
2513 4171 2776 4226 ’ἰάσασθαί
2824 4189 2890 4243 με
2927 4171 3243 4250 δυνάμενος,
3276 4172 3581 4228 ὲπάκουσόν
3615 4190 3719 4244 μου
3775 4173 3876 4242 τῆς

2296 4266 2535 4335 δεήσεως
2553 4262 2648 4315 τοῦ
2681 4259 3046 4332 ταλαιπώρου,
3064 4261 3265 4315 καὶτὸν
3285 4264 3341 4314 ὲν
3359 4264 3383 4314 ὲ
3392 4264 3480 4333 μοὶ
3493 4265 3558 4331 ὲμ
3569 4261 3876 4331 φωλεύοντα

2298 4357 2590 4427 δράκοντα,
2631 4356 2698 4424 τῇ
2737 4353 2831 4406 τοῦ
2863 4353 3130 4421 παναγίου
3173 4369 3265 4406 σου
3295 4353 3613 4422 Πνεύματος
3667 4357 3876 4424 ἐπιφοι-

2300 4449 2453 4517 τήσει
2483 4443 2799 4506 θανατώσας
2821 4444 3085 4511 ἀφάνισον
3114 4459 3128 4474 ·
3173 4445 3318 4511 κάμὲ
3368 4442 3583 4513 πτωχὸν
3645 4446 3745 4496 καὶ
3790 4462 3880 4512 γυ-

2302 4539 2432 4609 μνδν
2468 4537 2648 4607 πάσης
2684 4537 2883 4608 ἀρετῆς
2918 4536 3261 4606 ὑπάρχοντα,
3291 4537 3405 4598 τοῖς
3435 4533 3528 4587 τοῦ
3570 4535 3728 4603 ἁγίου
3779 4554 3877 4606 μου

2302 4629 2509 4699 Πατρὸς
2569 4627 2695 4680 ποσὶ
2739 4628 2877 4696 μετά
2936 4625 3187 4696 δακρύων
3240 4628 3570 4693 προσπεσεῖν
3627 4625 3878 4690 ἀξίωσον,

2302 4723 2393 4774 καὶ
2423 4721 2521 4789 τὴν
2551 4719 2714 4786 ἁγίαν
2741 4717 2904 4770 αὑτοῦ
2930 4717 3105 4787 ψυχὴν
3131 4719 3210 4779 εἰς
3243 4716 3588 4788 συμπάθειαν
3613 4712 3882 4787 τοῦἲλεῆ-

2301 4812 2390 4865 σαί
2416 4828 2481 4881 με
2516 4810 2742 4862 ἕλκυσον
2765 4827 2778 4839 ·
2816 4811 2908 4860 καὶ
2939 4809 3046 4872 δὸς,
3083 4809 3274 4878 Κύριε,
3299 4809 3636 4862 ταπείνωσιν
3655 4811 3721 4879 τῇ
3743 4827 3878 4880 καρ-

2301 4902 2388 4973 δίᾳ
2448 4920 2570 4972 μου,
2597 4903 2690 4953 καὶ
2719 4901 3015 4970 λογισμοὺς
3055 4894 3372 4969 πρέποντας
3414 4902 3729 4972 ἁμαρτωλῷ
3754 4918 3880 4955 συν-

2300 4995 2510 5064 θεμένῳ
2540 5010 2620 5046 σοι
2661 4997 2944 5063 μετανοεῖν
2975 5012 2986 5022 '
3047 4993 3138 5046 καὶ
3197 4994 3272 5062 μὴ
3325 4994 3403 5062 είς
3441 4993 3596 5057 τέλος
3643 4995 3883 5063 ἔγκατα-

2299 5084 2487 5153 λείψῃς
2533 5083 2709 5154 ψυχὴν
2757 5083 2902 5147 ἅπαξ
2965 5085 3409 5154 συνταξαμὲνην,
3466 5087 3562 5138 καὶ
3607 5084 3883 5156 ὁμολογή-

2300 5194 2484 5239 σασαν,
2537 5179 2630 5230 καὶ
2688 5180 2807 5230 ἀντὶ
2858 5178 3058 5241 παντὸς
3114 5178 3207 5229 τοῦ
3258 5178 3465 5248 κόσμου
3507 5178 3878 5248 ἐκλεξαμένην

2299 5271 2391 5321 καὶ
2443 5266 2930 5339 προτιμησαμένην
2985 5287 3066 5322 σε.
3123 5267 3282 5334 Οἶδας
3338 5270 3482 5340 γάρ,
3554 5271 3751 5342 Κύριε,
3798 5273 3879 5325 ὃτι

2298 5362 2435 5414 θέλω
2468 5361 2726 5432 σωθῆναι,
2747 5363 2794 5416 εἰ
2826 5363 2919 5415 καὶ
2945 5365 2975 5432 ἠ
3006 5365 3216 5432 πονηρά
3254 5381 3355 5432 μου
3394 5363 3650 5434 συνήθεια
3706 5365 3879 5434 ἐμπό-

2292 5453 2401 5503 διό)
2446 5471 2545 5522 μου
2600 5454 2920 5506 καθίσταται
2952 5471 2962 5484 ’
3012 5455 3148 5507 ἀλλὰ
3182 5455 3382 5508 δυνατά
3441 5473 3545 5511 σοι.
3603 5457 3874 5510 Δέσποτα.

2298 5546 2474 5598 πάντα
2506 5548 2604 5597 ὅσα
2644 5547 2793 5616 παρά
2821 5546 3127 5618 ἀνθρώποις
3166 5546 3419 5601 ἀδύνατα.

2369 5668 2470 5734 μδ’.
2511 5671 2572 5720 Οἱ
2602 5671 2762 5723 καλὸν
2793 5676 2882 5724 τὶν
2903 5672 3148 5743 θεμέλιον
3178 5678 3272 5746 τῆς
3300 5678 3534 5742 πίστεως
3582 5682 3676 5736 καὶ
3720 5685 3876 5738 ἐλπίδ

2294 5758 2401 5820 6ος,
2423 5763 2478 5812 ἐν
2508 5763 2572 5830 τῇ
2601 5761 2735 5832 αὐλῇ
2803 5766 3201 5831 καταὸαλόντες
3264 5770 3362 5837 τῆς
3394 5770 3697 5836 εὖσεόείας,
3733 5779 3874 5840 μετά

2294 5860 2458 5929 φόϐου
2493 5862 2584 5917 καὶ
2613 5861 2838 5933 τρόμου,
2874 5865 2964 5917 καὶ
3001 5866 3220 5938 ἐπἰ,τὴ·ι
3257 5869 3456 5940 πέτραν
3493 5870 3588 5942 τῆς
3622 5871 3868 5946 ὑπακοῆς
