4136 6338
275 396 392 464 6ἔῆ

1492 399 1762 460 CAPITU
1774 401 1864 460 LA
1907 394 2296 473 PRACTICA.

3402 424 3502 482 630

278 519 479 585 napis;
504 513 710 582 ταύτης
737 511 814 583 τῷ
849 512 960 566 ὄντι
992 512 1153 582 ζωῆς,
1191 514 1349 565 ἄλλον
1380 514 1654 589 ὑπονοήσῃ
1682 516 1820 570 ταῠτη

1937 520 2230 590 abnegavit
2271 525 2536 593 primum.
2580 537 2633 581 et
2673 527 2870 583 deinde
2900 544 2999 599 pro
3048 530 3147 587 hac
3185 548 3307 587 vere
3344 534 3496 589 licata

273 606 635 675 πεποιηκέναι
661 608 739 667 είς
760 604 818 657 τὸ
844 605 1146 674 κτήσασθαι
1175 604 1270 676 τὴν
1292 604 1591 668 initiatae);
1616 605 1773 659 Οὕτω
1794 606 1850 659 δὲ

277 701 373 751 καὶ
411 700 438 750 ὁ
466 697 638 750 δοκῶν
661 696 885 766 Πνεῦμα
911 696 1055 767 ἔχειν
1086 696 1262 765 ἅγιον,
1296 698 1463 767 μηδὲν
1492 698 1650 767 ἔχων,
1675 699 1735 751 οὐ
1764 718 1871 755 πι-.

274 790 459 853 ρτεύει
508 786 728 855 πώποτε
761 789 859 853 τὰς
888 789 1173 860 ἐνεργείας
1219 790 1383 843 αὑτοῦ
1440 793 1850 862 γινωσκομένας

274 882 514 948 ἀκούων,
556 882 615 933 ὲν
636 884 749 953 τοῖς
784 880 846 933 τὸ
902 880 1124 950 Πνεῦμα
1172 881 1232 933 τὸ
1292 882 1445 949 ἅγιον
1497 882 1701 952 ἔχουσι.
1740 884 1847 937 Καὶ

266 972 356 1025 ὅτι
380 971 495 1023 ἐστι
517 988 603 1033 τις
623 970 880 1039 κατὰ-τὴν
907 971 1100 1038 γενεὰν
1126 972 1328 1047 ταύτην
1354 972 1547 1043 ἐπίσης
1576 976 1688 1037 τοῖς
1716 974 1848 1027 ἀπο-

273 1064 485 1127 στόλοις
514 1063 772 1135 Χριστοῦ,
818 1066 911 1116 καὶ
941 1067 1053 1127 τοῖς
1084 1065 1180 1117 ἀπ’
1211 1064 1407 1126 αἰῶνος
1435 1063 1646 1132 ’ἆγίοις,
1718 1066 1846 1136 θείῳ

269 1153 687 1224 ἑνεργούμενος,
734 1153 839 1205 καὶ
910 1151 1227 1222 κινούμενος
1288 1152 1583 1222 [ινεύματι.
1656 1154 1725 1206 Ἢ
1788 1156 1846 1206 ὲν

266 1245 509 1315 ὀπτασίᾳ
530 1244 718 1297 τούτου
750 1246 1015 1315 γνωστῶςη
1035 1245 1127 1297 καὶ
1154 1247 1210 1298 ἐν
1239 1245 1489 1315 αἰσθήσει
1522 1245 1803 1314 γινόμενος
1828 1260 1844 1277 ο

266 1338 503 1400 ἕκαστος
537 1338 645 1407 Ῡὰρ
666 1337 732 1389 ὲκ
748 1338 847 1404 τῆς
870 1335 1075 1399 οἰκείας
1099 1337 1501 1399 καταστάσεως,
1535 1338 1628 1389 καὶ
1649 1337 1713 1390 τὰ
1738 1336 1846 1388 τῶν

268 1429 518 1497 πλησίων
551 1428 748 1498 κρίνει,
784 1429 857 1490 ὡς
891 1429 1025 1498 ἔχει,
1085 1429 1194 1480 εἴτε
1258 1430 1458 1498 ἀρετῆς
1504 1432 1696 1494 εἰπεῖν,
1730 1431 1845 1483 εἴτε

266 1522 491 1581 κακίας.

346 1724 447 1786 νη’.
486 1717 646 1770 Ἄλλο
679 1718 915 1773 ἀπάθεια
943 1720 1139 1788 ψυχῆς,
1197 1718 1289 1771 καὶ
1320 1718 1445 1771 ἄλλο
1471 1719 1704 1770 ἀπάθεια
1737 1719 1834 1770 σὼ-

271 1824 467 1870 ιιατος.
501 1808 565 1859 'H
615 1807 715 1872 μὲν
740 1810 847 1875 γὰρ
877 1810 969 1861 καὶ
997 1809 1059 1861 τὸ
1083 1809 1239 1878 σῶμα
1268 1806 1608 1874 καθαγιὰζει,
1657 1809 1719 1877 τῇ
1763 1812 1840 1859 οί-
1865 1856 1875 1878 ί

269 1888 400 1961 xci;
431 1891 778 1968 λαμπρότητι
812 1901 906 1969 καὶ
934 1905 998 1971 τῇ
1039 1901 1349 1972 ιρωτοχυσία
1385 1902 1479 1955 τοῦ
1512 1902 1847 1971 Πνεύματος·

268 1981 306 2048 ἡ
333 1979 390 2033 δὲ
413 1982 552 2055 αὑτὴ
581 1987 715 2058 μόνη
753 1991 874 2043 καθ’
904 1994 1126 2063 ἑαυτὴν,
1160 1996 1237 2057 είς
1271 1994 1423 2046 οὐδὲν
1458 1996 1548 2046 τὸν
1572 1994 1849 2063 κτησάμε-

269 2086 364 2123 νον
391 2072 622 2141 ὠφελείν
652 2077 897 2134 δύναται.

328 2280 409 2348 (5)
433 2282 727 2346 Sequentia
768 2284 1005 2350 capitula
1050 2286 1328 2340 interserit
1355 2287 1520 2341 editio
1549 2284 1664 2339 Jac.
1696 2284 1836 2338 Pun-

254 2354 373 2407 ιλιιί
412 2369 426 2407 :
468 2352 680 2423 c_Aliud
727 2365 812 2406 est
848 2356 1229 2416 immobilitas.
1260 2373 1352 2410 Seu
1388 2359 1541 2423 quies
1570 2356 1834 2408 membro-

256 2438 382 2476 rum
417 2421 612 2475 animae
635 2432 689 2476 et
719 2427 989 2492 corporis.
1019 2425 1162 2478 aliud
1206 2421 1469 2481 virtutum
1512 2426 1827 2491 acquisitio.

256 2492 359 2546 Illa
394 2492 666 2559 siquidem
700 2502 895 2547 natura
928 2496 1069 2550 inest
1107 2514 1119 2548 :
1167 2496 1279 2551 haec
1317 2512 1446 2553 vero
1478 2496 1640 2549 etiam
1666 2503 1827 2548 natu-

257 2564 716 2631 ralel_motiones
751 2566 1051 2630 componit.

335 2653 355 2685 ι
390 2629 508 2704 Non
534 2629 955 2704 _concupiscere
986 2635 1224 2704 aliquem
1253 2636 1524 2700 jucunda,
1577 2644 1629 2688 et
1674 2633 1821 2689 dele-

253 2702 480 2757 etabilia
534 2701 695 2770 hujus
729 2703 949 2766 mundi.
986 2701 1092 2759 non
1129 2716 1209 2760 est
1235 2707 1413 2762 simile
1453 2719 1819 2767 aeternorum,

256 2782 315 2825 ct.
345 2772 451 2826 sub
487 2772 662 2826 visum
693 2788 799 2826 non
844 2775 1154 2828 cadentium
1191 2778 1455 2834 honorum
1498 2775 1772 2828 desiderio
1808 2796 1820 2829 :

254 2842 402 2898 aliud
425 2842 565 2914 enim
585 2842 685 2896 hoc
706 2842 899 2897 abillo.
925 2842 1057 2897 Nam
1080 2847 1259 2914 priora
1282 2846 1372 2914 illa
1393 2846 1544 2899 multi
1565 2846 1825 2913 despexe—

256 2922 413 2967 runt:
444 2913 561 2965 lucc
588 2915 775 2979 paucis
808 2912 1129 2969 mortalibus
1160 2912 1308 2969 cordi
1336 2916 1575 2971 fuerunt.

337 3000 357 3033 ι
389 2982 506 3036 Nom
535 2997 579 3033 si
630 2982 759 3047 quid
791 2994 869 3037 est
904 2986 1166 3043 aversari.
1205 2993 1259 3038 et
1289 3002 1393 3040 non
1435 3001 1682 3049 qusi-rere
1710 2989 1824 3051 glo-

260 3052 398 3106 riam
463 3051 772 3124 hominum,
816 3054 956 3105 idem
979 3063 1063 3108 est
1096 3056 1259 3107 etiam
1312 3071 1340 3108 a
1400 3055 1586 3108 divina
1644 3057 1817 3124 gloria

258 3136 394 3175 suas
440 3122 685 3192 rationes
720 3130 1010 3192 Aaptaset
1059 3139 1359 3192 suspensas
1412 3125 1613 3179 habere
1652 3122 1669 3179 :'
1700 3142 1817 3184 tua-

258 3207 427 3257 pnum
472 3190 672 3257 quippe
719 3190 862 3245 inter
921 3191 1032 3247 hare
1079 3190 1373 3248 discrimen
1408 3202 1513 3250 est.
1542 3195 1631 3248 Illa
1666 3196 1810 3249 enim

257 3250 353 3333 alii
397 3250 847 3333 quoqu'e'multis
883 3268 1145 3333 praeterea
1181 3263 1332 3316 vitiis
1384 3264 1615 3328 subiecti
1651 3280 1813 3333 repu-
1838 3250 1881 3307 (ἶ

255 3330 439 3384 lerunt
477 3348 491 3385 :
530 3332 669 3383 hanc
699 3330 957 3399 perpauci
1010 3331 1219 3395 labore,
1276 3341 1330 3388 et
1382 3338 1582 3387 sudore
1644 3330 1815 3389 multo

251 3402 505 3467 accipere
529 3408 870 3454 meruerunt.

332 3489 354 3523 ο
400 3472 558 3524 Veste
592 3469 684 3522 vili
717 3477 1040 3523 contentum
1065 3486 1204 3533 esse.
1238 3488 1340 3527 nec
1369 3472 1690 3527 desiderare
1723 3484 1811 3527 lu-

250 3538 436 3594 uicem
483 3537 852 3603 splendidam.
893 3554 998 3593 non
1046 3551 1133 3594 est
1163 3544 1326 3594 etiam
1364 3542 1453 3595 Dei
1502 3543 1683 3596 lumen
1727 3545 1815 3598 in-

248 3609 461 3681 duisse.
498 3606 819 3681 Aliudhoc,
845 3608 995 3681 aliud
1022 3611 1180 3681 illud.
1202 3610 1337 3681 Nam
1370 3613 1605 3664 vestium
1630 3615 1814 3681 splen-

248 3678 443 3733 dorem
477 3678 629 3731 mille
668 3676 918 3745 impliciti
966 3680 1360 3746 cupiditatibus
1399 3681 1559 3734 facile
1595 3676 1811 3747 spreve-

248 3757 412 3819 runt:
437 3748 541 3819 hoc
561 3747 662 3803 soli
691 3746 1042 3811 amiciuntur,
1064 3749 1163 3817 qui
1181 3766 1276 3817 per
1298 3765 1457 3803 omne
1480 3766 1651 3819 genus
1670 3768 1814 3806 mor-

251 3818 576 3873 tificationis
642 3831 747 3871 non
797 3820 1025 3872 remisse
1064 3834 1126 3872 ac
1173 3820 1428 3887 languide
1459 3818 1634 3887 ipsum
1677 3837 1812 3875 con.

244 3899 558 3949 sectantur,
593 3897 647 3940 ct
696 3899 793 3951 per
826 3890 1207 3942 mandatorum
1241 3889 1685 3944 observationem
1714 3893 1807 3944 ﬁlii

248 3958 391 4013 lucis
439 3973 501 4010 ac
535 3957 641 4010 diei
674 3956 826 4008 ﬁunt.

325 4047 345 4081 ι
374 4026 532 4080 Aliud
567 4035 649 4079 est
678 4025 955 4079 humiliter
986 4026 1157 4095 loqui.
1192 4028 1337 4082 aliud
1374 4029 1654 4085 humiliter
1684 4045 1811 4085 scn-

245 4099 385 4161 tire;
416 4104 472 4150 et
504 4095 650 4148 aliud
693 4096 997 4157 humilitas,
1038 4098 1187 4151 aliud
1229 4098 1329 4153 flos
1364 4098 1724 4165 humilitatis;
1755 4111 1809 4155 et

244 4166 398 4221 aliud
445 4165 834 4235 fructusejus.
871 4173 924 4219 et
957 4165 1169 4220 fructus
1217 4168 1383 4235 hujus
1428 4168 1805 4235 pulchritudo.

240 4246 300 4289 et
331 4237 451 4309 eius
484 4234 917 4309 pulchritudinis
945 4234 1369 4309 jucunditas,ict
1402 4234 1630 4309 inSuper
1656 4242 1801 4296 aliud

241 4322 314 4361 ex
348 4307 452 4359 hoc
490 4305 669 4358 fructu
705 4307 1085 4373 openationes.
1130 4306 1335 4360 Horum
1388 4309 1494 4362 alia
1528 4305 1578 4361 in
1617 4322 1802 4367 nostra

241 4385 515 4437 potestate
544 4384 697 4431 sunt.
731 4375 833 4428 alia
871 4389 976 4428 non
1008 4385 1156 4431 sunt.
1181 4376 1235 4428 lu
1265 4378 1419 4431 nobis
1446 4388 1592 4443 sunt,
1619 4382 1805 4437 omnia

242 4446 511 4517 cogitare,
550 4445 735 4497 omnia
791 4446 1020 4517 sentire.
1056 4447 1239 4517 omnia
1291 4458 1563 4513 reputare,
1590 4449 1800 4517 dicere,

243 4514 453 4579 facere,
498 4530 620 4581 quae
676 4528 777 4567 nos
834 4513 901 4566 ad
939 4515 1299 4569 humilitatem
1332 4518 1564 4572 ducunt.
1598 4513 1801 4575 Sancta

243 4591 430 4656 autem
480 4584 782 4643 humilitas,
826 4586 1146 4656 etAreliquae
1196 4588 1563 4653 preprietates
1608 4590 1802 4656 ipsius,

241 4654 574 4706 charismata
630 4662 684 4705 et
731 4653 1055 4707 sanctiones
1108 4656 1251 4720 ejus,
1282 4671 1389 4709 non
1450 4653 1659 4720 nostra,
1714 4661 1807 4714 sed

247 4723 345 4777 llci
374 4723 517 4794 dona
541 4732 690 4794 sunt,
716 4722 918 4794 quibus
953 4738 1115 4777 nemo
1144 4724 1345 4793 dignus
1379 4742 1619 4794 unquam
1653 4730 1810 4782 msti-

242 4792 508 4866 mabitur,
556 4792 661 4866 nisi
696 4792 872 4861 prius,
905 4800 1169 4862 quantum
1208 4792 1260 4849 in
1300 4796 1421 4866 ipso
1452 4792 1557 4860 est,
1592 4799 1809 4854 semina

242 4862 387 4917 bene
426 4860 641 4928 jecerit.

326 4949 345 5006 ι
382 4930 538 5006 aliud
590 4939 675 4985 cst
724 4946 850 5006 non
876 4934 1211 4988 stomachari
1256 4935 1309 4988 in
1352 4938 1797 5006 contemptibus.

246 4999 512 5072 injuriis.
546 5000 957 5072 tentationibus,
999 5012 1054 5055 et
1121 4999 1603 5072 tribulationibusi
1660 5008 1803 5065 aliud

242 5069 333 5143 in_
360 5070 489 5143 ipsis
521 5070 906 5143 acquiescere,
936 5072 1081 5125 aliud
1120 5089 1279 5127 orare
1311 5090 1408 5143 pro
1446 5076 1528 5129 his
1561 5069 1650 5141 qui
1693 5077 1805 5131 hzrc

225 5139 405 5212 nobis
456 5138 729 5212 inferunt;
766 5139 910 5192 aliud
940 5153 1009 5192 ex
1050 5143 1232 5195 animo
1288 5138 1504 5197 eosdem
1534 5138 1760 5212 diligere
1786 5186 1800 5207 ,

240 5217 298 5282 ct
328 5208 469 5282 aliud
497 5218 751 5282 _pra2ter_
784 5212 915 5282 tunc,
961 5212 1143 5263 animo
1181 5212 1502 5282 insculpunt
1537 5208 1677 5273 ferre
1708 5233 1803 5269 eu-

235 5277 466 5344 jnslihet
497 5278 686 5329 horum
729 5277 942 5341 faciem.
976 5288 1029 5333 et
1061 5288 1115 5331 nt
1143 5277 1401 5347 germane
1425 5282 1653 5345 amicos,
1685 5287 1805 5338 sine

242 5360 492 5416 raiicore,
530 5347 583 5399 in
633 5348 885 5416 lacrymis
942 5350 1165 5401 sincera:
1227 5352 1510 5405 cbaritatis
1545 5368 1637 5406 eos
1691 5371 1805 5405 am-

241 5409 449 5482 plexari
478 5433 492 5481 ;
525 5423 582 5468 ut
617 5409 876 5469 nimirum
930 5418 1135 5471 nullum
1178 5427 1308 5473 tunc
1361 5437 1553 5475 sensus
1614 5422 1801 5475 insua-

245 5484 475 5557 vis,attt
516 5486 779 5557 molestia:
807 5485 1045 5551 alicujus
1084 5490 1368 5557 veSIigium
1413 5493 1463 5543 itt
1500 5491 1680 5544 anima
1714 5507 1794 5543 re-

243 5556 511 5627 periatur.
570 5554 745 5627 Mujus
802 5570 965 5621 porro
989 5554 1247 5609 omnibus
1288 5574 1408 5627 qua:
1458 5559 1713 5621 diximus,
1755 5561 1799 5617 si

240 5624 367 5697 quis
400 5625 568 5678 etiam
595 5626 723 5697 ipso
769 5634 1016 5697 tempore
1074 5624 1431 5697 tentationum
1490 5644 1642 5697 teque
1696 5632 1800 5682 isto

244 5694 427 5765 modo,
461 5694 835 5765 etsimiliter.
889 5695 1025 5748 citra
1072 5694 1501 5750 iuutmtatiouem
1556 5694 1681 5765 erga
1746 5701 1796 5751 in

216 5761 439 5815 dar-ient
473 5764 578 5819 sibi
621 5764 1032 5828 maledicentes,
1059 5776 1113 5816 et
1158 5767 1571 5829 calumniantes,
1615 5761 1668 5820 et
1714 5770 1798 5818 iu-

241 5832 439 5895 iuriam
502 5831 826 5901 inferentes,
868 5844 919 5889 et
979 5846 1344 5903 conspucntcs
1401 5836 1626 5891 allectus
1690 5848 1793 5891 cst.

1944 611 2055 665 vita
2115 616 2438 685 sanguinem
2476 631 2638 670 suum
2678 634 2784 673 non
2832 619 2972 674 fudit
3019 622 3297 681 alacriter.
3332 625 3497 679 alium

1939 706 2057 759 haec
2083 707 2150 761 ad
2184 708 2453 763 ἀπάθειαν
2484 712 2926 780 consequendam
2963 715 3286 784 prmstitisse
3325 718 3499 786 suspi-

1939 798 2196 856 cabitur?
2234 804 2315 858 sic
2353 804 2539 869 etiam,
2579 806 2669 873 qui
2719 806 2983 875 Spiritum
3035 818 3283 864 sanctum
3319 826 3376 865 se
3404 811 3501 863 ba-

1939 894 2065 947 here
2116 902 2292 963 putat,
2361 910 2461 949 nec
2521 897 2704 963 habet,
2778 914 3055 966 nunquam
3114 900 3496 963 credit,dnm,

1937 984 2067 1054 quid
2126 986 2293 1039 illein
2345 989 2575 1049 sanctis,
2618 988 2796 1056 ipsum
2851 988 3182 1043 habentibus
3234 989 3495 1050 effecerit.

1936 1077 2112 1130 audit.
2150 1077 2356 1145 Nempe
2414 1086 2630 1132 exstare
2682 1080 2996 1150 quempiam
3037 1079 3139 1133 hac
3191 1089 3368 1141 aetate.
3399 1081 3493 1149 qui

1937 1163 2163 1229 perinde
2194 1174 2355 1232 atque
2404 1165 2640 1233 apostoli
2682 1166 2909 1229 Christi,
2946 1178 2997 1220 et
3038 1168 3213 1227 sancti
3241 1168 3333 1235 qui
3372 1178 3494 1234 post

1937 1256 2185 1310 homines
2218 1266 2377 1313 natos
2403 1259 2757 1321 exstiterunt,
2789 1259 2975 1313 divino
3004 1259 3208 1328 Spiritu
3246 1261 3495 1314 concite-

1936 1358 2025 1403 tur
2059 1359 2113 1403 et
2172 1349 2530 1416 gubernetur,
2564 1359 2663 1402 aut
2686 1366 2805 1405 cum
2835 1352 3230 1418 cognoscendo.
3261 1351 3498 1405 etiicaci-

1934 1451 2125 1510 terque
2165 1440 2452 1494 sentiendo
2496 1444 2869 1510 perspexerit.
2916 1440 3306 1509 Unusquisque
3345 1443 3491 1496 enim

1934 1546 1998 1586 ex
2033 1546 2129 1584 sua
2166 1530 2562 1585 constitutione
2616 1531 2683 1586 de
2712 1532 2941 1586 alterius
3002 1547 3099 1586 seu
3142 1534 3361 1595 virtute,
3396 1548 3491 1587 seu

1933 1622 2061 1673 vitio
2091 1636 2306 1688 semper
2334 1620 2569 1689 judicat.

2002 1714 2086 1769 58.
2134 1713 2291 1767 Aliud
2320 1723 2403 1769 est
2430 1714 2645 1783 apathia
2689 1715 2904 1773 animm.
2939 1714 3083 1767 aliud
3114 1714 3332 1782 apathia
3364 1727 3487 1764 cor-

1934 1805 2104 1873 poris.
2138 1804 2235 1857 Illa
2284 1803 2428 1859 enim
2468 1804 2717 1857 claritate
2762 1819 2881 1867 sua.
2930 1814 2982 1858 et
3035 1803 3235 1858 diffuso
3287 1800 3493 1854 lumine

1934 1897 2175 1965 Spiritus
2226 1911 2427 1964 corpus
2470 1911 2690 1965 quoque
2721 1895 3026 1950 sanctificat
3062 1913 3074 1948 :
3111 1895 3221 1947 haec
3251 1894 3362 1947 sola
3397 1905 3490 1961 per

1932 1988 2167 2048 senihil
2203 1988 2250 2043 ei
2287 1988 2341 2041 in
2374 2004 2483 2057 quo
2517 2000 2601 2043 est
2655 1990 2915 2056 prodesse
2960 1995 3137 2056 potest
3170 1986 3277 2054 (ὅ).

1947 2282 2086 2346 Ouiu
2123 2284 2285 2338 etiam
2316 2298 2444 2345 erga
2481 2297 2573 2335 eos
2612 2282 2701 2348 qui
2731 2299 2784 2332 se
2821 2280 2953 2332 foris
2980 2277 3183 2331 amicos
3207 2278 3487 2350 simttlant,

1940 2354 2076 2405 clam
2104 2356 2289 2408 eadem
2339 2353 2574 2410 faciunt.
2612 2367 2707 2403 nec
2739 2354 2925 2405 latent.
2967 2350 3233 2401 Caeterum
3284 2348 3488 2399 incomi-

1937 2424 2164 2488 parahili
2223 2424 2385 2477 modo
2446 2423 2801 2475 excellentius
2850 2428 2949 2478 est.
3015 2432 3134 2470 meo
3184 2416 3410 2488 judicio.
3444 2418 3488 2470 si

1934 2486 2053 2554 quis
2079 2494 2258 2547 omnia
2292 2509 2411 2560 quae
2468 2506 2661 2558 passus
2692 2490 2784 2547 sit.
2835 2488 3160 2557 sempiterna
3212 2486 3487 2560 oblivione

1933 2561 2213 2624 deleverit,
2248 2555 2505 2627 et'neque
2553 2562 2890 2622 absentibus,
2943 2555 3115 2627 neque
3149 2555 3487 2627 praesidentia

1933 2629 2031 2683 bus
2072 2631 2179 2691 his.
2218 2649 2245 2684 a
2283 2624 2482 2701 quibus
2547 2639 2770 2683 rexatus
2802 2628 2987 2691 fuerit,
3030 2624 3201 2701 ullius
3230 2624 3483 2677 mah-ticii

1933 2702 2247 2756 meminisse
2275 2696 2526 2768 {eosque
2576 2700 2709 2752 citra
2735 2712 2951 2752 omnem
2989 2696 3367 2768 cogitationem
3396 2710 3488 2768 co—

1933 2784 2050 2821 rttm
2089 2787 2209 2837 quae
2259 2764 2592 2834 acciderunt,
2652 2768 2703 2821 in
2754 2764 3163 2835 congressibus,
3194 2772 3247 2819 et
3298 2765 3487 2816 convi-

1936 2840 2144 2893 viorum
2182 2840 2591 2894 invitatiouildts
2615 2837 2888 2903 amplecti.

2006 2925 2025 2959 ι
2058 2911 2172 2963 Non
2210 2912 2369 2977 quale
2402 2918 2483 2962 est
2534 2908 2849 2962 meminisse
2894 2905 3005 2964 Dei,
3040 2904 3142 2957 tale
3204 2908 3364 2958 ctiam
3402 2917 3486 2958 est

1930 2994 2115 3034 amare
2153 2976 2321 3034 Deum
2352 2998 2366 3033 :
2406 2994 2504 3032 nec
2550 2979 2711 3044 quale
2746 2979 2938 3029 timere
2971 2976 3169 3041 ip~uut.
3209 2978 3318 3027 tale
3352 2978 3479 3027 item

1926 3051 2208 3103 custodire
2241 3048 2493 3103 mandata
2524 3047 2662 3114 ejus.
2697 3046 2960 3101 Diticrunt
3003 3048 3141 3095 inter
3188 3061 3265 3100 se.
3308 3062 3480 3111 quatt-

1923 3134 2082 3183 quam
2136 3129 2365 3187 utraque
2398 3117 2765 3186 perfectorum
2828 3125 2880 3171 ει
2912 3130 2939 3167 a
2976 3114 3481 3182 pctttttbatiuniluts

1922 3188 2318 3241 vindicaturum
2346 3196 2492 3241 sunt.

1992 3275 2009 3308 ι
2049 3256 2209 3311 Aliud
2243 3267 2327 3311 est
2356 3272 2461 3309 non
2484 3270 2731 3325 peccare.
2764 3256 2907 3309 aliud
2932 3255 3021 3308 Dei
3047 3264 3293 3308 mandata
3322 3268 3481 3325 esse:

1919 3328 2035 3393 qui.
2052 3325 2161 3381 Hoc
2173 3322 2517 3388 certantium,
2541 3335 2593 3379 et
2611 3342 2673 3379 ex
2695 3326 2983 3392 Evangelio
3003 3325 3327 3379 viventium:
3352 3322 3479 3378 illud

1921 3398 2296 3449 tantummodo
2324 3395 2650 3465 principium
2681 3396 2947 3457 ἀπαθείας
2986 3394 3309 3461 adcptortm
3334 3404 3438 3447 est.

1996 3484 2014 3517 ι
2053 3466 2170 3519 Non
2206 3468 2248 3519 si
2287 3465 2415 3534 quid
2452 3466 2681 3528 vacatio,
2708 3472 2760 3519 et
2804 3466 3000 3526 otium,
3029 3465 3167 3517 idem
3220 3466 3479 3517 continuo

1919 3540 2072 3598 quies
2097 3548 2177 3587 est
2218 3552 2231 3587 :
2278 3552 2376 3589 nec.
2421 3536 2464 3587 si
2517 3535 2645 3603 quid
2679 3536 2861 3600 quies,
2921 3536 3043 3586 ideo
3078 3544 3131 3586 et
3175 3536 3477 3587 silentimu.

1916 3605 2147 3659 Interest
2188 3606 2328 3658 inter
2378 3606 2511 3666 haec.
2573 3614 2625 3658 et
2688 3605 2857 3666 aliud,
2912 3613 3073 3669 atque
3125 3604 3269 3656 aliud
3327 3612 3474 3657 sunt.

1916 3674 2100 3730 Otium
2148 3684 2204 3727 ct
2250 3675 2442 3728 inertia
2492 3688 2679 3727 eorum
2738 3681 2889 3732 sunt.
2946 3672 3035 3739 qui
3091 3673 3234 3727 scire
3293 3673 3478 3725 \‘ulttnt

1916 3761 2037 3811 quae
2090 3747 2160 3799 sit
2211 3744 2475 3798 honorum
2517 3741 2609 3795 Dei
2645 3742 3108 3811 cummuuicatio:
3141 3758 3239 3797 nec
3272 3742 3476 3810 aliquid

1916 3810 2041 3868 boni
2095 3814 2277 3881 operis
2315 3812 2492 3866 facere
2533 3812 2829 3866 sustinent.
2889 3810 3011 3864 "AI‘C
3061 3814 3127 3865 ad
3180 3817 3473 3879 parandam

1916 3884 2006 3938 Dei
2035 3880 2398 3951 cognitionem
2426 3898 2638 3949 semper
2664 3884 2988 3939 vacantium.
3010 3883 3360 3951 snt'tttuniqtte
3386 3880 3472 3951 it;-

1913 3955 2029 4009 sitze
2058 3949 2335 4022 sapientim
2358 3953 2715 4007 auscultando
2733 3951 3111 4022 assidentium.
3132 3961 3180 4022 et
3206 3949 3472 4015 profunda

1912 4020 2164 4091 Spiritus,
2193 4037 2440 4091 novaque
2463 4024 2738 4093 mysteria.
2758 4023 2883 4076 dum
2920 4035 2947 4071 a
2982 4021 3086 4073 Deo
3111 4020 3472 4093 initiarentur,

1911 4090 2122 4163 patrata
2167 4090 2557 4163 scrutantium.
2619 4092 2863 4146 Tertium
2896 4130 2924 4163 .7
2974 4100 3100 4159 puta
3164 4090 3467 4163 silentium,

1913 4160 2219 4220 intellectus
2256 4160 2617 4225 functiunem,
2645 4178 2770 4225 cum
2806 4162 3040 4215 sollicita
3066 4161 3460 4228 cogitationum

1909 4250 1973 4289 ac
2030 4232 2511 4289 ratiocinationum
2544 4233 2846 4285 attentione
2879 4231 3190 4284 abeuntium
3224 4240 3326 4299 est.

1985 4324 2002 4357 ι
2040 4306 2155 4360 Non
2188 4302 2328 4356 idem
2369 4311 2450 4355 est
2502 4302 2757 4363 secessio,
2802 4302 2851 4355 id
2887 4309 2990 4363 est,
3041 4300 3108 4353 de
3145 4301 3261 4351 loco
3298 4302 3351 4350 in
3388 4300 3468 4352 lu-

1906 4391 2029 4431 cum
2069 4372 2340 4434 transitio,
2368 4381 2424 4425 et
2454 4370 2565 4439 ipsa
2603 4371 2887 4426 verissima
2940 4370 3329 4438 peregrinatio,
3368 4386 3462 4422 St‘tt

1906 4446 2287 4516 peregrinitas.
2341 4440 2432 4494 Illa
2494 4456 2687 4509 nempe
2721 4442 2943 4516 _adhuc
2997 4439 3255 4516 pugillatu
3307 4442 3460 4505 quau

1909 4510 2261 4574 certantium,
2293 4522 2344 4565 et
2371 4522 2465 4564 aut
2493 4527 2587 4577 per
2618 4510 2995 4579 negligentiam
3039 4513 3106 4562 ab
3140 4510 3429 4563 inconstau
3451 4538 3464 4545 -

1911 4587 2009 4648 tia,
2061 4582 2263 4637 mentis
2300 4582 2404 4635 alio
2438 4597 2498 4635 se
2534 4580 2981 4635 transferentium
3021 4596 3034 4632 :
3091 4589 3187 4631 aut
3242 4589 3463 4645 propter

1918 4655 2150 4709 fervoris
2182 4651 2608 4718 magnitudinem
2638 4652 2933 4719 insigniora
2960 4653 3136 4702 adhuc
3163 4652 3459 4719 certamina

1912 4724 2246 4793 cupientium
2278 4717 2361 4793 est
2395 4740 2408 4774 :
2446 4721 2557 4773 haec
2584 4735 2707 4774 vero
2736 4717 3121 4793 crucifixofum
3155 4717 3375 4778 utuudo,
3397 4728 3463 4793 et

1911 4789 2030 4864 qua:
2066 4795 2119 4846 in
2163 4792 2363 4844 mundo
2398 4800 2547 4864 sunt,
2572 4801 2621 4842 et
2654 4804 2776 4864 cum
2814 4789 3093 4864 solo__Deo
3140 4797 3194 4840 ct
3254 4790 3460 4864 angelis

1910 4859 2129 4932 simtper
2181 4873 2303 4932 esse
2350 4860 2804 4932 desiderantium,
2865 4859 3120 4927 nulloque
3178 4859 3339 4911 modo
3392 4859 3459 4907 ad

1910 4929 2144 4988 hum—ana
2170 4929 2359 4988 pedem
2386 4929 2757 4983 referentium.

1984 4999 2190 5054 ιΑΙίυύ
2248 5009 2371 5061 est,
2429 4999 2683 5069 resistere
2742 5009 2795 5052 et
2850 5013 3169 5069 oppugnare
3224 5000 3455 5049 hosws:

1907 5074 2050 5127 aliud
2104 5086 2199 5122 eos
2250 5069 2486 5137 perfecte
2528 5067 2799 5122 debellare
2839 5082 2894 5123 et
2931 5067 3195 5138 subigere
3226 5076 3278 5119 et
3315 5068 3459 5119 oeci-

1908 5146 2056 5197 dere.
2098 5142 2338 5193 Alterum
2366 5140 2506 5192 enim
2534 5138 2885 5203 athletarum,
2916 5146 2970 5193 et
3005 5142 3254 5209 religiosa
3280 5152 3457 5209 exer-

1906 5213 2165 5267 citatione
2198 5223 2633 5276 generosorutu;
2672 5209 2897 5262 alterum
2948 5211 3022 5264 ab
3046 5205 3325 5263 illaudatis
3360 5206 3453 5259 afa

1906 5282 2136 5337 fectibus
2160 5275 2479 5337 liberorum,
2513 5275 2983 5347 perfectorumque
3021 5287 3126 5334 est.

1981 5370 1998 5402 ι
2040 5351 2163 5406 Haec
2202 5348 2385 5400 otnttia
2426 5347 2477 5399 in
2504 5349 2704 5401 lumine
2739 5347 3009 5408 ἀπαθείας
3050 5347 3451 5403 ambulantium

1904 5430 2212 5477 sanctorum
2245 5417 2485 5469 actiones
2523 5430 2670 5468 sunt.
2700 5417 2802 5481 Qui
2832 5429 3008 5471 autem
3038 5436 3095 5473 se
3128 5418 3295 5471 abhis
3324 5419 3453 5469 alie-

1906 5508 2004 5546 nos
2030 5506 2155 5545 esse
2193 5488 2713 5550 auiinadverterunt,
2760 5502 2827 5539 ne
2881 5491 3213 5541 seducautur
3245 5490 3313 5540 ab
3348 5490 3447 5537 alt-

1902 5577 2030 5628 quo,
2066 5576 2134 5612 ne
2169 5558 2274 5628 ipsi
2294 5570 2422 5608 suas
2460 5557 2670 5628 animas
2703 5556 3003 5628 decipiant,
3052 5559 3145 5611 sed
3184 5573 3242 5612 se
3271 5558 3450 5615 incas-

1902 5624 2020 5686 sum
2060 5630 2110 5681 iu
2139 5624 2375 5681 tenebris
2394 5624 2672 5679 ambulare
2696 5625 2889 5680 Sciant.

1976 5718 1991 5748 ι
2036 5698 2184 5751 Multi
2217 5710 2368 5755 sane.
2403 5694 2543 5747 alius
2576 5694 2646 5748 ob
2676 5696 2843 5757 aliud,
2873 5706 2927 5749 et
2960 5698 3093 5748 alter
3138 5712 3354 5749 rursum
3380 5705 3449 5750 oh

1904 5770 2047 5823 aliud
2084 5767 2148 5818 ad
2176 5766 2287 5817 lucc
2322 5763 2540 5816 adducti
2573 5774 2699 5818 sunt
2735 5783 2747 5817 :
2795 5766 3087 5818 admodum
3128 5770 3281 5833 pauci
3321 5781 3449 5818 vero

1902 5856 2021 5893 cum
2055 5837 2267 5891 interno
2302 5836 2490 5889 timore
2536 5841 2587 5888 et
2624 5850 2806 5890 amore
2842 5835 2932 5890 υςι
2964 5836 3030 5891 ad
3066 5854 3125 5890 ea
3160 5838 3365 5904 agenda
3392 5852 3448 5890 se
