4136 6338
671 389 776 456 639

1828 371 2210 437 SYMEONIS
2252 371 2620 435 JUNlORIS

3781 383 3885 445 ϐω

674 510 772 570 rio,
809 507 892 562 vel
927 520 1051 562 eum
1084 505 1312 575 imperio
1363 500 1746 558 inducentibus
1791 493 2211 564 obtemperahit,

2312 504 2516 563 κτικῶς
2546 504 2828 567 ὲνάγουσιν
2863 501 3251 563 ὑπακουσεται,
3285 502 3422 555 ἀλλά
3475 503 3672 572 μᾶλλον
3698 505 3765 556 τὰ
3791 508 3890 557 αὑ-

673 599 770 654 setl
805 613 925 668 qua
955 598 1132 666 ipsum
1160 597 1305 659 hunc
1336 585 1585 651 timorem
1627 601 1883 664 augeant,
1924 605 1986 645 ea
2019 591 2227 661 potiora

672 688 948 754 censebit;
975 698 1024 743 et
1043 703 1162 756 qua:
1189 687 1331 741 istud
1357 686 1630 740 vinculum
1658 682 1865 738 arctius
1897 672 2225 748 astringunt,

667 797 737 836 ea
765 781 944 848 volet;
980 792 1031 834 et
1081 797 1206 848 quae
1267 780 1410 832 hunc
1472 778 1785 832 carnificem
1842 777 2226 835 corroborent,

675 874 900 929 amabit.
933 877 1104 940 Atque
1140 876 1191 927 in
1227 874 1311 924 his
1346 874 1417 926 ita
1453 871 1794 940 pet-durabit,
1821 880 1874 923 at
1902 870 1995 940 qui
2024 869 2228 922 nullam

673 968 899 1027 omnino
947 965 1328 1018 liberationem
1371 965 1472 1018 sibi
1514 963 1853 1032 polliceatur.
1911 964 2046 1030 Spes
2083 961 2226 1015 enim

674 1057 971 1118 libertatis,
1011 1058 1218 1110 doloris
1257 1059 1622 1110 levamentum
1654 1067 1770 1115 est;
1809 1072 1979 1119 eaque
2023 1054 2230 1108 fervide

676 1149 961 1221 pmnitenti
994 1165 1099 1201 non
1127 1150 1405 1202 conducit.

742 1239 830 1294 66.
870 1241 1174 1306 Unicuique
1206 1242 1366 1294 vitam
1399 1256 1551 1294 suam
1577 1241 1772 1295 divinae
1805 1238 2066 1293 voluntati
2101 1253 2231 1292 con-

672 1333 955 1387 venienter
995 1332 1325 1411 auspicanti,
1357 1333 1518 1385 timor
1546 1332 1821 1401 supplicii,
1854 1341 1908 1385 et
1941 1347 2006 1383 ex
2037 1346 2102 1384 eo
2133 1344 2230 1382 na-

673 1432 764 1476 tus
797 1424 952 1480 dolor
974 1424 1123 1476 utilis
1153 1431 1255 1476 est.
1280 1421 1384 1488 Qui
1412 1433 1588 1476 autem
1615 1422 1748 1476 citra
1785 1423 1929 1476 hunc
1961 1422 2229 1485 dolorem,

673 1518 806 1572 citra
837 1517 1137 1578 vinculum,
1195 1525 1247 1569 et
1293 1527 1551 1569 tortorem
1599 1516 1743 1569 hunc
1782 1514 2127 1582 incepturum
2173 1529 2230 1567 se

674 1604 1023 1675 imaginatur,
1095 1620 1200 1660 non
1265 1606 1425 1658 modo
1490 1605 1899 1660 fu’udamentum
1954 1606 2228 1658 actionum

673 1712 897 1756 suarum
930 1712 1098 1767 super
1125 1713 1341 1760 arenam
1372 1698 1602 1751 collocat
1647 1715 1660 1749 :
1697 1698 1788 1752 sed
1815 1697 1977 1750 etiam
2009 1697 2229 1750 domum

674 1801 828 1846 suam
872 1791 925 1843 in
971 1805 1095 1846 aere
1130 1789 1337 1859 absque
1388 1789 1740 1843 fundamento
1780 1804 1838 1842 se
1877 1798 2228 1843 constructu-

675 1877 794 1936 rum
833 1884 1111 1952 opinatur,
1160 1899 1281 1951 qua:
1315 1882 1429 1936 fieri
1467 1883 1784 1949 neutiquam
1826 1890 2027 1949 potest.
2067 1880 2232 1932 Dolor

672 1975 816 2030 enim
845 1975 947 2029 iste
970 1973 1154 2028 statim
1188 1988 1347 2028 omne
1373 1973 1634 2039 gaudium
1671 1972 1810 2039 parit
1849 1991 1860 2026 :
1900 1981 1952 2025 et
1980 1972 2079 2024 hoc
2106 1971 2229 2022 vin-

673 2067 875 2125 culum,
904 2067 1145 2119 omnium
1179 2073 1554 2133 peccatorum,
1583 2064 1956 2131 malorumque
1987 2063 2230 2116 affectio-

675 2174 804 2212 num
835 2159 1054 2212 vincula
1087 2157 1389 2225 dirumpit:
1427 2166 1479 2210 et
1513 2143 1751 2210 carnifex
1781 2159 1878 2209 iste
1909 2171 2012 2209 non
2044 2171 2228 2209 necem

673 2251 852 2314 affert,
888 2250 980 2304 sed
1010 2250 1173 2304 vitam
1206 2249 1598 2319 sempiternam
1627 2250 1910 2302 conciliat.

742 2342 832 2398 67.
867 2343 968 2407 Qui
1010 2357 1037 2394 a
1074 2340 1283 2405 dolore,
1308 2355 1470 2408 quem
1498 2342 1686 2395 aeterni
1713 2341 1968 2408 supplicii
1997 2339 2229 2393 formido

676 2431 975 2499 ingenerat,
1039 2429 1288 2492 resilire;
1351 2443 1587 2497 eumque
1650 2431 1887 2498 effugere
1942 2430 2224 2484 noluerit:

673 2521 767 2574 sed
799 2522 1044 2575 animum
1081 2519 1147 2573 ad
1188 2535 1313 2574 eum
1348 2519 1665 2588 applicabit,
1708 2532 1761 2575 et
1793 2521 1912 2588 ejus
1964 2522 2070 2575 sibi
2113 2521 2230 2576 viu-

671 2612 793 2664 cula
821 2612 996 2677 magis
1032 2612 1320 2679 astringi-t,
1363 2611 1507 2664 hunc
1543 2612 1632 2664 ille
1686 2613 1936 2665 breviore
1991 2613 2075 2665 via
2131 2612 2229 2664 du-

672 2711 843 2766 ctum,
879 2702 1022 2770 quod
1055 2702 1326 2768 sequitur,
1361 2710 1486 2754 ante
1521 2711 1876 2769 conspectum
1931 2701 2091 2771 Regis
2141 2717 2230 2754 re-

675 2808 798 2860 gum
833 2801 1056 2849 statuet.
1095 2791 1250 2858 Quod
1289 2807 1410 2846 cum
1455 2791 1655 2847 factum
1695 2793 1880 2853 fuerit,
1916 2793 2078 2847 simul
2105 2793 2227 2858 ejus

673 2886 901 2952 gloriam
945 2887 1092 2938 clare
1136 2885 1504 2952 conspexerjt,
1564 2885 1746 2938 subito
1781 2884 1994 2937 vincula
2028 2886 2226 2938 dissoL

670 2985 890 3039 ventur,
932 2985 983 3028 et
1010 2977 1174 3029 timor
1200 2975 1441 3050 carnifex
1479 2977 1667 3044 procul
1692 2977 1954 3044 aufugiet,
1988 2983 2051 3029 ct'
2075 2979 2228 3030 dolor

2263 1838 2368 1891 Be‘r

2311 593 2537 657 ξάνοντα
2566 593 2724 646 αὑτὸν
2752 606 3103 663 προτιμήσει,
3155 596 3246 647 καὶ
3283 595 3352 646 τὰ
3381 596 3471 647 τὸν
3501 597 3699 665 δεσμὸν
3761 598 3888 649 ὲπι-

2313 684 2610 751 σφίγγοντα
2638 683 2876 752 θελήσει,
2893 686 2983 737 καὶ
2999 686 3066 737 τὰ
3089 686 3179 737 τὸν
3208 686 3400 754 δήμιον
3417 687 3733 757 ἐνισχύοντα
3758 688 3892 756 ἀγαι-

2313 776 2494 843 πήσει,
2525 776 2617 828 καὶ
2652 777 2708 826 ὲν
2743 775 2949 837 τούτοις
3005 776 3274 846 ὲμμεὶνει,
3324 776 3397 839 ὡς
3451 777 3523 846 μὴ
3574 777 3891 849 προσδοκῶν

2315 883 2440 918 ποτε
2493 868 2806 937 ἐλευθερίαν
2865 867 3126 937 λήψεσθαι
3162 869 3296 930 ὅλως
3349 868 3406 935 ἐξ
3441 869 3637 921 αὐτῶν.
3694 868 3752 921 'H
3783 869 3892 940 γὰρ

2329 960 2463 1022 ,λπὶς
2491 963 2586 1029 τῆς
2622 959 2938 1026 ἀπαλλαγῆς
2990 960 3319 1029 κουφότερον
3353 960 3445 1012 τὸν
3480 960 3638 1013 πόνον
3663 961 3892 1029 ἐργάζε-

2318 1068 2421 1105 ται.
2447 1052 2583 1121 ὅπερ
2637 1052 2783 1102 ἐστὶν
2837 1050 3149 1113 ἀλυσιτελὲς
3205 1050 3282 1120 τῷ
3345 1049 3703 1120 μετανοοῦντι
3762 1050 3892 1116 Θερ-

2316 1141 2452 1210 μῶςο
3260 1213 3263 1216 ,

2386 1231 2493 1296 ξς’.
2523 1233 2691 1284 Παντὶ
2721 1231 2796 1300 τῷ
2829 1232 2969 1284 κατὰ
2999 1231 3130 1283 Θεὸν
3165 1231 3311 1300 βιοῦν
3343 1231 3646 1301 ἀρχομένῳ,
3676 1235 3892 1301 ἐπωφε-

2313 1323 2408 1396 λὴς
2438 1326 2465 1375 6
2496 1325 2592 1393 τῆς
2619 1324 2893 1386 κολάσεως
2923 1323 3107 1391 φόϐος,
3144 1323 3236 1376 καὶ
3270 1325 3296 1376 6
3324 1325 3480 1385 πόνος
3518 1326 3542 1376 ὁ
3571 1325 3892 1392 τικτόμενος

2313 1416 2372 1480 ἐξ
2397 1415 2559 1468 αὑτοῦ
2585 1431 2598 1444 ·
2631 1415 2658 1466 ό
2699 1415 2754 1466 δὲ
2784 1415 2877 1466 τοῦ
2918 1413 3158 1480 τοιούτου
3195 1415 3362 1468 πόνου,
3404 1415 3496 1466 καὶ
3553 1413 3748 1481 δεσμοῦ
3782 1432 3891 1485 χω-

2318 1507 2420 1575 ρὶς,
2449 1507 2623 1576 ἀρχὴν
2658 1506 2840 1575 βαλεῖν
2893 1505 3319 1574 φανταζόμενος,
3368 1507 3468 1557 οὐκ
3519 1506 3611 1556 ἐπὶ
3663 1505 3891 1573 ψάμμου

2319 1600 2496 1665 μόνον,
2522 1597 2629 1650 τῶν
2681 1597 2877 1650 ἑαυτοῦ
2931 1597 3184 1665 πράξεων
3214 1596 3304 1649 τὸν
3336 1596 3582 1663 θεμέλιον
3619 1585 3893 1649 καταϐάλ-

2315 1687 2486 1751 λεται,
2522 1688 2656 1740 ἀλλὰ
2688 1689 2779 1739 καὶ
2813 1690 2889 1746 εἰς
2917 1687 3054 1758 ἀέρα
3102 1689 3271 1739 οῖεται
3307 1686 3428 1755 δίχα
3459 1685 3723 1754 θεμελίων
3770 1703 3894 1737 συν-

2319 1779 2553 1831 ιστάνειν
2584 1780 2756 1830 οἰκίαν
2786 1796 2798 1809 °
2836 1777 2970 1847 ὅπερ
3005 1780 3179 1847 πάντη
3217 1779 3504 1831 ἀδύνατον⁸
3533 1781 3560 1830 6
3595 1779 3699 1848 γὰρ
3730 1779 3891 1840 πόνος

2314 1869 2486 1934 οὗτος,
2546 1872 2669 1923 ὅσον
2730 1869 2881 1922 οῧπω
2945 1873 3125 1922 πᾶσαν
3187 1871 3361 1942 χαρὰν
3409 1871 3707 1930 ἀποτίκτει,
3743 1871 3895 1923 καὶὸ

2313 1961 2508 2028 δεσμὸς
2541 1954 2716 2022 οὗτος,
2764 1962 2979 2013 πάντων
3009 1960 3424 2030 ἁμαρτημάτων
3473 1958 3566 2010 καὶ
3600 1958 3790 2010 παθῶν
3826 1960 3893 2009 τὰ

2314 2051 2486 2119 δεσμὰ
2512 2051 2830 2120 διαρρήσσει
2855 2067 2868 2080 ο
2905 2052 2996 2103 καὶ
3027 2051 3054 2101 ὁ
3081 2051 3273 2119 δήμιος
3299 2044 3447 2110 οὗτος
3495 2049 3615 2117 οὐχὶ
3639 2048 3890 2108 θάνατον,

2314 2142 2447 2193 ἀλλά
2482 2141 2623 2211 ζωὴν
2654 2141 2870 2195 αἰώνιον
2902 2142 3168 2209 προξενεῖ.

2385 2335 2482 2402 ξζκ
2512 2338 2604 2400 Ὃς
2643 2337 2706 2391 ἂν
2736 2340 2808 2409 μὴ
2844 2340 3042 2410 θελήσῃ
3071 2342 3471 2411 ἀποσκιρτῆσαι
3507 2344 3597 2395 καὶ
3629 2345 3885 2410 ἐκφυγεῖν

2309 2427 2400 2480 τὸν
2430 2429 2747 2498 τικτόμενον
2796 2432 2976 2493 πόνον,
3029 2432 3136 2484 ἀπὸ
3187 2431 3277 2484 τοῦ
3311 2431 3477 2500 φόὸου
3536 2433 3630 2499 τῆς
3665 2432 3883 2485 αἰωνίου

2310 2515 2603 2581 κολάσεως,
2637 2518 2770 2570 ἀλλὰ
2804 2519 3056 2586 προθέσει
3090 2521 3316 2588 καρδίας
3346 2520 3688 2589 ἀκολουθήσῃ
3715 2522 3885 2588 αὐτῷ,

2310 2609 2404 2661 καὶ
2431 2609 2728 2678 ἑπισφίγξη
2761 2610 2922 2662 πλέον
2948 2612 3016 2662 τὰ
3062 2612 3252 2662 τούτου
3279 2612 3452 2681 δεσμά
3483 2613 3659 2681 ἑαυτῷ
3690 2613 3885 2663 ἀναλό-

2313 2714 2449 2765 γως,
2502 2699 2929 2768 συντομωτέρως
2957 2699 3184 2763 όδεύσει,
3215 2702 3306 2752 καὶ
3338 2698 3441 2770 πρὸ
3472 2699 3761 2770 προσώπω
3789 2699 3886 2752 τοῦ

2311 2787 2579 2854 Βασιλέως
2608 2788 2715 2841 τῶν
2744 2789 3132 2859 βασιλευόντων
3160 2793 3504 2859 παραστήσει
3531 2792 3694 2844 αὐτόν
3715 2809 3728 2821 ο
3758 2793 3880 2842 τού-

2309 2897 2399 2931 του
2431 2881 2484 2932 δὲ
2520 2882 2822 2949 γεγονότος,
2863 2882 2979 2950 ἅμα
3005 2883 3080 2950 τῷ
3114 2883 3410 2936 θεάσασθαι
3443 2886 3602 2936 αὐτόν
3629 2885 3879 2953 ἀμυδρῶς

2310 2973 2447 3041 πρὸς
2480 2975 2577 3042 τὴν
2629 2974 2784 3038 δόξαν
2814 2975 2995 3038 αῷτοῦ,
3040 2976 3243 3039 εὐθέως
3292 2976 3616 3046 λυθήσονται
3676 2979 3774 3044 μὲν
3816 2981 3881 3034 τὰ

671 3065 854 3120 cordis
890 3065 1007 3134 ejus
1049 3066 1101 3118 in
1137 3066 1396 3136 gaudium
1430 3073 1821 3130 ’convertetur,
1873 3079 2222 3136 erumpctque

2312 3065 2502 3134 δεσμά.
2548 3066 2606 3117 Ὀ
2643 3065 2699 3117 δὲ
2733 3066 2924 3134 δήμιος
2975 3067 3136 3134 φόϐος
3204 3066 3460 3135 φεύξεται
3525 3069 3742 3139 μακρὰν
3786 3073 3878 3125 ἀπ’

672 3157 814 3219 fons,
845 3173 1070 3210 manans
1107 3160 1171 3210 ad
1221 3173 1439 3212 sensum
1485 3159 1702 3227 quidem
1736 3159 2015 3226 lacrymis,
2050 3160 2222 3213 instar

2312 3157 2471 3223 αὑτοῦ
2499 3174 2512 3186 ·
2554 3157 2651 3209 κα)⁵
2686 3160 2712 3209 6
2742 3160 2797 3210 ὲν
2827 3162 2891 3228 τῇ
2926 3159 3310 3230 καρδίᾳταὺτοῦ
3340 3161 3497 3222 πόνος
3538 3165 3880 3231 τραπήσεται

671 3249 910 3304 ﬂuminis
945 3265 958 3301 ε
995 3249 1059 3303 ad
1101 3249 1436 3303 intellectum
1472 3267 1594 3304 vero
1623 3251 2034 3318 tranquillitate,
2068 3266 2222 3302 man-

2312 3253 2384 3312 εἰς
2418 3252 2612 3319 χαρὰν,
2640 3251 2732 3302 καὶ
2774 3251 2924 3320 πηγὴ
2972 3254 3260 3320 γενήσεται
3295 3252 3555 3321 βρύουσα,
3612 3257 3878 3323 αἰσθητῶς

671 3341 977 3403 suetudine,
1007 3347 1060 3395 et
1091 3342 1381 3400 dulcedine
1407 3343 1687 3395 ineffabili.
1729 3343 1954 3411 Insuper
2005 3344 2224 3396 fortitu-

669 3434 814 3491 dine,
841 3442 893 3485 et
919 3432 983 3486 ad
1013 3448 1228 3486 omnem
1256 3432 1616 3486 obedientiam
1649 3434 1893 3500 expedita
1926 3434 2222 3495 voluntate,

670 3535 721 3576 et
741 3538 902 3576 cur.~u
924 3526 976 3577 in
999 3522 1082 3576 via
1101 3524 1695 3589 inandatm-uinlibero;
1730 3527 1873 3591 quod
1895 3526 2070 3579 adhuc
2093 3527 2224 3577 tiro-

669 3617 848 3678 'nibus,
866 3627 917 3670 et
936 3619 1025 3682 qui
1055 3618 1281 3684 primum
1304 3618 1366 3670 ad
1389 3619 1698 3685 religiosmn
1723 3618 1932 3671 vivendi
1957 3633 2122 3685 genus
2143 3616 2227 3669 iu-

667 3709 1047 3768 tro’ducuntur,
1076 3725 1182 3764 non
1221 3712 1526 3765 conciditur
1557 3729 1568 3762 :
1602 3726 1785 3762 eorum
1819 3719 2020 3772 autem,
2047 3709 2137 3777 qui
2157 3709 2222 3762 ad

666 3800 901 3853 medium
942 3799 1104 3866 hujus
1136 3801 1294 3867 spatii
1338 3800 1801 3867 proficiendojatn
1839 3803 2218 3863 ascenderunt,

665 3891 937 3960 proprium
958 3900 1072 3944 est:
1115 3893 1504 3944 consummatis
1542 3908 1668 3944 vero
1691 3904 1849 3960 atque
1865 3894 2114 3961 perfectis
2136 3895 2222 3947 hic

664 3983 806 4046 fons.
835 3983 996 4036 corde
1037 3984 1216 4036 subito
1267 3985 1494 4047 variato,
1538 3994 1589 4037 et
1621 3987 1909 4038 immutato
1936 3987 2111 4038 lumen
2145 3987 2220 4038 fit.

733 4075 820 4126 63.
851 4071 954 4138 Qui
981 4074 1123 4126 intra
1176 4089 1231 4127 se
1269 4074 1506 4140 Spiritus
1566 4078 1737 4129 sancti
1797 4077 1976 4128 lumen
2033 4076 2218 4138 habet,

661 4169 780 4235 ejus
812 4169 990 4221 radios
1023 4182 1126 4220 non
1160 4166 1363 4231 ferens,
1403 4183 1610 4236 pronus
1637 4167 1802 4227 cadit,
1852 4165 2213 4226 vociferatur,

659 4266 714 4311 et
762 4258 962 4310 clamat
1012 4272 1138 4311 cum
1201 4265 1424 4326 stupore
1472 4274 1532 4311 ac
1579 4260 1775 4311 timore
1805 4258 1997 4320 multo,
2034 4265 2091 4310 ut
2123 4257 2214 4326 qui

660 4364 826 4417 supra
859 4357 1063 4402 natura:
1098 4360 1314 4418 captum
1339 4350 1643 4418 quidpiam,
1680 4365 1780 4402 nec
1808 4350 1858 4401 in
1885 4363 2217 4414 sermonem,

663 4439 1155 4507 cogitationemque
1185 4441 1382 4494 cadens
1411 4440 1627 4501 viderit,
1662 4439 1956 4493 assenserit
1992 4457 2006 4492 :
2042 4439 2217 4491 imita-

659 4541 855 4601 turque
903 4531 1199 4596 hominem,
1255 4534 1345 4601 qui
1396 4532 1647 4585 alicunde
1695 4532 1944 4585 accensis
1986 4531 2052 4584 ab
2095 4531 2217 4600 igne

661 4621 961 4676 visceribus
992 4622 1209 4682 ardens,
1242 4637 1340 4675 nec
1395 4625 1660 4675 ustionem
1719 4623 1944 4676 ﬂaturum
1973 4623 2214 4690 perferre

659 4714 820 4781 polis,
859 4720 1038 4765 mente
1079 4703 1526 4768 velutalienatus
1577 4726 1678 4777 est,
1728 4731 1826 4768 nec
1864 4716 1913 4767 in
1947 4723 2214 4784 potestate

660 4805 770 4856 ullo
808 4803 966 4857 modo
1016 4820 1134 4857 esse
1163 4813 1361 4872 potest.
1404 4804 1688 4875 Lacrymis
1732 4815 1911 4860 autem
1950 4805 2209 4873 perenni-

658 4898 756 4948 bus
784 4897 1107 4962 exhaustus,
1137 4906 1190 4950 ct
1219 4899 1284 4951 ab
1319 4898 1400 4950 his
1435 4899 1786 4966 refrigeratus
1810 4937 1823 4956 ,
1861 4900 2039 4965 ignem
2072 4897 2214 4950 desi-

656 4986 789 5038 derii
835 4987 1208 5040 vehementius
1241 4989 1506 5041 accendit.
1567 4987 1701 5039 Hinc
1739 5002 1900 5055 porro
1943 4988 2212 5055 lacrynias

656 5077 935 5144 profundit
971 5080 1229 5139 uberius,
1265 5089 1315 5133 et
1353 5096 1412 5132 ea
1460 5079 1778 5148 profusione
1835 5079 2072 5140 ablutus,
2122 5093 2213 5132 c0-

657 5178 836 5221 ruscat
866 5171 1226 5236 splendidius.
1264 5170 1362 5224 Ubi
1398 5173 1616 5224 demum
1673 5179 1818 5223 totus
1870 5169 2093 5235 ignitus,
2127 5168 2208 5221 in~

654 5267 767 5311 star
790 5260 1008 5313 luminis
1033 5263 1153 5325 erit,
1188 5269 1314 5314 tunc
1339 5263 1586 5330 impletur
1609 5260 1750 5328 quod
1770 5261 1990 5322 dicitur,
2021 5280 2038 5311 ι
2070 5260 2208 5314 Deus

655 5349 758 5403 diis
782 5351 965 5404 unitus
990 5360 1041 5404 et
1080 5354 1371 5419 cognitus;
1403 5371 1419 5402 ι
1448 5361 1499 5407 et
1523 5362 1729 5405 tantum
1759 5352 2013 5418 fortasse,
2035 5367 2206 5420 quan-

656 5451 766 5494 tum
794 5441 901 5510 jam
941 5443 1043 5496 sibi
1080 5445 1349 5510 cepulatis
1382 5444 1587 5507 unitus,
1616 5452 1668 5498 et
1705 5443 1786 5497 his
1819 5446 1906 5510 qui
1935 5457 2205 5512 cognme-

655 5544 778 5586 runt
806 5535 1072 5588 revelatus
1101 5545 1181 5587 est
1207 5537 1247 5602 (l
1270 5539 1336 5605 l).

721 5737 830 5804 (ll)
883 5737 1162 5791 Pontanus
1212 5738 1360 5790 addit
1398 5758 1407 5789 :
1448 5758 1464 5787 ι
1505 5738 1777 5801 ριιιηιιιηι
1835 5753 1860 5788 a
1903 5738 2058 5788 nobis
2113 5755 2195 5786 ειυ-

649 5822 836 5867 αιιυδει
897 5809 1126 5862 \‘oluet'it
1187 5806 1362 5875 Deus,
1415 5820 1622 5862 tantum
1680 5810 1844 5861 ctiazu
1912 5811 2199 5858 rcwlutur.

2313 3342 2410 3411 μὲν
2437 3342 2641 3412 δάκρυα
2672 3341 2980 3412 ποταμηδόν
3013 3344 3269 3404 άεννάως,
3297 3343 3501 3412 νοητῶς
3533 3345 3588 3396 δὲ
3622 3347 3876 3413 γαλήνην,

2310 3433 2608 3503 πραότητα,
2628 3435 2718 3485 καὶ
2745 3435 3018 3502 ἄφραστον
3040 3434 3352 3502 γλυκασμόν
3377 3452 3388 3464 ⁸
3417 3436 3498 3486 ἑτι
3524 3435 3578 3486 δὲ
3610 3437 3874 3504 ἀνδρείαν,

2310 3531 2404 3578 καὶ
2434 3526 2491 3578 τὸ
2521 3526 2655 3595 πρὸς
2688 3527 2864 3578 πᾶσαν
2895 3526 3138 3594 ὑπακοὴν
3208 3525 3527 3591 ἐλευθερίως
3577 3530 3668 3578 καί
3717 3529 3880 3595 ἀνεμ-

2311 3618 2573 3682 ποδίστως
2598 3620 2808 3686 τρέχειν
2838 3617 2944 3670 τῶν
2974 3617 3198 3668 ἐντολῶν
3223 3617 3315 3668 τοῦ
3348 3617 3480 3669 Θεοῦ
3509 3636 3519 3646 '
3554 3617 3581 3669 δ
3605 3619 3744 3680 τέως
3771 3622 3880 3680 τοῖς

2309 3709 2684 3774 εἱσαγωγικοῖς
2717 3709 2996 3770 ἀδύνατον,
3036 3708 3143 3758 τῶν
3189 3710 3243 3757 δὲ
3273 3709 3405 3776 προς
3460 3710 3517 3760 τὸ
3551 3711 3712 3776 μέσον
3741 3715 3880 3761 κατὰ

2309 3801 2591 3867 προκοπὴν
2620 3801 2950 3850 ἀνελθόντων
3002 3802 3094 3850 καὶ
3132 3798 3280 3849 ἴδιον.
3314 3800 3435 3859 Τοῖς
3467 3799 3519 3849 δέ
3550 3815 3608 3864 γε
3649 3802 3881 3850 τελειου-

2313 3891 2513 3957 μένοις,
2548 3889 2659 3954 φῶς
2685 3892 2717 3958 ή
2745 3889 2893 3958 πηγὴ
2946 3888 3104 3957 αὕτη,
3154 3887 3252 3956 τῆς
3286 3889 3508 3954 καρδίας
3560 3891 3754 3958 αἴφνης
3788 3890 3880 3942 ἀλ·

2310 3977 2627 4045 λοιουμένης
2659 3979 2749 4028 καὶ
2785 3978 3264 4047 μβταὸαλλομένης
3297 3978 3522 4044 γίνεται.

2384 4066 2481 4136 ξη’.
2520 4068 2577 4119 Ὀ
2613 4069 2756 4120 ἔνδον
2789 4068 2950 4120 αὑτοῦ
2981 4069 3040 4120 τὸ
3077 4069 3188 4134 φῶς
3214 4071 3304 4121 τοῦ
3330 4070 3596 4135 παναγίου
3627 4073 3879 4142 Πνεύμα.

2308 4167 2410 4222 τος
2431 4159 2587 4230 ἔχων,
2621 4160 2694 4229 μὴ
2728 4161 2904 4229 φέρων
2933 4162 3088 4211 τοῦτο
3119 4163 3268 4230 όρᾷν,
3308 4164 3384 4221 εἰς
3411 4163 3510 4230 γῆν
3545 4163 3757 4254 amvi“;
3795 4168 3880 4217 πε-

2311 4271 2454 4316 πτει,
2504 4253 2695 4321 κράζει
2743 4270 2798 4302 τε
2834 4254 2922 4303 καὶ
2960 4254 3056 4320 βυᾲ
3114 4255 3170 4303 ἐν
3205 4253 3460 4320 ἐκπλήξει
3514 4273 3570 4305 τε
3603 4259 3698 4314 καὶ
3734 4260 3879 4326 ς-όίίῳ

2316 4343 2526 4413 πολλῷ,
2568 4344 2638 4404 ὼς
2676 4344 2816 4413 ὑπὲρ
2849 4343 3028 4410 φύσιν,
3077 4344 3215 4414 ὑπὲρ
3245 4345 3422 4411 λόγον,
3475 4347 3612 4415 ὑπὲρ
3674 4347 3880 4400 ἔννοιαν

2316 4437 2544 4504 πρᾶγμα
2573 4433 2695 4485 ἰδὼν
2727 4437 2820 4486 καὶ
2852 4434 3057 4487 παθών.
3093 4437 3199 4487 Καὶ
3227 4436 3433 4502 γίνεται
3464 4437 3648 4505 ὅμοιος
3674 4440 3883 4508 ἀνθρώ-

2315 4546 2399 4594 πῳ
2424 4527 2587 4578 ποθὲν
2616 4528 2909 4594 ἀναφθέντι
2938 4528 3004 4578 τὰ
3030 4527 3306 4596 σπλάγχνα
3338 4529 3442 4580 ὑπὸ
3471 4532 3661 4598 πυρὸς,
3697 4532 3790 4599 ὑφ’
3819 4527 3880 4584 οὗ

2317 4622 2674 4688 φλεγόμενος,
2710 4621 2802 4670 καὶ
2833 4622 2924 4687 τῆς
2960 4621 3152 4687 φλογὸς
3179 4623 3266 4672 τὸν
3321 4625 3653 4691 ἐμπρησμὸν
3686 4627 3763 4694 μὴ
3787 4627 3875 4678 δυ·

2310 4711 2541 4774 ναμενος
2571 4708 2776 4777 φέρειν,
2804 4708 3036 4777 ὑπάρχει
3063 4710 3250 4777 ὥσπερ
3275 4711 3710 4779 sesamum-mw.
3746 4715 3879 4782 μηδὲ

2310 4797 2501 4848 ἑαυτοῦ
2533 4798 2780 4864 γενέσθαι
2820 4799 2953 4860 ὅλως
2985 4801 3201 4869 ἰσχύων.
3233 4802 3355 4861 Τοῖς
3393 4802 3620 4871 δάκρυσι
3653 4803 3709 4856 δὲ
3742 4822 3873 4856 κατ-

2309 4888 2661 4956 αντλούμενος
2723 4889 2980 4952 ἀεννάως,
3043 4891 3135 4942 καὶ
3181 4889 3281 4940 ὑπὸ
3318 4891 3518 4942 τούτων
3569 4894 3876 4960 καταψυχθέ-

2313 4991 2490 5043 μενος,
2523 4976 2580 5026 τὸ
2609 4974 2716 5044 πῦρ
2749 4977 2971 5039 ἐξάπτει
3001 4978 3092 5028 τοῦ
3128 4977 3294 5029 πόθου
3344 4981 3712 5050 σςςοδρότερον.
3765 4983 3878 5034 Ἐν-

2307 5064 2496 5116 τεῦθεν
2527 5066 2579 5117 δὲ
2614 5067 2678 5117 τὰ
2726 5066 2938 5136 δάκρυα
2969 5068 3189 5137 προχέει
3223 5069 3502 5134 πλειόνως,
3539 5072 3632 5121 καὶ
3657 5074 3720 5140 τῇ
3754 5071 3878 5123 τοὺ-

2305 5171 2412 5210 των
2437 5156 2566 5223 ὲκχύ
2578 5173 2657 5207 σει
2691 5158 3040 5224 πλυνόμενος,
3058 5159 3439 5228 λαμπρότερον
3460 5163 3574 5212 ἀπα
3584 5164 3845 5228 στράπτει
3863 5179 3874 5190 ·

2305 5245 2390 5298 ὅτε
2417 5246 3010 5316 δὲὸλως,ὲκπυρωθεὶς,
3045 5249 3119 5308 ὡς
3155 5249 3267 5315 φῶς
3302 5249 3547 5318 γένηται,
3583 5251 3702 5302 τότε
3741 5252 3877 5319 πλη-

2305 5336 2489 5404 ροῦται
2514 5338 2573 5388 τὺ
2601 5338 2829 5404 φάσκον,
2863 5338 2994 5401 Θεὸς
3041 5339 3181 5400 θεοῖς
3215 5340 3500 5407 ἑνούμενός
3533 5357 3590 5391 τε
3621 5341 3711 5392 καὶ
3741 5359 3877 5408 γνω-

2305 5427 2606 5497 ριζόμενος,
2657 5432 2744 5482 καὶ
2772 5431 3024 5483 τοτοῦτον
3076 5432 3225 5495 ἴσως.
3279 5433 3401 5483 ὅσον
3433 5431 3530 5498 ἤδη
3566 5433 3679 5491 τοῖς
3711 5448 3874 5485 «uva-

2305 5521 2516 5588 φθεῖαιν
2546 5521 2749 5590 ἡνώθη,
2788 5523 2882 5576 καὶ
2914 5525 3025 5585 τοῖς
3056 5523 3353 5590 ἐγνωκόσιν
3381 5520 3768 5586 ἀπεκαλύφθη.

2311 5739 2582 5801 Quantum
2625 5734 2789 5788 fuerit
2817 5732 3109 5790 revelatus,
3151 5739 3357 5782 tantum
3391 5744 3417 5781 a
3457 5729 3635 5798 dignis
3685 5733 3866 5801 cerui-

2309 5800 2420 5867 tnr,
2454 5818 2503 5860 ct
2532 5804 2901 5870 cognoscitur.
2943 5801 3072 5852 Tale
3106 5801 3232 5865 quid
3263 5802 3522 5861 experiri,
3562 5806 3655 5851 aut
3682 5800 3868 5855 videre
