4156 6344
301 417 412 478 641

294 617 453 684 ἡμᾶς
483 618 656 677 κενοῖς
690 615 951 668 ἀπατάτω
979 615 1180 683 λόγοις,
1237 613 1370 684 μηδὲ
1429 612 1720 681 πλανῶμεν
1752 614 1878 665 ἑαυ-

298 706 454 769 τούς.
487 705 597 758 Οὐκ
626 705 772 755 ἔστιν
811 707 868 756 ἐν
907 705 1037 771 ἡμῖν
1088 704 1363 771 μετάνοια,
1396 703 1514 754 οὐδὲ
1546 701 1749 770 ἀληθὴς
1783 719 1881 770 με-

298 796 584 865 ταμέλεια,
644 794 765 846 οὐδὲ
798 794 961 862 φόϐος
1007 793 1141 845 Θεοῦ
1173 795 1230 845 ὲν
1278 795 1395 854 ταῖς
1424 791 1671 860 καρδίαις
1703 791 1879 860 ἡμῶν,

299 889 427 941 οὐδὲ
460 886 809 955 κατέγνωμεν
837 885 1066 948 ἑαυτῶν,
1105 886 1225 937 οὐδὲ
1257 886 1313 938 ἐν
1340 884 1590 953 αἰσθήσει
1621 885 1716 950 σῆς
1755 883 1881 951 μελ-

300 980 504 1048 λούσης
534 978 870 1046 κρίσεωςκαί
902 977 1008 1029 τῶν
1038 964 1270 1030 αἰωνίων
1320 976 1577 1045 βασάνων
1599 975 1815 1043 ἐγένετο
1845 978 1877 1046 ἡ

296 1069 453 1138 ψυχὴ
476 1069 658 1139 ἡμῶν
690 1068 737 1118 εί
789 1066 895 1138 γὰρ
932 1067 1283 1136 κατέγνωμεν
1315 1065 1546 1129 ἑαυτῶν,
1599 1066 1688 1118 καὶ
1723 1067 1881 1133 ἐκτη-

303 1160 522 1228 σάμεθα
547 1159 739 1221 ταῦτα,
774 1160 866 1209 καὶ
894 1159 951 1209 ὲν
982 1157 1190 1219 τούτοις
1237 1157 1560 1225 ὲγενῷιμεθα,
1596 1155 1755 1216 εὐθὺς
1789 1156 1882 1207 καὶ

299 1253 517 1320 δάκρυα
548 1251 951 1318 κατηγάγωμεν
985 1247 1049 1300 ἄν
1069 1263 1081 1276 ο
1120 1248 1323 1300 τούτων
1352 1247 1460 1317 γὰρ
1483 1248 1669 1318 χωρὶς,
1704 1245 1878 1314 οὕτεὴ

302 1341 708 1411 σκληροκαρδη
739 1341 893 1409 ἡμῶν
929 1339 1302 1408 ἀπαλυνθῆναί
1331 1357 1460 1391 ποτε
1485 1339 1726 1402 δύναται,
1759 1338 1880 1390 οὗτε

301 1435 342 1502 ἡ
379 1433 525 1505 ψυχὴ
579 1433 733 1502 ἡμῶν
791 1431 1165 1500 πνευματικὴν
1220 1431 1551 1485 ταπείνωσιν
1599 1435 1880 1500 κτήσεται,

297 1525 432 1579 οὔτε
462 1526 702 1578 ταπεινοὶ
738 1507 985 1592 γενέσθαι
1040 1525 1373 1592 ἰσχύσωμεν.
1421 1522 1477 1576 Ὀ
1513 1524 1568 1575 δὲ
1630 1524 1704 1594 μὴ
1744 1522 1884 1575 οὕτω

301 1619 618 1688 γενόμενος,
672 1616 933 1684 ὲνωθῆναι
965 1615 1041 1683 τῷ
1073 1614 1351 1683 Πνεύματι
1383 1613 1458 1684 τῷ
1507 1615 1644 1684 ἁγίῳ
1699 1615 1759 1666 οὐ
1796 1613 1886 1666 δύ·

302 1727 489 1763 ναται.
527 1710 582 1762 Ὀ
609 1709 665 1760 δὲ
693 1707 765 1777 μὴ
791 1708 964 1775 τούτῳ
990 1709 1051 1758 ὲκ
1077 1706 1398 1774 καθάρσεως
1426 1705 1664 1767 ἐνωθεὶς,
1685 1705 1805 1756 οὔτε
1829 1707 1885 1756 ὲν

306 1800 514 1870 Θεωρία
533 1800 625 1850 καὶ
655 1797 849 1864 γνώσει
883 1795 1013 1848 θεοῦ
1039 1794 1288 1862 γενέσθαι
1315 1795 1560 1856 δύναται,
1586 1795 1707 1846 οὔτε
1740 1793 1886 1857 ἄξιός

305 1894 430 1945 ἐστι
454 1891 551 1952 τὰς
577 1889 672 1960 τῆς
699 1888 1079 1951 ταπεινώσεως
1125 1886 1324 1958 ἀρετὰς
1371 1887 1645 1955 μυστικῶς
1676 1876 1885 1939 ἐκδιδα-

308 1989 560 2036 σκεσθαι.

386 2083 447 2127 ο’.
474 2076 606 2138 Τοὺς
645 2071 1104 2143 ὑποκρινομένους
1131 2071 1229 2139 τὴν
1275 2069 1494 2139 ἀρετὴν,
1529 2070 1622 2121 καὶ
1670 2069 1745 2137 τῷ
1788 2068 1884 2137 μὲν

311 2166 496 2236 κωδίῳ
525 2165 618 2217 τοῦ
659 2167 958 2236 σχήματος,
1005 2163 1138 2216 ἄλλο
1157 2162 1538 2231 φαινομένους,
1565 2161 1690 2212 ἄλλο
1720 2161 1774 2211 δὲ
1800 2161 1886 2211 ὃν·

306 2277 411 2321 ⁸τας
446 2258 582 2310 κατὰ
602 2259 690 2308 τὸν
722 2259 828 2308 ἔσω
861 2255 1142 2324 ἄνθρωπον
1170 2272 1180 2282 ·
1216 2254 1395 2321 πάσης
1418 2255 1556 2321 τάχα
1599 2254 1888 2320 πεπληρω-

312 2351 512 2420 μένους
562 2347 797 2411 ἁδικίας,
848 2346 1078 2416 μεστοὺς
1135 2345 1315 2414 ζήλου,
1364 2346 1454 2393 καὶ
1489 2343 1747 2409 ἐριθείας,
1795 2345 1887 2396 καὶ

309 2440 516 2510 ἡδονῶν
571 2437 849 2500 δυσωδίας,
902 2437 975 2498 ὡς
1019 2437 1247 2496 ἀπαθεῖς
1314 2437 1361 2487 oi
1414 2436 1633 2496 πλείους
1675 2438 1769 2486 καὶ
1813 2435 1887 2498 ὼς

311 2532 504 2598 ἁγίους
535 2529 754 2597 τιμῶσι,
823 2529 896 2598 μὴ
934 2527 1340 2595 κεκαθαρμένον
1395 2526 1610 2595 ἔχοντες
1658 2527 1747 2577 τὸν
1792 2527 1888 2594 τῆς

309 2623 490 2692 ψυχῆς
521 2621 818 2689 ὀφθαλμὸν,
859 2619 990 2688 μηδὲ
1025 2617 1319 2685 ἐπιγνῶναι
1370 2617 1566 2677 αὐτοὺς
1596 2617 1887 2686 δυνάμενοι

313 2715 384 2764 ὲκ
414 2712 517 2763 τῶν
547 2709 774 2778 καρπῶν
825 2709 1023 2762 αὐτῶν.
1071 2708 1207 2768 Τοὺς
1242 2707 1296 2759 δὲ
1359 2708 1416 2755 ἐν
1465 2704 1741 2774 εὐλαϐείᾳ,
1793 2711 1887 2760 καὶ

311 2806 506 2872 ἀρετῇ,
541 2805 632 2854 και⁴
659 2802 947 2870 ἀφελότητι
969 2800 1193 2869 καρδίας
1235 2799 1539 2864 διάγοντας,
1577 2801 1670 2848 καὶ
1699 2800 1889 2864 ἁγίους

312 2895 482 2955 ὄντας
522 2895 596 2963 τῷ
625 2893 755 2957 ὅντε,
784 2893 857 2954 ὡς
907 2893 1032 2952 τοὺς
1060 2891 1280 2949 λοιποὺς
1311 2887 1416 2938 τῶν
1449 2887 1750 2956 ἀνθρώπων
1784 2907 1888 2942 πα-

317 2985 715 3056 ραλογίςονται,
755 2985 850 3036 καὶ
885 2973 1348 3051 καταφρονοῦντες
1386 2979 1569 3031 ἀὐτῶν
1613 2981 1884 3049 παρατρέ-

313 3094 493 3148 χουσι,
532 3079 625 3127 καὶ
657 3077 731 3137 ὡς
773 3075 922 3126 οὐδὲν
954 3073 1278 3140 λογίζονται.

391 3164 491 3218 οα⁹.
528 3165 628 3215 Τὸν
656 3165 812 3217 λάλον
852 3166 944 3216 καὶ
978 3152 1362 3230 ἐπιδεικτικὸν,
1413 3167 1721 3221 διδακτικὸν
1757 3163 1939 3233 μᾶλ-ρ

315 3257 431 3320 λον,
460 3258 553 3320 καὶ
588 3255 952 3325 πνευματικὸν
975 3256 1024 3306 οἱ
1044 3257 1277 3310 τοιοῦτοι
1301 3255 1438 3311 εἶναι
1459 3258 1780 3326 λογίζονται,
1799 3255 1890 3306 τὸν

316 3351 379 3401 δὲ
421 3349 691 3417 σιωπηλὸν
752 3349 1001 3416 καὶπερὶ
1053 3350 1379 3432 ἁργολογίαν
1430 3348 1887 3420 ἁκριϐαζόμενον,

319 3443 578 3510 ἀγροῖκον
619 3440 710 3491 καὶ
731 3439 942 3508 ἄφωνον
974 3440 1382 3508 ἀποφαίνονται.

392 3628 488 3697 οβ’.
521 3628 622 3679 Τὸν
654 3630 708 3678 ἐν
750 3628 1023 3696 [Ινεύματι
1056 3631 1196 3701 ἁγίῳ
1231 3634 1626 3703 φθεγγόμενον,
1675 3639 1722 3689 οἱ
1753 3636 1889 3704 ὑψη-

316 3724 608 3792 λὸφρονες,
656 3723 747 3772 καὶ
775 3723 872 3790 τὴν
921 3723 1302 3792 ὑπερηφανίαν
1335 3728 1615 3791 νοσοῦντες
1642 3729 1734 3780 τοῦ
1774 3731 1889 3780 δα·

316 3815 500 3876 ϐόλον,
533 3813 605 3874 ὼς
635 3814 978 3882 ὑψηλόφρονα
1016 3818 1109 3866 καὶ
1140 3817 1486 3886 ὑπερήφανον
1520 3820 1889 3889 ἀποστρέφον-

316 3922 428 3967 ται,
458 3906 567 3964 τοῖς
601 3903 775 3968 λόγοις
801 3903 965 3955 αὑτοῦ
999 3903 1356 3974 πληττόμενοι
1407 3907 1606 3975 μᾶλλον
1642 3908 1672 3976 ἢ
1727 3925 1890 3959 κατα-

318 3996 673 4062 νυσσόμενοι·
737 3993 826 4045 τὸν
879 3993 935 4046 δὲ
988 3982 1391 4061 ἁπὸκοιλίας,
1459 4000 1490 4066 ἦ
1553 3999 1889 4068 μαθημάτων

321 4083 770 4152 πορνολογοῦντα,
821 4083 1033 4150 καὶτῆς
1069 4084 1233 4135 αὑτοῦ
1287 4086 1558 4154 σωτηρίας
1616 4088 1891 4153 καταψευ-

316 4175 561 4244 δόμενον,
598 4173 1014 4242 ὑπερεπαινοῦσι
1047 4176 1138 4226 καὶ
1187 4176 1560 4246 ἀποδέχονται,
1599 4179 1690 4229 καὶ
1720 4177 1890 4240 οὕτως

317 4265 492 4327 οὐδεὶς
520 4268 574 4315 ὲν
605 4268 715 4322 τοῖς
746 4263 1007 4322 τοιούτοις
1041 4265 1194 4316 ἐστὶν
1239 4266 1267 4316 ὁ
1310 4266 1488 4327 καλῶς
1527 4269 1619 4319 καὶ
1675 4267 1748 4328 ὡς
1778 4268 1888 4336 ἔχει

321 4358 382 4409 τὸ
408 4361 638 4426 πρᾶγμα
666 4356 937 4424 διακρῖναι
965 4357 1057 4408 καὶ
1091 4356 1216 4407 ἰδεῖν
1249 4357 1561 4426 δυνάμενος.

392 4455 491 4515 ογ’.
526 4467 541 4498 ι
573 4448 869 4515 Μακάριοι,
904 4448 1065 4516 φησιν
1089 4448 1116 4498 ὸ
1145 4447 1296 4510 Θεὸς,
1334 4448 1381 4499 oi.
1419 4448 1649 4517 καθαροὶ
1676 4451 1738 4518 τῇ
1765 4465 1887 4518 καρι

321 4539 431 4607 δίᾳ,
471 4539 550 4588 ὅτι
580 4539 729 4589 αὐτοὶ
759 4538 848 4589 τὸν
879 4537 1010 4589 Θεὸν
1043 4535 1262 4604 δψονται
1285 4554 1299 4568 ο
1337 4556 1356 4588 ›
1397 4539 1641 4609 καθαρὰν
1669 4538 1724 4592 δὲ
1752 4555 1887 4609 καρ-

387 4696 430 4729 ¹⁸
457 4695 645 4750 Matth.
668 4713 717 4752 v.
750 4695 802 4749 8.

1515 414 1894 474 CAPITULA
1917 415 2303 478 PRACTICA.

382 522 473 587 ἔθ’.
507 524 616 594 Πρὸ
675 522 768 575 τοῦ
831 522 1055 585 πένθους
1088 540 1182 575 και
1221 539 1328 575 των
1383 521 1652 588 δακρύων,
1692 521 1937 590 μηδεὶςᾼ

3425 431 3530 495 642

2038 525 2126 579 69.
2160 527 2301 582 Ante
2343 528 2548 584 luctum
2584 542 2633 586 et
2666 533 2936 604 lacrymas
2967 534 3166 605 (nemo
3203 555 3298 595 vos
3345 542 3526 599 inani-

1966 615 2069 672 bus
2097 620 2277 673 verbis
2311 622 2557 689 seducat,
2597 641 2731 680 neve
2767 627 2868 695 ipsi
2895 644 2994 685 nos
3026 631 3353 690 seducamus
3375 635 3395 705 )
3419 650 3530 692 non

1968 721 2050 765 est
2095 713 2147 766 in
2184 712 2341 769 nobis
2379 720 2643 785 potentia,
2687 738 2784 776 nec
2810 738 2936 778 vera
2970 726 3274 795 ptenitudo,
3305 745 3406 785 nec
3456 729 3529 785 ti-

1969 822 2084 858 mor
2154 807 2242 859 Dei
2305 808 2357 861 in
2419 811 2676 866 cordibus
2726 816 2955 881 nostris,
3023 833 3124 872 nec
3175 824 3532 888 cogn0vimus

1969 897 2169 964 ipsum,
2214 915 2314 952 nec
2367 901 2538 954 sensit
2596 901 2836 956 futurum
2883 905 3170 972 judicium,
3221 919 3274 962 et
3328 919 3535 964 eterna

1969 997 2237 1042 tormenta
2268 991 2450 1044 anima
2486 1001 2696 1046 nostra.
2737 993 2946 1048 Etenim
2978 997 3023 1050 si
3064 998 3175 1052 haec
3203 999 3308 1054 sibi
3337 1015 3531 1068 paras-

1969 1090 2069 1138 set,
2105 1090 2155 1132 et
2185 1079 2237 1132 in
2270 1081 2608 1145 hisluisset,
2647 1099 2767 1137 mox
2809 1087 2972 1138 etiam
3011 1087 3277 1156 lacrymas
3309 1090 3528 1145 emisis—

1969 1179 2071 1222 set.
2101 1170 2229 1225 Sine
2259 1172 2343 1225 his
2369 1174 2568 1241 quippe
2596 1190 2693 1228 nec
2715 1176 2909 1228 durum
2937 1191 3030 1229 cor
3051 1190 3294 1233 nostrum
3326 1181 3527 1234 molliri

1970 1274 2205 1324 unquam
2244 1270 2441 1329 potest,
2504 1276 2604 1317 nec
2670 1266 2862 1331 anima,
2893 1275 3075 1319 nostra
3108 1268 3324 1336 spiritus
3354 1269 3531 1323 humi-

1969 1350 2179 1402 litatem
2224 1356 2489 1419 consequi
2530 1371 2542 1405 :
2579 1369 2680 1409 nec
2721 1371 2820 1409 nos
2872 1357 3107 1411 humiles
3155 1358 3406 1413 evadere.
3441 1342 3529 1413 Ἀῑ

1966 1442 2111 1494 enim
2148 1443 2239 1510 qui
2292 1443 2413 1496 talis
2450 1445 2560 1498 noti
2613 1445 2797 1509 fuerit,
2871 1447 3097 1516 Spiritui
3146 1457 3336 1504 sancto
3386 1450 3529 1504 uniri

1969 1534 2159 1598 nequit
2204 1551 2216 1586 :
2254 1533 2340 1586 eui
2379 1536 2469 1603 qui
2502 1545 2764 1605 purgatus
2797 1547 2943 1603 ante,
2979 1547 3031 1590 et
3064 1541 3143 1594 sic
3176 1543 3362 1595 unitos
3421 1555 3530 1596 non

1970 1623 2158 1687 fuerit,
2199 1639 2297 1678 nec
2325 1633 2573 1693 spectare
2603 1636 2656 1680 et
2681 1643 3024 1697 cognoscere
3061 1630 3226 1683 Deum
3277 1632 3474 1685 valebit
3510 1671 3526 1687 .

1972 1730 2066 1766 uec
2109 1716 2308 1784 dignus
2335 1726 2438 1779 est,
2492 1718 2588 1787 qui
2641 1721 2895 1786 mySticas
2939 1721 3262 1777 humilitatis
3305 1722 3528 1777 virtutes

1968 1806 2228 1859 doceatur
2257 1806 2391 1878 (1‘2).

2032 2062 2118 2116 70.
2152 2061 2418 2116 Virtutem
2447 2065 2789 2132 simulantes,
2824 2076 2878 2121 et
2909 2069 3110 2124 vellere
3159 2072 3380 2140 quidem
3414 2075 3513 2128 Ita-

1965 2151 2110 2204 bitus
2141 2152 2286 2204 aliud
2321 2153 2456 2206 foris
2484 2164 2826 2220 apparentes,
2861 2170 2982 2208 cum
3011 2158 3155 2211 aliud
3193 2159 3304 2213 sint
3330 2175 3528 2215 secun-

1964 2243 2090 2296 dum
2121 2245 2436 2298 interiorem
2468 2244 2764 2311 hominem,
2798 2248 2942 2316 pleni
2977 2249 3206 2304 forsitan
3236 2251 3383 2305 omni
3421 2252 3529 2306 lni-

1965 2334 2208 2400 quitate,
2265 2335 2406 2401 pleni
2465 2333 2612 2397 zelo,
2679 2344 2730 2387 et
2777 2337 3162 2402 contentione,
3229 2346 3282 2389 et
3337 2337 3530 2392 fictore

1967 2426 2333 2478 obscenarum
2366 2423 2697 2492 voluptatum
2722 2443 2732 2476 :
2757 2427 2933 2490 multi,
2965 2427 3053 2491 qui
3083 2429 3297 2480 oculum
3333 2443 3534 2495 purga-

1964 2521 2078 2569 tum
2099 2530 2206 2568 non
2228 2516 2450 2576 habent,
2473 2531 2570 2568 nec
2592 2532 2653 2568 ex
2678 2514 2942 2569 lructibus
2959 2532 3143 2570 corum
3172 2517 3291 2570 illos
3323 2530 3528 2588 cogno-

1967 2622 2119 2661 scere
2161 2614 2416 2674 possnnt,
2448 2616 2702 2674 tanquam
2751 2606 2880 2659 nulli
2914 2607 3044 2660 vitio
3098 2609 3429 2673 servientes,
3477 2617 3530 2662 et

1964 2708 2183 2751 sanctos
2221 2697 2409 2750 colunt
2448 2697 2849 2764 honorantque.
2891 2695 3049 2750 Viros
3077 2705 3272 2750 contra
3304 2699 3528 2766 pietate,

1967 2794 2164 2842 virtute
2195 2827 2209 2852 ,
2279 2788 2627 2856 simplicitate
2675 2788 2855 2841 cordis
2899 2796 3244 2855 praestantes,
3291 2804 3355 2844 ac
3402 2803 3528 2842 vere

1970 2890 2214 2941 sanctos,
2251 2882 2310 2930 tit
2335 2880 2582 2948 vulgares
2609 2879 2979 2943 ludilicantur,
3008 2878 3222 2947 illisque
3255 2877 3526 2947 despectis

1970 2987 2001 3039 p
2011 2979 2318 3024 rzctercunt.

2039 3147 2127 3200 7i.
2168 3145 2337 3214 liujus
2393 3144 2578 3197 mundi
2631 3144 2882 3200 homines
2925 3145 3226 3214 garrulum,
3262 3154 3314 3200 et
3347 3155 3531 3201 osten—

1972 3247 2202 3290 taturetn
2237 3237 2416 3304 potius
2441 3245 2622 3304 aptum
2653 3237 2716 3289 ad
2751 3236 3079 3300 docendum,
3109 3244 3160 3290 et
3192 3238 3527 3306 spiritualem

1969 3343 2095 3383 esse
2145 3327 2454 3381 decernunt
2511 3347 2524 3380 :
2573 3327 2772 3381 silentii
2831 3337 3008 3381 autem
3056 3343 3347 3393 atttattlcm,
3379 3339 3433 3382 ct
3465 3331 3532 3383 ab

1974 3423 2150 3474 otioso
2181 3433 2435 3473 sermone
2460 3419 2558 3472 sibi
2593 3419 2881 3489 diligenter
2906 3428 3205 3482 caventem,
3241 3429 3528 3488 agrestem,

1969 3522 2020 3565 et
2053 3518 2258 3565 mutum
2301 3511 2589 3580 appellant.

2046 3625 2133 3678 72.
2175 3626 2510 3692 LOquentcm
2547 3624 2598 3674 in
2638 3622 2845 3691 Spiritu
2883 3630 3092 3685 sancto,
3152 3623 3255 3675 alta
3320 3624 3528 3691 sapien-

1973 3727 2076 3780 tes,
2112 3725 2165 3771 et
2196 3716 2465 3770 diabolica
2524 3715 2782 3783 superbia
2832 3714 3162 3777 laborantes,
3205 3727 3261 3767 ut
3301 3715 3408 3768 alta
3447 3732 3527 3769 sa-

1975 3812 2234 3878 pientem,
2260 3816 2313 3861 et
2340 3805 2634 3874 superbum
2667 3816 3009 3868 aversantur,
3042 3805 3212 3858 verbis
3244 3806 3359 3872 ejus
3392 3815 3528 3858 atto-

1979 3900 2078 3953 niti
2129 3897 2322 3966 magis,
2393 3910 2554 3964 quam
2608 3893 2941 3963 rompunCti.
2996 3895 3076 3946 Ab
3132 3904 3287 3948 utero
3341 3898 3533 3949 matris

1980 4000 2184 4053 autem,
2222 3996 2315 4040 aut
2358 4004 2420 4039 ex
2472 3986 2784 4053 disciplina,
2822 3994 2871 4039 et
2903 3986 3244 4039 institutione
3305 3989 3533 4039 rotunde

1977 4100 2042 4138 ac
2100 4082 2303 4135 diserte
2364 4079 2693 4147 loquentem,
2744 4085 2802 4131 et
2851 4078 2902 4129 in
2947 4081 3235 4143 perniciem
3290 4080 3531 4146 ipsoruln

1977 4177 2350 4234 mentientem,
2387 4170 2616 4224 mirifice
2647 4170 2900 4239 probant,
2928 4181 2980 4224 et
3035 4171 3286 4224 laudibus
3316 4180 3533 4225 ornant.

1976 4269 2152 4335 Atque
2181 4265 2255 4317 ita
2297 4263 2489 4316 horum
2525 4261 2706 4331 nullus
2745 4269 2849 4322 est,
2895 4261 2986 4327 qui
3031 4271 3212 4322 recte,_
3241 4270 3293 4315 et
3333 4270 3390 4314 ut
3451 4264 3528 4316 rei

1980 4368 2175 4412 natura
2204 4354 2456 4423 requirit,
2492 4353 2677 4406 videre
2705 4367 2766 4404 ac
2804 4352 3115 4405 discernere
3149 4352 3341 4420 possit.

2050 4451 2136 4504 73.
2168 4468 2185 4499 ι
2225 4448 2373 4501 Beati
2409 4447 2611 4499 mundo
2646 4447 2828 4507 corde,
2871 4447 3047 4513 inquit
3076 4446 3360 4510 Dominus,
3393 4453 3531 4518 quo-

1977 4547 2119 4599 niam
2148 4540 2249 4609 ipsi
2273 4542 2438 4593 Deum
2464 4537 2724 4593 videbunt
2758 4537 2851 4591 ⁸⁸.»
2893 4539 2989 4591 Ast
3017 4537 3277 4590 mundum
3305 4553 3399 4592 cor
3427 4555 3530 4593 non

315 4815 364 4868 is
395 4813 545 4868 solus
567 4821 766 4881 potest,
796 4810 888 4880 qui
922 4811 1073 4880 prius
1109 4807 1543 4881 Spiritnisancto
1567 4805 1746 4881 unitus
1777 4819 1871 4858 cor
1908 4814 1948 4868 ο
1983 4811 2254 4881 temnent,
2288 4811 2341 4855 et
2377 4817 2429 4881 in
2460 4797 3318 4881 desperationeshsnrhcbuutur.

316 4885 546 4943 humile,
569 4876 828 4950 —purttm._
859 4876 1085 4949 simplex
1121 4876 1411 4950 contritum
1447 4876 1746 4938 laboribus,
1779 4890 1872 4928 su-

316 4949 655 5016 dorihusquc
687 4953 802 5003 suis
831 4950 934 5003 sibi
961 4949 1380 5014 cumparaveril.
1419 4964 1438 4996 ο

389 5023 502 5091 (12)
545 5013 716 5072 Editio
749 5013 1239 5091 l‘ontauicapituia
1271 5018 1378 5070 duo
1402 5016 1712 5091 interserit:
1749 5013 1872 5091 Sic-

319 5086 407 5147 ιιι⁷
441 5086 546 5156 qui
579 5090 803 5143 discenti
839 5089 1071 5157 syllabas
1108 5087 1381 5154 colligere,
1441 5086 1507 5138 de
1563 5086 1876 5147 rhetoricis,

330 5172 422 5216 aut
475 5159 868 5228 philosophicis
896 5159 1183 5228 dogmatis,
1220 5167 1380 5228 atque
1413 5157 1696 5228 praeceptis
1740 5169 1874 5228 nar-

321 5242 427 5294 rat,
468 5223 573 5280 non
600 5223 776 5281 solum
808 5229 941 5279 nihil
972 5223 1193 5295 prodest
1229 5242 1241 5276 :
1283 5223 1377 5279 sed
1416 5223 1607 5290 potius
1646 5223 1874 5295 inchoa-

320 5293 429 5353 tam
461 5298 792 5351 auditionem
826 5293 1109 5365 perparum
1147 5303 1445 5365 curarc,et
1475 5309 1535 5347 ea
1566 5293 1874 5365 desciscere

321 5371 454 5424 facit
486 5387 499 5421 :
539 5363 997 5435 propterea‘qu’od
1032 5366 1309 5432 ingenium
1339 5364 1481 5428 ejus,
1525 5379 1643 5431 quae
1684 5363 1878 5414 dicun-

325 5452 434 5502 tur,
470 5439 691 5490 minime
753 5436 899 5502 capit
931 5458 943 5489 ;
973 5436 1044 5487 ita
1084 5436 1172 5501 qui
1213 5435 1480 5486 tironibus
1513 5474 1526 5491 ,
1559 5443 1608 5485 et
1645 5445 1874 5499 praeser-

323 5510 419 5562 tim
453 5506 823 5574 iguavioribns
855 5505 920 5557 de
969 5503 1300 5574 perfectione
1340 5504 1724 5574 concinnatur,
1764 5513 1870 5551 non

323 5571 503 5631 solum
540 5592 646 5627 non
676 5576 781 5626 illis
818 5573 1186 5625 commodabit
1225 5589 1236 5622 :
1272 5571 1365 5626 scd
1402 5575 1562 5637 etiam
1595 5571 1786 5623 elliciet
1818 5576 1877 5620 ut

325 5658 471 5699 retro
505 5647 723 5697 abeant.
781 5643 911 5695 Nam
966 5657 1089 5694 cum
1149 5643 1212 5694 ad
1270 5642 1485 5693 virtutis
1538 5639 1881 5692 altitudinem

326 5715 683 5782 respexerint,
707 5717 1028 5782 etquantum
1050 5714 1114 5762 ab
1133 5712 1249 5778 ejus
1277 5710 1491 5782 fastigio
1509 5708 1886 5772 absintcogita—

325 5779 595 5842 veriut,et
623 5797 681 5836 se
730 5786 793 5834 ad
845 5781 962 5847 ejus
1006 5782 1218 5832 culmen
1265 5779 1557 5834 ascendere
1578 5792 1680 5829 non
1726 5791 1885 5844 posse

333 5854 618 5908 εισιυιτξιιι
657 5868 672 5907 :
709 5864 759 5906 et
791 5865 912 5919 quae
940 5850 1302 5918 particulatim
1337 5856 1630 5919 carperant,
1660 5861 1722 5901 ea
1756 5861 1886 5902 cou-

2049 4874 2182 4927 Cum
2216 4874 2279 4930 ii,
2314 4874 2509 4937 quibus
2539 4868 2710 4918 adhuc
2758 4876 2936 4937 motus
2968 4866 3142 4919 vitiosi
3177 4868 3440 4937 imperant
3473 4885 3535 4923 ac

1984 4935 2354 5002 dmninautur',
2401 4941 2628 4990 audiunt
2683 4936 2952 4988 hominem
3004 4937 3304 4987 secundum
3366 4935 3531 4992 Deum

1982 5011 2280 5080 perfectum
2343 5009 2534 5080 quovis
2601 5005 2838 5080 homine,
2899 5005 3091 5080 quavis
3151 5006 3426 5080 animante
3473 5026 3534 5059 ςιυ

1985 5073 2161 5135 bellua
2187 5096 2244 5132 se
2263 5073 2676 5131 immuudim-em
2705 5074 2972 5142 judicare,
2994 5073 3258 5126 dedecore
3285 5074 3532 5129 aﬂ‘ectum

1982 5151 2239 5221 gaudere,
2274 5147 2574 5221 maledictis
2602 5144 2898 5221 appetitum
2929 5144 3062 5220 bene
3095 5143 3325 5221 precari,
3356 5159 3538 5221 perse-

1982 5212 2254 5273 cutionem
2291 5219 2520 5284 perpeti,
2555 5230 2651 5280 pro
2679 5215 2916 5266 inimicis
2961 5212 3226 5284 suisucum
3259 5212 3532 5284 lacrymis,

1981 5301 2033 5342 et
2061 5290 2249 5341 dolore
2289 5281 2469 5339 cordis
2508 5284 2671 5336 Deum
2703 5296 2894 5349 νοέω-θ
2926 5281 3264 5349 suppliciter,
3298 5281 3532 5348 primum

1985 5360 2141 5410 iidem
2179 5373 2284 5409 nou
2332 5353 2746 5409 accommmlant
2786 5351 2884 5405 sibi
2923 5351 3042 5403 illos
3094 5349 3300 5403 similes
3359 5350 3537 5403 facere

1986 5436 2268 5480 conantes.
2305 5423 2506 5476 Deinde
2538 5439 2565 5474 a
2610 5423 2810 5475 divinis
2858 5419 3163 5487 Scripluris
3207 5419 3447 5483 refutati,
3485 5427 3538 5471 et

1988 5516 2012 5548 ει
2044 5497 2269 5557 sauciis,
2299 5494 2389 5561 qui
2422 5495 2532 5545 haec
2561 5507 2743 5558 opere,
2768 5491 2926 5542 factis
2954 5492 3069 5542 suis
3092 5491 3538 5561 demonstrarunt

1990 5567 2164 5618 eversi
2199 5579 2259 5616 ac
2298 5559 2573 5629 prostrati,
2620 5577 2725 5612 non
2771 5575 2928 5627 posse
2963 5575 3021 5612 se
3062 5559 3126 5610 ad
3175 5561 3276 5629 ista
3328 5560 3539 5625 pertin-

1992 5650 2116 5704 gere
2147 5628 2496 5684 conliteutur.
2530 5629 2630 5682 Sed
2675 5645 2796 5704 cum
2841 5631 3087 5704 audiunt,
3133 5628 3218 5680 his
3250 5641 3359 5704 non
3407 5642 3540 5694 pra?-

1992 5698 2157 5764 stitis,
2199 5717 2257 5754 se
2291 5716 2630 5769 nequaquam
2667 5701 2930 5752 Salvatuvu
2977 5699 3069 5769 iri,
3104 5706 3215 5748 tum
3254 5698 3408 5769 plane
3441 5711 3539 5747 uo—

1994 5775 2168 5825 lentes
2209 5767 2550 5823 vitiosi—tatem
2576 5784 2727 5822 suam
2761 5767 3102 5829 exscindere,
3134 5777 3184 5818 et
3219 5768 3285 5818 ob
3316 5776 3540 5832 peccata

1991 5843 2276 5897 commiSsa
2307 5840 2677 5906 paenitentiam
2709 5853 2863 5906 agere
2887 5876 2900 5901 ,
2937 5852 2994 5891 se
3023 5837 3171 5905 ipsos
3224 5834 3540 5903 desperant.
