4156 6344
238 437 354 498 649

242 628 411 687 ντεῐν,
448 629 494 675 εξ
526 625 613 676 τὶν
643 624 936 694 ἀρραϐῶνα
963 625 1055 677 τοῦ
1103 627 1418 696 Πνεύματος
1452 632 1516 681 ἐκ
1545 630 1636 682 τοῦ
1670 649 1808 700 νυμ-

245 717 372 784 φίου
409 721 497 770 καὶ
521 719 792 770 Δεσπότου
818 719 1052 787 Χριστοῦ
1084 719 1302 788 εἴληφεν
1330 739 1341 750 ο
1382 723 1470 774 καὶ
1493 724 1540 773 εί
1568 723 1662 791 μὲν
1686 724 1807 775 ἐλα-

248 808 335 871 ϐε,
365 808 708 871 σπουδαζὰω
736 810 924 862 τοῦτον
961 811 1231 879 κατέχειν,
1268 814 1314 863 εί
1341 812 1396 864 δέ
1427 814 1594 881 μήπω
1623 814 1807 868 τοῦτον

249 901 436 954 λαϐεῖν
467 900 694 970 ἠξιώθη,
722 900 1073 955 σπουδασάτω
1093 903 1178 955 διὰ
1205 905 1309 958 τῶν
1342 903 1516 974 ἔργων
1543 905 1651 956 τῶν
1676 908 1810 972 ἁγα-

249 989 383 1054 θῶν,
409 991 501 1042 καὶ
534 989 802 1058 πράξεων,
827 992 919 1041 καὶ
955 992 1291 1061 θερμοτάτης
1322 995 1606 1061 μετανοίας
1656 993 1811 1055 αὖθις

247 1080 460 1145 λαϐεῖν,
485 1082 575 1133 καὶ
611 1080 842 1148 φυλάξαι
866 1081 1026 1134 αὐτὸν
1052 1083 1138 1135 διὰ
1168 1084 1265 1151 τῆς
1295 1084 1552 1157 ἐργασίας
1585 1085 1688 1136 τῶν
1724 1088 1810 1135 ἐν-

245 1171 442 1235 τολῶν,
475 1172 686 1238 καὶτῆς
715 1172 820 1222 τῶν
842 1174 1051 1241 ἀρετῶν
1085 1175 1444 1242 ἐπικτήσεως.

322 1259 432 1328 σῖγ’.
466 1261 728 1330 Καθάπερ
765 1264 795 1330 ἡ
832 1261 996 1330 στέγη
1032 1264 1212 1333 πάσης
1245 1264 1439 1326 οἰκίας,
1473 1265 1556 1317 διὰ
1585 1265 1692 1316 τῶν
1725 1266 1812 1318 θε-

250 1353 454 1420 μελίων
486 1353 578 1404 καὶ
621 1351 719 1419 τῆς
753 1352 942 1422 λοιπῆς
983 1353 1210 1416 κτίσεως
1262 1355 1508 1407 ἵσταται·
1553 1356 1812 1416 ὡσαύτως

245 1443 307 1494 δὲ
355 1447 447 1495 καὶ
490 1444 556 1495 τά
594 1443 837 1513 θεμέλια,
897 1444 986 1496 διὰ
1019 1445 1078 1495 τὸ
1134 1445 1233 1514 τὴν
1289 1447 1484 1514 στέγην
1531 1446 1814 1515 βαστάζειν

246 1536 700 1598 καταϐάλλονται,
736 1536 808 1597 ὡς
843 1537 1115 1603 ἀναγκαῖα
1147 1538 1239 1588 καὶ
1262 1539 1503 1606 χρήσιμα
1565 1539 1658 1590 καὶ
1692 1537 1813 1589 οὔτε

1519 446 1784 504 CAPITA
1829 445 2190 506 MORALIA.

317 531 428 602 πβ’.
460 532 585 584 Δέον
611 534 918 587 ἐκαττονὲκ
940 539 1044 587 τῶν
1077 536 1330 589 τοιούτων
1367 541 1605 608 σημείων
1636 558 1807 594 κατα·
1830 543 1869 594 Α

3373 464 3456 522 350

1971 538 2057 589 82.
2099 537 2402 600 Quemlibet
2435 553 2497 591 ex
2550 541 2922 606 huiuscemodi
2958 543 3171 599 indiciis
3211 546 3461 599 animad-

1917 635 2126 679 vertere
2173 636 2404 695 oportet,
2459 630 2653 698 ecquid
2706 633 3065 685 arrhabonem
3133 634 3369 702 Spiritus
3425 652 3454 689 a

1908 721 2120 789 Sponso
2154 729 2207 772 ‹·ι
2257 720 2482 775 Domino
2528 723 2740 776 Christo
2769 725 3054 791 acceperit.
3119 724 3174 779 Si
3227 727 3453 794 accepit,

1901 829 2023 867 eum
2074 814 2309 866 retinere
2340 816 2574 869 studeat.
2607 816 2660 868 Si
2694 815 2941 884 accipere
2966 819 3200 870 nondum
3237 820 3449 878 meruit,

1902 904 1953 956 in
2027 905 2075 956 id
2140 905 2436 967 incumbat,
2499 917 2556 958 ut
2600 922 2694 975 per
2771 909 2909 960 bona
2976 923 3155 976 opera,
3208 917 3262 962 et
3333 911 3451 976 pias

1901 996 2168 1055 actiones,
2205 995 2765 1066 ferventissiinazuque
2788 998 3161 1066 paenitentiam
3192 1001 3447 1067 accipiat,

1900 1097 2289 1154 accepiumqttc
2347 1089 2614 1140 mandatis
2668 1090 2987 1154 servandis,
3042 1098 3095 1144 et
3153 1090 3446 1144 virtutibus

1897 1176 2118 1242 insuper
2157 1177 2543 1245 comparandis
2574 1180 2864 1231 custodiat.

1965 1267 2550 1331 83.Quemadmodnm
2610 1279 2810 1322 tectum
2879 1272 3194 1339 quarumvis
3252 1272 3444 1325 aedium

1896 1374 1989 1425 per
2055 1358 2520 1424 fundamentum,
2565 1370 2617 1412 et
2687 1363 2948 1430 reliquam
3034 1364 3443 1416 a-dificationcm

1895 1454 2002 1498 sta'.
2045 1466 2058 1499 :
2125 1448 2193 1498 ita
2249 1449 2486 1502 vicissim
2542 1449 2890 1503 futulanienta
2942 1460 2998 1502 ut
3047 1461 3186 1506 tecto
3230 1465 3446 1506 SUslen-

1896 1537 2058 1590 tando
2117 1540 2268 1591 utilia
2319 1548 2370 1592 et
2421 1542 2724 1593 necessaria
2777 1543 3105 1609 jaciuntur:
3165 1553 3214 1596 et
3270 1560 3443 1611 neque

251 1629 420 1697 στέγη
469 1628 590 1697 δίχα
622 1627 887 1697 θεμελίων
917 1626 1264 1680 συνίστασθαι
1292 1627 1550 1694 πέφυκεν,
1579 1629 1699 1680 οὒτε
1726 1630 1807 1679 θε-

1809 1659 1812 1666 -
1894 1637 2090 1681 tet-tum
2128 1629 2246 1682 sine
2295 1629 2644 1684 fundamento
2673 1633 2915 1684 construi
2963 1633 3117 1693 solet,
3173 1648 3268 1686 nec
3321 1633 3443 1684 fun-

255 1722 434 1791 μὲλιοι
464 1721 586 1774 ἄνευ
642 1721 834 1786 στέγης
869 1720 944 1790 Tt?)
978 1719 1075 1788 βίῳ
1099 1719 1397 1788 χρειώδεις,
1433 1721 1464 1788 ἦ
1507 1721 1639 1782 δλωῖ
1675 1721 1807 1788 '3’“,-

1809 1750 1813 1758 -
1893 1719 2139 1771 damenta
2180 1719 2317 1773 citra
2376 1728 2578 1772 tectum
2627 1737 2782 1775 usum
2836 1723 3026 1784 ullum,
3070 1733 3162 1774 aut
3201 1737 3441 1775 commo-

246 1811 401 1880 λιμοί
427 1813 563 1862 εἰσιν
587 1826 600 1838 ·
634 1809 774 1862 οὕτω
806 1812 898 1862 καὶ
946 1813 977 1880 ἡ
1009 1812 1098 1862 τοῦ
1147 1810 1458 1877 Πνεύματος
1504 1813 1660 1880 χάρις
1689 1828 1807 1862 συν-

1809 1841 1863 1880 vn
1898 1809 2025 1861 dum
2063 1809 2114 1861 in
2156 1809 2264 1861 vita
2301 1809 2514 1862 habent.
2550 1810 2640 1864 Sic
2670 1812 2830 1864 etiam
2857 1812 3037 1864 divina
3091 1812 3257 1880 gratia
3293 1829 3442 1863 man-

243 1904 495 1970 τηρεῖται
521 1900 606 1954 διὰ
628 1901 727 1968 τῆς
764 1902 1025 1970 ἐργασίας
1052 1901 1158 1952 τῶν
1185 1901 1430 1966 ἐντολῶν,
1465 1904 1556 1952 καὶ
1591 1903 1644 1953 αἱ
1676 1903 1807 1968 πρά-

1892 1900 2032 1952 datis
2063 1899 2335 1953 obeundis
2378 1910 2750 1964 conservatur,
2805 1912 2853 1954 et
2886 1905 3126 1955 actiones
3162 1903 3442 1955 mandato-

245 1991 363 2055 ξεις
405 1991 510 2044 τῶν
564 1992 831 2058 ἐντολῶν,
891 1993 978 2045 διὰ
1026 1993 1122 2060 τὴν
1174 1992 1267 2044 τοῦ
1299 1992 1433 2043 Θεοῦ
1464 1994 1690 2061 δωρεάν,
1739 1993 1813 2054 ὡς

243 2082 492 2151 θεμέλιοι
512 2082 957 2136 καταϐάλλονται.
994 2083 1102 2133 Καὶ
1132 2081 1252 2134 οὔτε
1285 2083 1496 2150 ήχάρις
1525 2082 1616 2133 τοῦ
1647 2083 1811 2133 Πνεύ-

245 2188 423 2240 ματος
450 2173 786 2243 παραμένειν
819 2175 948 2240 ἡμῖν
977 2173 1236 2239 πέφυκεν,
1274 2174 1400 2224 ἄνευ
1431 2175 1527 2238 τῆς
1578 2172 1685 2224 τῶν
1726 2176 1809 2224 ἐν-

238 2265 417 2317 τολῶν
444 2265 726 2334 ἐργασίας,
754 2261 875 2316 οὔτε
914 2264 947 2333 ἡ
985 2263 1093 2315 τῶν
1126 2264 1352 2314 ἐντολῶν
1401 2263 1648 2330 ἐργασία,
1686 2265 1810 2316 ἄνευ

238 2356 346 2424 τῆς
373 2357 590 2423 χάριτος
617 2354 710 2407 τοῦ
737 2354 893 2418 θεοῦ,
931 2355 1197 2423 χρήσιμος
1223 2353 1316 2404 καὶ
1340 2353 1612 2419 ὠφέλιμός
1639 2355 1806 2407 ἐστιν.

315 2440 421 2494 πδ’.
464 2441 558 2493 Ὃν
586 2440 785 2509 τρόπον
831 2441 864 2508 ἡ
893 2441 1120 2506 ἄστεγος
1145 2441 1310 2501 οίκὶα,
1340 2440 1370 2508 ἡ
1410 2441 1516 2491 ἀπὸ
1552 2441 1811 2509 ἀμελείας

230 2534 336 2590 τοῦ
371 2536 651 2600 κτίσαντος
705 2533 878 2596 οὕτως
928 2533 1172 2599 ἐαθεῖσα,
1225 2536 1285 2587 οὐ
1335 2537 1493 2601 μόνον
1543 2536 1811 2605 ἄχρηστός

235 2629 412 2686 ἐστιν,
448 2624 582 2678 ἀλλά
639 2627 733 2676 καὶ
767 2623 1168 2690 καταγελᾶσθαι
1203 2623 1278 2692 τῷ
1312 2625 1558 2676 κτίσαντι
1616 2625 1810 2693 προξε-

231 2719 343 2782 νεῖ,
376 2715 518 2768 οὕτω
551 2717 644 2768 καὶ
694 2718 722 2770 ὁ
754 2716 878 2778 τοὺς
929 2715 1209 2784 θεμελίους
1259 2719 1357 2786 τῆς
1415 2716 1676 2785 ἐργασίας
1705 2717 1812 2769 τῶν

237 2807 472 2860 ἐντολῶν
523 2805 1018 2874 καταϐαλλόμενος,
1057 2806 1150 2858 καὶ
1182 2806 1394 2877 τοίχους
1429 2807 1648 2876 ὑψηλῶν
1681 2811 1810 2877 ἀρε-

1892 2005 2032 2054 rum,
2053 1999 2271 2058 propter
2288 1991 2488 2044 donum
2514 1991 2600 2044 Dei
2629 1992 2964 2047 fundamenti
2989 1994 3108 2046 loco
3133 2002 3438 2061 ponuntur:

1892 2089 1944 2133 et
1975 2096 2147 2147 neque
2180 2083 2354 2149 gratia
2374 2079 2611 2149 Spiritus
2643 2084 2695 2135 in
2721 2083 2878 2135 nobis
2904 2098 3119 2137 manere
3137 2084 3438 2147 consuevit,

1890 2172 1993 2224 nisi
2061 2173 2308 2223 mandata
2371 2186 2659 2239 operemur
2719 2191 2733 2226 :
2804 2187 2980 2240 neque
3056 2174 3438 2227 mandatorum

1889 2261 2130 2329 operatio
2186 2261 2391 2329 absque
2435 2263 2604 2330 gratia
2667 2264 2755 2316 Dei
2816 2263 3098 2319 commoda
3155 2265 3334 2328 nobis,
3387 2274 3441 2318 et

1887 2352 2164 2405 fructuosa
2193 2360 2292 2405 est.

1957 2440 2044 2494 84.
2082 2441 2234 2493 Sicut
2263 2440 2457 2493 domus
2485 2449 2628 2494 tecto
2662 2455 2876 2506 carens,
2931 2451 3025 2495 aut
3075 2443 3433 2511 incogitantia

1888 2533 2189 2588 conditoris
2225 2533 2303 2585 sic
2330 2541 2605 2586 exstructa
2630 2549 2752 2585 cum
2789 2534 2997 2590 inutilis
3028 2543 3132 2598 est,
3167 2545 3277 2588 tum
3305 2551 3439 2604 prte-

1889 2633 2032 2675 tcrea
2077 2622 2457 2676 :editicatorem
2494 2622 2784 2676 ridiculum
2835 2626 3004 2678 facit:
3042 2626 3120 2678 sic
3172 2628 3260 2695 qui
3310 2627 3437 2680 fun-

1887 2710 2218 2776 damentum,
2260 2725 2450 2779 nempe
2477 2711 2908 2766 observationem
2943 2714 3249 2769 divinorum
3286 2732 3436 2771 mau-

1889 2808 2163 2867 datorum,
2208 2804 2513 2865 constituit,
2560 2818 2746 2856 muros
2794 2804 3129 2858 excelsarum
3171 2807 3433 2859 virtutum

236 2898 352 2952 τῶν
393 2899 723 2967 ἀναστήσας,
756 2897 850 2950 ἐὰν
908 2898 981 2968 μὴ
1022 2898 1113 2950 καὶ⁴
1151 2897 1248 2968 τὴν
1306 2899 1464 2968 χάριν
1533 2897 1623 2950 τοῦ
1659 2899 1807 2965 ἁγίου

1809 2921 1814 2945 μ
1886 2891 2166 2956 excitavit,
2218 2892 2322 2945 nisi
2354 2893 2516 2944 etiam
2545 2891 2778 2954 Spiritus
2816 2895 3041 2962 gratiam
3081 2910 3137 2948 se
3166 2897 3437 2963 aecepisse

240 2990 582 3058 Πνεύματος,
624 2991 680 3041 ἐν
713 2988 915 3058 θεωρίᾳ
945 2991 1036 3042 καὶ
1083 2990 1279 3056 γνώσει
1330 2990 1506 3059 ψυχῆς
1559 2990 1812 3060 λήψεται,

237 3081 440 3150 ἀτελής
469 3083 604 3146 ἐστι,
642 3082 734 3133 καλ.
775 3082 924 3150 παρὰ
953 3082 1060 3134 τῶν
1086 3081 1304 3134 τελείων
1355 3083 1775 3152 κατελεούμενος
1795 3101 1808 3114 ·

1885 2998 2010 3037 cum
2043 2984 2224 3036 anima
2261 2999 2356 3036 sua
2412 2983 2609 3036 viderit
2653 2989 2816 3050 atque
2874 2985 3200 3052 cognoverit,
3245 2986 3438 3053 imper-

1886 3072 2078 3138 fectus,
2134 3082 2186 3127 et
2240 3072 2498 3141 perfectis
2556 3072 2891 3127 miserationi
2952 3081 3055 3126 est.
3107 3073 3316 3126 Etenim
3371 3091 3432 3128 ea

239 3175 308 3226 ἐκ
355 3173 464 3241 γὰρ
519 3173 628 3224 τῶν
669 3172 778 3224 δύω
836 3171 1040 3225 τούτων
1091 3172 1300 3234 αἰτιῶν,
1361 3174 1561 3243 ταύτης
1598 3175 1807 3236 πάντως

1809 3189 1852 3247 C
1886 3163 2032 3219 hisce
2101 3164 2311 3217 duabus
2362 3163 2428 3216 de
2501 3165 2683 3216 causis
2736 3163 2958 3215 omnino
3006 3165 3271 3231 Spoliatus
3331 3180 3432 3219 e5t.

240 3264 561 3332 ἐστέρηται·
596 3263 627 3332 ἢ
668 3261 775 3333 γὰρ
809 3264 906 3332 τῆς
947 3265 1232 3333 μετανοίας
1271 3257 1579 3334 ἠμέλησενο
1610 3264 1641 3335 ἢ
1678 3267 1812 3334 πρὸς

239 3351 344 3419 τὴν
399 3352 506 3404 τῶν
555 3353 764 3422 ἀρετῶν
810 3353 1094 3422 συλλογὴν,
1150 3355 1222 3416 ὡς
1256 3355 1389 3424 πρὸς
1417 3355 1640 3422 ἄπειρον
1680 3356 1811 3427 ὕλην

240 3443 564 3511 ἀπειρηκὼς
620 3443 858 3512 ἐνέλειψέ
889 3462 1008 3496 τινα
1058 3443 1164 3496 τῶν
1211 3445 1508 3498 δοκούντων
1549 3447 1647 3515 μέν
1682 3449 1812 3518 ἡμῖν

242 3531 565 3602 ἐλαχίστων,
608 3536 920 3601 ἀναγκαίων
974 3535 1028 3586 δέ
1075 3535 1240 3586 ὄντων
1274 3536 1534 3607 πρὸςγτὸν
1577 3538 1810 3607 ἀπαρτι-

241 3626 385 3693 σμὸν
407 3625 498 3678 τοῦ
529 3628 677 3679 οἴκου
705 3628 832 3679 τῶν
877 3626 1104 3695 ἀρετῶν,
1151 3627 1222 3688 ὡς
1274 3628 1346 3696 μὴ
1401 3591 1656 3700 έύνασθαι
1686 3632 1810 3683 ἄνευ

237 3715 484 3778 ἐκείνων,
508 3716 706 3785 διάξτῆς
730 3717 828 3779 τοῦ,
851 3717 1161 3785 Πνεύματος
1181 3703 1430 3786 χάριτος,
1449 3720 1811 3789 στεγασθῆνοῖι

238 3804 425 3860 αὐτόν.

316 3905 418 3951 πε’.
448 3897 510 3950 Εί
545 3897 632 3950 διά
656 3897 812 3950 τοῦτο
837 3899 928 3950 ἐπὶ
952 3901 1050 3968 τῆς
1077 3899 1180 3968 γῆς
1209 3903 1236 3953 ὁ
1278 3901 1398 3963 Υἱὸς
1432 3905 1522 3954 τοῦ
1554 3903 1687 3955 Θεοῦ
1721 3905 1810 3957 καὶ

236 3986 373 4050 Θεὸς
430 3988 715 4056 κατῆλθεν,
777 3989 862 4040 ἵνα
917 3989 986 4042 δι’
1022 3991 1214 4043 ἐαυτοῦ
1277 3993 1582 4062 καταλλάξῃ
1635 3996 1805 4064 ἡμᾶς,

236 4076 467 4146 ἐχθροὺς
517 4079 675 4142 ὄντας
702 4081 778 4148 τῷ
811 4081 923 4149 ἰδίῳ
959 4083 1147 4151 Πατρὶ,
1181 4083 1274 4134 καὶ
1312 4083 1521 4154 συνάψῃ
1554 4086 1806 4151 γνωστῶς

238 4171 389 4238 ἡμᾶς
425 4170 619 4239 ἐαυτῷ,
645 4172 730 4222 διὰ
751 4173 844 4224 τοῦ
878 4172 1030 4238 ἁγίου
1061 4174 1153 4224 καὶ
1174 4175 1457 4241 ὁμοονσίου
1492 4177 1808 4243 Πνεύματος

239 4259 428 4322 αὑτοῦ,
455 4262 483 4312 ὁ
513 4261 715 4330 ταύτης
746 4263 1027 4316 ἐκπίπτων
1057 4264 1151 4332 τῆς
1185 4265 1422 4333 χάριτος,
1456 4265 1619 4335 ἄλλης
1652 4267 1810 4332 ποίας

237 4350 518 4416 caueant;
563 4353 785 4416 Πάντως
825 4355 945 4406 οὐδὲ
995 4357 1303 4426 κατηλλάγη
1347 4358 1525 4426 αὐτῷ,
1561 4360 1678 4411 οὐδὲ
1705 4360 1807 4428 ,τὴν

243 4440 362 4507 μετ’
398 4439 559 4494 αὐτοῦ
601 4441 812 4508 ἕνωσιν,
841 4443 928 4497 διά
973 4445 1069 4515 τῆς
1121 4437 1421 4515 μετουσίας
1443 4447 1532 4499 τοῦ
1560 4449 1811 4516 Πνεύμα-

237 4544 332 4590 τος
355 4528 604 4598 ἔσχηκεν.

313 4705 428 4770 πς·’.
462 4706 584 4759 Τῶν
617 4707 717 4775 μὲν
754 4705 1019 4775 ἐμπαθῶν
1069 4709 1374 4779 ἐπιθυμιῶν
1401 4712 1495 4763 καὶ
1525 4712 1745 4780 ἡδονῶν,
1778 4714 1805 4764 ὸ

241 4795 532 4865 μετασχὼν
564 4795 658 4850 τοῦ
691 4797 836 4851 θείου
863 4798 1199 4867 Πνεύματος,
1235 4801 1633 4854 ἀπαλλάττεται
1661 4820 1672 4834 ο
1699 4802 1806 4854 τῶν

235 4886 411 4955 stes;
443 4885 655 4954 φύσεως
690 4887 1018 4958 σωματικῶν
1070 4890 1342 4956 ἀναγκῶν,
1379 4893 1439 4943 οὐ
1492 4894 1804 4962 χωρίζεται.

241 4977 354 5030 Καὶ
380 4979 452 5038 ὡς
492 4978 590 5046 μὲν
613 4977 994 5049 ἐλευθερωθεὶς
1017 4981 1125 5032 τῶν
1154 4981 1366 5050 δεσμῶν
1391 4984 1492 5050 τῆς
1523 4983 1804 5052 ἐμπαθοῦς

237 5066 488 5136 ὀρέξεως,
507 5070 600 5122 καὶ
636 5070 922 5147 συναφθεὶς
944 5073 1008 5141 τῇ
1039 5072 1292 5142 ἀθανάτῳ
1326 5074 1448 5143 δόξῃ
1470 5093 1527 5126 τε
1562 5075 1654 5128 καὶ
1679 5075 1806 5143 γλυ-

234 5156 454 5227 κύτητι,
476 5159 832 5224 ἀδιαλείπτως
866 5162 978 5216 ἀνω
1000 5179 1058 5214 τε
1102 5163 1346 5231 βιάζεται
1382 5161 1541 5229 εἶναι,
1585 5170 1676 5220 καὶ
1707 5171 1805 5221 σὺν

236 5246 358 5317 Θεῷ
389 5248 616 5316 διάγειν,
643 5253 736 5304 καὶ
769 5252 902 5321 μηδέ
932 5253 1066 5320 πρὸς
1112 5253 1284 5323 βραχὺ
1306 5256 1403 5324 τῆς
1434 5258 1638 5310 ἐκείνου
1670 5261 1798 5312 θεω-

239 5336 363 5408 ρίας
413 5337 744 5407 ἀφίστασθαι
777 5342 871 5395 καὶ
910 5342 1204 5412 ἀκορέστου
1237 5348 1444 5414 τρυςςῆς
1471 5363 1483 5377 ·
1538 5348 1611 5411 ὠς
1639 5349 1694 5403 δέ
1727 5350 1806 5419 τῷ

310 5546 422 5621 (l5)
448 5552 560 5607 Hoc
587 5554 886 5625 capitulum
919 5555 1261 5609 interseritur
1293 5571 1304 5605 :
1333 5552 1604 5620 Numquid
1625 5561 1789 5619 potest

231 5622 387 5693 homo
411 5622 728 5678 abscondere
755 5626 927 5693 ignem
975 5628 1029 5678 in
1066 5627 1184 5680 sinu
1221 5640 1337 5688 suo,
1378 5633 1436 5676 ut
1487 5625 1790 5693 vestimenta

231 5692 377 5746 illius
406 5707 506 5760 non
526 5691 793 5752 ardeant,
837 5695 912 5747 ait
950 5693 1178 5760 Sapiens
1202 5693 1382 5760 (Prov.
1411 5708 1458 5743 vi
1480 5731 1494 5750 ,
1514 5692 1604 5758 ‘27)
1624 5693 1646 5742 ’ί
1682 5691 1789 5758 Ego

233 5763 358 5815 aio:
392 5781 409 5813 ι
435 5756 568 5824 Quis
595 5763 991 5818 intolerabilem
1017 5756 1191 5826 illum,
1210 5756 1787 5828 'etnlestemqueigne‘m

233 5831 399 5887 corde
447 5832 728 5900 suscipiet,
783 5841 834 5884 ct
882 5847 989 5884 non
1047 5831 1493 5892 inﬂammabitur,
1537 5844 1598 5882 ac
1649 5829 1789 5882 relu-

514 5927 780 5988 P-nnon.
810 5927 924 5986 Gn.
957 5926 1139 5988 CXX.

1879 3255 1989 3306 Aut
2020 3254 2163 3307 enim
2214 3253 2586 3320 pmoitentiam
2646 3252 2971 3321 vilipendit:
3011 3261 3103 3305 aut
3146 3256 3433 3309 virtutibus

1881 3344 2222 3412 colligendis,
2265 3353 2321 3395 ut
2373 3343 2426 3395 in
2493 3342 2707 3410 negotio
2763 3343 3029 3395 immenso
3084 3343 3315 3410 defecit,
3381 3355 3434 3398 et

1882 3435 2143 3488 nonnulla
2195 3433 2570 3502 pratermisit;
2623 3449 2742 3501 quae
2782 3449 3088 3501 quanquam
3132 3435 3287 3486 nobis
3334 3436 3433 3488 mi-

1882 3529 2025 3581 nima
2084 3526 2356 3585 videntur,
2415 3533 2595 3578 tamen
2643 3526 2707 3578 ad
2763 3525 2981 3578 domum
3049 3526 3429 3579 absolvendam

1883 3618 2194 3670 necessario
2257 3615 2660 3683 requiruntur,
2721 3615 2855 3666 citra
2917 3631 3036 3681 quae
3090 3623 3291 3667 tectum
3341 3629 3433 3683 per

1880 3708 2109 3778 gratiam
2137 3706 2370 3774 Spiritus
2401 3705 2604 3774 imponi
2644 3705 2954 3773 neutiquam
2989 3713 3187 3773 potest.

1951 3892 2040 3946 85.
2081 3889 2138 3944 Si
2171 3890 2263 3945 Dei
2301 3889 2473 3943 Filius
2509 3887 2714 3942 idcirco
2743 3887 2794 3940 in
2829 3898 3002 3940 terras
3051 3885 3303 3954 delapsus
3329 3898 3428 3951 est,

1882 3995 1938 4038 ut
1973 3998 2074 4037 nos
2105 3998 2226 4036 cum
2264 3983 2371 4034 Deo
2416 3980 2596 4042 Patre,
2643 3979 2726 4030 cui
2783 3989 2999 4028 eramus
3053 3976 3275 4040 inimici,
3336 3993 3430 4045 per

1885 4075 2240 4144 semetipsum
2272 4075 2323 4126 in
2355 4071 2581 4139 gratiam
2609 4071 2918 4132 reduceret;
2954 4068 3167 4136 sibique
3209 4081 3304 4120 nos
3339 4084 3432 4135 per

1882 4175 2134 4221 sanctum
2194 4174 2248 4218 ct
2283 4159 2806 4215 consubstantialem
2839 4157 3096 4225 Spiritum
3148 4173 3323 4221 suum,
3358 4159 3430 4211 ita

1884 4265 1940 4308 ut
2007 4255 2146 4308 scire
2183 4261 2237 4306 et
2278 4264 2607 4317 cOgnoscere
2654 4261 2962 4316 possemus,
3002 4247 3296 4314 copularet,
3340 4250 3430 4314 qui

1886 4345 1986 4398 hac
2023 4347 2192 4414 gratia
2247 4341 2467 4405 excidit,
2524 4355 2683 4408 quam
2738 4339 2918 4402 aliam,
2970 4339 3182 4399 amabo,
3243 4353 3433 4392 consc-

1885 4435 2121 4502 quetur?
2187 4433 2446 4495 Prorsus,
2513 4445 2613 4484 nec
2677 4428 2825 4480 Patri
2873 4427 3274 4491 reconciliatus,
3335 4431 3433 4482 nec

1809 4539 1852 4594 ι)
1883 4528 2020 4581 Filio
2070 4541 2165 4596 per
2204 4526 2443 4593 Spiritus
2475 4520 2646 4574 sancti
2686 4519 3155 4588 participationem
3203 4521 3432 4588 conjun-

1887 4627 2030 4679 ctus,
2063 4625 2223 4684 atque
2256 4616 2441 4668 unitus
2477 4621 2563 4665 est
2595 4612 2729 4678 (ΡΒ).

1958 4708 2048 4762 86.
2079 4705 2182 4771 Qui
2235 4704 2440 4773 Spiritu
2503 4714 2693 4756 sancto
2750 4712 2830 4755 est
2877 4701 3201 4768 impertitus,
3241 4701 3435 4754 turbu-

1892 4801 2051 4855 lentis
2125 4795 2512 4865 cupiditatibus
2569 4791 3045 4860 voluptatibusque
3112 4793 3433 4856 absolvitur,

1889 4899 2097 4943 natura:
2139 4898 2316 4937 autem
2350 4892 2402 4937 et
2451 4883 2662 4950 corpori
2697 4883 2825 4950 quin
2855 4882 3075 4940 serviat,
3118 4881 3296 4935 facere
3329 4897 3433 4936 non

1891 4987 2088 5048 potest.
2119 4977 2181 5028 Et
2224 4977 2387 5028 simul
2436 4973 2666 5026 vinculis
2713 4973 2912 5035 turbidi
2959 4972 3228 5040 appetitus
3253 4988 3435 5025 exem-

1890 5080 2046 5140 ptus,
2086 5067 2482 5133 immortalique
2512 5065 2712 5132 gloriae,
2765 5072 2816 5116 et
2846 5062 3120 5116 dulcedini
3156 5063 3435 5115 devinctus

1889 5171 1992 5224 est,
2032 5174 2244 5227 semper
2275 5159 2327 5210 in
2360 5157 2498 5210 cmlo
2533 5171 2670 5217 esse,
2722 5163 2774 5207 et
2806 5169 2926 5207 cum
2975 5155 3081 5206 Deo
3127 5152 3352 5214 versari,
3386 5162 3437 5206 et

1889 5259 1956 5306 ab
1988 5251 2108 5318 ejus
2158 5255 2475 5316 conspectu,
2516 5245 2834 5311 deliciisque
2888 5257 3162 5311 utinquam
3228 5243 3436 5296 satian-

1892 5343 2036 5397 tibus
2072 5354 2138 5392 ne
2169 5337 2236 5390 ad
2263 5345 2592 5389 momentum
2610 5334 2824 5401 quidem
2847 5333 3109 5386 absistere
3137 5331 3435 5385 contendit.

1894 5552 2062 5608 eebit.
2116 5557 2169 5601 et
2203 5543 2511 5600 Divinitatis
2545 5542 2660 5610 ipse
2707 5552 2924 5610 quoque
2969 5537 3152 5590 radios
3206 5537 3436 5610 emittet,

1899 5619 2198 5673 serumlum
2238 5615 2537 5679 analogiam
2569 5608 2939 5682 purgationis,
2972 5615 3025 5660 et
3055 5608 3436 5682 communicati

1899 5691 2038 5758 ignis
2068 5682 2350 5758 videlicet?
2383 5684 2666 5758 puritatem
2716 5679 2857 5758 enim
2900 5679 3232 5758 cinnamum,

1900 5738 2208 5810 munionem
2265 5738 2589 5804 illutiiinatio
2631 5747 2898 5814 sequitur.
2940 5743 3032 5797 Sic
3079 5742 3237 5793 homo
3282 5738 3439 5807 plane

1896 5825 2035 5880 Deus
2067 5839 2158 5893 per
2189 5821 2414 5890 gratiam
2452 5819 2648 5873 evadit.
2691 5833 2709 5866 ›

3052 5901 3118 5963 21
