4136 6338
199 392 310 452 653

1494 383 1760 444 CAPITA
1800 381 2167 444 MORALIA.

3308 384 3409 444 est

203 529 316 571 τος,
348 513 438 562 καὶ
468 509 651 577 ἑτέρου
684 486 896 575 ἐτέραεῗ
912 503 1026 573 βίου
1066 502 1183 554 ὁδὸν
1214 501 1517 563 διανύοντος
1541 545 1552 564 ,
1580 504 1655 563 είς
1683 501 1777 553 ἕνα

1863 514 2049 556 omnes
2093 511 2269 556 tamen
2324 501 2576 569 utrinque
2629 503 2691 554 ad
2727 501 2972 556 eumdem
3008 515 3226 567 sc0puzu
3286 518 3396 552 ωη-

207 601 410 654 σκοπὸν
461 597 518 660 ἐξ
569 593 890 664 ἀμφοτέρων
954 592 1169 644 πάντων
1224 588 1426 640 τούτων
1475 590 1522 640 oi
1584 587 1780 648 πάντες

208 689 500 758 συντρέχου
511 704 614 739 σιν.

282 779 350 847 ις.
381 780 588 842 Σκοπὸς
616 779 832 831 πάντων
861 777 968 829 τῶν
999 776 1140 828 κατὰ
1174 774 1306 826 Θεὸν
1342 771 1778 840 πολιτευομένων

210 873 362 926 ἐστὶν
421 873 478 924 τὸ
509 870 876 939 εὐαρεστῆσαι
907 868 1127 939 Χριστῷ
1181 867 1257 936 τῷ
1302 867 1420 936 θεῷ
1454 866 1607 935 ἡμῶν
1635 881 1646 893 ·
1689 865 1781 916 καὶ

208 964 312 1034 τὴν
337 962 684 1031 καταλλαγὴν
720 961 808 1013 διὰ
838 963 935 1028 τῆς
986 959 1080 1011 τοῦ
1133 957 1450 1023 Πνεύματος
1490 956 1780 1026 μετουσίας

212 1056 352 1126 πρὸς
377 1056 464 1106 τὸν
491 1053 711 1122 Πατέρα
743 1051 929 1104 λαϐεῖν
950 1066 963 1079 ⁸
995 1053 1087 1102 καὶ
1122 1050 1218 1118 τὴν
1251 1049 1457 1106 ἑαυτῶν
1507 1046 1782 1115 σωτηρίαν

211 1147 302 1199 διὰ
326 1146 483 1197 τοῦτο
533 1141 860 1211 πορίσασθαι
884 1157 898 1170 °
933 1139 1092 1192 τοῦτο
1125 1142 1232 1206 γὰρ
1264 1138 1441 1206 πάσης
1471 1136 1646 1205 ψυχῆς
1679 1151 1783 1186 σω-

209 1238 378 1308 τηρία
423 1236 568 1287 ἐστίν
591 1249 604 1262 ·
659 1226 718 1284 οὗ
754 1231 827 1302 μὴ
877 1231 1183 1299 γινομένου,
1215 1227 1368 1290 κενὸς
1403 1229 1432 1277 6
1476 1227 1659 1289 κόπος,
1692 1223 1786 1275 καὶ

215 1329 472 1400 ματαίαή
511 1325 741 1396 ἐργασία
765 1323 919 1393 ἡμῶν
938 1337 950 1351 ·
984 1321 1238 1390 ἀνόνητός
1254 1337 1312 1372 τε
1344 1322 1488 1371 πᾶσα
1514 1318 1625 1386 βίου
1646 1314 1784 1379 ὁδὸς,

217 1421 251 1490 ἡ
281 1421 356 1490 μὴ
390 1419 524 1488 πρὸς
559 1418 715 1469 τοῦτο
750 1416 837 1468 τὸν
871 1416 929 1466 ὲν
953 1414 1089 1482 αὐτῇ
1122 1410 1384 1480 τρέχοντα
1428 1409 1694 1478 φέρουσα.

288 1598 396 1658 ιια.
430 1595 643 1645 Ἔοικεν
689 1597 716 1646 ὁ
770 1593 860 1646 τὸν
927 1593 1130 1662 κόσμον
1166 1593 1381 1646 ἅπαντα
1428 1593 1780 1661 καταλείψας,

210 1683 356 1753 πρὸς
386 1685 444 1734 τὸ
470 1684 595 1752 ὅρος
629 1684 682 1735 δὲ
705 1684 779 1744 ὡς
812 1683 944 1750 πρὸς
973 1684 1205 1753 ἡσυχίαν
1261 1686 1620 1756 ἀναχωρήσας
1640 1726 1652 1749 ,
1683 1685 1783 1736 κὰν

212 1771 396 1825 κεῖθεν
453 1773 832 1834 ἐπιδεικτικῶς
892 1775 1117 1843 γράφων
1169 1777 1303 1844 πρὸς
1333 1777 1457 1838 τοὺς
1481 1778 1538 1827 ἐν
1572 1775 1781 1844 κόσμῳ,

1863 604 2107 646 currunt.

1933 770 2018 821 90.
2073 771 2300 838 Scopus,
2356 777 2408 822 et
2469 768 2756 822 consilium
2817 769 3056 820 omnium
3109 771 3410 822 secundum

1867 862 2032 913 Deum
2067 861 2389 912 certantium
2420 869 2521 922 cst,
2559 861 2776 912 Christo
2823 859 2929 913 Deo
2961 861 3323 927 complacere,
3358 867 3412 910 ct

1869 968 1960 1019 per
2000 952 2550 1004 communicationem
2586 951 2822 1020 Spiritus
2861 954 3029 1004 sancti
3066 952 3241 1005 Patris
3291 967 3414 1020 gra-

1867 1042 1994 1092 tiam
2029 1056 2370 1108 rcCuperare,
2431 1057 2523 1106 per
2582 1042 2941 1108 enntdemque
2971 1041 3193 1094 salutem
3258 1056 3412 1093 suam

1866 1147 2186 1200 comparare
2248 1141 2301 1185 et
2356 1132 2638 1198 acquirere
2700 1151 2712 1185 :
2774 1133 2826 1185 in
2889 1133 2990 1185 hoc
3041 1133 3182 1184 cnim
3237 1132 3415 1184 omnis

1867 1223 2077 1283 animm.
2106 1233 2158 1276 et
2205 1222 2446 1291 cujusvis
2491 1223 2723 1275 hominis
2766 1225 2912 1276 salus
2957 1225 3061 1276 sila
3113 1233 3218 1276 est.
3257 1222 3413 1287 Quod

1868 1315 1970 1368 nisi
2004 1316 2116 1378 liat,
2153 1315 2330 1367 inanis
2349 1322 2429 1368 est
2463 1306 2634 1378 labor,
2657 1323 2707 1366 et
2733 1329 2926 1365 vanum
2955 1330 3089 1382 opus
3126 1327 3370 1367 nostrum
3396 1332 3409 1366 :

1869 1405 2268 1458 inlructuosum
2327 1420 2485 1458 omne
2550 1406 2653 1458 iter
2706 1407 2845 1468 vitae,
2882 1407 3024 1467 quod
3077 1408 3125 1458 in
3181 1423 3239 1460 ea
3291 1423 3411 1459 cur.

1868 1506 2074 1552 rentem
2107 1497 2208 1550 huc
2243 1512 2346 1550 non
2387 1497 2620 1550 deducit.

1941 1588 2026 1642 9|.
2065 1585 2190 1652 Qui,
2223 1594 2332 1640 toto
2361 1586 2562 1639 mundo
2601 1587 2802 1648 relicto,
2841 1589 3040 1654 quietis
3087 1588 3314 1656 ngundm
3351 1590 3415 1639 ad

1870 1689 2106 1732 montem
2170 1679 2425 1743 secessit,
2468 1679 2699 1748 indeque
2760 1679 3186 1733 ostentabundns
3230 1683 3290 1731 ad
3325 1696 3416 1732 (ιιιε

1866 1771 1956 1838 qui
1995 1771 2047 1822 in
2078 1770 2278 1822 mundo
2313 1779 2440 1823 sunt
2484 1770 2698 1832 scribit,
2735 1770 2983 1839 aliosque
3042 1772 3228 1824 beatos
3282 1787 3417 1839 ιιι-ιρι

211 1866 337 1926 τοὺς
378 1863 474 1932 μὲν
510 1865 848 1933 μακαρίζων,
881 1865 1004 1927 τοὺς
1040 1865 1092 1916 δὲ
1127 1865 1439 1918 κολακεύων
1478 1866 1571 1918 καὶ
1623 1869 1778 1918 ἐπαι-

1868 1862 2033 1925 dicat,
2066 1862 2204 1915 alios
2242 1862 2446 1924 laudat,
2493 1874 2544 1916 et
2597 1863 2703 1914 illis
2751 1862 3024 1926 adulatur,
3079 1863 3238 1917 alicui
3294 1880 3412 1915 tum

213 1954 343 2022 νῶν,
375 1956 449 2024 τῷ
480 1957 738 2022 γυναικὸς
768 1957 988 2024 πόρνης,
1013 1955 1324 2024 δυσείμονός
1351 1973 1408 2007 τε
1445 1957 1538 2007 καλ⁸
1573 1955 1784 2021 παγκά-

212 2060 316 2098 κου
342 2041 733 2112 διαζευχθέντι,
768 2043 980 2104 καὶέίς
1027 2043 1207 2112 χώραν
1247 2043 1462 2113 μακρὰν
1500 2045 1783 2114 ἀποδημή-

214 2149 394 2198 σαντι,
428 2135 561 2204 πρὸς
595 2135 653 2186 τὸ
687 2133 1068 2202 ἀπαλλαγῆναι
1097 2137 1186 2186 καὶ
1219 2135 1318 2202 τῆς
1342 2137 1559 2205 μνήμης
1581 2137 1780 2204 adt-71¢

212 2221 338 2279 εἶτα
368 2225 742 2294 ὲπιλαθομένῳ
769 2225 858 2277 τὸν
886 2226 1104 2288 σκοπὸν,
1149 2225 1216 2276 δι’
1249 2227 1306 2277 ὃν
1339 2227 1399 2279 τὸ
1450 2227 1572 2297 ὅρος
1604 2227 1784 2280 κατεί-

213 2318 378 2387 ληφε,
408 2319 503 2371 καὶ
534 2318 669 2386 πρὸς
723 2317 847 2381 τοὺς
875 2321 939 2386 τῇ
994 2317 1166 2386 πόρνῃ
1198 2320 1379 2388 ἐκείνῃ
1418 2336 1782 2389 συναναστρες

213 2410 508 2478 φομένους,
559 2399 624 2460 ἴν⁴
656 2409 812 2472 εἴπω,
871 2409 966 2459 καὶ
1023 2409 1518 2477 συμμιαίνομένους
1553 2410 1784 2479 γράφειν

212 2499 546 2568 ὀρεγομένῳ,
579 2499 670 2550 καὶ
699 2501 895 2560 αὐτοὺς
933 2499 1308 2567 μακαρίζοντι,
1339 2500 1394 2563 ὃς
1413 2504 1460 2551 εί
1491 2502 1581 2552 καὶ
1615 2501 1688 2569 μὴ
1707 2501 1782 2570 τῷ

215 2586 453 2658 σώματι,
485 2588 619 2641 ἀλλὰ
649 2590 712 2656 τῇ
754 2589 948 2658 καρδίᾳ
986 2590 1200 2650 πάντως
1254 2592 1347 2641 καὶ
1405 2589 1480 2658 τῷ
1527 2590 1606 2642 νοῒ
1642 2608 1783 2659 συμ-

213 2679 440 2748 πάσχει,
484 2683 546 2731 ὲκ
598 2679 908 2749 προθέσεως
963 2683 1084 2742 τοὺς
1141 2679 1412 2741 τοιούτους
1449 2681 1782 2751 ἀποδεχόμε-

214 2787 327 2833 νος,
356 2773 516 2822 οἱονεὶ
545 2771 638 2836 τῆς
677 2772 793 2838 μετ’
826 2771 1039 2838 ἐκείνης
1072 2772 1248 2822 αὐτῶν
1286 2771 1624 2840 συμπλοκῆς.

289 2861 394 2931 ιιβι.
430 2861 580 2930 Ὅσῳ
601 2865 647 2912 οἱ
675 2865 731 2912 ὲν
759 2861 908 2930 μέσῳ
935 2862 1027 2912 τοῦ
1054 2862 1259 2930 κόσμου
1290 2863 1666 2932 στρεφόμενοι,
1693 2866 1782 2916 καὶ

213 2954 618 3024 καθαρεύοντες
663 2953 760 3011 τὰς
791 2953 1092 3021 αἰσθήσεις,
1145 2954 1238 3004 καὶ
1284 2954 1380 3015 τὰς
1417 2955 1640 3023 καρδίας
1676 2955 1783 3007 ἀπὸ

215 3045 398 3114 πάσης
430 3045 673 3113 πονηρᾶς
703 3044 1023 3112 ἐπιθυμίας,
1071 3045 1346 3096 ἐπαινετοὶ
1376 3047 1466 3096 καὶ
1502 3046 1779 3114 μακάριοι,

211 3135 453 3204 τοσούτῳ
481 3135 530 3185 οἱ
565 3135 621 3185 ὲν
650 3133 799 3202 ὄρεσι
831 3135 923 3186 καὶ
962 3133 1244 3204 σπηλαίοις
1276 3134 1702 3203 ἐνδιαιτώμενοι,
1726 3135 1834 3230 οἳο

211 3229 324 3284 τῶν
343 3227 579 3280 ἐπαίνων
610 3227 700 3278 καὶ¹
733 3226 1096 3293 μακαρισμών
1128 3225 1368 3291 ὲρίενται
1422 3227 1526 3277 τῶν
1573 3227 1781 3295 ἀνθρώ-

1180 3317 1254 3379 ὡς
1302 3319 1406 3386 γὰρ
1440 3317 1784 3388 μοιχεύοντες

215 3413 368 3481 παρὰ
393 3411 470 3481 τῷ
503 3412 602 3470 τὰς
628 3410 849 3479 καρδίας
881 3409 1037 3478 ήμῶν
1064 3409 1350 3477 ὲρευνῶντι
1383 3411 1501 3478 Θεῷ
1527 3410 1740 3463 ἔσονται
1765 3425 1779 3439 ⁸

214 3507 244 3557 ὁ
275 3504 386 3572 γὰρ
433 3501 715 3569 ἐπιθυμῶν
765 3501 1095 3570 ἀκουσθῆναι
1125 3504 1216 3554 τὸν
1244 3502 1353 3572 βίον
1380 3503 1562 3566 αὐτοῦ,
1601 3503 1693 3556 καὶ
1723 3504 1782 3554 τὸ

213 3595 409 3662 ὖνομα,
447 3595 538 3644 καὶ.
561 3593 658 3661 τὴν
694 3591 968 3643 πολιτείαν
995 3594 1050 3642 ἐν
1079 3592 1156 3659 τῷ
1195 3593 1403 3662 κόσμῳ,
1437 3593 1779 3661 ὲκπορνεύει,

215 3685 362 3738 κατὰ
400 3683 493 3736 τὸν
528 3683 692 3734 πάλαι
715 3681 825 3733 τῶν
867 3680 1132 3733 Ἰουδαίων
1161 3681 1286 3736 λαὸν
1343 3685 1448 3735 ἀπὸ
1507 3680 1782 3748 Θ;οὖ,’ὦς

213 3791 383 3845 φησιν
414 3774 442 3824 ὁ
465 3773 644 3826 Δαϐίδ.

289 3864 398 3934 ια’.
445 3866 503 3918 '0
549 3865 726 3916 πίστει
759 3867 823 3934 τῇ
858 3867 993 3933 πρὸς
1032 3865 1121 3916 τὸν
1154 3864 1282 3916 Θεὸν
1355 3866 1656 3934 ἁδίστάκτῳ
1705 3867 1779 3936 τῷ

215 3957 408 4024 κόσμῳ
453 3954 688 4016 καὶτοῖς
734 3956 789 4005 ὲν
828 3954 1014 4023 κόσμῳ
1060 3955 1492 4023 ἀποταξάμενος,
1537 3956 1780 4009 πιστεύει

215 4050 302 4100 ὅτι
322 4046 568 4114 ἐλεήμων
594 4045 708 4095 ἐστὶ
733 4046 826 4096 καὶ
853 4045 1153 4113 οίκτίρμων
1182 4049 1209 4098 6
1242 4046 1470 4114 Κύριος,
1497 4049 1588 4100 καὶ
1613 4065 1779 4116 προτ-

215 4136 438 4205 δὲχεται
495 4135 617 4195 τοὺς
675 4135 732 4184 ἐν
783 4135 1038 4202 μετανοίᾳ
1089 4137 1556 4206 προσερχομένους
1610 4140 1776 4209 αὐτῷ,

215 4224 376 4286 είδὼς
407 4224 471 4278 δι’
494 4223 716 4291 ἀτιμίας
747 4222 911 4291 τιμᾷν
941 4223 1065 4283 τοὺς
1098 4222 1313 4284 δούλους
1363 4223 1545 4288 αὑτοῦ,
1579 4225 1670 4277 καὶ
1696 4225 1779 4276 διὰ

216 4315 489 4384 πτωχείας
522 4314 695 4382 ἄκρας
754 4311 1057 4376 πλουτίζειν
1086 4313 1301 4376 αὐτοὺς,
1339 4314 1432 4366 καὶ
1469 4314 1536 4365 δι’
1573 4314 1779 4383 ὕϐρεων

215 4408 318 4463 καὶ
340 4407 742 4472 ὲξουδενὼσεων
768 4404 1009 4467 δοξάζειν
1041 4406 1259 4466 αὐτοὺς,
1298 4408 1386 4456 καὶ
1413 4405 1500 4457 διὰ
1549 4405 1776 4458 θανάτου

215 3338 356 3387 πων,
418 3318 608 3388 ψεκτοὶ
664 3319 755 3370 καὶ
809 3317 1143 3385 ἀπόϐλητοι·

215 4503 316 4572 τῆς
345 4498 561 4553 αἰωνίου
591 4497 732 4561 ζωῆς
769 4497 1026 4566 μετόχους
1053 4497 1247 4556 αὐτοὺς
1281 4500 1372 4548 καὶ
1413 4495 1776 4565 κληρονόμους
1795 4492 1838 4547 D

213 4591 584 4659 ἁποκαθιστᾷν
609 4605 622 4620 ·
659 4589 1043 4656 κατεπείγεται
1084 4589 1156 4649 ὡς
1187 4587 1380 4654 ἔλαφος
1431 4586 1639 4655 διψῶσα
1687 4588 1780 4640 ἐπὶ

215 4683 316 4752 τὴν
344 4682 607 4735 ἀθάνατον
632 4678 813 4749 πηγὴν
846 4679 912 4730 δι’
940 4680 1118 4732 αὐτῶν
1139 4719 1152 4744 ,
1183 4683 1276 4732 καὶ
1306 4680 1440 4747 πρὸς
1463 4681 1523 4730 τὸ
1555 4679 1779 4743 ἄναντες

217 4778 277 4827 ὲν
302 4773 484 4835 αὐτοῖς
510 4770 584 4833 ὼς
621 4772 678 4821 ὲν
712 4770 939 4837 κλίμακι
968 4768 1193 4837 βαίνειν,
1216 4769 1280 4821 δι’
1314 4765 1380 4838 ἧς
1410 4768 1629 4836 ἄγγελοι
1680 4769 1777 4838 μὲν

212 4856 563 4911 ἀναϐαίνουσι
613 4855 707 4906 καί⁵
751 4854 1125 4923 κατέρχονται,
1179 4853 1312 4922 πρὸς
1370 4854 1620 4924 βοήθειαν
1671 4857 1782 4910 τῶν

210 4951 629 5018 ἀνερχομένων·
678 4947 812 5009 Θεὸς
869 4946 926 4998 δὲ
977 4945 1180 4999 ἄνωθεν
1230 4946 1325 5016 τὴν
1375 4948 1516 5000 κατὰ
1558 4949 1784 5019 δύναμιν

211 5041 371 5111 ἡμῶν
409 5037 665 5110 πρόθεσιν
696 5039 790 5090 καὶ
823 5037 1055 5106 σπουδὴν
1087 5039 1370 5106 ἀναμένων
1395 5039 1651 5109 κάθηται’
1685 5044 1781 5112 οὐχ

211 5131 296 5182 ὅτι
323 5129 619 5192 πονοῦντας
643 5129 791 5196 ἡμᾶς
840 5128 1093 5196 τέρπεται
1126 5130 1276 5198 ὀρᾷν,
1322 5129 1438 5181 ἀλλ’
1466 5131 1539 5192 ὼς
1563 5131 1772 5203 ὄφλημα

211 5221 382 5273 θέλων
443 5221 567 5282 τοὺς
632 5219 853 5287 μισθοὺς
922 5219 1117 5270 διδόναι
1178 5221 1310 5289 ἡμῖν
1383 5223 1410 5273 6
1482 5223 1782 5289 φιλάνθρω-

209 5329 339 5373 πος.

285 5400 386 5466 ιβ’.
430 5402 566 5464 Τοὺς
617 5402 953 5464 ἁδιστακτως
979 5402 1125 5472 αὑτῷ
1174 5407 1640 5475 προσερχομένους
1682 5409 1781 5461 οὐκ

216 5495 287 5565 ἑᾷ
311 5494 455 5556 ὅλως
490 5496 814 5546 καταπεσεῖν
845 5495 872 5544 6
903 5494 1052 5557 Θεὸς,
1089 5495 1219 5547 ἀλλὰ
1251 5496 1642 5561 ἀδυνατοῦντας
1669 5499 1782 5568 βλέ·

207 5601 332 5638 πων
370 5586 588 5647 αὐτοὺς,
643 5587 894 5654 συνεργεῖ
941 5588 1028 5637 καί
1078 5586 1278 5654 βοηθεῖ,
1334 5588 1556 5656 ὀρέγων
1594 5593 1776 5654 αὐτοῖς

328 5773 370 5804 ιδ
411 5771 614 5828 Jerem.
646 5785 774 5835 xvn,
810 5771 862 5823 5.
930 5769 1133 5829 u‘Psal.
1161 5774 1359 5838 cv,59.

1869 1953 2066 2008 femina
2099 1952 2408 2016 fornicaria,
2436 1969 2696 2022 pannosa,
2723 1962 2771 2007 et
2793 1955 3046 2022 pessima,
3068 1957 3337 2020 copulato,
3364 1965 3417 2008 ct

1869 2045 1921 2096 in
1955 2044 2229 2112 regionem
2258 2043 2626 2114 longinquam,
2657 2044 2721 2096 ad
2753 2043 3110 2113 effugiendam
3141 2047 3259 2112 ejus
3282 2061 3416 2099 con-

1864 2135 2235 2203 junctionem,
2291 2143 2452 2202 atque
2512 2135 2643 2190 adeo
2699 2137 3012 2188 memoriam
3060 2151 3279 2204 peregre
3323 2139 3418 2191 ab-

1868 2226 2048 2280 eunti:
2078 2225 2272 2278 deinde
2295 2224 2462 2277 oblito
2484 2239 2667 2292 scopo,
2689 2233 2904 2293 propter
2924 2241 3081 2292 quem
3111 2228 3163 2278 in
3181 2234 3414 2279 montem

1868 2319 2094 2383 venerit,
2135 2317 2201 2370 ad
2231 2332 2326 2371 eos
2359 2318 2448 2385 qui
2499 2332 2620 2369 cum
2664 2325 2846 2371 scorto
2895 2317 2987 2369 illo
3019 2328 3304 2370 versantur
3363 2327 3417 2370 et

1871 2417 1928 2462 ut
1964 2411 2038 2462 ita
2071 2409 2269 2472 dicam,
2302 2423 2423 2461 cum
2457 2421 2520 2460 eo
2557 2423 2658 2460 una
2695 2407 3032 2475 polluuntur,
3064 2406 3256 2475 cupide
3282 2407 3418 2460 scri-

1870 2502 2050 2564 bente,
2084 2509 2138 2556 et
2168 2515 2264 2554 eos
2294 2507 2352 2552 ut
2389 2499 2576 2553 beatos
2621 2498 2898 2552 cxtollenti
2953 2499 3147 2552 similis
3177 2498 3414 2552 videtur.

1868 2591 1969 2665 Qui
2005 2600 2059 2644 et
2093 2591 2138 2646 si
2203 2607 2308 2644 non
2366 2605 2614 2658 corpore.
2669 2591 2850 2642 animo
2895 2589 3112 2658 quidem
3164 2601 3331 2652 certe,
3366 2599 3418 2643 et

1869 2669 2035 2738 corde
2057 2684 2178 2752 ipso
2208 2683 2462 2737 similiter
2505 2681 2610 2735 illis
2643 2682 2900 2744 alﬁcitur,
2943 2695 3239 2748 eorumque
3268 2695 3416 2733 com-

1871 2775 2059 2842 plexus
2091 2773 2428 2828 meretricios
2462 2773 2725 2842 approbat
2755 2773 3170 2840 quodammodo.

1939 2867 2030 2919 92.
2063 2865 2233 2931 Quam
2278 2863 2430 2918 valde
2459 2864 2514 2917 in
2548 2865 2726 2917 medio
2766 2863 2968 2915 mundo
3005 2865 3267 2925 viventes,
3293 2877 3420 2915 sen-

1871 2972 2096 3026 susque,
2135 2966 2186 3010 et
2219 2955 2384 3010 corda
2418 2969 2516 3010 sua
2571 2953 2637 3008 ab
2690 2956 2835 3006 omni
2889 2953 3081 3006 vitiosa
3123 2954 3418 3020 cupiditate

1869 3057 2164 3119 purgantes
2203 3045 2480 3108 laudandi,
2511 3054 2561 3099 et
2592 3059 2688 3114 pro
2720 3045 2888 3096 beatis
2911 3043 3230 3112 pra:dicandi
3267 3062 3279 3096 :
3307 3053 3415 3096 tam

1871 3140 2058 3203 valde,
2091 3137 2182 3208 qui
2212 3139 2266 3190 in
2317 3137 2590 3190 montibus
2638 3143 2689 3190 et
2741 3134 3013 3204 Speluncis
3061 3134 3322 3196 habitant,
3373 3137 3417 3189 si

1824 3265 1830 3274 ι
1869 3233 2076 3296 laudes,
2133 3231 2546 3299 pratdicationcs
2580 3239 2633 3282 et
2682 3228 2907 3293 gloriam
2947 3227 3237 3304 .hominum
3287 3243 3422 3279 con-

1866 3324 2174 3392 cupiscunt,
2205 3321 2571 3388 vituperandi,
2629 3328 2682 3374 et
2738 3319 3027 3384 abiiciendi
3084 3327 3254 3371 sunt:
3296 3336 3415 3369 nam

1866 3418 2005 3486 apud
2041 3415 2206 3468 Deum
2235 3416 2325 3483 qui
2359 3421 2632 3466 scrutatur
2665 3413 2831 3464 corda
2884 3421 3094 3473 nostra,
3143 3411 3421 3463 adultero-

1867 3522 1985 3559 rum
2017 3507 2134 3558 loco
2164 3515 2346 3558 erunt.
2381 3500 2482 3566 Qui
2509 3502 2649 3553 enim
2677 3501 2838 3552 vitam
2883 3513 3058 3561 Suam,
3107 3509 3156 3551 et
3199 3512 3414 3561 nomen,

1866 3608 1919 3653 et
1949 3600 2198 3652 instituta
2237 3597 2292 3650 in
2343 3611 2435 3648 ora
2496 3595 2773 3648 hominum
2825 3595 3006 3647 venire
3058 3592 3415 3652 desiderat”.

1866 3692 2014 3745 velut
2046 3690 2302 3756 antiquus
2343 3687 2431 3740 ille
2453 3684 2758 3738 Judaeortttn
2787 3677 3073 3752 populus'a
3111 3683 3218 3736 Deo
3251 3681 3418 3735 forni-

1865 3795 2040 3846 catur,
2074 3789 2131 3833 nt
2157 3779 2328 3847 inquit
2362 3778 2524 3836 David
2549 3775 2614 3829 ".

1937 3876 2025 3927 95.
2059 3871 2162 3937 Qui
2196 3870 2298 3923 fide
2342 3877 2509 3933 certa,
2557 3882 2617 3920 ac
2666 3867 2821 3919 ﬁrma
2885 3868 2937 3919 in
2995 3865 3181 3928 Deum,
3241 3867 3418 3919 valere

1869 3962 2151 4026 mundum,
2182 3968 2233 4012 et
2265 3971 2393 4012 suas
2427 3957 2527 4010 sibi
2563 3970 2648 4009 res
2683 3955 3080 4023 haberejussit,
3130 3955 3413 4008 Dominum

1867 4070 1988 4108 csse
2021 4051 2449 4112 misericordem,
2478 4057 2530 4100 et
2561 4047 2733 4116 pium,
2765 4055 2818 4100 et
2875 4049 2927 4099 in
2982 4046 3296 4114 poenitentia
3349 4049 3415 4098 ad

1868 4147 2042 4215 ipsum
2081 4141 2397 4196 accedentes
2428 4140 2710 4207 suscipere
2735 4137 2925 4191 credit.
2985 4135 3232 4205 Cumque
3281 4137 3417 4190 εοίιιι

1868 4235 2114 4293 eumdem
2145 4234 2322 4286 solere
2355 4245 2545 4284 servos
2598 4243 2729 4284 suos
2777 4243 2872 4296 per
2925 4228 3271 4297 ignominiam
3322 4226 3418 4279 ιιυ-

1867 4342 2085 4388 norare,
2138 4339 2231 4393 per
2299 4335 2564 4376 summam
2630 4328 2997 4387 paupertatem
3053 4319 3248 4377 ditare,
3321 4331 3416 4384 per

1868 4421 2119 4490 injuriam
2146 4426 2198 4470 et
2223 4423 2590 4482 contemptum
2616 4412 2942 4481 gloriﬁcare,
2969 4420 3021 4464 et
3058 4424 3154 4478 per
3183 4417 3410 4463 martem

1867 4523 2084 4566 mternae
2112 4509 2234 4560 vita:
2260 4505 2437 4559 socios
2482 4503 2830 4569 hxredesquc
2881 4501 3187 4564 instituere,
3223 4517 3317 4569 per
3352 4517 3413 4554 ea

1869 4603 2011 4658 haud
2045 4615 2226 4662 secus,
2258 4610 2419 4666 quam
2457 4609 2651 4648 cervus
2699 4593 2889 4647 sitiens
2931 4592 2996 4645 ad
3045 4591 3245 4644 fontem
3290 4608 3412 4644 cur-

1865 4710 1982 4750 rere
2009 4700 2257 4762 preperat
2289 4702 2409 4757 quae
2458 4688 2508 4738 in
2565 4685 2696 4753 ipsis
2743 4691 2871 4736 sunt
2907 4683 3097 4747 ardua,
3155 4691 3410 4750 tanquam

1866 4802 1960 4858 per
1985 4785 2162 4847 scalas
2194 4779 2542 4860 conscendit,
2591 4790 2686 4843 per
2710 4788 2844 4842 quas
2886 4774 3060 4841 angeli
3115 4776 3415 4827 ascendunt

1867 4889 1920 4935 et
1953 4875 2312 4933 descendunt.
2356 4869 2515 4923 laturi
2558 4881 2712 4935 Opem
2764 4863 3204 4920 ascendentibus.
3238 4863 3411 4930 Supra

1871 4985 1998 5024 vero
2030 4967 2172 5020 Deus
2209 4963 2380 5023 sedet,
2423 4968 2769 5025 nostramque
2815 4954 3149 5007 voluntatem
3184 4953 3410 5022 diligen-

1873 5072 1953 5116 ter
1983 5075 2045 5113 ac
2077 5071 2173 5128 pro
2206 5054 2412 5106 viribus
2440 5049 2505 5104 ad
2531 5063 2667 5116 opus
2694 5045 2911 5114 perduci
2958 5053 3233 5111 exspectat
3262 5061 3276 5097 :
3304 5059 3408 5096 non

1870 5152 2044 5207 solum
2094 5159 2149 5201 ut
2195 5160 2294 5198 nos
2350 5143 2656 5194 laborantes
2705 5136 2971 5204 aspiciens
3026 5135 3258 5198 laetetur,
3311 5135 3405 5187 sed

1863 5241 2026 5294 etiam
2069 5244 2127 5288 ut
2181 5231 2505 5292 mercedem,
2554 5236 2808 5292 tanquam
2859 5223 3122 5286 debitum,
3167 5236 3266 5290 pro
3310 5236 3407 5275 sua

1863 5328 2190 5397 benignitate
2216 5324 2368 5376 nobis
2400 5319 2687 5390 persolvat.

1931 5417 2018 5471 9i.
2054 5415 2312 5468 Dominus
2341 5419 2485 5465 certa
2516 5419 2568 5462 et
2599 5421 2789 5474 magna
2842 5417 2962 5456 cum
3018 5403 3212 5456 tiducta
3249 5403 3314 5456 ad
3350 5417 3408 5456 se

1861 5505 2142 5559 venientes
2179 5502 2370 5554 cadere
2403 5509 2741 5567 nequaquam
2781 5496 2907 5548 sinit
2939 5513 2952 5548 :
2982 5493 3076 5549 sed
3101 5509 3288 5546 eorum
3326 5495 3407 5542 in-

1863 5595 2174 5649 ﬁrmitatem
2204 5608 2456 5658 cernens,
2487 5591 2727 5659 adjuvat,
2753 5599 2804 5640 et
2839 5587 3099 5641 auxilium
3137 5583 3262 5649 fert,
3296 5595 3408 5634 ma-
