4136 6338
215 347 322 412 661

1506 346 1767 409 εΑΡιτι
1814 350 2149 413 ΜΟΒΑΙΙῘΑ

3331 365 3437 426 662

221 478 375 546 μέσῳ
401 473 576 546 ὴμῶν,
612 469 863 526 τοσοῦτον
911 471 980 526 τὰ
1031 469 1165 546 μέλη
1217 469 1593 540 νεκρώσαντες
1653 468 1776 523 tau-

1890 469 1979 521 din
2034 481 2286 529 nostrum
2341 485 2657 543 versantes;
2710 479 2799 546 qui
2854 477 2990 533 adeo
3038 476 3433 532 mortiﬁcarunt

219 541 452 624 Qaw'cai'
481 569 574 621 ἐπὶ
620 567 717 636 τῆς
777 567 900 637 γῆς,
947 541 1242 633 tandem
1296 562 1632 634 ἀκαθαρσίας
1691 563 1787 616 καὶ

222 659 637 732 ἑμπαθεστάτης
682 656 994 726 ἐπιθυμίας,
1026 655 1101 718 ώς
1133 655 1208 724 μὴ
1265 654 1422 724 μόνον
1453 656 1543 722 ἀφ’
1574 655 1784 710 ἑαυτῶν

223 771 353 807 ποτε
369 749 701 820 λογίζεσθαι,
737 750 768 819 ἢ
803 749 1022 818 ποιήσᾳί
1049 767 1101 802 τι
1138 747 1246 800 τῶν
1271 747 1475 812 κακῶν,
1498 747 1630 801 ἀλλὰ
1652 748 1789 819 μηδὲ

225 846 315 913 ὑφ’
364 845 548 912 ἑτέρου
589 843 724 912 πρὸς
757 843 915 893 τοῦτο
963 841 1307 910 ἑλκομένους,
1340 840 1621 894 ἀλλοίωσίν
1666 858 1790 894 τινα

223 935 322 1006 τῆς
351 933 657 1004 προσούσης
682 933 868 994 αὐτοῖς
895 930 1162 991 ἀπαθείας
1193 930 1552 999 ὑφίστασθαι·
1579 931 1788 984 εἷδεσαν

223 1027 335 1096 γὰρ
366 1025 430 1079 ἀν
457 1024 679 1085 τούτους
709 1022 866 1091 εῐπερ
891 1022 1088 1085 είδότες
1111 1018 1252 1091 ἦσαν
1280 1021 1348 1074 τά
1391 1022 1512 1074 καθ’
1554 1021 1789 1088 ἑκάστην

225 1114 708 1184 ἀναγινωσκόμενα
769 1113 886 1167 θεῖα
917 1113 1095 1182 λόγια,
1154 1115 1248 1166 καὶ
1299 1112 1610 1184 ψαλλόμενα
1663 1114 1791 1184 παρ’

223 1206 424 1268 αὑτῶν,
443 1206 492 1257 οί
521 1207 632 1268 τοῖς
657 1204 920 1266 τοιούτοις
955 1204 1054 1275 τήν
1099 1203 1417 1274 ἀδιαφορίαν
1435 1205 1794 1276 ἐπιφημίζον-

221 1313 316 1360 τες
344 1296 440 1350 καὶ
463 1294 872 1358 διαπιστοῦντες
935 1296 1046 1358 τοῖς
1088 1295 1215 1366 περὶ
1249 1296 1405 1350 θείων
1457 1298 1794 1368 πραγμάτων

1892 562 2134 618 membra
2163 579 2282 630 sua,
2317 582 2437 636 qua}
2467 576 2596 622 sunt
2641 584 2805 637 super
2836 577 3036 623 terram
3069 571 3136 632 ’°,
3192 569 3258 623 ab
3288 569 3434 622 omni

1891 656 2229 711 immunditia
2282 670 2332 713 et
2369 659 2582 714 furente
2610 660 3080 730 concupiscentia,
3117 671 3176 714 ut
3214 675 3317 713 non
3346 675 3436 711 so-

1888 748 1997 803 lum
2037 764 2134 818 per
2161 764 2278 805 sese
2312 752 2436 804 mali
2456 752 2728 821 quippiam
2757 767 2862 806 non
2887 752 3145 821 cegitent,
3171 766 3268 805 nec
3289 750 3353 803 ad
3382 749 3435 803 id

1891 841 2340 895 committendum
2369 842 2699 897 incitentur:
2744 844 2837 896 sed
2875 857 3050 911 neque
3099 843 3166 895 ab
3196 841 3318 894 aliis
3368 840 3435 894 ad

1891 927 1992 982 hoc
2024 929 2321 995 sollicitati,
2358 931 2594 999 quietum
2625 933 2788 985 animi
2818 933 2900 985 sui
2928 941 3129 986 statum
3161 932 3338 998 aliqua
3369 945 3434 983 ex

1888 1029 2042 1090 parte
2076 1030 2286 1076 mutare
2340 1031 2624 1082 noverunt,
2677 1024 2889 1091 quando
2942 1023 3201 1076 memoria
3252 1027 3439 1076 tenent

1887 1129 2008 1182 quae
2045 1113 2286 1180 quotidie
2333 1113 2517 1182 legunt
2553 1121 2606 1167 et
2646 1115 2882 1182 psallunt
2951 1115 3134 1168 divina
3189 1112 3434 1167 oracula.

1886 1204 1984 1258 llis
2022 1205 2097 1259 illi
2127 1205 2194 1259 de
2220 1205 2621 1259 divinis-rebus
2650 1206 2700 1259 in
2752 1207 3018 1274 sapientia
3066 1205 3293 1275 spiritus
3340 1205 3439 1256 do-

1884 1298 2156 1361 centibus,
2192 1307 2248 1352 ut
2277 1299 2475 1362 stultis,
2501 1297 2658 1352 fidem
2690 1313 2794 1351 non
2831 1298 3050 1351 habent.
3081 1296 3213 1350 Nam
3239 1296 3280 1351 si
3312 1311 3438 1364 per-

222 1389 567 1444 διδάσκουσιν
587 1389 644 1440 ὲν
679 1387 838 1457 σοφίᾳ
863 1385 957 1439 τοῦ
985 1386 1324 1456 Πνεύματος.
1355 1385 1418 1439 El
1439 1388 1546 1456 γὰρ
1578 1390 1634 1440 ἐν
1654 1387 1791 1455 γνώ-

1887 1388 2024 1442 fecre
2053 1388 2265 1442 divinas
2316 1387 2629 1457 Scripturas
2663 1396 2908 1450 nossent,
2946 1385 3227 1441 crederent
3261 1383 3439 1437 verbis

228 1497 313 1533 σει
343 1479 525 1550 τελείᾳ
550 1477 799 1544 ἐγένοντο
821 1477 922 1546 τῆς
949 1475 1098 1540 θείας
1136 1478 1377 1546 Γραφῖκ,
1416 1479 1696 1532 ἐπίστευον
1727 1478 1791 1532 ἂν

1889 1477 2002 1542 Dei,
2033 1486 2085 1532 et
2120 1477 2273 1532 bonis
2305 1480 2757 1546 qme-is-hnmano
2813 1478 2996 1548 generi
3028 1475 3268 1531 donavit.
3301 1475 3436 1540 Quia

227 1573 342 1633 τοῖς
391 1570 497 1623 ὑπὸ
529 1569 663 1622 Θεοῦ
711 1568 986 1639 λαληθεῖσι
1013 1569 1106 1620 καὶ
1136 1568 1458 1639 δωρηθείσιν
1488 1571 1620 1638 ἡμῖν
1653 1571 1791 1637 ἀγα-

1884 1584 2011 1622 vero
2075 1569 2446 1637 hujuscemodi
2498 1570 2759 1624 honoru'n
2846 1571 2913 1624 ob
2971 1570 3328 1636 arrogantiam
3385 1575 3438 1616 et

230 1661 343 1723 θοῖς
368 1678 382 1691 ·
416 1660 537 1713 ἐπεὶ
558 1660 612 1713 δὲ
645 1659 902 1728 ἀμέτοχοι
923 1661 1034 1711 τῶν
1063 1659 1337 1724 τοιούτων,
1368 1659 1426 1724 ἐξ
1449 1661 1671 1728 οἰήσεως
1703 1659 1791 1712 καὶ

1885 1661 2186 1714 socordiam
2244 1662 2534 1729 participes
2594 1676 2698 1714 non
2761 1672 2925 1724 sunt,
2961 1662 3121 1712 etiam
3186 1658 3285 1710 hos
3342 1655 3434 1724 qui

230 1752 494 1822 ἀμελείας
524 1751 630 1804 εἰσὶ
663 1751 861 1816 καλῶν,
925 1751 1018 1804 καὶ
1066 1753 1190 1814 τοὺς
1227 1752 1650 1820 μετεσχηκότας,
1701 1752 1795 1820 καὶ

1881 1750 2169 1819 participes
2224 1764 2370 1816 sunt,
2407 1762 2458 1807 et
2516 1767 2610 1806 eos
2657 1751 2870 1816 docent,
2929 1749 3188 1805 increduli
3246 1747 3437 1802 calum-

229 1841 498 1910 περὶτῶν
551 1839 808 1894 τοιούτων
836 1840 1205 1905 διδάσκοντας,
1241 1839 1847 1903 ἀπιστοῦντεςὲνδια-”
1889 1842 2126 1896 niantnr.

233 1932 542 1987 ϐάλλουσιν.

308 2023 406 2094 ρξ’.
440 2024 535 2076 Διά
553 2023 710 2077 τοῦτο
741 2022 897 2092 μόνον
929 2022 1292 2092 παραόάλλειν
1309 2024 1401 2077 καὶ
1437 2024 1647 2094 βλέπειν
1674 2026 1796 2088 τοὺς

233 2115 295 2167 ιν
345 2114 422 2183 τῷ
474 2115 664 2182 κόσμῳ
713 2111 959 2166 θέλουσιν
1013 2114 1064 2165 οί
1119 2114 1341 2184 χάριτος
1374 2114 1795 2187 πεπληρωμένοι

235 2203 396 2268 Θεοῦ,
451 2203 545 2256 καὶ
597 2203 1002 2271 τετελειωμένοι
1055 2205 1120 2271 τῇ
1151 2202 1350 2269 γνώσει
1380 2204 1476 2256 καὶ
1531 2206 1694 2275 σοφίᾳ
1730 2207 1797 2274 τῇ

235 2293 464 2356 ἄνωθεν,
499 2293 583 2346 ἵνα
623 2293 812 2361 μισθόν
854 2309 971 2345 τινα
1017 2293 1422 2362 προξενήσωσιν
1465 2295 1664 2360 αύτοτς,
1713 2295 1797 2347 διὰ

238 2386 601 2455 ὑπομνήσεως
629 2384 735 2436 τῶν
759 2384 986 2436 ἐντολῶν
1010 2382 1102 2435 τοῦ
1133 2383 1291 2448 θεοῦ,
1324 2385 1416 2439 καὶ
1443 2385 1508 2437 δι’
1539 2385 1798 2454 ἀγαθοερ-

237 2477 384 2544 γίας,
409 2479 456 2527 εί
479 2476 584 2544 ἀρα
609 2490 672 2542 γε
706 2473 1050 2534 ἀκούσουσιν.
1085 2475 1132 2526 εί
1153 2475 1260 2545 ἀρα
1288 2492 1349 2544 γε
1382 2475 1666 2545 συνήσουσι
1706 2475 1800 2530 καὶ⁵

240 2565 648 2636 πεισθήσονται,
676 2565 861 2634 ἐπειδὴ
914 2568 962 2618 οί
1000 2566 1074 2636 μὴ
1126 2565 1205 2634 τῷ
1233 2565 1326 2618 τοῦ
1374 2565 1509 2620 Θεοῦ
1544 2566 1798 2634 ἀγόμενοι

239 2656 540 2724 Πνεύματι,
568 2658 625 2707 ὲν
655 2659 718 2726 τῇ
761 2658 950 2727 σκοτίᾳ
985 2657 1366 2726 περιπατοῦσι,
1401 2657 1496 2710 καὶ
1525 2658 1623 2708 οὑκ
1655 2656 1802 2710 οῖδα-

242 2764 329 2800 σιν
358 2745 478 2799 οὕτε
514 2746 613 2800 ποῦ
659 2746 980 2814 ὑπάγουσιν,
1014 2747 1139 2800 οὔτε
1176 2749 1234 2800 ὲν
1259 2748 1367 2800 τίσι
1401 2748 1801 2819 προκόπτουσιν

1961 2030 2081 2082 107.
2124 2026 2242 2081 llac
2299 2029 2413 2083 sola
2451 2029 2518 2083 de
2551 2043 2734 2092 causa,
2771 2029 2863 2097 qui
2897 2027 3070 2098 gratia
3113 2025 3200 2080 Dei
3226 2026 3436 2092 replet.,

1890 2119 2308 2190 cognitioneque
2338 2135 2401 2173 ac
2439 2120 2701 2188 sapientia
2751 2133 2983 2190 superna
3013 2117 3267 2173 instructi
3308 2116 3438 2180 sint,

1890 2211 1974 2267 his
2005 2212 2095 2280 qui
2133 2212 2184 2265 in
2224 2211 2426 2265 mundo
2460 2221 2584 2264 sunt
2629 2226 2689 2264 se
2722 2209 2985 2276 obiicere,
3017 2217 3070 2264 et
3123 2222 3218 2263 eos
3258 2207 3441 2260 videre

1888 2306 2096 2364 volunt,
2132 2313 2189 2358 ut
2223 2305 2331 2358 illis
2379 2304 2680 2358 mercedem
2729 2303 2962 2372 aliquam
3001 2317 3095 2372 per
3139 2302 3438 2371 suggestio-

1891 2413 2010 2452 nem
2036 2397 2320 2452 charitatis
2351 2396 2464 2461 Dei,
2492 2407 2543 2451 et
2573 2396 2845 2451 studiosas
2869 2396 3108 2450 actiones
3130 2395 3439 2451 concilient.

1890 2487 1936 2540 si
1972 2490 2128 2540 modo
2153 2485 2397 2547 audiant,
2446 2487 2489 2539 si
2539 2488 2699 2538 modo
2731 2484 3031 2553 intelligant
3060 2491 3112 2537 et
3131 2483 3392 2538 desistant
3425 2499 3438 2533 :

1890 2573 2325 2643 quandoquidem
2358 2573 2450 2642 qui
2483 2573 2674 2642 spiritu
2718 2573 2807 2628 Dei
2841 2588 2945 2627 non
2977 2581 3223 2644 aguntur,
3262 2571 3314 2625 in
3362 2581 3442 2626 te-

1892 2665 2078 2719 nebris
2108 2665 2416 2729 ambulant,
2453 2673 2507 2719 et
2557 2665 2809 2719 nesciunt
2855 2680 3030 2734 neque
3077 2678 3184 2732 quo
3223 2665 3440 2721 vallant.

1889 2771 2066 2826 neque
2116 2756 2206 2810 ubi
2262 2755 2564 2811 offendant.
2620 2756 2893 2811 Fortassis
2949 2755 3094 2810 enim
3149 2755 3441 2821 aliquando

1888 2852 2161 2920 erigentes
2208 2865 2266 2904 se
2293 2867 2356 2904 ex
2393 2849 2699 2919 arrogantia
2753 2864 2856 2918 qua
2891 2847 3136 2917 oppressi
3170 2855 3316 2910 sunt,
3348 2859 3441 2898 ve-

1890 2957 2002 2997 ram
2033 2942 2208 2996 sancti
2241 2940 2476 3010 Spiritus
2497 2941 2799 2994 doctrinam
2830 2939 3277 3007 complectentur,
3313 2937 3434 2990 Dei-

240 2837 502 2899 ἐντολαίς.
523 2838 678 2906 Τάχα
708 2839 817 2908 γάρ
845 2855 975 2890 ποτε
1005 2839 1435 2910 ἀνασφήλαντες,
1477 2841 1540 2893 ὲκ
1567 2842 1665 2906 τῆς
1702 2858 1802 2893 πε-

244 2929 531 2997 ριεχούσης
585 2929 783 2992 αὐτοὺς
812 2931 1063 2999 οἰήσεως,
1094 2931 1332 2997 δέξονται
1387 2931 1484 2997 τὴν
1514 2930 1608 2984 τοῦ
1634 2929 1798 2999 ἁγίου

235 3009 558 3079 Πνεύματος
586 3009 757 3079 ἀληθῆ
787 3010 1155 3072 διδασκαλίαν.
1190 3013 1283 3065 καὶ
1334 3012 1394 3065 τὸ
1436 3011 1530 3065 τοῦ
1556 3009 1692 3065 Θεοῦ
1721 3007 1791 3062 θέ⁴

1891 3052 1995 3103 que
2043 3037 2376 3090 voluntatem
2433 3035 2550 3088 sine
2603 3034 2724 3087 fuco
2771 3047 2834 3086 ac
2864 3033 3078 3086 sincere
3132 3031 3436 3088 audientes.

233 3101 387 3170 λημα
422 3101 746 3165 ἀνοθεύτως,
778 3103 874 3154 καὶ
901 3104 1314 3174 ἁκαπηλεύτως,
1340 3106 1669 3169 ἀκούσαντες
1706 3123 1791 3176 με·

1891 3101 2267 3194 paenitentiam
2326 3132 2504 3194 agent,
2558 3132 2720 3192 atque
2769 3125 2842 3177 ita
2896 3122 3112 3192 aliquod
3163 3119 3440 3190 spirituale

231 3193 582 3258 τανοήσουσι,
618 3193 710 3244 καὶ
741 3195 1068 3261 ποιήσαντες
1103 3195 1236 3247 αὑτὸ
1276 3197 1619 3265 μεταλάϐωσι
1659 3215 1791 3260 τινος

1890 3193 2161 3270 charisma
2215 3193 2505 3283 accipient.
2545 3215 2696 3280 Quod
2747 3214 2792 3269 si
2838 3213 2978 3266 hanc
3019 3213 3100 3266 eis
3155 3211 3438 3265 utilitatem

232 3281 573 3349 χαρίσματος
632 3284 1027 3350 πνευματικοῦ.
1074 3285 1136 3336 Εἰ
1164 3284 1218 3336 δὲ
1265 3286 1338 3354 μὴ
1368 3287 1622 3356 τοιαύτης
1664 3286 1791 3354 ὠφε·

1892 3321 2085 3374 parare
2138 3322 2245 3359 non
2280 3315 2560 3376 poterunt,
2612 3306 2867 3375 lacrymis
2903 3304 3087 3359 cordis
3116 3318 3300 3357 eorum
3335 3317 3437 3355 ca:-

231 3369 384 3434 λείας
415 3371 666 3437 γενέσθαι
700 3373 1002 3442 δυνηθῶσιν
1033 3376 1214 3439 αὑτοῖς
1245 3379 1512 3447 πρόξενοι,
1546 3379 1791 3450 θρηνοῦν⁴

1892 3398 2112 3451 citatem
2149 3405 2564 3466 prosequentes,
2613 3397 2667 3450 in
2703 3412 2831 3450 suos
2863 3397 3024 3449 nidos
3075 3403 3434 3454 revertentur,

230 3479 327 3525 τες
354 3463 452 3532 τὴν
478 3462 734 3533 πώρωσιν
791 3465 890 3531 τῆς
926 3467 1152 3535 καρδίας
1182 3468 1383 3533 αὑτῶν,
1435 3469 1791 3540 ὑποστρέφου-

1892 3494 2079 3538 noctes
2109 3462 2164 3536 et
2194 3462 2458 3553 dies-pro
2515 3462 2699 3538 eorum
2757 3486 2930 3537 εμιιριο
2979 3494 3098 3538 rota
3152 3483 3436 3536 facientes.

235 3569 323 3604 σιν
355 3555 434 3616 είς
458 3555 554 3616 τάς
581 3554 774 3618 κέλλας
827 3556 1025 3622 αὑτῶν,
1059 3557 1252 3619 νυκτὸς
1288 3560 1382 3611 καὶ
1407 3560 1621 3630 ἡμέρας
1650 3563 1791 3632 εὐχό-

1887 3577 2176 3646 Nunquam
2220 3578 2357 3630 enim
2409 3577 2632 3630 alterius
2690 3578 2764 3630 rei
2818 3592 2979 3631 causa
3023 3576 3316 3630 molestiam
3351 3589 3435 3630 ca-

235 3661 391 3714 μενοι
439 3645 580 3715 ὑπὲρ
618 3647 714 3716 τῆς
757 3648 1030 3717 σωτηρίας
1058 3649 1257 3703 αὐτῶν.
1299 3649 1467 3718 ’Υπὲρ
1500 3654 1607 3720 γὰρ
1639 3653 1791 3707 ἄλλου

1891 3671 2058 3735 pienl,
2097 3669 2184 3736 qui
2216 3683 2339 3722 cum
2375 3668 2480 3722 Dco
2508 3682 2631 3723 sunt
2665 3668 2892 3731 assidui,
2924 3679 2974 3723 ct
3003 3668 3254 3722 omnibus
3282 3668 3436 3720 bonis

231 3737 378 3798 τινὸς
412 3737 661 3790 οὐδέποτε
695 3739 1098 3810 λυπηθήσονται
1127 3744 1174 3794 οἱ
1201 3741 1278 3811 τῷ
1307 3742 1424 3812 Θεῷ
1443 3743 1799 3809 ἀδιαλείπτως
1891 3760 2224 3812 ιςράυηιιτιηι,

233 3827 485 3892 συνόντες
516 3832 610 3882 καὶ
641 3831 1192 3903 ὑπερεμπιπλάμενοι
1221 3836 1424 3897 παντὸς
1457 3836 1684 3902 ἀγαθοῦ.

307 3917 409 3990 ρη’.
441 3921 533 3984 Τίς
585 3923 613 3973 ὁ
644 3923 844 3987 σκοπὸς
895 3925 991 3992 τῆς
1035 3928 1300 3992 ὲνσάρκου
1332 3930 1644 3998 οἱκονεμίας
1703 3931 1794 3982 τοῦ

228 4011 370 4064 Θεοῦ
391 4013 587 4081 Λόγου,
623 4017 727 4068 ὁὲν
751 4017 900 4088 πάσῃ
934 4021 996 4088 τῇ
1031 4018 1148 4088 θείᾳ
1184 4021 1370 4088 Γραφῇ
1419 4023 1792 4090 ἀνακηρυττό-

231 4122 416 4173 μενος,
470 4109 565 4160 καὶ
606 4112 732 4175 παρ’
781 4111 936 4178 ήμῶν
999 4113 1094 4178 μὲν
1151 4114 1678 4184 ἀναγινωσκόμενος,
1720 4116 1792 4186 μὴ

225 4200 722 4268 ἐπιγινωσκόμενος
739 4202 795 4254 δέ
818 4219 831 4266 ;
858 4204 924 4255 Ἢ
961 4205 1172 4265 πάντως
1199 4207 1284 4257 ἵνα
1319 4207 1664 4276 μετεσχηκὼς
1686 4209 1793 4260 τῶν

223 4287 536 4356 ⁴ἡμετέρων,
594 4293 884 4354 κοινωνοὺς
929 4293 1035 4343 τῶν
1069 4294 1274 4346 ἐκείνου
1324 4298 1521 4368 ποιήσῃ
1557 4299 1735 4366 ἡμᾶς·
1768 4303 1794 4353 ὁ

225 4379 338 4448 γὰρ
373 4380 499 4443 Υἱὸς
549 4383 643 4434 τοῦ
700 4383 832 4436 Θεοῦ
887 4385 971 4436 διὰ
1005 4386 1159 4437 τοῦτο
1209 4387 1318 4449 υίὸς
1360 4389 1452 4440 τοῦ
1507 4390 1793 4460 ἀνθρώπου

1959 3944 2082 3997 108.
2147 3942 2401 4006 Quisnam
2463 3943 2778 3995 reconomiae
2828 3941 2986 3994 Verbi
3039 3942 3129 3994 Dei
3174 3941 3223 3991 in
3274 3956 3437 3995 carne

1886 4051 2085 4104 scopus
2111 4045 2213 4098 est,
2247 4036 2334 4102 qni
2361 4037 2411 4088 in
2441 4033 2587 4085 omni
2623 4033 2799 4084 divina
2827 4032 3107 4098 Scriptura
3145 4033 3432 4095 revelatur,

1884 4138 1937 4182 et
1976 4142 2003 4180 a
2035 4128 2190 4180 nobis
2218 4125 2433 4194 legitur,
2468 4139 2568 4177 nec
2594 4123 2957 4192 intelligitur?
2997 4124 3073 4176 An
3108 4124 3193 4175 hic
3225 4125 3432 4190 utique.

1889 4228 1944 4272 ut
1973 4233 2202 4272 consors
2235 4218 2433 4270 factum
2465 4226 2800 4278 nostrorum,
2835 4231 2952 4282 qua!
2993 4203 3276 4279 illic‘snnt‘,
3306 4230 3436 4268 suo-4

1889 4327 2004 4363 rum
2037 4318 2316 4364 consortes
2352 4309 2556 4362 faceret
2587 4326 2599 4360 :
2643 4316 2695 4360 et
2734 4307 2874 4376 quod
2915 4309 3029 4375 ipse
3063 4323 3155 4374 per
3184 4315 3431 4358 naturam

1884 4412 1987 4461 est,
2029 4403 2093 4454 ad
2130 4402 2256 4453 illm]
2285 4416 2458 4471 genus
2492 4409 2737 4454 nostrum
2775 4414 2868 4466 per
2901 4399 3125 4467 gratiam
3159 4397 3431 4455 evelleret,

223 4472 462 4537 ἐγένετο.
508 4473 593 4525 ἵνα
646 4477 796 4534 υἱοὺς
854 4475 987 4528 (θεοῦ
1044 4479 1249 4548 ποιήσῃ
1294 4481 1419 4542 τοὺς
1472 4483 1791 4552 ἀνθρώπους

1888 4497 2063 4548 denuo
2100 4511 2195 4549 nos
2243 4499 2294 4548 in
2329 4493 2529 4561 Spiritu
2568 4503 2755 4546 sancto
2788 4505 3070 4562 generatis,
3107 4500 3155 4544 ct
3203 4490 3344 4543 illico
3381 4487 3430 4542 in

223 4564 375 4630 ἡμᾶς
401 4582 414 4595 ο
459 4566 594 4636 ὅπερ
630 4569 744 4618 ἐστὶ
776 4569 914 4621 κατά
948 4571 1109 4636 φύσιν
1141 4572 1371 4636 ἐκεῖνος,
1407 4575 1622 4642 ἀνάγων
1651 4580 1790 4632 κατά

1884 4603 2105 4654 regnum
2143 4587 2404 4640 caelorum
2445 4585 2727 4647 inducens,
2779 4583 2859 4634 vel
2893 4583 3070 4650 potius
3104 4583 3204 4634 hoc
3255 4582 3306 4631 in
3339 4596 3431 4631 no-

221 4658 387 4728 χάριν
441 4660 500 4712 τὸ
554 4663 710 4728 γένος
752 4664 935 4730 ἡμῶν,
1002 4666 1203 4731 γεννῶν
1264 4671 1410 4738 ἡμᾶς
1469 4670 1672 4725 ἀνωθεν
1733 4678 1789 4727 ἐν

1884 4678 1960 4731 his
2001 4679 2196 4730 habere
2226 4677 2477 4730 donans:
2522 4687 2579 4729 ut
2612 4691 2716 4727 non
2763 4675 2940 4727 adhuc
2980 4687 3262 4736 speremus
3298 4671 3426 4723 illud

224 4748 502 4816 ῐῐνεύματι
545 4754 708 4820 ἁγίῳ,
759 4755 852 4806 καὶ
894 4757 1057 4822 εὐθὺς
1119 4760 1351 4825 εἰσάγων
1407 4767 1551 4832 ἡμᾶς
1594 4768 1672 4829 εἰς
1693 4769 1790 4835 τὴν

223 4842 502 4910 βασιλείαν
555 4845 662 4898 τῶν
717 4849 994 4916 οὐρανῶν·
1059 4853 1257 4911 μᾶλλον
1311 4854 1364 4906 δὲ
1426 4858 1583 4925 ἡμῶν
1639 4861 1788 4923 ἐντὸς

224 4935 325 5002 τὴν
381 4937 488 4987 τῶν
547 4940 788 5006 οὐρανῶν
853 4941 1130 5007 βασιλείαν
1191 4946 1335 5012 ἔχειν
1393 4952 1520 5017 ἡμῖν
1571 4954 1779 5022 χαριζό-

227 5043 404 5091 μενος,
437 5028 510 5090 ὡς
566 5031 637 5098 μὴ
668 5034 723 5082 ἐν
766 5031 975 5085 ἐλπίσιν
1015 5033 1151 5088 εἶναι
1195 5037 1288 5088 τοῦ
1334 5041 1592 5094 εἰσελθεῖν
1639 5047 1783 5113 ἡμᾶς

221 5119 281 5167 ἐν
336 5120 494 5189 αὐτῇ,
551 5122 669 5173 ἀλλ’
713 5125 769 5174 ἐν
823 5129 1149 5196 κατασχέσει
1191 5131 1390 5200 ταύτης
1416 5133 1573 5199 ὄντας
1621 5137 1779 5208 βοᾷν’

233 5211 418 5279 Ἡμῶεν
442 5215 496 5266 δὲ
521 5217 550 5284 ἡ
576 5215 685 5284 ζωὴ
705 5217 1005 5285 κέκρυπται
1033 5222 1128 5274 σὺν
1151 5222 1226 5290 τῷ
1239 5223 1454 5293 Χριστῷ
1479 5229 1534 5279 ὲν
1554 5229 1626 5298 τῷ
1645 5231 1779 5300 Θεῷ,

293 5305 392 5370 ρθῖ
427 5307 498 5359 Τὸ
517 5308 970 5370 αὖτεξούσιονκαὶ
1002 5313 1459 5386 αὑτοπροαίρετον
1499 5322 1653 5389 ήμῶν
1683 5323 1781 5375 ούκ

215 5397 528 5466 ἀφαιρεῖται
557 5399 615 5450 τὸ
640 5400 941 5468 βάπτισμα,
972 5403 1106 5459 ἀλλὰ
1139 5407 1594 5478 ἐλευθερίανὴμῖν
1623 5416 1780 5482 γαρί·

215 5488 370 5550 ζεται
407 5489 498 5541 τοῦ
535 5492 726 5558 μηκέτι
784 5495 875 5545 καὶ
919 5495 1148 5556 ἄκοντας
1207 5499 1350 5567 ἡμᾶς
1395 5506 1775 5569 τυραννεῖσθαι

1879 4772 2087 4837 ingredi
2120 4790 2131 4823 :
2168 4770 2258 4821 sed
2294 4769 2403 4834 jam
2434 4768 2480 4818 id
2513 4769 2685 4833 ipsum
2725 4765 3066 4830 possidentes
3099 4762 3423 4819 clamemns,

1886 4884 1900 4913 ‹
1945 4862 2135 4914 Nostra
2186 4871 2360 4911 autem
2422 4858 2522 4910 vita
2576 4855 2890 4908 abscondita
2943 4862 3021 4907 est
3053 4867 3177 4905 cum
3212 4851 3426 4903 Christo

1883 4957 1934 5009 in
1969 4957 2075 5005 lito
2104 4955 2168 5003 τ’.
2203 4973 2217 5002 ι

1945 5316 2060 5367 109.
2107 5315 2410 5384 Baptismus
2465 5316 2770 5370 lihertatem
2852 5319 3138 5372 voluntatis
3191 5331 3422 5386 nostrai,

1867 5417 1916 5458 ct
1953 5408 2095 5472 qum!
2150 5409 2358 5473 spontis
2389 5416 2587 5460 nostra!
2615 5419 2720 5467 est,
2755 5409 2975 5460 minime
3005 5411 3182 5463 tollit:
3230 5414 3321 5464 sed
3377 5415 3422 5464 id

1869 5497 2027 5551 nobis
2067 5498 2311 5563 largitur,
2349 5508 2402 5550 ut
2431 5499 2673 5551 nolentes
2714 5498 2961 5552 diabolus
2997 5515 3092 5552 sua
3131 5503 3414 5569 tyrannide

213 5580 320 5632 ὑπὸ
347 5582 438 5634 τοῦ
473 5581 748 5635 διαϐόλου·
778 5585 862 5652 ἐφ’
887 5589 1017 5656 ἡμῖν
1045 5588 1098 5640 δέ
1154 5589 1301 5642 ἐστιν
1334 5594 1467 5658 μετὰ
1500 5594 1558 5646 τὸ
1589 5594 1780 5663 βάπτι-

1895 5590 2087 5654 mplius
2124 5603 2364 5655 prunerc
2391 5603 2491 5640 non
2527 5589 2713 5654 possit.
2749 5587 2800 5641 In
2834 5600 3019 5644 nostro
3057 5601 3231 5644 antt-m
3269 5593 3416 5645 arbi-

762 5741 789 5768 P.‘

293 5740 338 5768 ⁵⁸
369 5740 573 5795 Cultss-
640 5757 716 5798 nt.
759 5741 809 5796 5.
889 5745 927 5774 ¹¹
965 5744 1092 5797 ihid.
1143 5748 1192 5799 5.
