4136 6338
291 394 398 457 σῆθ

1551 395 1820 458 CAPITA
1859 397 2192 463 MORALIA
2213 449 2216 452 ι

3386 425 3490 482 670

296 504 472 575 τούτῳ
503 505 563 558 οὐ
614 505 774 576 μόνον
801 506 862 560 τὸ
889 507 982 585 τῇς
1007 508 1312 574 κενοδοξίας
1351 521 1520 575 παυος
1542 515 1727 582 ριζοῦν
1757 518 1854 586 ἄρ·
1879 524 1917 569 Α

1879 524 1917 569 Α
1949 517 2216 582 superbia;
2251 519 2440 573 Hliﬂlﬂ
2485 519 2537 574 in
2576 531 2626 577 te
2656 525 2887 582 radit-ari
2923 526 3167 597 incipiat,
3204 538 3294 584 sed
3327 531 3486 584 etiam

298 614 451 668 χεται
479 600 536 650 ἐν
566 599 667 659 σοὶ,
694 599 828 652 ἀλλὰ
853 600 946 652 καὶ
965 601 1190 671 μισητὸς
1218 603 1369 671 παρὰ
1393 603 1486 657 τοῦ
1515 607 1852 673 προεστῶτος

295 692 502 760 γενήσῃ
525 705 538 719 ·
562 690 622 743 τὸ
651 691 706 744 δὲ
732 693 848 750 πῶς
881 696 910 745 ό
961 694 1096 746 νοῶν
1122 695 1308 747 νοείτω
1327 710 1340 724 ⁶
1368 696 1596 759 καθέζου
1626 699 1682 750 δὲ
1701 699 1758 750 ἐν
1775 700 1851 768 τῷ

295 780 489 849 κελλίῳ
523 798 640 847 σου,
671 778 780 835 οἷον
820 783 847 834 δ
892 783 957 836 ἂν
987 782 1156 849 ἐστιν,
1188 787 1245 838 ἐν
1273 788 1464 858 εἰρήνῃ
1484 803 1498 817 ·
1532 789 1624 839 καὶ
1657 788 1733 857 τῷ
1765 789 1852 842 θέ-

295 868 439 922 λοντί
454 886 533 922 σοι
553 874 830 942 συντυχεῖν
851 874 922 941 μὴ
942 874 1315 945 ἀποστραφῇς,
1340 875 1523 928 ἕνεκεν
1543 877 1847 943 εὐλαϐείας,

296 958 432 1012 ἀλλὰ
462 962 652 1032 γνώμῃ
685 966 923 1032 πατρικῇ
952 965 1123 1035 τούτῳ
1143 966 1435 1036 συντυχὼν,
1469 968 1530 1020 οὐ
1578 969 1843 1042 βλαϐήσῃ,

298 1049 347 1098 εί
375 1051 468 1101 καὶ
497 1053 558 1102 ἐκ
587 1052 694 1102 τῶν
719 1055 977 1107 ἐναντίων
999 1059 1142 1110 ἐστίν
1162 1078 1174 1090 ο
1208 1064 1252 1111 εί
1277 1061 1328 1112 δὲ
1351 1066 1446 1132 οὐχ
1475 1066 1602 1134 ἐρᾷς
1633 1069 1844 1137 συμφέο

300 1154 391 1203 ρον
421 1138 594 1202 τοῦτο,
625 1141 700 1210 τῷ
726 1145 909 1214 σκοπῷ
936 1147 1028 1198 τοῦ
1059 1137 1542 1217 ὼφελουμένοιίδεϊ
1563 1155 1845 1214 ἐξακολου-

293 1227 421 1280 Οεῖν.

378 1354 516 1413 ρκα’.
552 1347 641 1396 Δῖῖ
665 1346 716 1397 δὲ
748 1345 1036 1406 διαπαντὸς
1067 1345 1155 1397 τὸν
1182 1343 1271 1396 τοῦ
1306 1344 1439 1398 Θεοῦ
1472 1346 1633 1411 φόϐον
1689 1342 1850 1412 ἔχειν,

298 1436 393 1484 καὶ
429 1435 547 1485 καθ’
571 1435 806 1502 ἑκάστην
831 1436 1022 1486 ἑαυτὸν
1052 1434 1382 1503 ἀνακρίνειν.
1415 1436 1465 1486 τί
1496 1436 1591 1502 μὲν
1627 1435 1850 1500 ἀγαθὸν,

296 1522 349 1573 τί
383 1521 438 1574 δὲ
468 1523 573 1573 τῶν
606 1523 821 1588 φαύλων
852 1524 1165 1591 πέπρακταί
1197 1540 1307 1575 σοι·
1340 1523 1433 1574 καὶ
1455 1522 1560 1574 τῶν
1589 1523 1685 1590 μὲν
1715 1523 1851 1587 ἀγα-

298 1612 404 1663 θῶν
429 1613 595 1680 λήθην
630 1614 916 1671 ποιεῖσθαι,
959 1615 1153 1682 μήπως
1185 1614 1260 1680 τῷ
1298 1613 1397 1681 τῆς
1425 1613 1725 1676 κενοδοξίας
1748 1613 1853 1665 πά-

297 1703 377 1754 θει
407 1704 731 1771 περιπέσῃς·
765 1704 854 1754 ἐπὶ
877 1705 931 1754 δὲ
963 1707 1071 1762 τοῖς
1100 1704 1378 1765 ἐναντίοις,
1406 1702 1634 1772 δάκρυσι
1659 1702 1852 1769 κεχρῆ-

298 1793 418 1844 σθαι
459 1793 572 1858 μετ’
608 1793 1042 1860 ἐξομολογήσεως
1093 1793 1182 1843 καὶ
1215 1793 1518 1860 προσευχῆς
1579 1791 1911 1883 συντόνου.Β

300 1884 484 1936 Ἔστω
515 1883 570 1934 δὲ
605 1885 638 1951 ή
676 1885 958 1951 ἀνάκρισις
991 1882 1160 1935 οὕτωο
1197 1882 1542 1949 τελεσθείσης
1592 1883 1690 1949 τῆς
1719 1882 1849 1950 ἡμέ-

298 1991 418 2041 ρας,
453 1973 547 2027 καὶ
574 1975 664 2040 τῆς
690 1975 922 2041 ἑσπέρας
958 1972 1395 2038 καταλαϐούσης,
1431 1973 1485 2023 ἐν
1517 1970 1692 2038 ἐαυτῷ
1735 1971 1850 2022 δια-

295 2064 629 2130 λογίζεσθαι·
664 2061 872 2132 νΑρὸιγε
902 2081 1035 2124 πως,
1071 2066 1134 2129 τῇ
1190 2061 1409 2130 βοηθείᾳ
1451 2060 1544 2111 τοῦ
1571 2059 1728 2121 Θεοῦ,
1755 2059 1851 2129 τὴν

295 2156 508 2224 ἡμέραν
527 2154 833 2222 παρῆλθον;
856 2155 944 2223 Μή
971 2171 1092 2204 τινα
1125 2153 1438 2221 κατέκρινα,
1465 2151 1851 2218 ἢέλοιδόρησα,

297 2242 330 2309 ἢ
387 2242 766 2301 ἐσκανδάλισα,
818 2241 1138 2310 ἦεῖςτινος
1184 2240 1304 2307 ὖψιν
1346 2239 1607 2307 ἐμπαθῶς
1655 2238 1849 2307 προσέ-

295 2329 489 2398 ϐλεψα,
523 2329 554 2397 ή
587 2330 676 2380 τοῦ
727 2328 1142 2388 ἐπιστατοῦντος
1178 2331 1234 2379 ἐν
1282 2330 1345 2395 τῇ
1391 2328 1633 2396 διακονίᾳ
1689 2329 1854 2396 παρή-

294 2437 484 2475 κουσα.
515 2420 604 2472 καὶ
632 2420 796 2487 αὐτῆς
820 2420 1086 2488 ἠμέλησα,
1129 2418 1161 2486 ἢ
1187 2418 1462 2486 ὠργίσθην
1486 2420 1609 2480 τινὶ,
1639 2418 1669 2487 ἢ
1703 2421 1756 2469 ἐν
1787 2421 1849 2486 τῇ

299 2506 515 2570 συνάξει
543 2509 777 2569 ἐστῶτός
812 2526 933 2576 μου,
964 2508 1053 2559 τὸν
1081 2507 1204 2560 νοῦν
1232 2509 1308 2568 εἰς
1341 2508 1588 2575 ἀνωφελῆ
1622 2508 1854 2575 ἀπησχό-

294 2600 453 2665 λησα,
482 2601 512 2666 ἦ
548 2599 786 2667 ῥᾳθυμίᾳ.
820 2597 1122 2666 βαρυνθεὶς,
1159 2597 1257 2663 τῆς
1301 2597 1619 2663 Ἐκκλησίας
1647 2599 1735 2646 καὶ
1759 2595 1849 2647 τοῦ

287 2688 509 2748 κανόνος
549 2689 823 2756 ἀπέστην;
860 2687 1026 2738 Ὅταν
1052 2687 1107 2736 δὲ
1153 2688 1208 2736 ἐν
1239 2685 1444 2746 τούτοις
1476 2689 1602 2736 πᾶσι
1631 2685 1854 2736 σεαυτὸν

284 2779 574 2830 ἀνεύθυνον
597 2777 762 2848 εὕρῃς
794 2779 950 2845 (ὅπερ
985 2777 1263 2837 ἀδύνατον,
1319 2777 1490 2837 οὐδεὶς
1539 2776 1646 2842 γὰρ
1681 2775 1849 2826 καθα-

289 2872 378 2934 pb;
411 2869 516 2920 ἀπὸ
545 2869 715 2936 ῥύπου
767 2868 873 2920 οὐδ’
897 2871 962 2921 ἂν
992 2869 1088 2937 μίᾳ
1138 2869 1318 2937 ἡμέρᾳ
1347 2868 1441 2934 τῆς
1475 2867 1617 2930 ζωῆς
1653 2865 1848 2917 αὑτοῦ·

286 2962 376 3010 ν.α“·
401 2960 569 3020 οὐδεὶς
591 2961 922 3027 καυχήσεται
955 2960 1122 3027 ἁγνὴν
1147 2960 1289 3025 ἐχειν
1313 2958 1406 3025 τὴν
1434 2957 1707 3025 καρδίανκ,
1730 2958 1849 3008 τότε

284 3049 420 3113 πρὸς
452 3049 540 3099 τὸν
567 3049 696 3099 Θεὸν
725 3049 859 3117 μετὰ
891 3048 1100 3100 πολλῶν
1132 3046 1378 3116 δακρύων
1406 3046 1594 3114 βόησον
1616 3062 1628 3074 ’
1651 3047 1844 3114 Κύρπ,

1950 606 2172 662 odiosus
2205 610 2470 678 superiori
2508 622 2600 667 tuo
2631 615 2727 688 ﬂas
2753 618 2875 686 (boc
2906 629 3087 672 autem
3119 620 3356 688 prudens
3403 622 3489 674 itt-

1946 697 2189 770 t'elliget).
2220 702 2419 758 Verum
2445 708 2570 762 sede
2599 709 2812 776 quietus
2844 713 2895 764 in
2923 722 3010 766 tua
3033 713 3249 774 cellula,
3282 715 3492 783 qualis-

1944 801 2176 859 cumque
2223 793 2322 857 sit;
2376 802 2430 848 et
2477 796 2741 852 volentem
2800 807 2850 852 te
2889 800 3080 870 alloqui
3145 816 3212 855 ne
3263 803 3490 871 repellas

1945 891 2164 946 propter
2197 882 2470 950 pietatem,
2525 886 2620 940 sed
2677 897 2899 955 paterna
2942 893 3310 946 benevolentia
3364 907 3487 944 cum

1944 983 2008 1022 eo
2039 971 2373 1040 colloquens,
2401 991 2593 1029 noxam
2623 993 2726 1030 non
2759 979 3001 1045 patieris,
3029 981 3237 1034 etiamsi
3266 989 3390 1037 tuus
3419 983 3491 1037 sit

1942 1058 2195 1117 inimicus
2229 1079 2243 1116 :
2275 1065 2416 1132 quod
2448 1068 2489 1120 si
2534 1068 2632 1122 boc
2687 1085 2791 1122 non
2823 1071 3036 1136 judicas
3063 1071 3214 1135 utile,
3251 1071 3388 1126 intra
3422 1073 3488 1126 li-

1943 1151 2104 1208 mites
2133 1153 2383 1211 utilitatis
2413 1167 2620 1226 oportet
2649 1162 2966 1217 consistere.

2013 1338 2136 1392 ﬁl.
2169 1336 2391 1407 Oportet
2417 1347 2595 1396 autem
2624 1357 2831 1410 seraper
2864 1346 3026 1398 Deum
3061 1345 3273 1407 timere,
3299 1352 3351 1399 et
3375 1347 3489 1398 sin-

1941 1431 2082 1497 gulis
2113 1431 2300 1486 diebus
2336 1442 2500 1488 temet
2540 1435 2870 1497 examinare,
2900 1437 3027 1502 quid
3070 1437 3195 1489 boni
3241 1438 3320 1491 vel
3355 1437 3485 1504 quid

1943 1522 2067 1572 mali
2106 1520 2298 1587 ieceris
2325 1539 2340 1585 ;
2370 1531 2421 1575 et
2468 1523 2731 1577 bonorum
2759 1525 2975 1593 quidem
3005 1527 3272 1587 oblivisci,
3317 1543 3383 1581 ne
3431 1528 3483 1580 in

1941 1613 2205 1679 superbire
2238 1614 2423 1666 vitium
2453 1615 2679 1678 incidas;
2713 1630 2872 1683 super
2907 1617 3058 1669 malis
3091 1623 3268 1670 autem
3304 1619 3489 1684 cperi-

1940 1703 2041 1758 bus
2074 1706 2336 1775 lacrymas
2370 1706 2593 1760 fundere
2634 1723 2754 1760 cum
2788 1709 3103 1776 pmnitentia
3141 1717 3194 1760 et
3233 1708 3484 1774 precibus

1941 1795 2235 1847 continuis.
2276 1793 2441 1848 Porro
2495 1795 2572 1848 sic
2608 1810 2667 1851 se
2713 1796 2906 1850 habeat
2932 1810 3160 1850 examen
3195 1812 3209 1847 :
3242 1795 3329 1848 die
3361 1809 3482 1859 per-

1941 1893 2060 1938 acta
2090 1893 2143 1938 et
2174 1900 2393 1951 vespere
2419 1885 2762 1949 succedente,
2794 1887 2930 1938 hanc
2971 1894 3145 1938 tecum
3203 1884 3368 1938 redde
3402 1899 3488 1936 ra-

1940 1975 2139 2029 tionem
2169 1994 2180 2027 :
2215 1993 2233 2025 (
2267 1976 2346 2028 An
2375 1975 2606 2044 aliquem
2634 1975 2898 2042 judicavi,
2933 1986 3023 2027 aut
3051 1973 3355 2042 objurgavi,
3393 1983 3487 2024 aut

1941 2064 2320 2124 scandalizavi,
2353 2073 2444 2116 aut
2483 2063 2711 2130 alicujus
2740 2064 2942 2115 vultum
2975 2070 3233 2129 proterve
3267 2061 3481 2127 aspexi,

1942 2160 2032 2204 aut
2059 2150 2310 2217 prmfecto
2334 2152 2610 2202 ministerii
2642 2165 2748 2202 non
2783 2150 3169 2216 obtemperavi,
3202 2149 3486 2216 ipsumque

1941 2240 2297 2294 ministerium
2350 2241 2601 2308 neglexi?
2648 2255 2773 2292 num
2818 2239 2972 2291 alicui
3013 2238 3180 2294 iratus
3217 2251 3357 2299 sum,
3391 2244 3486 2288 aut

1941 2333 2005 2384 ad
2041 2346 2247 2384 sacram
2297 2331 2542 2398 synaxim
2588 2339 2738 2384 stans
2775 2339 3004 2384 mentem
3049 2329 3112 2381 ad
3146 2327 3317 2380 {utilia
3353 2341 3485 2380 con-

1938 2429 2113 2484 verto,
2143 2431 2234 2475 aut
2263 2430 2479 2488 torpore
2525 2432 2781 2486 gravatus
2828 2423 2896 2472 ab
2944 2419 3170 2474 ecclesia
3220 2426 3274 2471 et
3306 2414 3480 2470 oﬂicio

1939 2513 2203 2565 canonico
2263 2512 2449 2564 abl‘ui?
2495 2532 2510 2561 ι
2562 2511 2694 2565 Cum
2732 2521 2911 2565 autem
2979 2510 3030 2562 in
3094 2511 3178 2562 his
3227 2508 3478 2561 omnibus

1940 2601 2171 2668 teipsum
2210 2602 2740 2668 irrepreltensibilem
2772 2599 3044 2652 inveneris
3077 2601 3238 2667 (quod
3276 2602 3477 2667 impos-

1940 2689 2093 2743 sibile
2123 2699 2225 2754 est,
2258 2705 2415 2744 nemo
2439 2691 2578 2743 enim
2611 2699 2694 2744 cst
2724 2691 2840 2744 sine
2871 2690 3105 2754 macula,
3140 2705 3204 2742 ne
3233 2703 3340 2742 uno
3367 2689 3462 2757 qui

1939 2781 2058 2836 dem
2097 2782 2183 2834 die
2207 2783 2327 2834 vitze
2351 2797 2485 2842 sum,
2530 2796 2628 2836 nec
2671 2781 2812 2834 ullus
2858 2780 3182 2849 gloriabitur
3206 2779 3345 2848 quod
3385 2780 3468 2832 ba-

1939 2871 2063 2925 beat
2104 2887 2198 2926 cor
2247 2870 2783 2940 iucontaminatum);
2820 2880 2948 2924 tunc
2981 2873 3047 2924 ad
3081 2871 3245 2925 Deum
3299 2869 3480 2922 multis

1939 2980 2062 3019 cum
2099 2964 2356 3032 l'acrymis
2407 2965 2575 3015 clama
2621 2980 2633 3013 :
2690 2982 2708 3012 ι
2754 2963 3026 3050 Domine.’
3059 2961 3306 3015 condoua
3352 2958 3482 3012 mihi

1938 3053 2199 3119 quidquid
2241 3068 2420 3120 opere,
2472 3052 2656 3110 verbo.
2707 3042 3034 3118 cogitatione
3077 3060 3129 3103 et
3182 3048 3483 3118 ignorantia

286 3136 634 3204 συγχώρησον
692 3153 800 3205 μοι,
823 3138 920 3188 ὃσα
950 3140 1004 3188 ἐν
1039 3137 1182 3204 ἔργῳ
1216 3153 1270 3188 τε
1293 3137 1383 3188 καὶ
1415 3137 1552 3202 λόγῳ
1591 3135 1681 3186 καὶ
1714 3133 1842 3198 we"-
1863 3161 1906 3216 Ο

1640 3135 1681 3186 1‘-
1714 3133 1842 3198 Ταῖ’-
1863 3161 1906 3216 c
1938 3145 2172 3210 deliqui;
2207 3144 2257 3194 in
2294 3143 2474 3194 multis
2504 3143 2643 3194 enim
2680 3141 3001 3194 olTendimus
3029 3142 3216 3196 nescii.
3255 3160 3273 3193 ι

291 3243 376 3277 σει
425 3230 518 3277 καὶ
565 3228 756 3296 ἀγνοίᾳ
787 3227 1030 3295 ἥμαρτον
1054 3241 1064 3254 ·
1093 3226 1258 3277 πολλὰ
1288 3227 1394 3292 γὰρ
1436 3225 1718 3292 πταίομεν,
1756 3225 1849 3273 καί

283 3315 344 3366 οὐ
371 3315 726 3381 γινιῖλσκομεν.

361 3405 500 3473 ρλβ’.
537 3409 624 3456 Δεῖ
663 3406 718 3457 δὲ
757 3407 873 3457 καθ’
903 3405 1139 3470 ἑκάστην
1177 3403 1519 3474 ἐξαγορεύειν
1555 3404 1730 3456 πάντα
1759 3404 1848 3453 λο-

286 3497 502 3562 γισμὸν,
535 3498 667 3563 προς
702 3496 790 3548 τὸν
821 3497 1186 3562 πνευματικὸν
1231 3498 1465 3562 Πατέρα,
1499 3496 1589 3546 καὶ
1622 3495 1682 3546 τὸ
1719 3510 1827 3558 παρ

285 3585 452 3637 αὐτοῦ
484 3602 564 3635 σοι
598 3586 906 3652 λεγόμενον,
926 3584 998 3646 ὡς
1030 3588 1092 3635 ἐκ
1123 3585 1275 3636 θείου.
1303 3587 1564 3653 στόματος
1592 3585 1840 3651 δέχεσθαι

284 3677 346 3726 ἐν
381 3677 527 3743 πάσῃ
555 3675 912 3742 πληροφορίᾳ,
941 3676 1034 3726 καὶ
1059 3677 1128 3744 μὴ
1154 3675 1286 3742 προς
1311 3674 1495 3742 ἐτερῦν
1521 3691 1637 3726 τινα
1671 3673 1842 3725 ταῦτα

287 3766 600 3834 προψέρειν,
631 3765 702 3825 ὼς
750 3765 828 3816 ὅτι
857 3763 928 3816 Τὸ
988 3767 1080 3816 καὶ
1109 3765 1167 3815 τδ
1197 3764 1565 3833 ἐρωτήσαντός
1601 3782 1697 3831 μου
1753 3763 1842 3814 τὸν

285 3856 525 3925 Πατέρα,
576 3857 688 3906 τόδε
725 3862 812 3923 μοι
866 3855 1258 3922 ἀπεφθέγξατο,
1296 3857 1385 3907 καὶ
1441 3856 1486 3906 εί
1521 3855 1624 3925 ἄρα
1666 3855 1841 3916 καλῶς

287 3947 603 4014 ἀπεφήνατο
634 3948 663 4014 ἢ
697 3946 777 4008 οὗ,
845 3948 937 3997 καὶ
987 3947 1039 3997 τί
1075 3947 1182 4015 ἄρα
1236 3946 1429 4011 ὁςείλω
1461 3947 1662 4015 πρᾶξαι
1709 3946 1840 4013 προς

286 4035 607 4102 θεραπείαν;
646 4035 814 4085 ταίτα
862 4036 969 4101 γὰρ
1004 4037 1071 4085 τὰ
1115 4038 1332 4103 ῥήματα
1368 4035 1620 4096 ἀπιστίας
1673 4035 1835 4102 μεστᾶ

287 4128 420 4195 πρὸς
441 4127 527 4178 τὸν
554 4128 767 4194 Πατέρα
817 4128 909 4177 καὶ
928 4127 1258 4195 ψυχοϐλαϐἧ,
1295 4127 1367 4188 ὡς
1401 4129 1489 4177 ἐπὶ
1514 4126 1573 4177 τὸ
1597 4126 1842 4176 πλεῖστον

284 4215 341 4266 δὲ
378 4215 693 4283 συμϐαίνειν
722 4216 877 4267 εἴωθε
904 4219 1010 4278 τοῖς
1028 4217 1323 4285 ἁρχαρίοις.

359 4303 496 4374 ρκγ’.
525 4308 614 4358 Δεῖ
668 4307 724 4358 δέ
759 4308 962 4369 πάντας
996 4307 1118 4368 τοῦς
1180 4309 1234 4357 ὲν
1263 4306 1511 4374 κοινοὸίῳ
1545 4306 1618 4366 ὡς
1657 4306 1839 4371 ἁγίους

287 4397 521 4467 βλέπειν,
559 4399 656 4450 καὶ
683 4401 838 4465 μόνον
889 4399 1078 4450 ἑαυτὸν
1124 4397 1446 4465 ἁμαρτωλὸν
1498 4399 1590 4448 καὶ
1618 4397 1838 4464 ἔσχατον

2013 3403 2132 3458 £22.
2171 3403 2392 3472 Oportet
2424 3406 2584 3458 etiam
2633 3405 2860 3475 singulis
2897 3404 3086 3458 diebus
3136 3404 3360 3458 reddere
3394 3416 3480 3456 ra-

1938 3496 2140 3549 tionem
2178 3496 2324 3547 Patri
2375 3496 2675 3563 spirituali,
2704 3503 2755 3548 el
2800 3494 3058 3563 quidquid
3107 3495 3199 3547 tibi
3251 3495 3480 3556 dixerit,

1937 3595 2192 3654 tanquam
2226 3601 2288 3639 ex
2327 3600 2418 3638 ore
2450 3586 2630 3639 divino
2656 3587 2904 3654 excipere
2937 3602 3058 3639 cum
3093 3587 3235 3640 omni
3263 3587 3478 3646 fiducia,

1936 3692 2035 3730 nec
2062 3678 2155 3729 ulli
2191 3677 2441 3735 alteriea
2481 3677 3025 3739 revelare..dicendo,
3073 3677 3218 3730 verbi
3265 3677 3430 3744 gratia
3468 3694 3479 3727 :

1941 3788 1960 3819 ς
1996 3768 2108 3822 Hoc
2137 3777 2189 3822 et
2219 3769 2348 3821 illud
2381 3783 2409 3819 a
2469 3769 2620 3820 Patre
2654 3769 3010 3835 percontanti,
3053 3768 3154 3820 hoc
3192 3767 3323 3820 mihi
3364 3783 3481 3820 res-

1937 3860 2154 3927 pondit;
2199 3878 2214 3906 ι
2251 3860 2330 3911 vel
2380 3867 2557 3910 utrum
2593 3859 2726 3910 bene
2757 3859 3079 3910 sententiam
3128 3859 3480 3926 exposuerit,

1935 3965 2001 4001 an
2041 3965 2184 4009 non;
2216 3950 2297 4001 vel
2335 3969 2346 4001 :
2385 3967 2400 3997 ι
2440 3947 2575 4010 Quid
2609 3961 2737 4016 ergo
2771 3949 2932 4002 debeo
2966 3949 3138 4002 facere
3171 3952 3234 4001 ad
3272 3947 3347 3999 illi
3396 3961 3481 4000 sa-

1939 4038 2358 4090 tisfaciendum?
2397 4057 2413 4087 ›
2449 4037 2571 4091 [Lee
2602 4041 2743 4093 enim
2782 4039 2942 4092 verba
2971 4048 3096 4093 sunt
3135 4039 3287 4106 plena
3329 4037 3477 4093 diﬂ'i-

1935 4126 2130 4178 dentim
2155 4143 2275 4194 erga
2321 4127 2524 4179 l‘atrem
2550 4167 2565 4191 ,
2608 4136 2659 4178 et
2691 4129 2880 4180 animae
2911 4127 3123 4189 nociva,
3159 4135 3227 4188 ut
3245 4127 3480 4194 plerum-

1935 4233 2037 4284 que
2068 4218 2309 4268 accidere
2343 4219 2474 4269 solet
2518 4218 2759 4272 novitiis.

2007 4304 2126 4355 ΗΒ.
2153 4303 2372 4371 Oportet
2405 4319 2592 4357 omnes
2623 4306 2675 4357 in
2711 4305 2958 4359 coenobio
2992 4306 3231 4361 viventes
3264 4315 3323 4361 ut
3356 4322 3481 4378 san-

1935 4403 2048 4446 ctos
2078 4395 2297 4454 habere,
2332 4394 2565 4460 seipsum
2597 4401 2774 4447 autem
2802 4395 2975 4448 solum
3002 4405 3338 4462 peccatorem
3367 4413 3483 4451 om-

285 4487 664 4556 ἐννοούμενον·
698 4488 778 4538 ὅτι
827 4489 1039 4540 πάντων
1086 4486 1424 4555 σωζομένων,
1479 4487 1634 4549 αὐτὸς
1685 4471 1906 4553 μόνοςι)

1863 4471 1906 4525 1)
1935 4484 2189 4551 niumque
2221 4484 2458 4536 intimum
2502 4483 2841 4548 existimare;
2871 4486 3189 4553 caeleri‘sque
3239 4487 3480 4552 salvatis,

285 4577 682 4647 κολασθήσετατ
707 4579 764 4630 ὲν
786 4582 847 4646 τῇ
878 4580 1056 4648 ἡμέρᾳ
1086 4580 1294 4646 ἐκείνῃ-
1328 4579 1418 4630 καὶ
1444 4579 1498 4628 ἐν
1529 4581 1592 4646 τῇ
1628 4578 1838 4641 συνάξει

283 4669 344 4722 δὲ
377 4671 657 4737 ἱστάμενος
678 4669 847 4720 ταῦτα
872 4669 1090 4730 ἐννοῶν,
1120 4670 1191 4737 μὴ
1236 4668 1414 4738 παύσῃ
1447 4670 1503 4721 ἐν
1554 4667 1838 4730 κατανύξει

285 4759 497 4811 κλαίειν
526 4760 744 4828 θερμῶς
763 4776 775 4789 ·
813 4759 884 4829 μὴ
921 4760 1238 4828 ποιούμενος
1262 4759 1414 4825 λόγον
1458 4761 1563 4811 τῶν
1588 4763 1663 4820 είς
1685 4759 1840 4810 τοῦτο

285 4851 876 4919 σκανδαλιζομένων,ἣ
942 4852 1032 4920 καὶ
1083 4851 1455 4904 σκωπτόντων.
1513 4853 1574 4902 El.
1604 4851 1656 4902 δὲ
1709 4851 1836 4919 ὁρᾷς

301 4941 523 4994 σεαυτὸν
579 4943 642 4993 ὲκ
692 4941 878 4992 τούτου
938 4945 1018 5003 είς
1073 4943 1370 5005 κενοδοξίαν
1423 4941 1786 4993 ὀλισθαίνοντα
1817 4980 1832 5002 ,

286 5029 638 5099 ἐξερχόμενος
669 5030 763 5098 τῆς
808 5032 1152 5098 Ἐκκλησίας,
1182 5033 1236 5082 ἐν
1255 5030 1478 5099 κρυπτῷ
1501 5029 1654 5083 τοῦτο
1676 5029 1835 5091 ποίει,

287 5121 442 5185 αὖθις
461 5125 664 5192 ταχέως
695 5122 828 5191 πρὸς
855 5123 944 5174 τὸν
975 5121 1101 5173 ἴδιον
1125 5123 1284 5173 τόπον
1305 5121 1801 5188 ἀποκαθιστάμενος
1820 5135 1836 5150 ·

285 5217 446 5269 τοῦτο
477 5217 582 5286 γὰρ
621 5215 754 5284 πρὸς
807 5214 929 5270 τοὺς
956 5213 1247 5281 ἀρχαρίους
1297 5213 1439 5281 μάλα
1494 5213 1605 5264 ἐστὶ
1641 5211 1833 5263 καλόνο

291 5304 490 5371 μᾶλλον
523 5303 683 5369 ἐντῷ
733 5302 1045 5370 ἐξαψὰλμῳ,
1092 5301 1184 5352 καὶ
1244 5304 1308 5370 τῇ
1359 5301 1683 5371 στιχολογίᾳ,
1746 5302 1837 5353 καὶ

284 5396 354 5462 τῇ
394 5392 712 5459 ἀναγνώσει,
747 5393 841 5443 καί
893 5395 956 5459 τῇ
987 5390 1107 5457 θείᾳ
1136 5389 1466 5458 λειτουργίᾳ.
1505 5389 1742 5459 Πρόσεχε
1780 5390 1836 5441 δὲ

284 5485 380 5537 τοῦ
403 5485 475 5552 μὴ
513 5484 831 5549 κατακρῖναί
860 5499 997 5544 τινα,
1033 5482 1166 5532 ἀλλὰ
1217 5482 1372 5532 τοῦτο
1410 5481 1501 5531 θοῦ
1546 5483 1604 5531 ἐν
1632 5481 1724 5549 νῷ,
1758 5481 1836 5532 ὅτι

285 5577 400 5627 ὅσοι
461 5574 711 5644 βλέπουσί
765 5591 828 5642 με
875 5573 1043 5629 οὕτως
1071 5573 1480 5641 ὀλοφυρόμενον,
1536 5573 1835 5633 ἐννοοῦντες

288 5665 736 5733 τιολυαμοὶρτητον
764 5660 898 5715 εἷναί
924 5680 1011 5732 με,
1044 5663 1425 5733 ὑπερεύχονται
1447 5663 1541 5731 τῆς
1571 5664 1708 5731 ἐμῆς
1733 5680 1837 5714 σω-

286 5757 479 5821 τηρίας
503 5771 512 5780 ·
539 5758 626 5806 καὶ
658 5757 866 5815 πάντως
898 5752 1050 5805 τοῦτο
1075 5753 1157 5804 ἀεὶ
1182 5753 1536 5821 ἐννοούμενος,
1573 5753 1661 5804 καὶ
1689 5753 1836 5807 ἀδια-

1937 4577 2109 4627 solum
2146 4591 2200 4628 se
2234 4576 2284 4625 in
2317 4574 2403 4627 die
2439 4574 2630 4640 judicii
2685 4588 2808 4625 esse
2861 4575 3214 4641 puniendum.
3265 4575 3479 4644 Atque,

1934 4682 2052 4717 cum
2088 4667 2136 4715 in
2168 4679 2319 4715 sacra
2354 4665 2540 4733 synaxi
2577 4674 2741 4723 astas,
2785 4664 2896 4715 haec
2928 4663 3169 4733 cogitans
3193 4703 3207 4728 ,
3243 4680 3310 4719 ne
3340 4666 3481 4719 desi-

1934 4771 2031 4808 nas
2060 4771 2179 4808 cum
2213 4757 2632 4822 compunctione
2663 4753 2854 4807 calidis
2898 4752 3025 4806 ﬂere
3061 4753 3316 4823 lacrymis
3342 4794 3357 4819 ,
3395 4758 3480 4810 ni-

1934 4847 2006 4897 bil
2042 4861 2241 4898 curans
2277 4846 2342 4896 de
2380 4846 2445 4897 iis
2484 4845 2572 4911 qui
2608 4845 2672 4896 de
2706 4847 2804 4897 boc
2828 4845 3261 4897 scandalizentur
3295 4846 3374 4896 vel
3407 4846 3479 4896 ri-

1930 4940 2079 4990 dent.
2109 4937 2162 4990 Si
2195 4945 2370 4988 autem
2411 4936 2608 4989 videris
2637 4935 2866 5003 teipsum
2911 4935 3031 4987 inde
3075 4937 3127 4986 in
3160 4935 3472 5002 superbiam

1931 5029 2235 5090 cadentem,
2270 5042 2524 5096 egressus
2574 5042 2637 5080 ex
2692 5027 2939 5090 ecclesia,
2985 5029 3038 5079 in
3079 5029 3294 5082 occulto
3346 5027 3476 5080 illud

1930 5117 2034 5180 fac,
2067 5126 2118 5170 et
2150 5118 2298 5170 brevi
2333 5119 2382 5170 iu
2412 5118 2686 5186 proprium
2719 5119 2895 5172 locum
2934 5132 3125 5173 rursus
3167 5127 3217 5172 te
3251 5119 3428 5186 recipe
3460 5136 3474 5171 :

1930 5206 2030 5258 hoc
2060 5207 2200 5258 enim
2238 5220 2335 5273 pro
2383 5207 2600 5258 novitiis
2652 5206 2913 5273 optimum
2968 5215 3072 5270 est,
3127 5205 3359 5259 maxime
3423 5207 3474 5258 in

1929 5298 2259 5365 psalmorum
2294 5301 2724 5364 bymnorumque
2755 5307 2912 5350 cantu
2939 5335 2955 5359 ,
2993 5297 3043 5348 iu
3078 5297 3304 5350 lectione
3337 5307 3389 5350 et
3423 5297 3474 5349 in

1925 5386 2103 5440 divina
2133 5385 2392 5455 Liturgia.
2417 5387 2559 5440 Cave
2585 5395 2760 5439 autem
2791 5403 2855 5440 ne
2882 5402 3204 5455 quemquam
3233 5385 3464 5450 iudices,

1929 5480 2020 5535 sed
2060 5481 2160 5534 hoc
2197 5481 2248 5533 in
2302 5490 2478 5533 mente
2536 5495 2716 5548 pone:
2753 5499 2770 5530 ι
2808 5480 3081 5548 Quotquot
3145 5479 3330 5532 vident
3390 5496 3474 5532 me

1928 5575 2004 5627 sic
2037 5583 2356 5642 gementem,
2401 5581 2651 5639 putantes
2678 5587 2759 5625 me
2789 5587 3038 5638 magnum
3069 5587 3188 5625 esse
3219 5581 3472 5638 peccato-

1928 5678 2062 5723 rem,
2093 5673 2248 5712 erant
2286 5675 2382 5728 pro
2409 5675 2521 5714 mea
2554 5658 2745 5712 Salute.
2778 5676 2795 5707 ι
2824 5656 2887 5710 Et
2913 5659 2983 5710 ita
3013 5657 3233 5709 omnino
3263 5667 3475 5722 semper

1927 5753 2168 5822 Cogitans
2203 5761 2256 5806 et
2291 5751 2656 5805 indesinenter
2689 5765 2885 5819 agens,
2920 5749 3148 5802 multum
3195 5745 3470 5815 proﬁcies,
