4156 6344
637 392 732 457 6ῗῖ

1798 389 2178 452 SYMEONIS
2230 385 2598 448 JUNIORIS

3752 387 3861 451 672

640 509 839 578 Deique
868 514 1095 581 gratiam
1129 516 1225 570 tibi
1256 514 1611 576 conciliabis,
1646 529 1707 567 ac
1736 516 1929 567 divina:
1963 511 2194 567 felicita-

2275 507 2529 570 leirttw;
2553 506 2802 569 ἐκτελῶν,
2842 506 3091 575 μεγάλως
3120 506 3465 577 ῶρεληθήσῃ,
3506 506 3599 559 καὶ
3623 506 3717 577 τὴν
3758 508 3853 559 τοῦ

639 603 709 657 tis
738 606 1008 675 particeps
1036 607 1151 660 lies.

709 781 833 835 1‘24.
877 782 954 836 Ne
986 785 1147 837 ullius
1190 784 1351 838 adeas
1379 782 1648 842 cellulam,
1708 790 2065 850 praeterquam
2110 796 2200 834 su-

640 874 898 941 perioris,
927 882 978 927 et
1009 875 1149 928 hanc
1179 875 1340 928 etiam
1376 889 1516 928 raro.
1552 871 1707 939 Quod
1736 873 1779 925 si
1812 874 1875 925 ad
1912 870 2198 940 petendum

641 966 857 1033 aliquod
895 967 1182 1020 consilium
1214 968 1358 1021 hunc
1385 968 1723 1035 interrogare
1755 966 1909 1027 velis,
1947 964 1999 1018 in
2027 964 2200 1018 ecclo‘

639 1064 715 1113 sia
746 1059 885 1111 istud
908 1058 1094 1115 facito.
1135 1063 1174 1111 Α
1201 1059 1388 1128 synaxi
1417 1058 1597 1111 statim
1624 1058 1675 1109 in
1709 1058 1954 1111 cellulam
1988 1057 2199 1121 recede,

2297 598 2431 652 Θεοῦ
2486 598 2644 669 χάριν
2684 598 2983 669 ἑπισπάσῃ,
3012 599 3107 651 καὶ
3156 597 3258 651 τοῦ.
3298 598 3440 651 θείου
3504 599 3850 668 μακαρισμοῦ

2300 690 2525 760 μέτοχος
2551 691 2772 761 γενήσῃ-

2318 842 2321 845 ,
2374 778 2481 851 ρκδ¹
2490 780 2601 849 ,Μὴ
2618 778 2942 851 παραϐάλῃς
2962 778 3018 833 δὲ
3033 779 3223 848 κελλίῳ
3236 780 3397 845 τινὸς,
3418 782 3569 845 ἐκτὸς
3580 780 3671 835 τοῦ
3688 782 3853 849 ἡγου-

2302 872 2484 941 μένου,
2516 871 2609 925 καὶ
2628 869 2818 923 τούτου
2844 870 3101 936 σπανίως,
3144 871 3257 924 ἀλλ’
3286 872 3334 924 εί
3381 874 3473 925 καὶ
3529 874 3658 943 περὶ.
3701 872 3851 940 λογιο

2300 960 2436 1029 σμοῦ
2479 978 2622 1025 τινος
2672 960 2832 1014 αὑτὸν
2878 961 3150 1031 ἐρωτῆσαι
3173 960 3371 1032 βούλει,
3399 964 3457 1017 ἐν
3484 966 3549 1034 τῇ
3594 961 3849 1032 ἐκκλησίᾳ

2288 1046 2445 1100 τοῦτο
2496 1047 2655 1099 ποίει.
2705 1048 2839 1101 Ἀπὸ
2885 1049 2942 1101 δὲ
2996 1050 3096 1118 τῆς
3148 1050 3421 1116 συνάξεως
3477 1055 3633 1119 εὐθὺς
3685 1058 3742 1107 ὲν
3776 1060 3853 1126 τῷ

641 1168 701 1203 ac
732 1160 915 1219 postea
944 1150 997 1203 in
1031 1150 1416 1205 ministerium.
1444 1148 1573 1203 Post
1596 1164 1806 1203 ccenam
1833 1164 1983 1210 vero,
2012 1163 2039 1201 a
2073 1165 2194 1204 con-

2292 1139 2487 1209 κελλίῳ
2518 1140 2821 1210 ὑποχώρεν
2883 1136 2981 1193 εἷθ’
3013 1141 3184 1203 οὓτως
3218 1143 3273 1231 έν
3312 1145 3376 1212 τῇ
3409 1144 3670 1216 διακονίᾳ.
3700 1149 3854 1201 Μετὰ

643 1253 827 1308 spectn
858 1241 1179 1308 superioris.
1206 1242 1573 1310 pmnitentiam
1600 1243 1908 1310 exprimens
1934 1253 1984 1292 et
2015 1255 2194 1308 preces

2290 1229 2347 1282 δὲ
2397 1232 2463 1283 τά
2510 1233 2808 1288 ἁπόδειπνα
2838 1274 2853 1297 ,
2910 1234 3109 1298 ἔξωθεν
3166 1234 3259 1287 τοῦ
3317 1236 3615 1305 ἡγουμένου
3678 1236 3853 1306 βαλὼν

644 1333 950 1399 postulans,
978 1333 1236 1387 inclinato
1260 1334 1436 1401 capite
1459 1348 1582 1385 cum
1608 1334 1823 1387 silentio
1864 1333 1917 1385 in
1953 1331 2194 1385 cellulam

2295 1322 2607 1391 μετάνοιαν,
2662 1325 2755 1378 καὶ
2815 1324 2982 1378 αίτῶν
3015 1326 3199 1395 εὐχήν,
3253 1326 3413 1380 παλιν
3448 1327 3699 1395 κεκυφὼς
3755 1345 3851 1395 με-

644 1431 914 1478 revertere
950 1442 964 1480 :
1008 1426 1201 1477 melius
1241 1434 1323 1477 est
1353 1426 1497 1481 enim
1548 1440 1714 1478 unum
1747 1422 2029 1491 Trisagiou
2079 1437 2194 1473 eum

2289 1416 2358 1468 τὰ
2433 1416 2637 1483 σιωπῆς
2693 1418 2773 1479 είς
2845 1416 2905 1468 τὸ
2970 1416 3178 1470 κελλίον
3245 1418 3546 1487 ἀπότρεχε·
3609 1421 3854 1487 κρεῖττον
3912 1424 3915 1427 ’

643 1515 946 1566 attentione
976 1515 1040 1567 ad
1077 1515 1453 1568 dormiendum
1483 1552 1496 1575 .
1540 1529 1701 1583 quam
1751 1515 1930 1583 vigilia
1971 1524 2194 1583 quaInOI

2292 1504 2397 1573 γὰρ
2454 1503 2511 1555 ἓν
2543 1506 2823 1573 τρισάγιον
2876 1504 3013 1573 μετὰ
3066 1504 3339 1574 προσοχῆς
3381 1505 3461 1567 είς
3503 1505 3562 1556 τὸ
3595 1504 3854 1573 καθευδῆ-

644 1604 904 1657 horarum
972 1606 1025 1659 in
1091 1607 1379 1675 colloquiis
1435 1606 1714 1671 futilibus;
1779 1612 2055 1665 attamen.
2112 1604 2194 1657 ubi

2298 1612 2405 1658 σαι,
2440 1596 2471 1663 ἧ
2500 1596 2776 1665 ἀγρυπνία
2804 1597 3086 1666 τεσσάρων
3136 1596 3291 1663 ὡρῶν
3320 1596 3377 1646 ἐν
3423 1594 3657 1665 ἧμιλίαις
3709 1597 3849 1647 ἀνω-

642 1698 989 1763 compunctio
1024 1706 1079 1753 et
1118 1698 1296 1752 luctus
1318 1699 1621 1767 spiritualis
1647 1740 1661 1764 ,
1693 1699 1765 1752 ibi
1795 1706 1848 1751 et
1880 1697 2194 1751 illuminatie

2293 1686 2508 1754 φελέσιν
2530 1703 2542 1716 ·
2579 1688 2726 1755 ὅμως
2772 1687 2905 1739 ὅπου
2942 1686 3233 1751 κατάνυξις
3258 1687 3354 1738 καὶ
3386 1686 3578 1747 πένθος
3610 1702 3851 1753 πνευμα-

639 1790 819 1840 divina
857 1806 871 1842 :
905 1790 1066 1859 hujus
1100 1799 1277 1845 autem
1318 1793 1599 1859 praesentia
1660 1791 1876 1861 pellitur
1921 1789 2103 1845 accdia
2150 1799 2201 1843 et

645 1881 900 1947 languor.

715 1970 835 2024 1‘25.
870 1970 1136 2025 Privatam
1182 1973 1472 2027 amicitiam
1511 1989 1579 2029 ne
1607 1973 1899 2028 contrahas
1936 1987 2056 2026 cum
2093 1971 2201 2025 ulla

641 2077 895 2129 persona,
930 2065 1223 2131 praesertim
1253 2080 1373 2118 cum
1409 2067 1633 2131 novitio,
1675 2066 1883 2119 etiamsi
1920 2065 2202 2118 arbitraris

638 2156 801 2206 vitam
836 2156 1007 2221 ipsum
1037 2171 1193 2225 agere
1220 2158 1500 2226 optimam,
1550 2174 1653 2211 non
1690 2172 1817 2210 wro
1867 2164 2197 2226 suspectam.

640 2244 850 2297 Etenim
880 2261 943 2299 ex
986 2247 1255 2315 spirituali
1291 2258 1344 2301 te
1383 2249 1682 2304 stimulauit
1712 2251 1775 2301 ad
1830 2248 2197 2311 libidinosam,

644 2346 699 2388 ut
736 2339 1051 2408 plerumque
1089 2339 1301 2396 accidit.
1334 2350 1384 2391 et
1418 2342 1651 2394 incurris
1683 2342 1734 2393 in
1772 2341 2073 2395 anxietates
2108 2356 2200 2393 va-

642 2446 740 2481 nas
772 2447 786 2482 :
823 2430 923 2483 hoc
964 2432 1109 2484 enim
1152 2435 1450 2499 priesertim
1508 2432 1755 2487 accidere
1798 2434 1935 2486 solet
1984 2432 2200 2485 virtutis

638 2522 876 2575 athletis.
914 2522 1295 2575 Verumtamen
1335 2524 1613 2578 humilitas
1650 2525 1978 2593 assiduaqne
2023 2525 2200 2578 oratio

641 2613 739 2665 hoc
772 2613 1023 2677 docebit;
1061 2630 1163 2665 non
1196 2616 1337 2666 enim
1373 2615 1454 2667 hic
1484 2616 1637 2668 locus
1667 2624 1749 2668 est
1788 2615 2091 2668 minutatim
2132 2616 2201 2669 de

639 2704 725 2757 his
758 2706 1059 2759 disserendi
1097 2725 1108 2758 :
1147 2707 1235 2773 qui
1270 2708 1574 2773 intelligens
1603 2718 1709 2770 est,
1744 2707 2025 2774 intelliget.

711 2797 832 2850 {26.
870 2797 1089 2864 Oportet
1132 2807 1315 2862 tellure
1346 2802 1576 2867 teipsum
1612 2799 1679 2852 ab
1706 2799 1853 2854 omni
1892 2799 2058 2853 fratre
2091 2813 2199 2854 coe-

639 2888 783 2942 nobii
821 2900 1160 2951 extraneum,
1200 2892 1369 2957 magis
1408 2900 1587 2944 autem
1625 2892 1692 2945 ab
1734 2892 1799 2943 iis
1831 2907 1969 2961 quos
2002 2891 2055 2945 in
2100 2905 2200 2946 sre-

637 2977 761 3051 eujo
792 2982 1119 3043 cngnoscis;
1156 2996 1345 3033 oinnes
1394 2997 1457 3033 ex
1492 2995 1647 3049 :equo
1696 2982 1940 3050 diligere,
1972 2983 2201 3050 piosque

638 3083 701 3121 ac
764 3070 1031 3122 luctantes
1060 3080 1115 3123 ιιι
1155 3081 1374 3124 sanctos
1409 3071 1626 3135 habere;
1658 3087 1753 3140 pro
1809 3073 1876 3125 iis
1924 3088 2050 3125 vero
2106 3074 2197 3141 qui

2296 1776 2462 1843 τικὸν,
2501 1779 2616 1830 ἐκεῖ
2638 1779 2731 1831 καὶ
2760 1777 3018 1847 ἔλλαμψις
3052 1777 3170 1830 θεία
3189 1796 3201 1807 -
3226 1777 3428 1846 ταύτης
3457 1776 3514 1828 δὲ
3542 1780 3607 1847 τῇ
3634 1778 3849 1844 ἐπιφοι-

2289 1868 2442 1936 τήσει
2496 1868 2828 1936 ἀπελήλαται
2851 1866 3045 1937 ἀκηδία
3082 1868 3175 1920 καὶ
3206 1870 3378 1930 νόσος.

2362 1958 2490 2021 ρκεν.
2535 1952 2777 2025 Ἀγάπην
2808 1956 2862 2007 δὲ
2914 1955 3083 2025 ίδικὴν
3122 1955 3258 2023 μετά
3284 1955 3597 2013 οίουδήποτε
3634 1954 3846 2024 προσώο

2290 2059 2391 2095 που
2422 2044 2495 2112 μὴ
2531 2046 2724 2115 κτήσῃ,
2753 2046 2982 2115 μάλιστα
3011 2046 3147 2115 μετά
3178 2046 3440 2115 ἀρχαρίου
3466 2063 3478 2075 ⁸
3505 2049 3553 2099 εί
3584 2046 3675 2098 καὶ
3708 2044 3847 2111 δόξει

2292 2151 2371 2186 σοι
2405 2134 2515 2203 βίον
2546 2135 2763 2205 ἄριστον
2790 2138 2949 2207 ἔχειν,
2999 2139 3157 2207 μήτοι
3197 2154 3259 2203 γε
3302 2136 3561 2189 ὕποπτον.
3599 2138 3709 2188 Καὶ
3742 2136 3849 2203 γὰρ

2288 2224 2351 2274 ὲκ
2385 2227 2754 2295 πνευματικῆς
2805 2227 3311 2296 μετεκκεντρίζεταί
3333 2245 3388 2279 σε
3403 2230 3481 2289 εἰς
3520 2227 3741 2297 ἐμπαθῆ
3772 2228 3847 2289 ὡς

2287 2316 2355 2366 τὰ
2421 2315 2609 2379 πολλὰ,
2646 2316 2739 2369 καὶ
2793 2319 3085 2385 ἐμπίπτεις
3138 2321 3215 2381 εἰς
3266 2318 3471 2386 θλίψεις
3519 2319 3841 2385 ἀνωφελεῖς·

2285 2404 2443 2457 τοῦτο
2482 2406 2589 2473 γὰρ
2635 2406 2867 2475 μάλιστα
2918 2408 3075 2460 εἴωθε
3107 2410 3219 2470 τοῖς
3249 2407 3665 2475 ἀγωνιζομένοις
3712 2423 3845 2475 συμ-

2288 2495 2523 2549 6αίνειν’
2570 2500 2783 2567 ὃμωςή
2842 2500 3165 2561 ταπείνωσις
3217 2500 3311 2551 καὶ
3379 2500 3410 2566 ή
3462 2498 3682 2566 συνεχὴς
3714 2498 3843 2566 εὐχὴ

2285 2584 2440 2637 τοῦτο
2459 2586 2679 2652 διδάξει,
2709 2588 2767 2639 οὐ
2791 2590 2898 2656 γὰρ
2922 2588 3042 2654 ἄγει
3077 2587 3265 2657 καιρὸς
3292 2589 3349 2639 ὲν
3380 2586 3558 2657 λεπτῷ
3580 2588 3705 2655 περὶ
3727 2586 3844 2637 τού-

2284 2694 2390 2728 των
2417 2677 2595 2742 λέγειν
2614 2693 2625 2705 '
2662 2680 2688 2730 ὁ
2709 2678 2765 2729 δὲ
2794 2678 2930 2731 νοῶν
2961 2678 3167 2730 νοείτω.

2358 2794 2502 2855 ρκς·’.
2529 2788 2619 2839 Δεῖ
2639 2788 2695 2841 δὲ
2719 2787 2861 2857 ἔχειν
2898 2788 3124 2842 σεαυτὸν
3143 2788 3249 2841 ἀπὸ
3283 2786 3481 2849 παντὸς
3505 2785 3731 2853 ἀδελφοῦ
3749 2786 3839 2837 τοῦ

2285 2877 2341 2928 ὲν
2370 2877 2444 2945 τῷ
2472 2878 2723 2947 κοινοϐίῳ
2755 2879 2923 2945 ξένον,
2961 2880 3145 2931 πλεῖον
3169 2879 3225 2931 δὲ
3259 2880 3354 2931 καὶ
3395 2877 3502 2931 τῶν
3541 2880 3681 2929 κατᾶ
3746 2878 3837 2930 κό-

2285 2984 2420 3036 σμον
2453 2970 2711 3035 γνωστῶν
2733 2988 2745 3000 ·
2776 2971 2981 3032 πάντας
3010 2972 3064 3023 δὲ
3099 2971 3274 3034 ἐξίσου
3305 2970 3523 3040 ἀγαπᾷν
3546 2984 3561 2999 ·
3594 2970 3686 3021 καὶ
3716 2971 3840 3029 τοὺς

2284 3061 2528 3125 εὐλαϐεῖς
2558 3064 2643 3115 καὶ
2691 3062 3122 3130 ἀγωνιζομένους
3178 3063 3250 3125 ὡς
3283 3063 3468 3129 ἁγίους
3506 3062 3637 3132 ὁρᾷν
3658 3077 3671 3091 ·
3702 3061 3838 3130 ὑπὲρ

639 3175 762 3213 meo
784 3158 987 3227 judicio
1016 3171 1139 3214 sunt
1164 3163 1513 3231 negligentes,
1541 3164 1755 3217 assidue
1784 3165 2013 3231 precari.
2047 3165 2194 3217 Atia-

2282 3152 2337 3203 δὲ
2370 3153 2475 3204 τῶν
2529 3154 2649 3205 κατ’
2695 3146 3083 3223 ὲμὲρᾳθύμων
3139 3154 3371 3217 ἐκτενῶς
3424 3153 3836 3224 προσεύχεσθαι.

638 3266 781 3328 Inen,
820 3258 874 3302 ut
906 3266 1066 3318 supra
1095 3252 1357 3310 diximus.
1399 3269 1587 3306 omnes
1621 3265 1678 3306 ut
1710 3263 1931 3307 sanctos
1968 3255 2197 3317 habens,

636 3347 793 3394 Sltltlt:
825 3357 918 3409 per
948 3344 1179 3411 gemitus
1200 3358 1226 3394 τι
1254 3345 1639 3410 cupiditatibus
1676 3348 1914 3412 purgari,
1947 3353 2002 3397 ut
2028 3348 2198 3411 gratia

637 3432 971 3485 illnminatus
1000 3449 1191 3487 omnes
1242 3436 1519 3501 mqualiter
1580 3438 1837 3501 :estimcs,
1880 3448 1931 3490 οι
1967 3438 2198 3489 felicita-

637 3534 742 3578 l:'lll
783 3529 1106 3578 mutulorum
1138 3528 1302 3581 corde
1338 3529 1713 3596 consequaris.

703 3706 826 3760 127.
868 3707 1168 3767 Arliitrare.
1204 3706 1386 3771 frater,
1419 3708 1523 3761 dici
1573 3708 1865 3776 perfectam
1923 3724 1950 3761 a
1993 3709 2194 3761 mundo

634 3802 1058 3868 separationem.
1110 3802 1327 3854 totalcm
1383 3803 1613 3870 preprim
1641 3803 1938 3855 voluntatis
1968 3802 2194 3854 mortiti-

633 3893 925 3957 eatiooem,
955 3893 1150 3947 deinde
1181 3894 1418 3947 animum
1452 3893 1595 3945 omni
1631 3901 1937 3959 parentum,
1971 3892 2193 3961 propin-

634 4000 865 4051 quorum
898 3992 949 4037 ct
978 3984 1276 4038 amicorum
1306 3984 1517 4039 elTectui
1558 3989 1983 4039 renuntiantem.

704 4076 825 4131 128.
861 4074 978 4127 Pari
1017 4076 1178 4129 modo
1229 4076 1484 4130 omnibus
1533 4076 1687 4129 bonis
1740 4076 2101 4144 prmsenlibus
2141 4086 2193 4131 te

632 4170 825 4233 spolia.
858 4168 1108 4224 dividens
1144 4169 1490 4239 pauperibus.
1530 4170 1680 4238 juxta
1730 4185 1852 4223 eum
1883 4169 1975 4239 qui
2007 4170 2146 4223 dixit
2175 4186 2189 4223 :

637 4278 655 4309 ι
698 4257 876 4313 Vende
927 4275 1046 4326 qua:
1106 4259 1291 4324 habes,
1350 4267 1403 4313 et
1445 4261 1512 4315 da
1559 4262 1889 4330 pauperibus
1930 4263 2016 4324 1'9;
2060 4280 2079 4314 ι
2138 4271 2192 4317 et

631 4350 950 4405 obliviscere
973 4351 1212 4405 omnium
1239 4366 1427 4405 eorum
1452 4366 1589 4419 quos
1616 4366 1799 4408 amore
1825 4354 2192 4421 amplecteba-

631 4446 727 4504 ris.
758 4444 869 4495 sive
896 4443 1189 4511 corporali,
1218 4444 1330 4498 sive
1356 4444 1645 4512 spirituali.

700 4533 821 4585 129.
851 4532 1043 4585 Omnia
1077 4534 1259 4587 cordis
1282 4534 1491 4588 occulta
1512 4549 1631 4613 qua:
1658 4534 1725 4588 ab
1751 4532 1979 4587 infantia
2014 4550 2188 4601 usque

627 4626 693 4678 ad
728 4625 871 4678 hanc
904 4626 1090 4677 horam
1130 4624 1324 4687 fecisti,
1362 4626 1537 4678 revela
1585 4621 1731 4679 Patri
1780 4626 2071 4694 spirituali,
2104 4626 2187 4681 vel

628 4718 918 4787 superiori,
947 4724 1203 4784 tanquam
1239 4716 1338 4784 ipsi
1372 4716 1478 4770 Deo
1507 4720 1597 4787 qui
1639 4725 1914 4773 scrutatur
1942 4719 2104 4774 corda
2135 4727 2191 4773 et

626 4823 788 4863 rencs
827 4809 892 4871 ",
947 4808 1127 4862 sciens
1181 4807 1442 4863 Joannem
1499 4810 1863 4881 haptizavisse
1914 4812 2188 4883 baptismo

626 4898 981 4967 paenitentiae,
1016 4907 1070 4951 ει
1105 4912 1296 4953 omnes
1330 4899 1395 4952 ad
1430 4901 1579 4978 illum
1638 4901 1970 4959 conﬂuxisse
2017 4904 2190 4959 confi-

626 4998 800 5045 tentes
837 5000 1053 5059 peccata
1082 5006 1214 5055 sua;
1247 5008 1308 5045 ex
1338 4992 1438 5047 hoc
1469 4996 1611 5047 enim
1645 5010 1896 5065 magnum
1927 4999 2185 5065 gaudium

626 5082 790 5133 menti
822 5089 874 5134 et
911 5092 1146 5135 levamen
1181 5085 1528 5138 conscientia:
1568 5087 1833 5153 provenit,
1875 5088 2027 5153 juxta
2058 5103 2187 5155 pro-

626 5174 899 5237 pheticum
934 5172 1061 5225 illud
1105 5174 1367 5228 verbum:
1411 5195 1428 5225 ι
1468 5178 1557 5228 Dic
1601 5186 1657 5231 tu
1692 5178 1926 5246 primum
1967 5190 2185 5247 peccata

627 5271 740 5323 tua,
775 5270 825 5312 III
856 5261 1173 5329 justlﬁceris
1196 5262 1260 5317 ".
1303 5282 1321 5313 ι

699 5549 812 5602 150.
844 5548 1020 5601 Mente
1051 5562 1371 5615 persuasum
1406 5548 1562 5611 habe,
1586 5558 1728 5618 .post
1760 5549 2069 5618 ingressum
2126 5554 2179 5607 in

624 5640 953 5703 (renoliium,
997 5648 1241 5694 mortuos
1280 5654 1402 5695 esse
1438 5654 1631 5697 omnes
1660 5649 1785 5696 tuos
1842 5653 2096 5711 parentes
2128 5655 2183 5699 et

691 5817 733 5851 "
762 5818 949 5871 Matth.
987 5833 1099 5882 xu,
1131 5818 1219 5871 ΞΙ.
1297 5819 1338 5849 ³ο
1366 5817 1509 5873 Psal.
1547 5836 1639 5886 vII,
1675 5820 1759 5874 lO.

2285 3243 2492 3309 Ὅμως,
2522 3244 2594 3304 ὡς
2620 3245 2874 3313 ἀνωτέρω
2896 3243 3293 3313 δεδηλώκαμεν,
3323 3245 3527 3307 πάντας
3557 3246 3742 3311 ἁγίους
3757 3246 3840 3296 ὲν·

2285 3334 2441 3394 νοῶν,
2473 3334 2665 3385 σπεῦδε
2718 3335 2803 3386 διὰ
2831 3335 3059 3397 πένθους
3091 3336 3199 3389 τῶν
3244 3336 3430 3390 παθῶν
3480 3335 3835 3404 καθαρθῆναι.

2283 3426 2430 3487 ὅπως
2466 3426 2790 3495 ἐλλαμιρθεὶς
2825 3428 2928 3479 ὑπὸ
2968 3428 3067 3497 τῆς
3127 3430 3371 3499 χάριτος,
3404 3428 3610 3491 πάντας
3660 3426 3835 3491 ὲξίσου

2282 3519 2586 3581 κατανοεῖν,
2624 3519 2717 3569 καὶ
2766 3518 2859 3570 τοῦ
2915 3520 3262 3589 μακαρισμοῦ
3320 3519 3427 3573 τῶν
3474 3519 3725 3591 καθαρῶν
3770 3521 3834 3589 τῇ

2285 3607 2477 3674 καρδίᾳ
2509 3608 2788 3680 ἐπιτεύξῃ.

2356 3694 2487 3762 ρκζη
2522 3697 2735 3765 Ταύτην
2765 3697 2820 3748 δὲ
2844 3696 3004 3768 ήγοῦ,
3038 3698 3249 3767 ἀδελφέ,
3280 3700 3529 3767 λέγεσθαι
3556 3698 3837 3771 ἀναχώρη-

2285 3802 2367 3837 σιν
2396 3788 2606 3839 τελείαν
2629 3789 2854 3857 κόσμου,
2884 3795 2982 3859 τὴν
3007 3792 3239 3859 παντελῆ
3262 3792 3351 3843 τοῦ
3385 3792 3512 3844 ἰδίου
3539 3793 3836 3863 θελήματος
3916 3804 3923 3809 ⁷

2280 3866 2652 3945 ἀπο-λέκρωσιν
2674 3895 2687 3909 ο
2721 3878 2912 3931 ἔπειτα
2930 3881 3026 3947 τὴν
3043 3880 3149 3932 τῶν
3176 3882 3401 3947 γονέων,
3418 3883 3644 3937 οἰκείων
3664 3901 3723 3937 τε
3743 3886 3837 3937 καὶ

2281 3968 2447 4035 φίλων
2485 3969 2895 4039 ἀπροσπάθειαν
2921 3972 3013 4023 καὶ
3044 3973 3371 4041 ἁπάρνησιν.

2355 4085 2494 4147 ρκη¹.
2540 4073 2654 4129 Εἶθ’
2688 4078 2859 4141 οὕτως
2889 4081 2983 4133 καὶ¹
3028 4082 3088 4134 τὸ
3126 4082 3233 4133 τῶν
3262 4082 3570 4151 προσόντων
3624 4085 3836 4138 πάντων

2280 4172 2656 4239 γυμνωθῆναι,
2688 4172 3040 4241 διανείμαντα
3068 4176 3181 4235 τοῖς
3220 4176 3429 4244 πένησι,
3475 4176 3616 4229 κατὰ
3642 4177 3735 4230 τὸν
3764 4180 3840 4231 εί-

2283 4262 2485 4314 πόνταο
2523 4281 2539 4313 ι
2577 4262 2833 4331 [Ιώλησόν
2875 4281 2967 4315 σου
2998 4263 3066 4316 τά
3094 4264 3405 4334 ὑπάρχοντα
3455 4267 3547 4318 καὶ
3580 4266 3664 4330 δὸς
3691 4286 3837 4321 πτω.

2280 4356 2415 4422 χοίς,
2450 4372 2469 4405 ι
2503 4354 2673 4425 λήθην
2709 4371 2765 4407 τε
2803 4355 3025 4423 ποιῆσαι
3054 4356 3267 4409 πάντων
3296 4350 3370 4409 ὧν
3411 4358 3671 4425 σγετικῶς
3700 4360 3835 4429 ὴγάθ

2218 4458 2388 4519 Data;
2420 4444 2739 4513 προσώπων,
2776 4446 2884 4497 εἴτε
2920 4447 3261 4516 σωματικῶς,
3296 4448 3405 4498 εἴτε
3436 4450 3834 4516 πνευματικῶς.

2350 4533 2486 4603 ρκθ’.
2530 4534 2913 4605 Ἐξαγόρευσίν
2958 4553 3017 4589 τε
3051 4536 3158 4588 τῶν
3190 4537 3285 4605 τῆς
3321 4536 3544 4607 καρδίας
3577 4540 3836 4609 κρυπτῶν

2276 4626 2534 4679 ἁπάντων
2578 4626 2686 4679 τῶν
2720 4628 2827 4679 ἀπὸ
2878 4627 3107 4697 βρέφους
3148 4627 3242 4679 καὶ
3305 4627 3493 4698 μέχρις
3532 4622 3704 4697 αὐτῆς
3736 4629 3834 4701 τῆς

2275 4715 2419 4785 ὥρας
2448 4716 2599 4783 παρά
2627 4716 2719 4769 σοῦ
2755 4716 3125 4785 πραχθέντων,
3167 4716 3301 4787 πρὸς
3331 4717 3421 4771 τὸν
3466 4720 3833 4785 πνευματικὸν

2275 4808 2517 4876 Πατέρα,
2548 4808 2580 4877 ἢ
2618 4807 2751 4876 πρὸς
2784 4807 2875 4859 τὸν
2921 4807 3241 4876 ἡγούμενον,
3274 4807 3350 4869 ὡς
3390 4808 3526 4876 πρὸς
3557 4810 3716 4863 αὐτὸν
3741 4811 3830 4863 τὸν

2273 4896 2404 4949 Θεὸν
2434 4896 2522 4949 τὸν
2556 4896 2813 4960 ἐτάζοντα
2869 4896 3092 4965 καρδίας
3122 4898 3213 4950 καὶ
3271 4898 3532 4966 νεφρούςο
3574 4899 3728 4963 εἰδὼς
3757 4900 3830 4963 ὡς

2285 4987 2539 5056 Ἰωάννης
2570 4987 2827 5050 ἐϐάπτιζε
2862 4989 3140 5057 βάπτισμα
3175 4988 3478 5057 μετανοίας,
3509 4990 3602 5041 καὶ
3634 4990 3831 5053 πάντες

2274 5079 2502 5150 ἤρχοντο
2542 5080 2677 5147 πρὸς
2708 5080 2866 5131 αὐτὸν
2896 5078 3371 5148 ἐξομολογούμενοι
3427 5078 3524 5141 τάς
3558 5079 3830 5149 ἁμαρτίας

2274 5170 2483 5221 αὐτῶν·
2521 5173 2612 5222 καὶ
2656 5170 2763 5239 γάρ
2807 5171 2867 5221 ἐκ
2910 5170 3095 5222 τούτου
3134 5170 3337 5239 μεγάλη
3371 5170 3515 5239 χαρᾶ
3561 5173 3627 5240 τῇ
3661 5170 3823 5239 ψυχῇ,

2276 5261 2365 5312 καὶ
2393 5262 2691 5328 κουφισμὸς
2715 5260 2791 5328 τῷ
2840 5260 3097 5312 συνειδότι
3144 5260 3512 5329 προσγίνεται,
3571 5262 3711 5314 κατὰ
3738 5260 3839 5313 τὶννν

2278 5346 2611 5418 προφητικὸν
2645 5350 2801 5416 λόγον
2825 5365 2837 5379 ’
2878 5368 2895 5399 ι
2939 5350 3075 5416 Λέγε
3108 5350 3170 5401 σὺ
3193 5346 3407 5418 πρῶτον
3429 5348 3526 5412 τὰς
3557 5349 3825 5418 ἁμαρτίας

2278 5462 2390 5506 σου,
2421 5444 2505 5495 ἴνα
2526 5441 2838 5510 δικαιωθῇς.
2866 5459 2883 5491 I

2352 5556 2448 5626 ρλ’.
2473 5553 2670 5607 Θέσθαι
2695 5551 2747 5603 δὲ
2773 5550 2851 5619 τῷ
2877 5548 3120 5618 λογισμῷ
3143 5550 3396 5619 τοιαύτην
3436 5549 3819 5618 πληροφορίαν,

2280 5647 2413 5712 μετὰ
2456 5644 2553 5713 τὴν
2588 5646 2664 5706 εἰς
2706 5644 2765 5696 τὸ
2795 5642 3057 5695 κοινόίίιον
3086 5642 3307 5708 εἴσοδον,
3340 5641 3587 5694 τεθνάναι
3625 5640 3818 5699 πάντας

1837 5822 1878 5853 ³⁸
1906 5820 2011 5875 Isa.
2042 5838 2191 5889 XLIII,
2227 5825 2315 5884 ‘26.
