4136 6338
270 416 380 478 673

1549 395 1815 457 CAPITA
1859 393 2230 456 MORALIA.

3374 392 3478 456 6H

273 527 453 592 γονεῖς
503 540 567 574 τε
592 521 682 574 καὶ
708 518 908 585 φίλους,
944 516 1034 567 καί
1060 515 1214 582 μόνον
1247 510 1496 581 ἡγεῖσθαι
1533 507 1740 575 πατέρα
1772 525 1825 559 τε

1934 504 2161 568 amicos,
2201 519 2300 559 nec
2356 504 2495 557 ullos
2546 520 2638 574 pro
2689 514 2840 573 patre
2886 514 2941 560 et
2976 513 3146 560 matre
3184 507 3340 571 habe,
3382 510 3484 560 nisi

275 623 371 674 καὶ
405 618 612 689 μητέρα
664 617 754 668 τὸν
785 593 925 667 Θεὸῖ
947 615 1040 665 καὶ
1079 612 1168 663 τὸν
1204 608 1520 682 προεστῶτα
1544 621 1556 634 ·
1601 608 1694 658 καὶ
1730 609 1831 676 μή-

276 729 407 765 ποτε
433 710 592 780 χάριν
624 705 935 776 σωματικῆς
967 705 1147 773 χρείας
1198 702 1322 771 παρ’
1354 701 1533 765 ,αὐτῶν
1581 718 1631 753 τι
1673 701 1827 766 αἰτή-

279 802 500 854 σασθαι”
556 798 693 850 εἰδὲ
723 797 817 850 καὶ
869 798 933 848 ὲκ
963 795 1215 863 προνοίας
1270 792 1398 861 παρ’
1433 789 1608 843 αὐτῶν
1657 807 1707 840 τι
1750 789 1831 840 σοὶ

279 888 763 957 ἀποσταλῇ,δέξαι,
811 886 905 938 καὶ
937 884 1225 952 ὑπέρευξαι
1251 882 1345 950 τῆς
1379 882 1553 933 αὐτῶν
1602 879 1832 948 κηδεμο-

279 979 432 1040 νίαςο
476 977 756 1046 παράσχου
785 974 927 1028 δὲτὸ
959 973 1147 1026 σταλὲν
1203 974 1278 1034 είς
1319 972 1376 1022 τὸ
1422 967 1763 1038 ξενοδοχεῖον,
1797 969 1828 1035 ἢ

281 1070 362 1129 εἰς
393 1068 450 1118 τὸ
482 1066 854 1132 νοσοκομεῖον’
898 1065 988 1115 καὶ
1024 1062 1177 1113 τοῦτο
1211 1060 1434 1132 ποίησον
1465 1061 1520 1109 ὲν
1569 1055 1812 1110 ταπεινώ-

271 1127 394 1199 σεί·
434 1144 492 1194 οὐ
545 1127 804 1210 γὰρ’τῶν
835 1137 1051 1190 τελείων
1103 1138 1240 1199 ἐστὶ,
1289 1127 1434 1188 alia;
1484 1137 1590 1188 τῶν
1651 1137 1827 1203 tinxi.

270 1256 430 1288 στων.

342 1325 476 1398 ρλα’.
520 1325 696 1376 [Ιοιεῖν
748 1322 805 1375 δὲ
854 1322 960 1373 πᾶν
995 1321 1248 1389 πρᾶγμα,
1305 1320 1439 1388 ὅπερ
1473 1319 1587 1370 ἐστὶ
1640 1317 1823 1380 καλὸν,

270 1415 408 1484 μετὰ
436 1405 836 1477 ταπεινώσεως,
859 1409 1204 1478 ἐννοούμενον
1222 1410 1308 1461 τὸν
1336 1409 1554 1460 εἰπόντα
1577 1425 1590 1440 ο
1625 1409 1826 1460 «Ὅταν

267 1504 445 1556 πάντα
475 1504 755 1571 ποιήσητε,
805 1501 990 1566 λέγετε
1021 1501 1102 1550 ὅτι
1121 1501 1356 1568 Ἀχρεῖοι
1383 1499 1557 1557 δοέλοί
1587 1503 1752 1569 ἐσμεν
1799 1501 1825 1553 ὃ

266 1595 568 1662 ὠφείλομεν
600 1592 846 1660 ποιῆσαι,
877 1591 1276 1659 πεποιήκαμεν.
1318 1610 1334 1640 ι

343 1685 472 1754 ρλβ’.
507 1684 797 1737 Φυλάττειν
828 1683 884 1735 δὲ
938 1684 1030 1735 καὶ
1061 1681 1153 1734 τοῦ
1187 1684 1391 1751 μήποτε
1429 1683 1714 1736 κοινωνίαν
1742 1683 1827 1736 δέ·

269 1775 483 1843 ξασθαι,
509 1776 721 1844 ἔχοντός
750 1791 842 1825 σου
879 1774 1018 1827 κατά
1049 1790 1210 1836 τινος,
1238 1775 1395 1842 μέχρι
1416 1776 1508 1826 καὶ
1527 1773 1827 1842 προσϐολῆς

1930 595 2098 648 Deum
2128 605 2178 650 et
2211 597 2581 665 superiorem;
2610 611 2708 648 nec
2741 612 2976 665 unquam
3015 601 3314 666 corporalis
3336 616 3480 652 com-

1929 686 2071 740 modi
2095 689 2266 755 gratia
2296 689 2587 757 quidquam
2615 690 2680 740 ab
2714 690 2818 741 illis
2847 690 3055 757 postula
3085 708 3097 754 ;
3133 695 3174 744 si
3204 692 3332 757 quid
3361 708 3484 745 vero

1931 792 2039 846 prae
2077 777 2447 832 benevolentia
2484 779 2580 831 libi
2620 779 2883 843 miserint,
2917 781 3119 850 accipe,
3158 796 3218 835 ac
3260 797 3354 849 pro
3387 799 3481 835 co-

1928 884 2045 921 rum
2099 873 2453 938 prosperitate
2487 887 2730 940 precare,
2769 872 2992 926 missum
3040 885 3216 929 autem
3276 877 3479 928 donum

1927 960 1990 1011 ad
2024 960 2294 1027 hospitum
2329 971 2420 1014 aut
2450 972 2774 1031 trgi-olorum
2817 975 3001 1015 curam
3035 974 3282 1032 accepta,
3321 968 3482 1031 idque

1927 1053 2008 1104 fac
2042 1066 2164 1104 cum
2193 1053 2524 1119 humilitate;
2556 1057 2655 1110 hoc
2677 1057 2820 1108 enim
2852 1071 2958 1109 non
2988 1065 3072 1111 est
3095 1059 3478 1125 periculorum,

1925 1143 2017 1198 sed
2053 1143 2416 1197 minimorum.
3407 1156 3413 1162 '

1999 1319 2116 1371 151.
2151 1318 2257 1374 Fac
2292 1324 2613 1388 oume'opus
2635 1320 2832 1374 bonum
2863 1339 2983 1376 cum
3020 1323 3341 1385 humilitate,
3371 1339 3484 1374 tuc-

1925 1423 2045 1462 mor
2078 1410 2222 1462 illius
2260 1413 2349 1479 qui
2398 1412 2580 1464 dixit:
2637 1431 2655 1461 r
2702 1412 2835 1466 Cum
2875 1412 3110 1468 feceritis
3170 1417 3349 1468 omnia
3403 1415 3484 1468 di-

1928 1502 2033 1557 cite
2064 1519 2077 1554 :
2117 1501 2269 1555 Servi
2300 1504 2517 1558 inutiles
2558 1520 2748 1560 sumus
2775 1506 2842 1558 3'.
2885 1524 2902 1554 ι

1998 1684 2122 1740 152.
2160 1685 2299 1740 Cave
2332 1702 2397 1739 ne
2430 1704 2662 1757 unquam
2707 1689 3145 1744 communionem
3193 1693 3482 1759 suscipias,

1926 1776 2130 1831 habens
2164 1777 2362 1846 aliquid
2396 1778 2650 1834 adversus
2701 1784 3000 1849 proximqu
3028 1821 3042 1846 ,
3093 1784 3250 1837 etiam
3281 1800 3486 1838 meram

267 1865 529 1933 λογισμοῦ
553 1879 566 1892 '
601 1865 705 1926 ἓως
736 1865 857 1916 ὅτου
888 1863 976 1916 διὰ
1013 1864 1298 1932 μετανοίας
1353 1864 1448 1931 τὴν
1484 1865 1825 1934 καταλλαγὴν

1927 1867 2263 1937 cogitationis
2297 1869 2579 1935 oﬂ'ensam,
2613 1870 2780 1925 donec
2828 1887 2923 1940 per
2973 1873 3350 1942 paenitentiam
3396 1891 3484 1930 re-

267 1957 499 2027 ἐργάσῃ.
528 1957 669 2025 Πλὴν
700 1956 968 2009 καὶτοῦτο
995 1955 1101 2007 ἀπὸ
1121 1956 1217 2023 τῆς
1246 1956 1407 2024 εὐχῆς
1442 1956 1678 2027 μαθήσῃ.

343 2048 473 2119 ρλγ’.
505 2049 757 2117 Ἕτοιμον
788 2048 843 2099 δὲ
883 2044 1019 2098 εἶναι
1051 2046 1170 2098 καθ’
1203 2047 1438 2116 ἑκάστην
1458 2049 1665 2117 ἡμέραν
1695 2049 1826 2117 πρὸς

270 2140 535 2211 ὑποδοχὴν
572 2128 748 2208 πάσης
800 2138 1059 2208 θλίψεως
1117 2138 1463 2206 ἐννοούμενον
1509 2139 1825 2207 ἀπαλλαγὴν

266 2235 469 2295 ταύτας
515 2234 622 2285 τῶν
657 2231 863 2284 πολλῶν
893 2232 1221 2300 ὀφλημάτων
1270 2226 1425 2295 εἶναι,
1487 2232 1579 2284 καὶ
1611 2231 1828 2301 εὐχαρι-

269 2324 414 2374 στεῖν
445 2321 520 2390 τῷ
546 2321 681 2390 ἁγίῳ
705 2321 847 2390 Θεῷ·
878 2322 938 2372 ἐκ
967 2321 1072 2389 γὰρ
1092 2321 1292 2373 τούτων
1345 2320 1533 2374 κτᾶταί
1576 2339 1656 2383 τις
1690 2325 1828 2392 παῤ-

266 2410 466 2480 ρησίαν
489 2411 938 2478 ἀκαταίσχυντον,
971 2410 1111 2462 κατὰ
1150 2411 1242 2462 τὸν
1273 2412 1456 2479 μέγαν¹
1487 2411 1824 2462 Ἀπόστολον.

276 2495 340 2548 Ἦ
371 2495 476 2566 γὰρ
510 2497 686 2566 θλίψις
742 2497 1018 2566 ὑπομονὴν
1058 2498 1487 2566 κατεργάζεται*
1535 2501 1568 2568 ὴ
1600 2499 1656 2552 δὲ
1697 2500 1825 2551 ὑπο-

268 2589 427 2658 μονὴ,
455 2590 714 2659 δοκιμήν·
750 2590 854 2658 ἡδὲ
891 2589 1107 2656 δοκιμὴ,
1144 2591 1358 2642 ἐλπίδα·
1404 2593 1435 2660 ὴ
1469 2591 1523 2643 δὲ
1558 2592 1709 2653 ἐλπὶς
1764 2593 1822 2642 ού

264 2679 635 2745 καταισχύνει.
673 2681 779 2732 Καὶ
809 2680 915 2748 γὰρ
970 2700 986 2730 ‹
1025 2680 1059 2733 ἃ
1095 2681 1369 2749 ὀφθαλμὸς
1406 2683 1505 2734 οὐκ
1557 2677 1681 2741 εἶδε,
1733 2681 1826 2732 καὶ

263 2765 356 2831 οὖς
373 2771 469 2821 οὐκ
489 2770 705 2838 ¹ἢκουσε,
723 2773 916 2823 καὶέπὶ
935 2772 1159 2841 καρδίαν
1173 2771 1458 2840 ἀνθρώπου
1475 2772 1573 2824 οὐκ
1591 2771 1778 2838 ἀνέϐη,
1802 2792 1819 2823 ι

262 2863 436 2916 ταῦτά
488 2867 602 2916 ἐστι
655 2865 796 2916 κατὰ
857 2864 952 2932 τὴν
985 2863 1188 2932 ἀψευδῆ
1224 2864 1554 2931 ἐπαγγελίαν
1597 2866 1707 2926 τοῖς
1740 2863 1825 2916 διὰ

264 2954 498 3023 θλίψεων
541 2955 638 3023 τὴν
673 2955 971 3025 ὑπομονὴν,
1036 2955 1402 3025 συνεργούσης
1432 2956 1526 3024 τῆς
1583 2956 1822 3025 χάριτος,

262 3047 758 3112 ἐπιδεικνυμένοις·
812 3045 939 3099 ἄνευ
989 3046 1096 3116 γὰρ
1156 3047 1376 3116 χάριτος
1407 3045 1465 3098 οὐ
1513 3045 1734 3098 δύναταί
1775 3063 1827 3097 τι

263 3137 697 3208 κατορθωθῆναι.

337 3228 460 3297 ρλδ.
495 3231 584 3298 Μὴ
624 3229 918 3299 κεκτῆσθαι
951 3230 1006 3282 δέ
1054 3247 1105 3282 τι
1135 3231 1240 3284 τῶν
1284 3230 1483 3282 ὑλικῶν
1509 3232 1565 3282 ὲν
1597 3229 1674 3300 τῷ
1703 3230 1826 3282 κελ-

261 3319 382 3386 λίῳ,
416 3320 574 3389 μέχρι
614 3321 704 3372 καὶ
736 3321 988 3389 ῥαφίδος·
1021 3321 1171 3383 ὲκτὺς
1203 3321 1417 3389 ψιάθου,
1457 3321 1669 3386 κωδίου,
1735 3322 1828 3374 καὶ

263 3408 509 3474 παλλίον,
539 3409 630 3461 καὶ
659 3401 731 3461 ὦν
754 3408 1143 3477 περιϐέϐλησαι
1165 3423 1179 3437 θ
1211 3412 1256 3461 εἰ
1279 3409 1500 3462 δυνατὸν
1527 3409 1600 3479 μὴ
1619 3411 1673 3463 δὲ
1695 3409 1826 3463 ὑπο-

263 3501 447 3552 πόδιον
468 3519 479 3529 ·
514 3501 626 3554 ἔστι
661 3501 768 3569 γὰρ
793 3502 882 3552 καὶ
910 3502 1035 3568 περὶ
1065 3500 1268 3552 τούτων
1299 3517 1384 3562 τις
1406 3501 1560 3566 λόγος
1578 3517 1591 3529 ·
1619 3501 1767 3569 ὅμως
1797 3501 1826 3553 ὁ

264 3588 400 3640 νοῶν
431 3588 636 3640 νοείτω.

342 3677 459 3748 ρλε’.
491 3680 578 3747 Μὴ
611 3679 650 3730 δ’
674 3673 738 3732 αὖ
771 3677 928 3731 πάλιν
955 3680 1205 3732 ἀπαιτεῖν
1238 3697 1294 3732 σε
1327 3679 1419 3731 τὸν
1451 3679 1750 3747 ἡγούμενόν
1775 3695 1830 3733 τι

261 3769 373 3821 τῶν
406 3766 700 3837 χρειωδῶν,
731 3769 886 3830 ἐκτὸς
918 3768 1027 3819 τῶν
1053 3769 1473 3835 τετυπωμένων,
1527 3768 1620 3820 καὶ
1653 3767 1826 3821 ταῦτα

262 3862 350 3914 ὅτε.
394 3861 555 3922 αὐτὸς
605 3859 838 3923 καλέσας
881 3860 1093 3930 παρέξῃ
1115 3878 1128 3892 ο
1166 3860 1298 3930 μηδὲ
1325 3860 1459 3922 ὅλως
1490 3859 1568 3928 τῷ
1593 3860 1826 3913 ὑποϐάλ-

262 3953 409 4007 λοντι
474 3953 794 4022 πειθόμενος
827 3953 1093 4021 λογισμῷ,
1148 3950 1596 4014 ἀντικαταλλάξαι
1627 3968 1680 4004 τι
1715 3950 1824 4003 τῶν

265 4044 672 4115 παρεχομένων,
707 4044 820 4096 ἀλλ’
854 4041 941 4097 οἷα
971 4045 1016 4096 δ’
1053 4044 1118 4098 ἂν
1140 4044 1296 4110 είσὶν,
1329 4043 1402 4106 ὡς
1437 4044 1501 4094 ὲκ
1531 4041 1664 4094 Θεοῦ
1705 4044 1825 4110 μετ’

265 4137 613 4207 εὐχαριστίας
633 4137 952 4206 λαμϐάνειν,
986 4137 1079 4190 καὶ
1113 4137 1232 4205 μετ’
1262 4135 1440 4189 αὐτῶν
1473 4134 1819 4188 διοικεῖσθαιο

267 4228 344 4297 μὴ
381 4228 578 4291 ἐξεῖναι
601 4228 654 4281 δὲ
687 4228 1034 4297 ὲξαγορὰζειν
1061 4228 1267 4295 ἕτερον,
1300 4226 1638 4297 ρυπουμένου
1655 4226 1708 4277 δὲ
1730 4224 1822 4277 τοῦ

267 4320 506 4389 ἱματίου,
530 4321 610 4381 δὶς
629 4320 721 4372 τοῦ
754 4319 946 4390 χρόνου
981 4319 1061 4371 δεῖ
1091 4319 1249 4371 τοῦτο
1273 4319 1488 4370 πλύνειν
1517 4335 1530 4347 ·
1571 4315 1821 4371 αἰτοῦντα

267 4411 503 4480 σχήματι
530 4410 744 4479 πτωχοῦ
775 4410 865 4462 καὶ
887 4411 1056 4475 ξένου,
1074 4410 1208 4479 μετὰ
1229 4411 1405 4477 πάσης
1426 4405 1822 4466 ταπεινώσεως,

1929 1961 2366 2015 conciliationem
2398 1974 2648 2030 operatus
2686 1964 2873 2019 lucris.

1998 2053 2120 2107 155.
2155 2053 2376 2106 Paratus
2406 2065 2524 2107 csto
2564 2055 2800 2121 quotidie
2847 2058 2912 2108 ad
2968 2057 3338 2125 suscipiendas
3370 2071 3485 2110 om-

1926 2160 2021 2198 nes
2050 2143 2451 2208 tribulationcs,
2487 2153 2636 2199 ratus
2671 2146 2786 2200 illas
2809 2131 2842 2199 ξι
2880 2147 3060 2202 multis
3092 2148 3321 2201 liberare
3355 2163 3480 2216 pec-

1926 2237 2081 2302 catis,
2123 2246 2174 2292 et
2201 2238 2402 2307 gratias
2435 2251 2533 2304 age
2564 2236 2670 2289 Deo
2709 2254 2722 2289 :
2764 2236 2863 2289 illae
2893 2238 3034 2290 enim
3067 2240 3285 2307 pariunt
3317 2239 3482 2294 liber-

1923 2338 2087 2383 tatem
2123 2328 2584 2393 inconfusibilem,
2613 2328 2768 2396 juxta
2802 2344 3056 2398 magnum
3107 2332 3425 2400 Apostolum
3467 2349 3480 2383 :

1929 2440 1946 2471 ι
1986 2421 2289 2474 Tribulatio
2339 2420 2650 2489 patientiam
2683 2427 2958 2489 operatur,
3001 2421 3255 2488 patientia
3305 2430 3485 2475 autem

1923 2512 2322 2581 probationem,
2357 2510 2599 2579 probatio
2635 2527 2761 2564 vero
2797 2527 2968 2579 spem,
3007 2528 3130 2581 spes
3162 2521 3341 2565 autem
3377 2529 3484 2566 non

1921 2599 2285 2653 confundit”.
2320 2615 2338 2651 ι
2382 2599 2587 2652 Etenim
2623 2618 2640 2649 ι
2675 2598 2802 2664 Qua:
2827 2602 3016 2655 oculus
3054 2616 3158 2654 nun
3194 2603 3344 2664 vidit,
3381 2619 3478 2653 m-c

1923 2691 2069 2743 auris
2096 2689 2323 2752 audivit,
2360 2705 2458 2743 nec
2491 2689 2542 2742 in
2579 2705 2671 2742 cor
2700 2691 2934 2744 hominis
2980 2693 3417 2757 ascenderunt",
3458 2712 3476 2742 ›

1923 2780 2011 2834 illa
2048 2791 2288 2843 manent,
2321 2781 2475 2849 juxta
2515 2781 2874 2834 certissimam
2917 2782 3353 2849 promissionem,
3388 2799 3484 2836 eos

1922 2874 2012 2943 qui
2046 2889 2141 2942 per
2171 2873 2581 2926 tribulationum
2617 2873 2952 2940 patientiam,
2993 2874 3279 2941 adjuvante
3316 2877 3482 2942 gra-ia

1923 2960 2064 3025 (sine
2097 2961 2267 3029 gratia
2298 2961 2440 3015 enim
2491 2961 2625 3014 nihil
2679 2963 2802 3015 boni
2838 2963 2950 3016 lieri
3002 2964 3218 3033 potest),
3273 2967 3487 3033 prolabi

1926 3053 2166 3105 fuerunt.

2003 3230 2121 3284 154.
2158 3230 2301 3282 Nihil
2337 3231 2610 3284 materiale
2647 3232 2928 3301 possideas
2952 3234 3008 3303 in
3042 3243 3131 3287 tua
3164 3236 3376 3299 cellula,
3419 3254 3485 3292 ne

1931 3337 2085 3373 acum
2123 3321 2338 3390 quidem
2376 3321 2640 3392 (exceptis
2694 3333 2895 3387 slorea,
2930 3326 3192 3391 stragulo,
3237 3328 3400 3394 pallio
3431 3339 3485 3380 et

1927 3411 2309 3479 vestimentis),
2339 3428 2436 3465 nec
2462 3414 2643 3477 etiam,
2711 3415 2723 3466 i
2749 3416 3002 3482 possibile
3027 3419 3115 3481 sit,
3151 3411 3442 3472 sca‘bellum
3468 3439 3481 3478 :

1927 3517 2048 3554 nam
2083 3512 2134 3555 et
2171 3503 2361 3556 horum
2418 3503 2634 3570 aliquod
2669 3513 2750 3557 est
2797 3510 3024 3572 pretium
3063 3525 3076 3559 :
3129 3517 3362 3562 attamen
3392 3513 3483 3578 qui

1926 3593 2234 3660 intelligens
2262 3601 2343 3645 est
2370 3592 2655 3659 intelligat.

2000 3683 2118 3735 155.
2154 3681 2295 3733 Nihil
2339 3681 2546 3733 utiliuru
2574 3696 2602 3732 a
2635 3682 2916 3747 superiore
2962 3696 3197 3753 repetas,
3229 3688 3332 3742 nisi
3363 3704 3484 3756 qua}

1927 3779 2054 3826 sunt
2079 3781 2283 3831 notata,
2322 3772 2482 3840 idque
2515 3787 2634 3823 cum
2668 3772 2781 3838 ipse
2813 3773 2904 3825 tibi
2937 3777 3206 3830 acuersilo
3234 3793 3294 3831 ea
3323 3779 3482 3831 obtu-

1925 3870 2082 3934 lerit;
2121 3885 2221 3922 nec
2251 3871 2538 3933 ullatenus,
2574 3871 3013 3939 Suggestionihus
3047 3871 3243 3924 mentis
3273 3871 3482 3924 obtem-

1925 3975 2141 4031 perans,
2189 3973 2490 4015 commutes
2529 3963 2764 4030 aliquam
2814 3978 2990 4015 rerum
3031 3964 3121 4016 tibi
3156 3962 3478 4025 oblatarum,

1927 4052 2020 4106 sed
2055 4067 2408 4121 quaecumque
2460 4053 2588 4116 sint,
2624 4069 2743 4106 cum
2783 4055 3073 4122 gratiarum
3117 4055 3326 4106 actione
3361 4067 3480 4107 tan-

1926 4159 2085 4213 quam
2121 4145 2189 4197 ab
2222 4146 2340 4213 ipso
2388 4143 2496 4196 Deo
2549 4160 2640 4197 eas
2697 4146 2900 4212 accipe,
2938 4147 3123 4213 eisque
3178 4145 3480 4214 acquiesce.

1929 4235 2040 4289 Non
2068 4238 2191 4289 licet
2220 4234 2421 4304 aliquid
2444 4235 2590 4286 aliud
2619 4251 2833 4299 eruere;
2859 4235 2950 4288 scd
2982 4234 3254 4289 sordidam
3282 4244 3481 4288 vestem

1926 4331 2011 4383 bis
2048 4331 2099 4381 in
2137 4343 2279 4382 anno
2315 4329 2455 4389 lava,
2496 4337 2683 4394 petens
2717 4329 2877 4380 veluti
2905 4327 3184 4382 mendicus
3208 4337 3259 4381 et
3284 4328 3484 4396 hospes

1928 4434 2050 4470 cum
2082 4420 2227 4470 omni
2263 4417 2563 4470 humilitate
2599 4418 2821 4472 alterius
2859 4419 3042 4471 fratris
3075 4420 3480 4483 vestimentum,

267 4500 457 4566 ἐτέρου
506 4498 734 4566 ἀδελφοῦ
778 4499 1143 4568 περιϐόλαιον,
1204 4500 1392 4568 μέχρις
1433 4498 1554 4550 ὅτου
1589 4497 1648 4549 τὸ
1699 4497 1824 4547 ἴδιον

1927 4509 2096 4561 donec
2121 4515 2268 4560 tuttm
2299 4509 2462 4559 lotum
2490 4510 2600 4559 sole
2629 4509 2896 4572 siccetur;
2922 4516 2973 4559 et
2997 4507 3127 4559 illud
3154 4517 3336 4576 postea
3361 4523 3484 4560 cum

265 4590 467 4642 πλυθὲν
499 4590 601 4643 ὑπὸ
646 4591 738 4643 τοῦ
790 4592 942 4661 ἡλίου
1008 4591 1268 4660 ξηρανθῇ.
1311 4587 1420 4642 Εἶθ’
1463 4579 1632 4650 οὕτως
1667 4588 1824 4641 πάλιν

271 4682 387 4749 μετ’
414 4680 764 4750 εὐχαριστίας
789 4681 1097 4734 ἀποδιδόναι
1119 4697 1132 4710 °
1171 4681 1429 4741 ὡσαύτως
1448 4679 1543 4729 καὶ
1580 4678 1821 4740 παλλίον,

267 4773 361 4824 καὶ
393 4773 445 4824 si
477 4790 528 4823 τι
556 4773 767 4841 ἓτερον.

345 4879 485 4948 pls“.
525 4883 736 4951 Κοπιᾷν
774 4883 830 4935 δὲ
857 4885 993 4938 κατὰ
1014 4883 1243 4955 δύναμιν
1273 4886 1329 4938 ἐν
1347 4889 1410 4956 τῇ
1449 4887 1710 4957 διακονίᾳ,
1770 4890 1828 4940 ἐν

270 4971 327 5024 δὲ
351 4971 428 5040 τῷ
451 4973 644 5042 κελλίῳ
674 4977 955 5043 καρτερεῖν
987 4976 1045 5028 ὲν
1080 4981 1145 5047 τῇ
1198 4978 1349 5046 εὐχῇ,
1415 4978 1549 5047 μετὰ
1597 4979 1826 5031 κατανύ-

275 5060 554 5125 ξεως,καὶ
613 5069 902 5137 προσοχῆς,
959 5071 1052 5120 καὶ
1093 5071 1329 5138 συνεχῶν
1386 5071 1668 5140 δακρύων,
1732 5074 1826 5125 καὶ

277 5150 350 5219 μὴ
374 5151 580 5205 τιθέναι
605 5158 661 5207 ὲν
680 5159 745 5227 τῇ
777 5157 1003 5228 διανοίᾳ,
1034 5160 1114 5211 ὃτι
1134 5163 1370 5228 σήμερον
1427 5161 1824 5231 ὑπερεκπερισ-

275 5241 367 5293 σοῦ
397 5243 820 5311 ἐκκεκοπιακὼς,
855 5248 1031 5314 ύφέλω
1056 5265 1106 5299 τι
1133 5250 1233 5315 τῆς
1275 5251 1440 5320 εὐχῆς
1503 5250 1676 5301 ἓνεκα
1725 5251 1819 5304 τοῦ

268 5332 578 5398 σωματικοῦ
607 5334 802 5389 κόπου.
833 5337 990 5402 Λέγω
1014 5355 1093 5388 σοι
1116 5338 1243 5409 γὰρ,
1302 5341 1382 5390 ὅτι
1444 5338 1565 5391 ὅσον
1601 5340 1698 5391 ἐάν
1742 5358 1822 5404 τις

267 5418 453 5472 ἑαυτὸν
469 5421 721 5492 βιάσηται
746 5429 801 5477 ὲν
824 5426 887 5496 τῇ
911 5427 1172 5498 διακονίᾳ,
1204 5430 1499 5498 στερηθεὶς·
1515 5431 1610 5498 τῆς
1638 5431 1819 5500 εὐχῆς,

269 5509 410 5577 μέγα
430 5529 482 5564 τι
516 5515 909 5569 ἀπολωλεκέναι
942 5519 1165 5571 οἰέσθω⁹
1202 5520 1293 5572 καὶ
1344 5521 1450 5588 γὰρ
1487 5519 1656 5582 οὕτως
1688 5522 1817 5591 ἔχει.

336 5599 464 5667 ρλζ’.
501 5599 612 5670 Πρὸ
644 5605 855 5657 πάντων
879 5606 954 5668 δὲ,
979 5607 1221 5677 ἁπαντᾷν
1247 5611 1324 5670 εἰς
1372 5606 1467 5670 τὰς
1509 5607 1818 5672 ζὲκκλησια·

910 5778 953 5808 8³
978 5776 1021 5808 ,Ιὲ

363 5773 405 5807 ⁸³
427 5771 563 5828 Luc.
590 5788 719 5838 xvu,
745 5775 829 5830 l0.
890 5778 953 5824 ,³³
978 5776 1138 5831 llum.
1175 5796 1224 5842 ι’,
1254 5783 1304 5835 5.

1925 4601 2221 4666 gratiarum
2266 4602 2473 4650 actione
2521 4597 2704 4649 redde.
2745 4596 2874 4650 item
2908 4598 2973 4651 de
3006 4597 3165 4664 pallio
3199 4606 3254 4652 et
3284 4599 3350 4652 de
3380 4614 3484 4651 cae-

1927 4692 2055 4743 leris

2002 4889 2122 4941 156.
2157 4887 2363 4940 Labora
2415 4902 2512 4955 pro
2563 4884 2769 4938 viribus
2825 4887 2932 4939 tuis
2973 4886 3022 4937 iu
3074 4887 3399 4950 ministerio,
3435 4891 3489 4944 in

1934 4979 2066 5032 cella
2118 4986 2296 5031 autem
2347 4993 2627 5045 persevera
2685 4977 2736 5030 in
2771 4981 3033 5042 oratione,
3065 4994 3186 5030 cum
3226 4995 3495 5050 compun-

1933 5073 2113 5125 cliOue
2139 5078 2191 5122 et
2227 5072 2541 5127 attentione,
2583 5078 2636 5121 et
2675 5069 2924 5138 laerymis
2957 5069 3248 5130 continuis,
3283 5086 3382 5123 nec
3417 5089 3489 5123 ua,

1933 5158 2260 5212 ratiociuare
2297 5175 2310 5213 :
2362 5176 2378 5208 ι
2421 5157 2587 5212 lludie
2623 5159 2784 5212 nimis
2834 5156 3089 5223 fatigatus
3128 5156 3331 5223 aliquid
3364 5174 3489 5208 ura-

1933 5253 2065 5305 t.ioni
2119 5251 2434 5304 subtraham
2491 5259 2705 5319 propter
2753 5242 3425 5315 corporislassitudinem.
3465 5270 3492 5296 ν

1936 5342 2066 5397 Dico
2100 5342 2243 5395 enim
2279 5342 2372 5394 tibi
2398 5381 2413 5404 ,
2465 5354 2938 5409 quantamcunque
2993 5339 3093 5392 sibi
3126 5339 3233 5390 vim
3293 5340 3492 5406 aliquis

1939 5435 1989 5486 in
2025 5431 2320 5486 laborando
2353 5432 2617 5495 intulerit,
2646 5431 2885 5484 oratione
2923 5430 3163 5498 privatus
3194 5429 3491 5482 arbitretur

1941 5540 1999 5578 se
2032 5538 2250 5593 passum
2300 5538 2419 5578 esse
2457 5523 2857 5588 detrimentum,
2899 5522 2948 5574 id
2989 5521 3130 5589 quod
3165 5536 3348 5574 verum
3384 5530 3488 5577 est.

2013 5613 2134 5667 137.
2165 5613 2302 5668 Ante
2339 5629 2526 5668 omnes
2556 5613 2620 5668 ad
2655 5613 2894 5667 ecclesiae
2923 5626 3152 5682 synaxes
3187 5612 3406 5677 accede,
3435 5620 3489 5667 et

1383 5784 1424 5814 “
1459 5782 1558 5838 lsa.
1601 5789 2047 5857 ιιιν,4;1(]οι’.
2082 5810 2141 5856 tt,
2168 5793 2220 5846 9.
