4136 6338
659 408 766 470 m5
1889 384 2233 450 SYMEUNI!

2321 382 2663 446 iUNIORlS
3775 379 3882 436 676

657 518 882 572 ultimus
929 515 1142 579 recede,
1195 522 1416 582 excepta
1478 521 1671 578 magna
1722 505 2090 563 necessitate,
2127 496 2220 552 sed

2321 498 2505 556 στικάς
2520 497 2789 558 συνάξεις,
2819 498 2909 547 καὶ
2934 497 3161 548 ὕστατον
3187 499 3510 565 ὑποχωρεῖν,
3540 493 3695 554 ὲκτδς
3719 494 3884 559 ἀνάγ-

656 607 954 678 praesertim
986 607 1040 659 in
1072 603 1258 658 omcio
1288 600 1579 661 matutino,
1611 606 1668 650 et
1691 595 1747 651 in
1778 609 1931 650 sacra
1961 590 2222 655 Liturgia.

2321 601 2419 653 κης
2453 585 2696 656 μεγάλης
2727 601 2741 616 ο
2781 588 2977 656 μᾶλλον
3009 587 3064 639 δὲ
3099 589 3156 639 ὲν
3179 586 3257 656 τῷ
3283 587 3481 656 ὄρθρῳ,
3507 586 3599 638 καὶ
3646 587 3712 652 τῇ
3769 585 3877 635 λει-

728 785 853 839 158.
879 781 1106 838 Omnem
1135 778 1498 835 obedientiam
1535 776 1714 848 praebe
1741 783 1834 830 tuo
1870 771 2156 843 superiori,
2197 783 2227 823 a

658 889 766 941 quo
798 877 1075 926 tonsuram
1109 867 1426 938 suscepisti,
1454 875 1506 921 et
1545 867 1862 920 indistincte
1889 874 2229 933 quaecunque

660 962 925 1030 praecipit,
951 958 1186 1029 adimple
1214 973 1387 1028 usque
1411 958 1477 1012 ad
1505 965 1757 1022 mortem,
1786 953 1996 1009 etiamsi
2025 948 2231 1020 impos-

663 1051 840 1106 sibilia
893 1051 988 1106 tibi
1029 1050 1312 1104 videantur
1350 1065 1364 1103 :
1401 1049 1455 1102 in
1509 1049 1612 1102 hoc
1640 1047 1782 1101 enim
1814 1042 2046 1097 imitaris
2075 1041 2226 1093 illum

663 1145 755 1212 qui
784 1144 960 1196 factus
998 1152 1082 1195 est
1112 1141 1370 1195 obediens
1398 1153 1570 1206 usque
1605 1137 1672 1190 ad
1713 1143 1965 1194 mortem.
1998 1141 2226 1184 mortem

665 1243 842 1287 autem
875 1234 1056 1287 crucis
1088 1234 1153 1286 ³⁵.
1187 1231 1373 1300 Neque
1431 1231 1530 1285 soli
1582 1228 1870 1298 superiori,
1925 1225 2018 1280 sed
2065 1224 2227 1278 etiam

665 1322 921 1374 omnibus
952 1320 1236 1385 fratribus,
1269 1332 1322 1375 et
1379 1318 1808 1372 ministeriorum
1861 1308 2138 1382 praefecto,"
2174 1311 2228 1363 in

664 1411 921 1466 omnibus
949 1411 1171 1465 obedire
1201 1417 1435 1480 oportet.
1475 1407 1629 1474 Quod
1659 1409 1706 1462 si
1748 1407 1895 1460 vires
1927 1415 2047 1458 tuas
2074 1417 2232 1458 exce-

665 1503 759 1556 dat
790 1502 933 1572 quod
975 1503 1074 1556 tibi
1101 1511 1436 1572 praeceptum
1461 1508 1566 1566 est,
1600 1499 1841 1554 dolorem
1872 1507 2022 1551 tuum
2052 1493 2233 1564 expri-

665 1605 843 1654 mens,
869 1606 1035 1661 posce
1057 1591 1596 1646 condemnationem.
1628 1590 1803 1656 Quam
1851 1587 1898 1643 si
1931 1587 2231 1655 denegave-

663 1680 755 1745 rit,
791 1682 982 1736 dicens
1020 1699 1034 1732 :
1070 1699 1088 1733 ι
1134 1681 1377 1749 Regnum
1424 1682 1689 1736 cmlorum
1739 1680 1845 1733 vim
1895 1679 2118 1747 patitur,
2177 1686 2232 1732 et

666 1773 883 1828 violenti
916 1774 1132 1843 rapiunt
1165 1773 1300 1827 illud
1326 1775 1393 1836 ³⁸,
1430 1793 1448 1825 ι
1481 1775 1588 1828 vim
1624 1773 1720 1826 tibi
1750 1772 1910 1826 infer.

2315 692 2561 746 τουργιᾳ.

2395 766 2531 838 ρλη’.
2571 768 2879 838 ’Υποταγὴν
2901 769 2955 821 δὲ
2989 771 3166 823 πᾶσαν
3193 771 3488 840 κεκτῆσθαι
3518 778 3596 839 είς
3626 780 3715 831 τὸν
3742 779 3884 830 κατὰ

2321 860 2380 913 σὲ
2419 861 2738 929 ἡγούμενον,
2771 863 2861 931 ὑφ’
2880 857 2939 916 οὗ
2960 864 3052 915 καὶ
3082 865 3383 933 ἁπεκάρης·
3403 865 3496 918 καὶ
3554 869 3883 939 άδιακρέτως

2319 952 2384 1005 τά
2408 954 2539 1022 ’παρ’
2557 953 2723 1026 ,αὐτοῦ
2749 956 3047 1023 προσταττό
3064 971 3197 1021 μενα
3213 956 3516 1024 ἐκπληροῦν
3536 960 3694 1028 μέχρι
3717 960 3880 1012 θανά-

2321 1059 2434 1106 του,
2467 1045 2514 1095 εί
2545 1044 2636 1096 καὶ
2665 1035 2903 1097 ἀδύνατά
2934 1062 3014 1097 σοι
3035 1044 3198 1097 δοκεῖ.
3250 1045 3337 1097 Ἐν
3384 1047 3558 1116 τούτῳ
3593 1050 3698 1117 γὰρ
3732 1051 3873 1118 μιμῇ

2319 1135 2412 1187 τὸν
2444 1135 2825 1188 ὑπακούσαντα
2885 1139 3047 1207 μέχρι
3099 1133 3350 1201 θανάτου,
3382 1138 3606 1192 θανάτου
3634 1142 3689 1194 δὲ
3722 1159 3882 1193 σταυ-

2324 1224 2442 1292 ροῦ.
2477 1225 2549 1274 Οὐ
2586 1223 2743 1291 μόνον
2775 1224 2832 1276 δὲ
2863 1226 2950 1276 τὸν
2982 1224 3302 1294 ἡγούμενον,
3350 1226 3484 1278 ἀλλὰ
3553 1231 3644 1279 καὶ
3706 1231 3884 1280 πᾶσαν

2317 1313 2416 1381 τὴν
2438 1309 2794 1377 ἀδελφότητα,
2830 1307 2926 1359 καὶ
2954 1307 3044 1358 τὸν
3063 1307 3160 1366 τὰς
3228 1306 3501 1367 διακονίας
3569 1309 3881 1376 ἐγκεχειρι-

2320 1403 2614 1472 σμένον,οὺ
2643 1401 2744 1468 χρὴ
2776 1397 3120 1468 παρακοῦσαι
3151 1396 3207 1449 ἔν
3230 1414 3355 1448 τινι·
3393 1396 3506 1448 ἀλλ’
3539 1399 3585 1448 εἰ
3619 1401 3713 1450 καὶ
3747 1399 3886 1464 ὑπὲρ

2313 1495 2546 1564 δύναμιν
2582 1488 2700 1564 ᾕτδ
2734 1489 3178 1557 ἐπιταττόμενον,
3215 1487 3394 1557 βαλὼν
3446 1489 3756 1554 μετάνοιαν,
3805 1490 3885 1541 αἴ-

2313 1604 2477 1657 τησαι
2514 1583 2879 1652 συγχώρησιν.
2911 1581 3044 1633 Είδὲ
3075 1580 3212 1649 πρὸς
3237 1579 3396 1632 τοῦτο
3419 1580 3690 1640 ἀνανεύει,
3730 1599 3745 1628 ι
3769 1579 3887 1631 Τῶν

2315 1674 2549 1745 βιαστῶν
2582 1677 2728 1726 ἐστιν
2761 1674 2794 1739 ἡ
2827 1670 3078 1740 βασιλεία
3112 1669 3214 1721 τῶν
3241 1669 3505 1738 οὐρανῶν,
3546 1673 3638 1720 καὶ
3673 1669 3886 1737 βιασταὶ

2313 1766 2647 1838 ἁρπάζουσιν
2679 1764 2867 1832 αὐτὴν,
2904 1780 2922 1812 ι
2959 1761 3326 1829 λογιζόμενον,
3363 1760 3550 1813 ἑαυτὸν
3585 1761 3881 1829 βιάζεσθαι.

759 1865 882 1918 159.
935 1825 1039 1928 ρῖιὶ
1091 1879 1213 1917 cum
1255 1866 1420 1918 corde
1493 1864 1729 1918 contrito
1796 1861 2105 1932 procumbit
2163 1862 2229 1916 ad

2353 1825 2512 1929 .973".
2545 1857 2616 1908 Τὸ
2643 1854 2783 1925 μετὰ
2803 1825 3271 1924 συντετριμμένης
3301 1852 3526 1921 καρδίας
3557 1825 3883 1920 προσκυλινο

665 1955 829 2028 pedes
859 1958 1102 2011 omnium
1134 1956 1388 2020 fratrum,
1430 1957 1700 2012 obscurus
1736 1964 1789 2010 et
1839 1955 2103 2024 inglorius
2149 1955 2232 2008 vi-

667 2047 848 2110 detur,
878 2046 972 2100 sed
1001 2047 1221 2100 minime
1245 2056 1350 2100 est.
1377 2047 1466 2101 Sic
1493 2048 1636 2102 enim
1663 2048 1729 2102 ad
1757 2047 1920 2100 vitam
1953 2062 2228 2108 reversus,

667 2145 721 2192 et
748 2138 942 2206 (audeo
976 2139 1179 2206 dicere)
1229 2140 1512 2207 perspicax
1556 2139 1750 2202 factus,
1790 2139 1955 2192 multa
1991 2141 2229 2206 prophe-

673 2235 775 2293 tat,
820 2227 1111 2295 adjuvaute
1159 2232 1354 2297 gratia.
1395 2227 1718 2294 Huiusmodi
1767 2229 1848 2280 vir
1903 2229 1966 2282 de
2001 2230 2229 2281 aliorum

669 2321 911 2389 peceatis
964 2321 1151 2389 gemit,
1204 2331 1256 2373 et
1291 2320 1548 2373 immotus
1583 2321 1650 2381 ab
1681 2322 1828 2372 omni
1867 2321 2229 2373 tnatetiulittm

671 2409 863 2462 aﬂ'ectu
899 2420 1199 2478 permanet,
1234 2410 1357 2478 quia
1387 2410 1699 2479 'sp‘ritualis
1727 2419 1779 2463 et
1827 2411 2047 2463 divinus
2079 2424 2234 2463 amor

673 2502 822 2553 illum
869 2502 921 2554 in
961 2502 1044 2554 his
1080 2501 1355 2556 offendere
1395 2518 1502 2555 non
1538 2503 1687 2555 sinit.
1721 2502 1834 2556 Non
1877 2504 2070 2555 mirum
2106 2519 2232 2558 vero

671 2591 820 2644 illum
852 2593 1202 2660 prophetare,
1237 2607 1357 2644 cum
1389 2595 1438 2645 id
1471 2607 1611 2660 smpe
1643 2594 1710 2646 ab
1740 2596 1870 2660 ipsis
1896 2594 2233 2648 daemonibus

674 2681 955 2750 provenire
987 2683 1266 2750 contingat
1308 2699 1322 2734 :
1370 2692 1608 2737 attamen
1665 2685 1755 2751 qui
1809 2685 2114 2752 intelligens
2149 2695 2232 2738 est

674 2769 957 2838 intelligat.
1000 2769 1056 2820 Si
1084 2771 1205 2838 quis
1238 2783 1415 2823 tamen
1455 2773 1811 2828 revelationes
1846 2776 2091 2841 accipere
2121 2790 2235 2828 cae-

671 2858 830 2923 perit,
882 2857 948 2912 iis
997 2857 1180 2912 forsan
1232 2860 1554 2927 privabitur,
1591 2871 1778 2929 utpote
1829 2866 2233 2929 perscrutandis

2313 1949 2518 2002 δεῖσθαι
2548 1950 2658 2008 τοῖς
2689 1949 2813 1998 ποσὶ
2843 1946 3022 2010 πάσης
3053 1944 3150 2013 τῆς
3181 1942 3555 2012 ἀδελφότητος,
3616 1943 3690 2004 ὼς
3745 1943 3885 2009 ag”-

2312 2043 2407 2110 νὴς
2441 2041 2534 2092 καὶ
2559 2039 2852 2105 ἄγνωστος,
2886 2035 2979 2087 καὶ
3001 2033 3137 2095 ὅλως
3175 2035 3247 2102 μὴ
3279 2033 3399 2085 div."
3417 2034 3527 2086 Καὶ
3573 2033 3681 2102 γὰρ
3716 2032 3886 2093 οὕτως

2313 2129 2371 2178 ὲν
2403 2124 2504 2193 βίῳ
2565 2120 3060 2189 ἀναστρεφόμενος,
3113 2117 3299 2187 θαρρῶ
3343 2118 3515 2170 εἰπεῖν
3582 2115 3886 2186 διορατικὸς

2312 2217 2620 2284 γενόμενος,
2666 2213 2832 2264 πολλὰ
2861 2210 3136 2278 προλέγει,
3169 2211 3266 2277 τῆς
3329 2209 3546 2277 χάριτος
3599 2207 3885 2276 συνεργού·

2314 2323 2433 2373 σης.
2479 2306 2536 2357 Ὀ
2581 2303 2819 2364 τοιοῦτος
2884 2303 2977 2354 καὶ¹
3023 2301 3165 2370 ὑπὲρ
3229 2300 3432 2370 ἑτέρων
3483 2298 3886 2366 ἐλαττωμάτων

2314 2397 2542 2465 θρηνεῖ·
2577 2394 2985 2463 ἁπερίσπαστος
3018 2391 3078 2454 ἐξ
3118 2391 3318 2443 ὑλικῶν
3377 2391 3755 2459 προσπαθείας
3792 2391 3882 2458 μέ.

2314 2503 2419 2538 νων
2447 2504 2458 2514 ·
2485 2485 2578 2536 τοῦ
2601 2483 2974 2552 πνευματικοῦ
3004 2481 3096 2533 καλ⁹
3149 2480 3294 2533 θείου
3341 2480 3540 2550 ἔρωτος
3591 2479 3664 2548 μὴ
3693 2479 3885 2541 ἐῶντος

2313 2574 2474 2628 αὑτὸν
2505 2577 2561 2627 ὲν
2593 2573 2802 2634 τούτοις
2831 2571 3133 2641 ὁλισθῆσαι.
3160 2572 3233 2623 Οὐ
3263 2570 3575 2638 θαυμαστὸν
3599 2570 3655 2622 δὲ
3680 2575 3740 2622 τὸ
3769 2585 3887 2639 προ-

2314 2667 2515 2733 λέγειν,
2542 2666 2798 2725 πολλάκις
2818 2664 2873 2714 δὲ
2912 2662 3194 2732 συμϐαίνει
3222 2662 3314 2714 καὶ¹
3335 2662 3401 2712 ἐκ
3415 2660 3686 2729 δαιμόνων
3723 2676 3884 2729 προσ·

2315 2756 2566 2823 γῖνεσθαι
2600 2774 2611 2785 ·
2646 2757 2795 2823 ὅμως
2843 2757 2871 2807 ό
2899 2755 3034 2805 νοῶν
3082 2753 3267 2821 νοήσει
3295 2770 3309 2785 ·
3361 2751 3500 2820 πλὴν
3535 2752 3626 2803 ἐὰν
3661 2753 3884 2820 ἄρξηταί

2316 2865 2397 2908 τις
2432 2847 2688 2915 δέχεσθαι
2722 2845 3128 2929 ἐξαγορεύσεις,
3178 2845 3308 2905 ἴσως
3363 2845 3456 2895 καὶ
3509 2843 3714 2894 τούτων
3773 2860 3879 2895 στει

671 2949 901 3002 aliorum
927 2951 1353 3018 cogitationibus
1378 2967 1597 3006 vacans.
1625 2953 1677 3006 Si
1704 2964 1881 3006 autem
1910 2970 2017 3024 prtc
2039 2970 2231 3024 magna

2322 2939 2512 3005 ρεῐται,
2534 2933 2844 3003 ἀπασχολού
2855 2951 3011 3003 μενος
3033 2934 3089 2985 ὲν
3110 2933 3187 3002 τῷ
3220 2932 3347 2994 τοὺς
3367 2932 3568 3002 ἑτέρων
3597 2932 3879 3001 λογισμοὺς

673 3038 977 3092 humilitate
1007 3042 1072 3093 ab
1101 3042 1202 3095 hac
1234 3043 1567 3107 curiositate,
1608 3046 1815 3099 scilicet
1857 3063 1883 3097 a
1914 3023 2149 3099 dicendo
2176 3057 2230 3101 et

2321 3029 2655 3097 ἀνακρίνειν.
2696 3027 2819 3078 Ἐὰν
2853 3027 2907 3077 δὲ
2931 3026 3090 3078 πάλιν
3140 3027 3203 3076 ὲκ
3257 3023 3456 3091 πολλῆς
3512 3023 3882 3082 ταπεινώσεως

673 3129 945 3183 audiendo
975 3131 1264 3192 destiterit,
1299 3135 1526 3201 pristino
1560 3137 1860 3190 restituitur
1908 3139 2094 3191 Statni.
2130 3140 2231 3192 Sed

2321 3121 2521 3172 τούτων
2562 3118 2861 3185 παύσηται,
2902 3117 3068 3185 ἤγουν
3133 3115 3225 3166 τοῦ
3279 3114 3457 3180 λέγειν
3490 3113 3605 3182 ικαὶ
3649 3113 3882 3173 ἀκούειν,

675 3219 986 3287 hujusmodi
1022 3237 1201 3275 rerum
1237 3225 1387 3277 solus
1420 3223 1560 3278 Deus
1603 3227 1850 3280 notitiam
1887 3229 2083 3295 habet;
2116 3243 2233 3299 ego,

2321 3210 2480 3261 πάλιν
2497 3207 2932 3261 ἀποκαθίσταται
2961 3209 3038 3268 είς
3070 3205 3169 3274 τὴν
3196 3206 3470 3275 προτέραν
3502 3204 3885 3257 ἀποκατάστα-

672 3321 823 3366 metu
851 3312 1144 3375 cohibitus,
1178 3314 1244 3367 de
1277 3314 1476 3368 talibus
1502 3331 1606 3368 non
1641 3317 1811 3372 audeo
1841 3319 2006 3388 loqui.

722 3600 867 3654 140.
902 3599 1106 3655 liabeto
1137 3602 1370 3655 animam
1405 3605 1456 3658 in
1499 3603 1666 3659 Deum
1704 3620 1916 3674 semper
1951 3614 2194 3662 intentat.
2223 3662 2234 3673 ,

676 3690 730 3743 in
763 3703 954 3744 somno
983 3697 1054 3744 'et
1099 3692 1151 3744 in
1208 3695 1406 3760 vigilia,
1447 3697 1499 3747 in
1535 3696 1763 3764 prandio
1795 3708 1848 3752 et
1883 3699 1934 3750 in
1964 3715 2235 3764 Sermone,

675 3782 729 3835 in
754 3794 1009 3833 manuum
1041 3781 1221 3834 labore
1244 3793 1294 3836 et
1324 3782 1376 3834 in
1413 3786 1557 3838 omni
1593 3787 1694 3839 alia
1724 3791 2062 3856 operatione,
2085 3792 2241 3855 juxta

676 3868 954 3938 Propheta:
1002 3873 1281 3924 oraculum
1325 3890 1337 3926 :
1392 3892 1408 3924 ι
1445 3873 1802 3930 Providebam
1840 3878 2124 3932 Dominum
2185 3885 2236 3934 in

676 3971 974 4027 conspectu
1006 3975 1124 4014 meo
1160 3979 1424 4030 semper.»
1457 3965 1690 4020 Aistima
1723 3968 1946 4035 tcipsum
1984 3980 2038 4023 ut
2070 3973 2239 4024 Inari-

677 4064 822 4102 mum
856 4060 1193 4119 peccatore-ru
1225 4055 1368 4109 inter
1405 4067 1634 4112 cunctos
1662 4058 1930 4113 homines.
1979 4060 2238 4116 Perseve;

676 4147 830 4195 rante
854 4142 996 4194 enim
1028 4142 1129 4196 hac
1165 4133 1596 4211 recordatione,"
1618 4147 1872 4217 atl'ulgere
1911 4151 2047 4204 solet
2077 4153 2238 4206 menti

677 4231 989 4296 illustratio,
1025 4235 1165 4288 radii
1218 4235 1426 4302 instar;
1479 4246 1532 4291 et
1580 4248 1836 4306 quantum
1874 4242 2010 4294 hanc
2039 4244 2238 4309 quzeris

675 4337 802 4375 curn
838 4339 1033 4392 magna
1061 4328 1360 4394 diligentia,
1398 4332 1671 4393 constanti
1706 4333 1907 4394 animo,
1939 4335 2124 4389 labore
2155 4347 2235 4388 te-

2321 3314 2421 3352 σιν.
2452 3299 2564 3369 Τὴν
2592 3299 2647 3350 δὲ
2670 3299 2776 3371 τῶν
2807 3297 3080 3350 τοιούτων·
3107 3295 3308 3365 εἴδησιν
3360 3297 3516 3366 μόνος
3561 3298 3587 3348 ό
3617 3296 3762 3367 Θεὶ-ςί
3797 3299 3887 3347 tr:-

2326 3388 2720 3455 ίσταται.Ἐγὼ
2750 3387 2856 3457 γάρ
2887 3386 3037 3456 φόϐῳ
3070 3386 3444 3455 συνεχόμενος,
3475 3387 3600 3450 περὶ
3637 3385 3886 3436 τοιούτων

2321 3480 2380 3530 οὐ
2403 3479 2586 3549 τολμῶ
2619 3479 2975 3547 φθέγξασθαι.

2397 3597 2508 3665 ρμ’.
2538 3599 2719 3667 Ἕχειν
2745 3600 2802 3652 δὲ
2832 3602 2922 3652 τὸν
2941 3600 3071 3670 νοῦν,
3090 3603 3320 3656 πάντοτε
3353 3604 3491 3673 πρὸς
3520 3603 3609 3655 τὸν
3635 3605 3788 3666 Elei»),
3838 3608 3889 3656 ἐν

2323 3706 2382 3741 τε
2415 3687 2567 3758 ὕπνῳ
2592 3693 2684 3742 καὶ
2715 3691 3066 3763 ὲγρηγόρσει,
3093 3694 3331 3747 ἑστιάσει
3366 3696 3461 3747 καὶ
3490 3696 3698 3764 ὁμιλίᾳ,
3737 3700 3890 3765 ἐργο-

2323 3781 2558 3851 χείρῳτε
2588 3783 2678 3833 καὶ
2705 3783 2850 3852 πάσῃ
2881 3783 3012 3854 ἄλλῃ
3033 3785 3246 3852 πράξει,
3269 3786 3408 3838 κατὰ
3458 3787 3516 3838 τὸ
3561 3790 3889 3856 προσητικὸν

2356 3877 2500 3942 όγιον
2532 3893 2545 3906 ·
2572 3894 2587 3925 ι
2627 3875 2979 3945 Προωρὼμην
3007 3877 3313 3948 τὸνΚύριον
3355 3879 3584 3931 ἐνώπιόν
3638 3897 3737 3948 μου
3786 3881 3893 3931 δια·

2326 3967 2544 4029 παντός.
2584 3986 2603 4018 ι
2650 3969 2814 4034 Ἠγοῦ
2859 3969 2915 4050 δὲ
2961 3969 3154 4021 ἑαυτὸν
3210 3970 3662 4040 ἁμαρτωλότερον
3694 3972 3893 4034 παντὸς

2323 4058 2633 4125 ἀνθρώπου.
2679 4057 3044 4127 Χρονιζούσης
3083 4059 3189 4128 γὰρ
3245 4060 3446 4131 ταύτης
3496 4063 3593 4131 τῆς
3642 4064 3890 4132 μνήμης,

2325 4151 2564 4216 πέφυκεν
2595 4149 2994 4220 ἐγγίνεσθαιτῇ
3031 4151 3236 4220 διανοίᾳ
3271 4151 3556 4222 ἔλλαμψις,
3606 4155 3762 4222 δίκην
3796 4157 3892 4208 ἁκο

2324 4243 2488 4303 τίνος·
2522 4243 2615 4293 καὶ
2640 4244 2762 4294 ὅσον
2794 4242 2996 4310 ταύτην
3013 4242 3307 4312 ἐπιζητεῖς,
3335 4243 3501 4314 πολλῇ
3522 4251 3788 4316 προσοχῇ,
3807 4249 3894 4300 καὶ

2324 4335 2716 4403 ἀπερισπάστῳ
2745 4334 2973 4403 διανοίᾳ,
3005 4336 3156 4403 κόπῳ
3186 4351 3243 4386 τε
3284 4335 3482 4405 πολλῷ,
3519 4338 3612 4389 καὶ
3640 4338 3894 4409 δάκρυσι.

676 4415 799 4466 naci
835 4423 889 4468 et
917 4415 1192 4484 lacrymis,
1226 4425 1377 4470 tanto
1410 4420 1742 4487 splendidior
1771 4421 1988 4491 aﬂ‘ulget
2016 4441 2028 4486 ;
2078 4424 2233 4478 afful-

2324 4426 2754 4495 τηλαυγέστερον
2804 4425 3093 4494 φαίνεται·
3149 4428 3446 4498 φαινομένη
3485 4427 3562 4490 δὲ,
3593 4430 3892 4498 ἀγαπᾶται·

674 4518 808 4573 gens
837 4517 967 4558 vero
997 4517 1228 4568 amatur,
1274 4517 1450 4560 amata
1489 4510 1755 4575 puriﬁcat,
1791 4515 2085 4579 puritieans
2125 4516 2233 4570 Deo

2326 4517 2662 4584 ἀγαπωμένη
2716 4516 2794 4578 δὲ,
2848 4516 3128 4588 καθαίρει·
3159 4517 3491 4587 καθαίρουσα
3549 4519 3626 4582 δὲ,
3693 4519 3895 4590 θεοειδῆ

677 4595 906 4650 similem
937 4595 1133 4662 reddit,
1187 4597 1541 4654 illuminando
1571 4616 1634 4655 ac
1685 4604 1927 4658 docendo
1972 4607 2168 4660 bonum
2202 4624 2230 4662 a

679 4683 823 4737 malo
880 4683 1212 4741 discernere.
1271 4685 1554 4755 Praeterea,
1592 4691 1777 4758 frater,
1813 4706 2023 4762 oportet
2066 4699 2235 4751 multo

673 4776 865 4832 labore
896 4777 1003 4831 Deo
1039 4780 1342 4846 cooperari,
1381 4790 1433 4833 ut
1472 4781 1562 4835 illa
1600 4783 1838 4851 perfecte
1876 4787 2139 4844 inhabitet
2178 4790 2232 4844 in

679 4875 771 4919 tua
797 4867 998 4932 anima,
1035 4876 1090 4920 et
1121 4877 1168 4921 te
1193 4869 1458 4923 illuminet
1490 4855 1643 4926 isicut
1690 4872 1817 4928 luna
1859 4878 2108 4933 tenebras
2140 4894 2237 4933 no-

677 4961 802 5013 ctis.
840 4962 1061 5026 Oportet
1081 4960 1242 5014 etiam
1269 4975 1458 5016 cavere
1487 4965 1554 5015 ab
1575 4963 1795 5020 offensis
1821 4969 2230 5038 cogitationum,

679 5062 832 5101 vana:
869 5050 1054 5115 gloriae
1092 5064 1156 5103 ac
1207 5052 1663 5121 praesumptionis,
1699 5063 1752 5109 et
1805 5073 1870 5112 ne
1896 5061 2237 5123 condemnes

682 5141 914 5208 aliquem
940 5153 1098 5208 quem
1145 5141 1295 5195 vides
1335 5143 1546 5212 aliquid
1584 5145 1877 5214 incongrue
1924 5149 2236 5213 facientem.

682 5226 966 5280 Daemones
1001 5228 1155 5281 "enim
1193 5230 1437 5285 videntes
1473 5235 1708 5289 animam
1742 5251 1770 5289 a
1803 5240 2146 5307 passionibus
2172 5257 2236 5298 ac

681 5319 1092 5384 tentationibus,
1135 5330 1355 5390 propter
1402 5323 1790 5382 inhabitantem
1845 5332 2072 5399 gratiam
2125 5344 2237 5389 sta-

683 5416 907 5476 tumque
959 5410 1335 5476 tranquillum,
1371 5414 1671 5481 liberatam,
1707 5419 1754 5472 ei
1793 5422 1918 5474 talia
1948 5424 2235 5492 objiciunt.

683 5499 932 5550 Attamen
985 5501 1242 5554 auxilium
1298 5517 1328 5556 a
1381 5503 1486 5557 Deo
1538 5510 1733 5563 veniet.
1777 5512 1858 5565 Sit
1910 5513 2004 5568 tibi
2057 5515 2235 5570 luctus

687 5591 1001 5654 continuus,
1051 5599 1102 5644 et
1155 5588 1376 5650 satietas
1431 5595 1790 5666 lacrymarum
1837 5617 2112 5673 nunquam
2143 5605 2234 5662 sit.

756 5769 802 5802 ³³
835 5771 1068 5842 Philipp.
1116 5790 1176 5841 tt,
1215 5775 1266 5832 8.
1346 5778 1390 5811 “
1413 5779 1601 5836 Matth.
1630 5795 1712 5850 at,
1748 5782 1833 5839 12.

2326 4607 2718 4675 ἀπεργάζεται,
2774 4608 3083 4674 φωτίζουσα
3109 4610 3202 4663 καὶ
3239 4609 3565 4664 διδάσκουσα
3600 4611 3896 4682 διακρίνειν

2324 4699 2386 4751 τὸ
2412 4699 2574 4752 καλὸν
2603 4702 2711 4754 ἀπὸ
2755 4699 2847 4753 τοῦ
2881 4700 3140 4770 χείρονος.
3203 4700 3369 4773 Πλὴν,
3422 4703 3641 4771 ἀδελφὲ,
3702 4705 3896 4758 πολλοῦ

2326 4792 2408 4844 δεῖ
2427 4792 2617 4852 κόπου,
2657 4793 2753 4844 σὺν
2773 4791 2910 4862 Θεῷ,
2937 4792 3030 4846 τοῦ
3061 4791 3284 4856 τελείως
3334 4792 3538 4865 ταύτην
3565 4797 3897 4866 εἰσοικισθῆ-

2327 4900 2412 4935 van.
2443 4886 2508 4952 τῇ
2541 4885 2605 4952 σῇ
2638 4883 2781 4953 ψυχῇ
2815 4899 2829 4914 ο
2886 4885 2980 4936 καὶ
3018 4883 3191 4957 ταύτῃ
3225 4886 3589 4955 καταυγάσαι,
3632 4888 3822 4960 ῶσπερ
3866 4891 3897 4958 ἡ

2331 4973 2530 5044 σελήνη
2553 4975 2643 5026 τὸν
2670 4975 2770 5042 τῆς
2800 4974 2992 5036 νυκτὸς
3043 4975 3225 5042 ζόφον.
3275 4977 3571 5047 Προσέχειν
3597 4978 3651 5030 δὲ
3692 4978 3774 5030 δεῖ
3805 4981 3896 5031 καὶ

2329 5067 2427 5127 τὰς
2457 5066 2759 5135 προσϐολὰς
2808 5067 2914 5118 τῶν
2974 5066 3268 5136 λογισμῶν,
3327 5068 3632 5132 κενοδοξίας
3683 5087 3742 5122 τε
3807 5072 3896 5123 καὶ

2328 5159 2577 5228 οἰήσεως,
2608 5157 2700 5210 καὶ
2733 5158 2825 5210 τοῦ
2852 5160 2925 5227 μὴ
2959 5160 3307 5229 κατακρίνειν
3329 5159 3452 5214 τινὰ
3483 5160 3693 5230 ὁρῶντα
3727 5163 3894 5232 ἀπρι·

2330 5253 2428 5315 πὲς
2467 5269 2518 5303 τι
2549 5252 2875 5320 πράττοντα.
2911 5251 2973 5302 0i
3001 5251 3107 5321 γάρ
3157 5251 3406 5321 δαίμονες
3449 5250 3748 5320 ’βλέποντες
3804 5255 3893 5323 τὴι

2327 5344 2505 5414 ψυχὴν
2548 5344 2655 5396 ἀπὸ
2683 5343 2790 5394 τῶν
2818 5342 3005 5395 παθῶν
3047 5344 3141 5396 καὶ
3199 5344 3308 5395 τῶν
3338 5343 3657 5413 πειρασμῶν
3687 5345 3772 5396 διὰ
3804 5346 3896 5412 τῆς

2329 5438 2657 5505 ἐνοικήσεως
2678 5435 2776 5504 τῆς
2806 5436 3045 5504 χάριτος,
3075 5434 3168 5486 καὶ
3184 5435 3282 5500 τῆς
3315 5435 3592 5506 εἰρηνικῆς
3622 5436 3893 5487 καταστά-

2331 5545 2468 5590 σεως
2541 5525 3016 5596 ἑλευθερωθεῖσαν,
3102 5526 3462 5596 προϐάλλουσι
3492 5529 3587 5578 πτὰ
3653 5527 3894 5580 τοιαῦτα.

2335 5619 2525 5686 Ὅμως
2567 5622 2598 5686 ὴ
2632 5618 2851 5686 βοήθεια
2903 5620 2968 5670 ὲκ
2997 5618 3150 5674 Θεοῦ.
3206 5619 3449 5672 Γενέσθω
3491 5619 3546 5673 δέ
3577 5634 3656 5671 σοι
3714 5621 3806 5672 καὶ
3839 5619 3894 5672 τὸ
