4136 6338
283 372 389 433 6ἷῖ

1567 363 1824 429 ΟΑΡΙΤΛ
1871 369 2027 428 MOR
2041 372 2076 429 Α
2089 372 2235 436 LIA.

3387 381 3488 442 673

284 485 480 542 πένθος
538 483 802 554 διηνεκὲς,
855 483 948 534 καὶ
991 482 1146 551 κόρος
1213 481 1318 533 τῶν
1376 482 1624 551 δακρύων
1689 482 1845 557 μὴ

1941 480 2082 534 Cave
2134 490 2316 536 autem
2366 496 2435 537 ne
2465 483 2684 553 aliquod
2720 485 2944 552 patiaris
2991 485 3373 554 detrimentum
3429 508 3492 545 ex

284 579 527 650 Πρόσεχε
559 577 615 628 δὲ
667 577 740 645 μὴ
776 575 1034 627 ὲκπσθεῐν
1084 591 1134 626 τι
1182 576 1245 627 ἐκ
1294 574 1491 643 πολλῆς
1551 578 1722 645 χαρᾶς
1759 579 1852 629 καὶ

285 667 656 731 κατανύξεως,
697 667 830 736 μηδὲ
863 665 920 729 ἐξ
953 665 1082 717 ίδίου
1118 663 1284 716 κόπου
1317 665 1410 717 καὶ
1431 665 1526 716 οὐκ
1553 668 1616 718 ἐκ
1641 668 1736 735 τῆς
1759 667 1850 717 τοῦ

284 761 420 814 Θεοῦ
466 760 682 829 χάριτος
737 757 911 810 ταῦτα
964 758 1303 826 λογίσασθαι,
1357 757 1449 809 καὶ
1487 757 1852 826 ἀφαιρεθῶσιν

284 855 353 905 ἐκ
391 851 507 914 σοῦ,
540 852 635 903 καὶ
668 850 836 903 πολλὰ
869 847 1126 919 ζητήσεις
1160 851 1217 902 ὲν
1250 853 1315 919 τῇ
1342 851 1472 918 εὐχῇ
1509 850 1602 902 καὶ
1638 851 1733 919 οὐχ
1761 851 1852 901 εύ-

287 947 479 1016 ρήσεις
513 960 526 974 ·
565 945 658 996 καὶ
710 943 895 1013 γνώσῃ
957 940 1068 997 οἷον
1117 944 1286 1013 δῶρον
1352 943 1674 1006 ἀπώλεσας·
1719 942 1851 995 ἀλλά

288 1038 584 1105 μηδέποτε,
630 1036 822 1106 Κύριε,
866 1036 1260 1105 στερηθείημεν
1299 1038 1399 1105 τῆς
1457 1037 1555 1100 σῆς
1610 1022 1846 1103 χάριτος.

288 1127 460 1196 Πλὴν,
494 1128 710 1196 ἀδελφὲ,
734 1127 828 1180 ἐὰν
856 1129 951 1179 καὶ⁵
983 1126 1162 1195 συμόῇ
1215 1125 1392 1186 τοῦτο,
1435 1125 1722 1196 ὲπίρῤιψον
1762 1128 1851 1178 ἐπὶ

285 1213 422 1268 Θεὸν
450 1216 549 1280 τὴν
579 1214 862 1268 ἀσθένειάν
885 1230 998 1280 σου,
1032 1214 1122 1266 καὶ
1154 1213 1410 1275 ἀναστὰς,
1465 1214 1706 1274 ἐκτείνας
1755 1218 1850 1276 τὰς

286 1308 502 1376 χεῖρας,
588 1301 742 1369 εὖξαι
804 1305 978 1372 λέγων
1031 1303 1173 1357 οὕτω
1211 1321 1226 1337 ο
1271 1303 1462 1372 Κύριε,
1510 1302 1730 1371 ἐλέησόν
1782 1321 1849 1372 με

285 1396 382 1448 τὸν
415 1397 760 1466 ἀμαρτωλδν,
803 1397 896 1450 καὶ
945 1396 1168 1463 ἀσθενῆ,
1195 1396 1288 1448 καὶ
1339 1394 1705 1462 ταλαίπωρον,
1759 1397 1850 1448 καὶ

285 1479 647 1548 κατάπεμψον
680 1481 766 1532 ἐπ’
807 1480 902 1547 ἐμὲ
931 1482 1029 1548 τὴν
1059 1483 1216 1551 χάριν
1246 1499 1361 1546 σου,
1396 1483 1468 1551 μὴ
1501 1485 1606 1538 ἐῶν
1651 1503 1849 1557 πειρα-

279 1568 476 1636 σθῆναι
507 1585 572 1637 με
613 1569 754 1637 ὑπὲρ
785 1569 813 1622 ὃ
863 1570 1118 1640 δύναμαι.
1161 1572 1290 1637 Ἴδε,
1320 1575 1512 1643 Κύριε,
1569 1580 1622 1630 αἱ
1659 1577 1848 1632 πολλαὶ

278 1658 550 1728 ἁμαρτίαι
577 1677 676 1729 μου
719 1662 796 1723 είς
831 1661 949 1715 οἵαν
984 1662 1222 1733 ἀθυμίαν
1276 1667 1370 1716 καὶ
1425 1666 1715 1738 λογισμούς
1783 1687 1848 1738 με

1946 570 2112 623 multa
2155 565 2328 626 laetitia
2362 582 2414 626 et
2467 577 2904 643 compunctione,
2937 592 3072 633 neve
3113 579 3228 635 haec
3275 586 3496 652 preprio

1943 658 2137 724 labori,
2163 677 2274 715 non
2307 671 2482 716 autem
2512 665 2699 733 gratiae
2729 665 2922 720 divina:
2948 667 3233 733 attribuas,
3267 677 3320 722 et
3348 670 3495 724 aufe-

1943 761 2133 806 rantur
2163 770 2190 806 a
2224 765 2295 820 to,
2348 769 2412 808 ac
2465 755 2631 808 multa
2662 770 2907 824 quaerens
2957 759 3009 811 in
3057 759 3327 822 oratione,
3360 760 3494 811 nihil

1943 844 2207 909 invenias,
2230 859 2283 899 et
2305 847 2448 900 scias
2465 857 2722 914 quantum
2746 847 2943 901 donum
2963 850 3230 904 amiseris.
3258 849 3494 912 Utinam,

1943 934 2185 998 Domine,
2219 951 2496 1006 nunquam
2540 937 2840 1005 spolientur
2870 947 2957 992 tua
2988 941 3186 1009 gratia!
3223 942 3487 1001 Attamen,

1941 1026 2130 1089 frater,
2163 1028 2206 1080 si
2236 1029 2334 1080 hoc
2379 1027 2475 1080 tibi
2508 1029 2786 1092 acciderit,
2815 1029 3022 1098 conjice
3043 1030 3104 1086 in
3136 1029 3297 1083 Deum
3347 1030 3484 1083 inﬁr-

1942 1116 2180 1167 mitatem
2216 1126 2386 1178 tuam,
2421 1125 2476 1170 et
2515 1131 2764 1185 surgens,
2811 1119 3051 1173 extensis
3100 1119 3347 1174 manibus
3378 1135 3494 1187 pre-

1938 1219 2064 1260 care
2108 1205 2186 1258 sie
2231 1206 2458 1273 loquens
2492 1223 2507 1260 :
2548 1225 2566 1256 ‹
2607 1207 2851 1271 Domine,
2887 1208 3143 1263 miserere
3176 1209 3280 1260 mei
3315 1222 3499 1276 pecca-

1940 1295 2095 1358 toris,
2121 1305 2174 1348 et
2203 1296 2422 1360 inlirmi,
2448 1304 2504 1349 et
2535 1297 2844 1360 miserrimi,
2875 1305 2928 1353 et
2960 1299 3109 1352 mitte
3140 1298 3193 1352 iu
3230 1312 3315 1351 me
3348 1307 3493 1350 tuam

1938 1384 2191 1455 gratiam,
2241 1401 2346 1437 non
2400 1387 2615 1453 patiens
2666 1401 2752 1438 me
2805 1387 2998 1439 tentari
3046 1401 3208 1453 supra
3250 1385 3300 1437 id
3350 1386 3491 1453 quod

1938 1491 2183 1546 possum.
2211 1476 2365 1541 Vide,
2398 1476 2641 1541 Dutnine,
2679 1476 2732 1530 in
2756 1485 3010 1545 quantam
3039 1476 3203 1530 animi
3236 1477 3482 1546 dejectio-

1937 1585 2084 1633 nem,
2140 1572 2193 1624 in
2229 1584 2367 1637 quas
2415 1557 2771 1636 cogitationes
2836 1583 2921 1623 me
2970 1567 3280 1622 induxerint
3327 1568 3484 1620 multa

1937 1671 2159 1730 peccata
2199 1674 2336 1713 mea.
2389 1660 2521 1728 Ego,
2574 1658 2816 1725 Domine,
2852 1658 3066 1714 etiamsi
3101 1659 3339 1722 voluero,
3399 1658 3493 1711 ob-

275 1749 508 1816 ἥγαγον.
561 1750 722 1817 Ἐγὼ,
783 1751 978 1820 Κύριε,
1038 1755 1086 1805 εί
1155 1754 1247 1806 καὶ
1302 1755 1531 1824 θελήσω,
1604 1758 1666 1809 ἐκ
1735 1758 1846 1810 δαι-

1940 1751 2209 1805 stantibus
2237 1750 2578 1804 daemonibus
2628 1764 2855 1819 meaque
2891 1751 3330 1818 prtcsumptione,
3386 1750 3493 1818 pri-

279 1839 460 1905 μόνων
511 1839 605 1890 καὶ
667 1841 897 1908 οἰήσεως
929 1841 1025 1913 τὴν
1079 1843 1331 1912 στέρησιν
1362 1821 1461 1914 τῆς
1517 1846 1614 1915 σῆς
1672 1865 1846 1917 παρα-

1940 1842 2208 1895 vatiouem
2259 1850 2362 1895 tua:
2394 1841 2785 1895 consolationis
2838 1842 3112 1896 aestimare
3157 1856 3262 1895 non
3291 1842 3441 1894 valeo
3474 1855 3489 1892 :

276 1933 526 2004 κλήσεως
566 1934 883 2001 λογίσασθαι
951 1935 1012 1986 οὐ
1062 1935 1294 2004 δύναμαι
1327 1954 1340 1968 ’
1385 1933 1498 1990 οἶδα
1543 1940 1664 2008 [γὰρ
1714 1940 1847 2009 πρὸς

274 2025 499 2089 τούτους
569 2026 764 2087 αὐτοὺς
824 2026 1388 2094 ἀντιπαρατάσσεσθαι
1449 2030 1571 2091 τοὺς
1643 2030 1702 2081 τὸ
1760 2029 1849 2082 σὺν

276 2115 490 2186 θέλημα
532 2114 749 2185 θερμῶς
781 2115 1150 2174 ἐπιτελοῦντας.
1193 2116 1331 2185 Ἐγὼ
1357 2119 1412 2170 δὲ
1459 2120 1518 2171 τὸ
1546 2119 1723 2172 αὐτῶν
1756 2120 1849 2172 θέ-

273 2205 428 2273 λημα
469 2203 591 2256 καθ’
623 2204 859 2272 ἑκάστην
885 2205 1196 2273 ἐκπληρῶν,
1229 2206 1348 2269 πῶς
1378 2207 1469 2260 ὑπ’
1500 2208 1678 2260 αὐτῶν
1721 2225 1840 2261 πει-

277 2293 658 2365 ρασθήσομαι;
704 2295 1035 2364 πειράζομαι
1060 2297 1114 2349 δὲ
1149 2298 1366 2360 πάντως
1396 2299 1498 2350 ὑπὸ
1527 2298 1632 2351 τῶν
1706 2300 1848 2352 ἰδίων

272 2384 582 2452 ἁμαρτιῶν.
608 2387 716 2437 Καὶ
747 2385 863 2449 νῦν,
893 2387 1066 2456 Κύριέ
1138 2404 1262 2455 μου,
1312 2389 1506 2456 Κύριε,
1555 2391 1602 2440 εί
1643 2389 1853 2458 θέλημα

275 2474 372 2527 σὸν
403 2478 492 2528 καὶ
521 2477 642 2544 ἐμοὶ
672 2476 971 2543 συμφέρον,
1039 2475 1326 2529 εἰσελθέτω
1387 2479 1546 2531 πάλιν
1604 2481 1636 2548 ὴ
1692 2479 1851 2549 χάρις

276 2583 371 2620 σου
412 2568 491 2628 είς
516 2568 608 2619 τὸν
632 2567 818 2620 δοῦλόν
851 2584 964 2629 σου,
997 2568 1143 2631 ὅπως
1180 2567 1390 2637 βλέπων
1441 2569 1641 2638 ταύτην
1674 2572 1851 2640 χαίρω

272 2660 335 2708 ὲν
362 2657 652 2721 κατανύξει
698 2658 786 2710 καὶ
813 2658 1097 2728 κλαυθμῷ,
1130 2659 1495 2727 φωτιζόμενος
1515 2661 1578 2710 ὲκ
1598 2660 1694 2729 τῆς
1716 2658 1847 2711 ταύ-

271 2765 375 2814 της
407 2747 676 2816 ἀειφώτου
715 2749 1032 2818 ὲλλὰμψεως
1052 2766 1066 2779 ·
1110 2749 1513 2819 φυλαττόμενος
1542 2751 1650 2803 ἀπὸ
1675 2753 1851 2821 ῥυπαο

275 2839 386 2909 ρῶν
409 2839 705 2908 λογισμῶν,
766 2841 862 2894 καὶ
886 2842 1085 2903 παντὸς
1117 2842 1356 2911 πονηροῦ
1385 2844 1728 2913 πράγματος,
1751 2843 1847 2896 καὶ
1886 2905 1888 2907 ς

269 2929 382 2982 τῶν
409 2930 531 2983 καθ’
563 2932 799 2999 ἑκάστην
833 2932 1217 3000 σφαλλομένων
1284 2950 1375 3001 μοι
1404 2935 1460 2985 έν
1495 2934 1693 3001 γνώσει
1756 2936 1850 2987 καὶ

265 3021 485 3090 ἀγνοίᾳ,
519 3021 695 3090 ἔργων
724 3039 780 3072 τε
835 3023 927 3072 καὶ
969 3022 1142 3088 λόγων
1167 3040 1179 3052 ο
1233 3023 1520 3092 λαμϐάνων
1576 3023 1849 3094 πληροσοςι

270 3113 396 3183 ρίαν
426 3113 527 3174 τῆς
588 3114 667 3174 εὶς
709 3113 768 3164 σὲ
824 3113 1156 3182 παρρησίας,
1215 3113 1409 3181 Κύριε,
1455 3115 1516 3166 ἐκ
1572 3113 1679 3166 τῶν
1726 3113 1850 3166 καθ’

1937 1931 2046 1984 scis
2071 1931 2213 1982 enim
2249 1938 2434 1982 contra
2474 1930 2606 1982 istos
2634 1928 2977 1982 adversarios
3002 1927 3342 1980 militandum
3372 1940 3492 1978 esse

1938 2021 2004 2072 iis
2028 2021 2118 2086 qui
2148 2029 2294 2070 tuam
2323 2017 2650 2071 voluntatem
2675 2014 2880 2070 fervide
2905 2025 3198 2070 sectantur.
3232 2017 3342 2082 Ego
3366 2029 3491 2067 vero

1938 2109 2150 2162 illorum
2186 2108 2518 2161 voluntatem
2569 2106 2808 2176 quotidie
2864 2107 3490 2180 adimplens,_quomodo

1937 2215 2123 2254 eorum
2150 2198 2534 2254 tentationibus
2555 2198 2812 2255 obsistam
2838 2197 3102 2256 ?Tent0r,
3125 2197 3253 2249 heu!
3280 2210 3492 2261 semper

1937 2308 1965 2344 a
1999 2290 2235 2360 prOpI-iis
2270 2290 2531 2359 peccatis.
2567 2287 2630 2340 Et
2661 2302 2822 2350 nunc,
2856 2287 3082 2341 Domine
3113 2287 3203 2349 mi,
3243 2287 3488 2346 DOmine,

1937 2386 1980 2439 si
2012 2385 2083 2438 sit
2114 2383 2365 2435 voluntas
2393 2390 2481 2432 tua
2509 2387 2564 2433 et
2616 2393 2733 2432 mea
2764 2378 2992 2440 utilitas,
3035 2386 3337 2429 revertatur
3369 2391 3494 2445 gra-

1937 2477 2010 2529 tia
2042 2485 2133 2527 tua
2174 2473 2227 2524 in
2261 2471 2520 2523 famulum
2562 2477 2732 2533 tuum,
2769 2476 2825 2520 ut
2858 2480 2975 2520 eam
3009 2466 3194 2520 videns
3230 2469 3488 2533 gaudeam

1936 2568 1991 2621 in
2026 2565 2442 2633 compunctioue
2463 2569 2513 2616 ct
2537 2561 2854 2630 ploratibus,
2885 2559 3222 2612 illuminatus
3247 2558 3346 2612 hac
3373 2560 3490 2611 luce

1935 2674 2148 2726 semper
2171 2661 2516 2715 coruscante,
2555 2666 2638 2704 me
2666 2651 2952 2707 diligenter
2977 2649 3272 2702 defendens
3299 2649 3364 2701 ab
3390 2648 3490 2700 im-

1934 2747 2086 2818 puris
2111 2744 2556 2816 cogitationibus,
2584 2749 2636 2796 et
2659 2741 2806 2796 omni
2838 2741 3098 2809 nequitia,
3127 2738 3489 2808 qtlutidianis-

1935 2855 2038 2908 que
2085 2836 2318 2907 peccatis
2349 2839 2403 2889 iu
2449 2848 2568 2903 qua:
2608 2834 2789 2889 sciens
2836 2841 2890 2886 et
2921 2831 3194 2894 nesciens,
3235 2830 3398 2882 verbo
3435 2838 3489 2882 ct

1935 2946 2114 3001 Opere,
2139 2929 2379 2994 delabor,
2406 2928 2728 2996 plenamque
2758 2924 2812 2978 in
2856 2931 2910 2978 te
2953 2916 3328 2997 conﬁdentiam
3359 2921 3490 2974 han-

1935 3026 2082 3076 riens
2127 3037 2189 3075 ex
2227 3017 2670 3074 tribulationibus
2720 3029 2856 3083 quas
2910 3026 3064 3067 servo
3114 3021 3206 3064 tuo
3250 3010 3488 3078 quotidie

1935 3113 2204 3167 suscitant
2237 3125 2358 3163 cum
2389 3109 2664 3162 daemones
2706 3114 2820 3159 tum
2849 3103 3114 3164 homines,
3146 3110 3199 3155 et
3245 3115 3307 3154 cx
3339 3101 3489 3153 inﬁr-

266 3207 482 3274 ἡμέραν
510 3204 964 3273 προσπιπτουσῶν
990 3203 1214 3273 θλίψεων
1238 3205 1316 3272 τῷ
1361 3204 1530 3273 δούλῳ
1554 3221 1670 3267 σου,
1699 3205 1846 3273 παρά

1936 3204 2120 3257 mitate
2152 3200 2382 3270 propria:
2434 3198 2747 3262 voluntatis,
2780 3206 2926 3250 ratus
2974 3193 3153 3249 omnia
3204 3191 3487 3258 coeperati

267 3311 329 3346 τε
364 3293 633 3362 δαιμόνων
662 3294 753 3344 καὶ
778 3291 1100 3362 ἀνθρώπων,
1155 3291 1247 3344 καὶ
1305 3294 1404 3359 τῆς
1469 3293 1708 3360 ὲκκοπῆς
1754 3290 1846 3342 τοῦ

269 3383 402 3434 ἰδίου
433 3380 759 3449 θελήματος,
796 3378 1141 3449 ἐννοούμενος
1169 3378 1262 3431 καὶ
1283 3379 1349 3431 τά
1382 3379 1609 3447 μένοντα
1667 3375 1847 3443 ἀγαθὰ

263 3475 381 3533 τοῖς
410 3471 667 3537 ἀγαπῶσι
697 3487 775 3533 σε,
818 3472 1010 3537 Κύριε.
1057 3470 1129 3521 Σὺ
1166 3469 1274 3540 γὰρ
1328 3465 1507 3532 εἴπας,
1534 3467 1724 3537 Κύριε,
1763 3468 1858 3520 δτι¹

270 3581 291 3614 ε
353 3563 410 3614 Ὀ
440 3560 605 3614 αἰτῶν
660 3560 948 3628 λαμϐάνει,
995 3559 1090 3613 καὶ
1136 3562 1164 3612 6
1208 3559 1384 3630 ζητῶν
1433 3560 1696 3630 εὑρίσκει,
1752 3558 1845 3611 καὶ

266 3652 350 3722 τῷ
382 3652 632 3721 κρούοντι
668 3652 1039 3719 ἀνοιγήσεται.
1069 3668 1088 3701 ι
1118 3650 1260 3720 Πρὸς
1284 3649 1340 3702 δὲ
1368 3650 1594 3713 τούτοις,
1626 3649 1844 3719 ἀδελφέ,

263 3743 364 3797 καὶ
391 3742 554 3813 ἕτερα
580 3742 678 3792 ὅσα
706 3740 1097 3809 ἐπιχορηγήσει
1126 3739 1164 3791 6-
1177 3738 1305 3801 Θεὸς
1332 3741 1389 3790 ὲν
1416 3741 1482 3809 τῇ
1507 3740 1572 3808 σῇ
1617 3737 1844 3809 διανοίᾳ.

276 3829 562 3899 ἐπίμεινον
592 3826 945 3896 παρακαλῶν,
982 3825 1057 3895 μὴ
1086 3825 1447 3896 χαυνούμενος
1485 3826 1545 3890 ἐξ
1593 3825 1838 3895 ἀκηδίας,

275 3922 374 3975 καὶ
400 3923 429 3974 6
459 3918 663 3988 ἀγαθὸς
708 3919 840 3982 Θεὸς
869 3918 931 3970 οὑ
963 3919 1036 3987 μή
1069 3933 1128 3969 σε
1160 3917 1562 3985 ἐγκαταλείπει.

359 4028 508 4090 ρμα’.
549 4019 774 4072 Κελλίον
805 4019 861 4072 δὲ
894 4019 922 4071 ὃ
975 4019 1123 4088 παρὰ
1181 4020 1274 4072 τοῦ
1331 4021 1671 4090 προεστῶτος
1727 4034 1846 4076 κατ’

273 4111 455 4181 ἀρχάς
480 4109 728 4178 εἴληφας,
753 4110 1163 4180 ἑγκαρτέρησον
1221 4110 1380 4180 μέχρι
1414 4113 1618 4174 τέλους.
1678 4113 1740 4164 Ei
1789 4111 1846 4166 δὲ

1933 3293 1986 3346 in
2017 3292 2218 3346 bonum
2249 3289 2595 3358 diligentibus
2621 3296 2689 3349 te,
2721 3284 2982 3348 Domine;
3025 3297 3149 3336 nam
3198 3291 3252 3335 tu
3280 3282 3485 3343 dixisti,

1931 3382 2158 3436 Domine
2196 3399 2209 3434 :
2243 3400 2262 3431 ι
2297 3379 2397 3446 Qui
2440 3382 2593 3447 petit,
2625 3378 2844 3446 accipit,
2889 3385 2943 3431 et
2969 3375 3062 3444 qui
3094 3374 3307 3443 quaerit,
3336 3375 3486 3427 inve-

1930 3473 2032 3537 nit,
2071 3480 2125 3524 et
2173 3470 2411 3539 pulsanti
2465 3471 2740 3538 aperietur
2784 3467 2848 3520 ³⁷.
2889 3484 2907 3516 ι
2967 3467 3252 3528 Praeterea,
3304 3465 3480 3517 omnia

1929 3574 2284 3630 quaacumque
2310 3559 2454 3612 Deus
2489 3565 2738 3626 suggeret
2767 3556 2950 3608 animo
2982 3567 3094 3618 tuo,
3136 3568 3484 3620 perseveran-

1930 3660 2012 3705 ter
2039 3648 2292 3718 emagita,
2325 3664 2429 3702 non
2463 3649 2726 3704 remissus
2755 3647 2963 3713 acedia,
2993 3657 3047 3701 et
3074 3646 3214 3703 Deus
3244 3645 3482 3715 optimus

1914 3741 2035 3796 non
2076 3741 2173 3794 tibi
2209 3739 2402 3794 deerit.

1993 4032 2115 4085 Ml.
2157 4026 2417 4084 Cellulam
2466 4043 2626 4098 quam
2682 4041 2711 4082 a
2757 4029 3040 4098 superiore
3104 4029 3355 4098 accepisti
3415 4031 3482 4084 ab

1924 4119 2102 4184 initio,
2136 4123 2314 4175 retine
2378 4135 2550 4189 usque
2612 4120 2694 4184 ad,
2731 4120 2910 4174 tinem.
2973 4119 3126 4185 Quod
3168 4121 3212 4175 si
3258 4131 3472 4189 propter

271 4199 362 4254 ὃιά
393 4198 748 4268 παλαιότητα,
784 4197 816 4268 ἢ
852 4198 1171 4267 σύμπτωσιν
1201 4198 1366 4251 αὐτοῦ
1432 4199 1539 4254 ἀπὸ
1577 4199 1669 4252 τοῦ
1699 4199 1845 4268 λογι-

1936 4218 2261 4264 vetustatem
2294 4218 2388 4263 aut
2438 4211 2649 4264 ruinam
2690 4209 2811 4278 ejus
2842 4209 3113 4262 fortuitam
3147 4220 3325 4264 mente
3354 4226 3475 4279 per-

274 4290 416 4362 σμοῦ
441 4291 652 4361 ἐνοχλῇ,
696 4289 871 4360 βαλὼν
898 4291 1184 4360 μετάνοιαν
1213 4290 1291 4361 τῷ
1319 4291 1645 4362 προεστῶτι,
1705 4292 1844 4361 μετά

1935 4299 2190 4364 lnrberis,
2229 4300 2470 4354 dolorem
2506 4307 2660 4353 tuum
2695 4301 3038 4367 exprimens,
3076 4301 3342 4366 superiori
3374 4303 3478 4354 bu-

270 4380 656 4444 ταπεινώσεως
749 4381 1084 4450 ὑπόμνησον.
1153 4382 1259 4433 Καὶ
1307 4384 1354 4434 ει
1403 4383 1498 4452 μὲν
1551 4384 1846 4438 ὲπακούσει

1939 4391 2119 4442 uiliter
2145 4405 2255 4443 rem
2284 4405 2518 4459 expone.
2551 4390 2607 4444 Si
2650 4399 2701 4443 te
2730 4389 3002 4453 exaudiat,
3033 4389 3239 4458 gaude;
3271 4391 3312 4443 si
3344 4406 3470 4451 non.

273 4490 396 4540 σου,
425 4475 617 4543 χαῖρε-ο
652 4474 700 4526 εί
739 4473 782 4524 δ’
805 4469 920 4538 οὖν,
950 4473 1046 4526 καὶ
1071 4473 1241 4537 οὓτως
1283 4475 1691 4546 εὐχαρίστησον,
1723 4479 1827 4529 ὑπο

1935 4479 2294 4533 nihilominus
2353 4482 2556 4549 gratias
2590 4494 2710 4548 age,
2764 4493 2970 4532 memor
3001 4479 3075 4530 tui
3121 4477 3349 4542 Domini,
3383 4476 3475 4547 qui

273 4563 535 4634 μνησθεὶς
563 4563 658 4617 τοῦ
690 4563 782 4616 σοῦ
841 4564 1109 4617 Δεσπὸτου
1164 4565 1258 4618 τοῦ
1323 4566 1397 4637 μὴ
1454 4566 1664 4637 ἔχοντος
1741 4567 1841 4620 ποῦ

269 4653 372 4724 τὴν
419 4653 658 4725 κεφαλὴν
702 4653 900 4710 κλῖναι.
959 4656 1022 4709 Εί
1062 4655 1168 4726 γὰρ
1216 4656 1316 4721 δὶς,
1377 4647 1472 4709 καὶ
1501 4658 1638 4728 τρὶς,
1687 4659 1718 4727 ἢ
1755 4675 1842 4710 τε·

269 4739 469 4809 τράκις
555 4739 692 4808 ὑπὲρ
782 4740 973 4795 τούτου
1069 4742 1518 4814 παρηνώχλησας,
1603 4747 1843 4800 τίκτεται

267 4830 574 4900 παρρησία,
639 4825 740 4882 εἶθ’
780 4830 955 4893 οὕτως
1019 4819 1270 4899 ἀπιστία,
1349 4835 1442 4888 καὶ
1505 4835 1657 4897 τέλος
1738 4854 1840 4890 κα·-

267 4922 706 4989 ταφρόνησις.Εί
735 4917 827 4974 οὖν
859 4920 1032 4984 θέλεις
1057 4923 1262 5002 ἤρεμον
1301 4926 1395 4979 καὶ
1445 4927 1668 4997 ἡσύχιον
1714 4927 1840 4998 ¹βίον

267 5010 471 5074 διάξαι,
513 5011 588 5080 μὴ
615 5012 835 5064 ἀπαίτει
864 5013 924 5064 τὸ
952 5011 1168 5066 σύνολον
1192 5021 1506 5087 σωματικὴν
1540 5018 1839 5089 θεραπείαν

271 5101 427 5169 παρά
462 5101 556 5155 τοῦ
587 5102 1033 5172 καθηγουμένου·
1091 5106 1184 5158 καὶ
1244 5110 1353 5177 γὰρ
1393 5110 1508 5161 κατ’
1550 5111 1723 5179 ἀρχὰς
1775 5112 1835 5162 οὐ

273 5191 436 5245 τοῦτο
471 5191 725 5260 ὑπέσχου,
761 5193 898 5246 ἀλλὰ
921 5195 1013 5247 καὶ
1052 5195 1156 5248 ὑπὸ
1211 5199 1428 5251 πάντων
1481 5182 1836 5269 καταφρονεῖ-

276 5284 421 5348 σθαι,
453 5285 546 5336 καὶ
585 5285 979 5349 ὲξουθενεῖσθαι
997 5290 1133 5340 κατὰ
1155 5291 1251 5359 τὴν
1302 5290 1518 5362 ἐντολὴν
1578 5293 1668 5344 τοῦ
1724 5293 1834 5344 Κυ-

276 5374 416 5453 ρίου,
451 5374 541 5425 καὶ
569 5375 754 5444 φέρειν
781 5377 1061 5441 γενναίως.
1103 5377 1164 5429 Εἰ
1191 5373 1283 5430 οὖν
1316 5378 1490 5441 θέλεις
1528 5377 1708 5431 πίστιν
1741 5377 1833 5433 καί

271 5466 497 5532 ἀγάπην
531 5465 663 5535 πρὸς
695 5467 855 5520 αὑτὸν
888 5466 1098 5533 σώζειν,
1158 5470 1250 5522 καὶ
1294 5470 1557 5537 ὼςιᾶγιον
1596 5472 1829 5539 βλέπειν,

265 5553 339 5607 τὰ
358 5555 483 5625 τρία
508 5554 677 5627 ταῦτα
695 5556 948 5625 φύλαξονο
973 5558 1048 5628 μὴ
1080 5560 1326 5613 ἀπαιτεῖν
1378 5561 1445 5612 τὰ
1487 5562 1621 5631 πρὸς
1673 5562 1831 5632 θερα-

334 5723 377 5753 ’⁷
407 5722 592 5780 Matth.
627 5738 719 5792 vn,
752 5726 806 5784 8.
883 5724 929 5758 "
954 5723 1142 5782 Matth.
1194 5740 1316 5793 th,
1373 5725 1460 5783 20.

1923 4584 2029 4622 nou
2086 4570 2317 4624 habebat
2355 4571 2442 4623 ubi
2484 4577 2646 4636 caput
2682 4569 2971 4622 reclinaret
2991 4568 3055 4619 ⁸⁸.
3110 4568 3166 4622 Si
3207 4571 3350 4623 enim
3397 4571 3480 4626 bis

1925 4672 2070 4713 terve
2130 4668 2223 4712 aut
2262 4669 2453 4728 quater
2499 4661 2642 4712 circa
2698 4658 2828 4711 illud
2881 4659 3145 4726 superiori
3215 4660 3475 4714 molestus

1923 4751 2113 4811 fueris,
2153 4761 2408 4805 nascetur
2441 4750 2604 4803 nimia
2647 4748 2886 4811 libertas,
2919 4748 3114 4803 deinde
3144 4748 3462 4810 dilIidentia,

1921 4857 1983 4895 ac
2012 4841 2228 4895 demum
2293 4842 2598 4910 despectus.
2652 4839 2705 4891 Si
2742 4853 2869 4907 ergo
2921 4839 3000 4892 vis
3058 4839 3294 4906 quietam
3326 4849 3473 4892 tran-

1927 4930 2259 5000 quillamque
2315 4929 2512 4998 degere
2564 4928 2749 4990 vitam,
2783 4930 2927 4980 nulla
2963 4943 3196 4996 unquam
3229 4931 3472 4996 corporis

1926 5018 2209 5074 commoda
2242 5020 2482 5092 postules
2518 5032 2546 5070 a
2600 5019 2878 5084 superiore
2909 5036 2920 5070 :
2957 5035 3063 5071 non
3096 5020 3195 5071 hoc
3227 5019 3368 5072 enim
3405 5026 3472 5073 ab

1924 5108 2081 5164 initio
2135 5110 2454 5178 premisisti,
2485 5109 2576 5162 sed
2615 5109 2682 5162 ab
2712 5111 2967 5162 ontuibus
3022 5108 3221 5175 despici
3251 5117 3304 5160 et
3339 5123 3469 5162 ceu-

1924 5199 2112 5261 tenmi,
2149 5201 2304 5267 juxta
2331 5207 2659 5266 praeceptum
2709 5197 2939 5259 Domini,
2972 5207 3023 5250 te
3053 5211 3314 5266 generose
3347 5212 3468 5264 per-

1921 5289 2157 5341 laturutn
2211 5302 2352 5341 esse.
2397 5283 2450 5338 Si
2515 5288 2593 5339 vis
2652 5287 2815 5354 igitur
2864 5285 3114 5338 ﬁduciam
3151 5295 3202 5338 et
3229 5300 3468 5340 amorem

1919 5393 2044 5448 erga
2108 5377 2260 5430 illum
2325 5389 2563 5438 servare,
2599 5391 2831 5441 eumque
2861 5384 2919 5428 ut
2958 5384 3200 5430 sanctum
3240 5375 3464 5440 habere,

1922 5469 2026 5522 tria
2081 5469 2194 5521 haec
2226 5466 2438 5521 custodi
2471 5483 2486 5520 :
2534 5481 2600 5520 ne
2638 5475 2790 5533 petas
2823 5481 2942 5534 qum
2979 5465 3044 5517 ad
3089 5468 3334 5533 corporis
3365 5477 3464 5520 cu-

1921 5575 2036 5614 ram
2064 5559 2375 5629 pertinent,
2409 5573 2477 5614 ne
2510 5558 2731 5614 nimiam
2773 5559 2973 5614 habeas
3006 5557 3334 5624 libertatem,
3359 5569 3464 5613 nec
