4156 6344
699 406 800 470 679

1893 403 2272 462 SYMEONIS
2304 404 2661 466 JUNlOlllS

3806 415 3915 475 6ο

699 517 1009 581 tte-ptentcr
1035 511 1181 565 illum
1216 512 1398 574 visita,
1445 521 1498 565 ut
1533 512 1753 579 qivitlam
1797 512 2070 575 factitant,
2099 512 2248 581 quasi

2344 513 2525 577 πείαν,
2565 514 2657 564 καὶ
2681 512 2754 581 μὴ
2793 513 3284 582 παρρησιάζεσθαι,
3339 515 3434 566 καὶ
3496 515 3570 582 μὴ
3624 515 3912 583 συχνάζειν

700 605 1015 657 medicinam
1057 606 1196 671 apttd
1249 619 1371 657 eum
1429 612 1777 670 quaerentes:
1817 605 1917 658 hoc
1965 606 2106 658 enim
2147 620 2254 658 non

699 705 782 748 est
836 696 1237 756 monachicum,
1280 694 1372 748 sed
1431 693 1895 748 htttuanuui.Non
1958 695 2258 747 condemno

701 795 906 848 autem,
949 787 995 839 si
1033 801 1138 838 non
1169 785 1434 838 celaveris
1479 784 1626 837 illum
1661 801 1851 839 omnes
1902 786 2258 854 cogitationes

699 878 798 931 tibi
837 886 1222 931 succurrentes
1265 895 1277 928 :
1316 879 1360 931 si
1393 879 1534 931 enim
1571 877 1670 931 hoc
1703 879 2100 938 observaveris,
2142 877 2260 932 sine

700 971 915 1024 turbine
943 970 1182 1036 trajicies
1212 972 1334 1022 vita!
1367 985 1536 1031 mare,
1567 981 1617 1022 et
1656 969 1891 1032 Patrem,
1939 971 2259 1038 qualiscun-

697 1078 804 1128 que.
839 1062 929 1124 sil,
967 1069 1288 1114 utsanctutn
1328 1061 1568 1114 habebis.
1601 1062 1753 1125 Quod
1784 1062 1826 1114 si
1865 1061 2075 1116 Patrem
2109 1075 2255 1115 tuum

699 1154 751 1205 in
819 1154 1050 1206 ecl-lesia
1123 1154 1430 1207 consultum
1503 1155 1665 1205 iveris
1713 1156 1856 1206 circa
1906 1155 2255 1209 directionem

699 1243 1071 1307 censi-ieittize,
1128 1254 1180 1296 et
1222 1244 1384 1295 alium
1418 1243 1685 1295 inveneris
1733 1246 1819 1310 qui
1857 1253 1907 1297 te
1939 1247 2258 1312 prmt'eitt-t-it

697 1334 766 1385 ub
796 1335 1038 1386 eamdem
1076 1335 1155 1386 vel
1195 1335 1354 1386 aliam
1409 1335 1694 1396 rationem,
1729 1343 1779 1386 et
1815 1336 1973 1401 hujus
2000 1339 2172 1404 gratia
2199 1346 2257 1390 tu

697 1423 966 1490 paulisper
999 1425 1437 1490 procrastinaris,
1469 1440 1533 1476 ne
1564 1440 1701 1490 :rgre
1736 1425 1892 1488 feras,
1925 1441 2021 1478 nec
2052 1427 2254 1493 aliquid

699 1515 792 1566 tibi
833 1517 1118 1567 n-olcsutm
1158 1515 1226 1566 ibi
1282 1531 1403 1567 esse
1459 1525 1704 1582 reputes;
1761 1515 1853 1568 sed
1915 1519 2143 1569 sem-sim
2174 1527 2254 1571 sta

692 1604 896 1671 junctis
935 1605 1206 1662 manibus.
1235 1607 1406 1656 donec
1433 1606 1520 1658 ille
1556 1607 1772 1666 finierit,
1809 1615 1972 1674 tuque.
2022 1609 2257 1661 accersi-

693 1706 780 1749 tus
815 1697 1004 1750 fueris.
1047 1696 1234 1748 Solent
1266 1698 1410 1749 enim
1451 1699 1634 1750 l‘atres
1674 1698 1745 1749 ita
1779 1712 1904 1765 erga
1935 1714 2034 1751 nos
2071 1714 2252 1766 agere,

691 1788 872 1840 forsan
923 1789 1084 1840 etiam
1147 1789 1304 1848 ultru,
1347 1789 1409 1838 ad
1471 1790 1844 1851 ltltiitillionom
1901 1803 2138 1844 nostram
2201 1804 2254 1844 et

690 1878 1107 1946 prtecedentium
1139 1887 1482 1944 peccatorum
1511 1879 1900 1945 expiationem.

761 2079 884 2132 142.
925 2079 1116 2146 Jejttna
1155 2089 1264 2131 tres
1307 2080 1749 2147 quadragesituas
1785 2098 1797 2134 :
1833 2079 1885 2132 in
1918 2095 2105 2150 magna
2137 2083 2248 2146 qui-

691 2167 810 2222 dem
848 2169 1064 2221 biduum
1108 2170 1328 2237 jejunus
1358 2185 1570 2236 perage,
1632 2179 1850 2238 propter
1887 2187 2138 2239 magnum
2171 2174 2250 2225 fe-

689 2271 851 2321 stum,
911 2264 1150 2329 exceptis
1212 2261 1449 2313 Subliatu
1495 2273 1546 2313 et
1611 2262 2250 2318 Dominica:iit-duabus

689 2353 835 2415 aliis,
858 2353 1060 2404 alterno
1084 2353 1188 2404 die.
1222 2353 1440 2405 Carteris
1475 2363 1651 2404 autent
1687 2355 1809 2406 anni
1835 2355 2024 2409 diebus
2049 2398 2062 2419 ,
2086 2358 2249 2412 Setucl

685 2441 740 2495 in
781 2443 866 2494 die
921 2443 1165 2503 comede,
1198 2451 1393 2510 pra-ter
1456 2443 1747 2495 Sabbatum
1773 2483 1787 2507 ,
1837 2443 2170 2498 Dotninicam
2199 2455 2252 2500 et

687 2533 846 2593 festa,
879 2533 969 2586 seti
1000 2548 1105 2584 non
1145 2549 1315 2600 usque
1346 2534 1409 2584 ad
1439 2535 1769 2586 satietatem.

757 2623 886 2675 M3.
926 2621 1095 2674 Stude
1145 2623 1357 2690 signum
1415 2624 1667 2676 utilitatis
1702 2624 1815 2676 fieri
1855 2626 2112 2679 omnibus
2145 2627 2251 2679 fra-

687 2714 883 2776 tribtts,
916 2713 980 2765 ad
1017 2728 1231 2765 omnem
1280 2714 1564 2775 virtmetn,
1609 2717 1970 2767 humilitatem
2015 2727 2066 2769 et
2101 2733 2250 2770 mar.-

685 2805 1053 2868 suetudinem,
1099 2805 1531 2857 misericordiam
1581 2819 1633 2856 et
1673 2809 2038 2860 obedientiam
2082 2812 2244 2861 etiam

685 2911 811 2962 erga
851 2896 1128 2953 minimos,
1193 2894 1286 2946 irte
1325 2901 1378 2945 et
1435 2896 1896 2962 concupiscentia:
1931 2908 2247 2966 temperan-

686 2984 837 3043 tiam,
891 2993 1265 3050 paupertatctn
1305 2990 1354 3035 et
1411 2986 1908 3051 comptiuctionetn,
1949 2987 2244 3041 bonitatem

682 3084 734 3124 et
756 3074 1179 3140 simplicitatem,
1207 3073 1495 3124 candorem
1530 3089 1739 3125 morum
1766 3115 1781 3138 ,
1815 3077 2241 3144 segregationem

2344 603 2476 672 πρὸς
2509 601 2670 656 αὑτὸν
2703 597 2788 654 οἷά
2820 620 2962 665 τινες
3011 606 3296 673 πάσχουσι,
3364 605 3438 665 ὡς
3490 603 3647 672 δῆθεν
3744 605 3915 671 θερα-

2342 696 2626 762 πευόμενοι
2691 697 2820 762 παρ’
2858 693 3042 755 αὑτοῦ,
3076 695 3135 746 ού
3179 695 3404 763 μόνιμον
3449 693 3502 746 δὲ
3566 693 3745 756 τοῦτο,
3792 695 3913 746 ἀλλ’

2343 785 2702 855 ἀνθρώπινον.
2736 786 2809 837 Ού
2853 788 3169 853 κατακρίνω
3199 786 3255 838 δέ
3296 800 3309 814 ⁸
3344 786 3434 837 καὶ
3453 787 3513 837 τὸ
3541 786 3613 856 μὴ
3642 787 3911 855 κρύπτειν

2342 878 2435 930 ἀπ’
2465 877 2629 930 αὐτοῦ
2677 878 2852 929 πάντα
2901 876 3161 944 λογισμὸν
3211 876 3661 946 ὲπεισερχόμενόν
3695 895 3776 929 σοι
3810 894 3824 907 ⁸
3854 877 3908 928 εί

2343 972 2452 1040 γὰρ
2476 969 2649 1022 ταῦτα
2698 969 2975 1034 φυλάξεις,
3031 968 3358 1035 άκυμάντως
3395 968 3606 1037 διέλθῃς
3661 971 3760 1037 τὴν
3811 967 3908 1020 τοῦ

2344 1063 2458 1132 βίου
2492 1063 2789 1117 θάλασσαν,
2824 1063 2918 1113 καὶ
2968 1061 3058 1112 τὸν
3119 1061 3353 1136 Πατέρα,
3413 1057 3522 1122 οἷος
3578 1061 3680 1112 κᾶν
3733 1061 3904 1124 ἔστιν,

2342 1153 2493 1220 ἅγιον
2518 1155 2722 1224 ἡγήσῃ.
2756 1153 2880 1203 Ἐὰν
2910 1152 2965 1202 δὲ
3002 1152 3312 1219 προσελθὼν
3381 1151 3725 1220 ἐπερωτῆσαι
3755 1154 3812 1203 ὲν
3835 1156 3906 1222 τῇ

2341 1246 2603 1314 ἐκκλησία
2631 1245 2719 1296 τὸν
2774 1246 2862 1295 σδν
2906 1244 3122 1314 Πατέρα.
3149 1244 3307 1312 χάριν
3335 1243 3615 1310 λογισμοῦ,
3650 1245 3908 1311 εὑρήσεις

2341 1336 2524 1405 ἕτερόν
2562 1353 2617 1387 σε
2668 1333 3028 1404 προλαϐόντα,
3067 1334 3224 1402 χάριν
3257 1329 3353 1401 τῆς
3385 1334 3550 1399 αὐτῆς
3575 1334 3904 1396 ὑποθέσεως,

2340 1429 2498 1496 ἢκαὶ
2525 1428 2716 1496 ἑτέρας
2755 1427 2914 1487 τινὸς,
2945 1427 3039 1477 καὶ
3089 1425 3274 1477 ἕνεκεν
3329 1426 3518 1477 τούτου
3573 1443 3628 1477 σε
3690 1441 3910 1494 παρεω-

2345 1521 2577 1590 ραμένον
2631 1519 2766 1587 πρὸς
2805 1517 3019 1586 μικρόν,
3099 1517 3171 1585 μὴ
3223 1518 3576 1588 δυσχεράνῃς,

2343 1611 2582 1664 ἐναντίον
2605 1610 2794 1678 λογῐσῃ
2817 1625 2827 1636 ·
2850 1608 2984 1660 ἀλλὰ
3021 1609 3163 1670 ἰδίως
3205 1608 3502 1680 ἵστασοτάς
3530 1611 3716 1677 χεῖρας
3761 1606 3904 1675 ἔχων

2331 1689 2639 1770 δεδεμένας,
2675 1700 2835 1770 μέχρι
2867 1701 2963 1767 τῆς
2993 1698 3159 1751 αὑτοῦ
3195 1699 3665 1769 συμπληρώσεως,
3698 1705 3793 1755 καὶ
3811 1705 3913 1770 τῆς

2333 1794 2432 1862 σῆς
2470 1793 2877 1862 προσκλήσεως.
2915 1790 3108 1842 Εἰώθει
3144 1792 3254 1861 γάρ
3292 1792 3449 1844 τοῦτο
3489 1795 3642 1861 παρά
3672 1795 3781 1846 τῶν
3805 1797 3918 1848 Πα-

3653 1519 3786 1586 μήτε
3850 1534 3902 1567 τι

3822 1891 3919 1940 καὶ

2333 1975 2652 2044 ἀπαλλαγὴν
2708 1975 2816 2026 τῶν
2866 1976 3398 2044 προημαρτημένων,
3460 1978 3589 2044 ἡμῖν
3641 1979 3914 2045 γίνεσθαι.

2408 2065 2552 2138 ρμβ’.
2589 2065 2891 2134 Νηστεύειν
2921 2065 3099 2127 δὲτὰς
3127 2068 3278 2136 τρεῖς
3339 2071 3791 2135 τεσσαρακοστὰς
3850 2075 3915 2140 τῇ

2339 2157 2434 2224 μὲν
2457 2155 2668 2226 μεγάλη
2697 2155 2912 2215 διπλᾶς,
2967 2154 3111 2223 άπερ
3175 2154 3418 2222 μεγάλης
3478 2157 3703 2226 ἑορτῆς·
3757 2162 3918 2222 ἐκτὸς

2335 2248 2622 2301 Σαῦὸάτου
2686 2248 2782 2298 καὶ
2830 2248 3112 2316 Κυριακῆς
3149 2263 3161 2276 ·
3193 2248 3313 2308 ταῖς
3359 2235 3415 2299 δὲ
3468 2249 3619 2299 δυσὶν
3676 2252 3915 2319 ἑτέραις,

2336 2341 2484 2410 παρὰ
2515 2340 2662 2408 μίαν.
2702 2339 2810 2400 Τάς
2834 2339 2889 2390 δὲ
2914 2338 3242 2401 ὑπολοίπους
3293 2339 3504 2409 ἡμέρας
3559 2341 3651 2392 τοῦ
3697 2344 3914 2410 χρόνου,

2333 2432 2480 2495 ἅπαξ
2511 2431 2607 2500 τῆς
2628 2431 2841 2501 ἡμέρας
2875 2429 3094 2492 ἐσθίειν,
3120 2430 3276 2492 ἐκτὸς
3323 2429 3601 2485 Σαϐϐάτου
3648 2433 3741 2484 καὶ
3801 2435 3918 2486 Κυ-

2333 2525 2548 2592 ριακῆς,
2583 2523 2676 2574 καὶ
2710 2523 2902 2591 ἑορτῆς
2929 2537 2941 2550 ·
2978 2520 3092 2573 ἁλλ’
3121 2522 3220 2574 ούκ
3244 2523 3324 2585 είς
3357 2523 3539 2592 κόρον.

2406 2611 2552 2681 ρμγ’.
2605 2609 2922 2662 Σπούδασον
2985 2610 3042 2660 δὲ
3104 2610 3273 2662 τύπον
3328 2611 3593 2678 ὠφελείας
3654 2613 3802 2682 πάσῃ
3848 2618 3914 2683 τῇ

2333 2699 2654 2767 ἀδελφότητι
2679 2697 2932 2763 γενέσθαι
2955 2716 3034 2763 σε,
3087 2699 3223 2768 πρὸς
3255 2702 3437 2751 πᾶσαν
3463 2702 3684 2770 ἀρετὴν,
3719 2705 3917 2756 ταπεί-

2331 2788 2495 2838 νωσίν
2522 2803 2578 2836 τε
2613 2788 2706 2836 καὶ
2732 2787 3034 2856 πραότητα,
3069 2787 3442 2858 ἐλεημοσύνην
3465 2807 3522 2840 τε
3549 2793 3642 2842 καὶ
3665 2792 3918 2861 ὑπακοὴν

2338 2878 2500 2945 μέχρι
2558 2877 2665 2928 και
2701 2878 2810 2929 τῶν
2881 2878 3300 2941 εὐτελεστάτων,
3358 2882 3658 2950 ἀοργησίαν
3716 2899 3774 2934 τε
3820 2885 3917 2935 καὶ

2331 2967 2763 3036 ἁπροσπάθειαν,
2785 2969 3173 3040 ἀκτημοσύνην
3213 2987 3272 3023 τε
3297 2973 3390 3024 καὶ
3426 2973 3741 3036 κατάνυξιν,
3780 2975 3920 3027 ἀκα-

2333 3059 2458 3110 κίαν
2498 3077 2556 3111 τε
2608 3061 2697 3112 καὶ
2746 3060 3145 3131 ἀπεριεργίαν·
3208 3061 3492 3131 ἁπλότητα
3571 3064 3759 3132 ἧθους,
3819 3066 3919 3115 καὶ

2331 1888 2527 1956 τέρων,
2572 1886 2699 1946 ἴσως
2750 1885 2843 1935 καὶ
2905 1882 3167 1944 ἑκουσίως
3217 1885 3352 1952 πρὸς
3410 1884 3736 1952 δοκιμασίαν

686 3179 712 3214 a
749 3165 962 3217 cunctis
994 3164 1324 3228 hominibus,
1361 3164 1726 3220 visitationem
1763 3169 2126 3235 infirmorum,
2161 3174 2242 3224 af-

2336 3147 2598 3212 ξενιτείαν
2638 3149 2701 3200 ὲκ
2739 3150 2936 3212 παντὸς
2997 3149 3314 3220 ἀνθρώπου,
3368 3151 3737 3206 ἀσθενούντων
3794 3155 3912 3206 ὲπίο

683 3253 947 3306 flictorutn
995 3257 1447 3311 consolationem.
1505 3257 1784 3310 Neminem
1818 3274 1916 3327 ope
1947 3268 2037 3312 tua
2102 3263 2232 3314 indi-

683 3355 896 3411 gentem
935 3350 1158 3414 repelle,
1212 3358 1268 3398 tit
1299 3346 1405 3401 Deo
1466 3349 1690 3402 intimus
1745 3351 1840 3404 fias
1878 3371 1890 3404 :
1943 3354 2242 3407 meliorest

684 3436 827 3487 enim
889 3451 1042 3488 amor
1094 3438 1368 3503 precibus.
1409 3437 1760 3506 Compaticns
1793 3450 1910 3494 esto
1969 3444 2238 3503 omnibus.

685 3525 804 3578 sine
843 3541 977 3577 vana
1022 3528 1213 3592 gloria,
1260 3529 1374 3581 sine
1410 3529 1575 3580 nimia
1627 3529 1892 3595 libertate,
1924 3549 2027 3585 non
2057 3551 2242 3587 amans

681 3631 932 3683 arguere,
967 3617 1103 3668 nihil
1138 3633 1332 3686 rogans
1379 3622 1718 3688 superiorem
1756 3633 1849 3674 aut
1883 3626 2118 3692 aliquem
2169 3630 2241 3679 iu-

681 3706 980 3772 feriorum;
1043 3708 1398 3762 reverentiam
1442 3725 1569 3779 erga
1637 3727 1825 3766 omnes
1899 3717 2242 3786 presbyteros

681 3816 860 3864 serva,
897 3801 1250 3854 attentionem
1287 3804 1338 3855 in
1375 3807 1639 3868 oratione,
1669 3807 1913 3862 habitum
1967 3812 2242 3866 inaffecta-

682 3900 820 3955 tum,
852 3901 906 3944 et
968 3893 1400 3946 benevolentiam
1469 3911 1594 3964 erga
1645 3913 1832 3954 omnes
1887 3910 2129 3958 ostende.
2167 3905 2242 3961 Ne

682 3988 899 4048 prOpter
924 3983 1154 4049 gloriati)
1193 3986 1411 4037 studeas
1443 3990 1659 4042 curiose
1711 3993 1944 4045 scrutari
1993 3994 2232 4062 Scriptu-

687 4085 798 4124 ras.
834 4071 1021 4123 Oratio
1045 4077 1187 4126 enim
1220 4088 1343 4128 cum
1377 4078 1630 4145 lacryntis
1665 4091 1715 4133 et
1741 4084 1926 4149 gratiae
1951 4085 2241 4143 illustratio

677 4162 861 4213 omnia
909 4164 1020 4215 haec
1080 4172 1132 4217 te
1197 4165 1431 4220 docebit.
1493 4169 1680 4236 Itaque
1748 4172 2115 4239 interrogatus
2177 4182 2240 4234 de

683 4249 871 4316 aliquo
925 4251 1254 4316 ofﬁciorum,
1315 4270 1510 4324 magna
1543 4273 1663 4312 cum
1695 4261 2021 4329 humilitate,
2052 4282 2114 4319 ex
2149 4277 2238 4322 tua

677 4339 805 4403 vita,
834 4348 1197 4408 tanquamex
1243 4346 1417 4398 aliena
1443 4386 1456 4410 ,
1495 4347 1744 4402 haustam
1785 4353 2060 4407 aetionum
2102 4358 2241 4412 divi-

677 4443 868 4481 narum
888 4429 1259 4499 disciplinam,
1283 4434 1578 4502 adjuvante
1614 4442 1810 4506 gratia,
1842 4441 1997 4508 doce,
2030 4462 2056 4496 a
2088 4464 2238 4502 vana:

2333 3240 2545 3306 σκεῲιν,
2577 3240 2914 3309 θλιϐομένων
2941 3242 3295 3312 παραμυθίαν
3323 3259 3335 3271 ⁸
3387 3245 3450 3296 τὸ
3511 3245 3583 3312 μή
3625 3262 3748 3297 τινα
3805 3246 3917 3297 τῶν

2331 3331 2598 3398 ὡφελείας
2641 3333 2741 3400 τῆς
2800 3331 2953 3403 παρά
2986 3333 3079 3385 σοῦ
3138 3334 3409 3402 δεομένων
3469 3336 3914 3405 ἀποστραφῆναι,

2332 3422 2488 3490 χάριν
2515 3423 3023 3491 προσομιλίαςΘεοῦ
3043 3439 3054 3452 ·
3076 3428 3328 3494 κρεῖσσον
3353 3425 3460 3494 γάρ
3483 3426 3670 3495 εὐχῆς,
3697 3428 3912 3496 ἀγάπη·

2334 3515 2592 3586 συμπαθῆ
2654 3533 2712 3567 τε
2768 3511 2906 3567 εἷναί
2966 3533 3022 3568 σε
3085 3517 3222 3585 πρὸς
3279 3518 3518 3581 πάντας,
3574 3519 3915 3584 ἀκενόδοξον,

2329 3609 2798 3678 ἀπαρρησίαστον,
2832 3610 2905 3678 μὴ
2957 3608 3295 3676 ἐλεγκτικὸν,
3361 3611 3434 3679 μὴ
3487 3613 3822 3664 ἁπαιτοῦντά
3860 3632 3915 3665 τι

2332 3700 2423 3750 τὸν
2451 3700 2828 3769 προεστῶταῆ
2861 3717 2982 3752 τινα
3053 3700 3162 3751 τῶν
3225 3701 3559 3768 διακονητῶν
3588 3721 3598 3729 ’
3632 3705 3734 3771 τὴν
3775 3706 3916 3774 πρὸς

2331 3787 2455 3847 τοὺς
2501 3787 2668 3854 ίερεῖς
2723 3790 2932 3849 πάντας
2968 3788 3131 3858 τιμὴν
3187 3789 3539 3851 ἀποσώζοντα
3573 3807 3586 3818 '
3637 3798 3914 3863 προσοχὴν

2333 3877 2389 3927 ὲν
2416 3879 2479 3946 τῇ
2509 3878 2662 3947 εὐχῇ,
2689 3881 2780 3930 καὶ
2813 3880 3149 3931 κατάστασιν
3185 3880 3629 3947 ἀνεπιτήδευτον,
3653 3884 3744 3933 καὶ
3778 3886 3915 3949 ἀγά-

2334 3984 2444 4037 πην
2481 3971 2613 4038 πρὸς
2642 3971 2846 4033 πάντας
2878 3971 3310 4024 ἐπιδείκνυσθαι.
3360 3973 3450 4041 Μὴ
3501 3973 3686 4024 ἕνεκεν
3752 3975 3914 4044 δόξης

2336 4061 2656 4124 σπουδάζειν
2695 4063 3174 4131 περιεργάζεσθαι,
3210 4065 3302 4115 καὶ
3355 4065 3585 4132 ἐρευνᾷν
3629 4066 3726 4126 τὰς
3768 4067 3912 4135 Γρα-

2336 4156 2464 4224 φὰς.
2511 4159 2571 4209 Ἦ
2596 4159 2702 4228 γὰρ
2726 4159 2858 4228 εὐχὴ
2891 4162 2921 4228 ἠ
2970 4160 3106 4228 μετά
3159 4158 3448 4228 γδακρύων,
3483 4158 3576 4210 καὶ
3638 4160 3766 4227 ἡέκ
3812 4161 3912 4227 τῆς

2334 4248 2549 4314 χάριτος
2573 4248 2856 4318 ἕλλαμψις,
2895 4250 3068 4303 ταῦτά
3125 4267 3182 4302 σε
3237 4251 3456 4315 διδάξει.
3527 4249 3915 4318 Ἐρωτὼμενος

2335 4337 2514 4390 τοίνυν
2548 4341 2673 4407 περί
2715 4340 2993 4402 τινος.τῶν
3031 4341 3449 4410 προσηκόντων,
3510 4339 3646 4408 μετά
3711 4339 3918 4406 πολλῆς

2334 4431 2712 4490 ταπεινώσεως
2745 4432 2807 4483 ὲκ
2839 4431 2931 4483 τοῦ
2957 4432 3048 4483 σοῦ
3078 4432 3212 4499 βίου,
3245 4430 3320 4492 ὡς
3359 4429 3417 4493 ἐξ
3441 4431 3640 4498 βάλλοι),
3682 4431 3748 4482 τά
3806 4431 3917 4482 τῶν

677 4522 863 4589 gloria:
918 4526 1262 4593 cogitatione,
1289 4542 1623 4597 quaecunque
1666 4532 1757 4595 sit,
1782 4534 2010 4600 alienus,
2037 4543 2238 4592 solam-

2336 4520 2535 4573 ἐνθέων
2571 4521 2842 4590 πράξεων,
2874 4520 3222 4590 χορηγούσης
3283 4520 3382 4586 τῆς
3421 4521 3644 4590 χάριτος
3672 4519 3916 4581 δίδασκε,

679 4628 786 4682 que
813 4615 1048 4681 proximi
1079 4617 1366 4669 utilitatem
1396 4619 1700 4672 intendens.
1735 4619 1998 4678 Juvanten
2033 4629 2080 4680 iu
2108 4646 2236 4683 con-

685 4704 918 4758 fessione
974 4715 1305 4774 quarrentcm
1353 4725 1382 4761 a
1422 4718 1472 4763 te
1507 4727 1572 4764 ne
1629 4713 1878 4784 repellas,
1922 4725 2013 4770 sed
2061 4721 2238 4787 recipe

686 4796 874 4860 culpas
907 4796 1046 4861 ejus,
1096 4812 1437 4868 quacunque
1488 4802 1618 4867 sint,
1659 4819 1825 4873 super
1860 4806 1976 4874 ipso
2009 4809 2236 4864 fundens

679 4885 952 4953 lacrymas
992 4902 1053 4940 ac
1086 4903 1276 4954 preces
1321 4907 1332 4941 :
1369 4891 1479 4944 haec
1501 4894 1643 4946 enim
1685 4904 1812 4948 sunt
1852 4899 2003 4966 signa
2034 4903 2235 4955 amoris

681 4975 1048 5045 perfectaque
1095 4981 1520 5045 compassiouis.
1549 4982 1612 5035 Et
1643 4987 1710 5038 ad
1761 4997 1810 5040 te
1839 4991 2142 5044 venientem
2171 5009 2236 5046 ne

681 5067 910 5133 repellas
966 5069 1178 5122 timens
1221 5084 1286 5123 ne
1336 5071 1643 5126 istiusmodi
1699 5076 1979 5143 culparum
2030 5081 2235 5135 auditio

680 5158 784 5210 tibi
817 5171 1047 5222 noceat;
1080 5162 1250 5229 gratia
1283 5163 1427 5216 enim
1466 5165 1774 5233 adjuvaute,
1812 5169 2016 5220 nullum
2051 5175 2235 5238 patie-

678 5250 752 5300 ris
783 5248 1183 5304 detrimentum.
1207 5251 1544 5322 Caeteroquiu
1573 5258 1662 5325 (ne
1691 5258 1954 5311 laedantur
1980 5262 2154 5324 multi,
2181 5263 2233 5314 itt

677 5339 797 5392 loco
828 5347 1042 5393 secreto
1079 5340 1129 5394 id
1157 5341 1338 5397 dicere
1378 5346 1650 5413 oportet),
1680 5348 1779 5400 etsi
1817 5349 1952 5403 forte
1983 5350 2033 5402 iu
2068 5351 2237 5406 offen-

682 5445 798 5485 sam
858 5430 1207 5498 cogitationis
1247 5433 1474 5498 labaris,
1527 5447 1581 5488 ut
1634 5438 1792 5490 homo
1826 5438 1891 5508 (si
1940 5442 2082 5495 enim
2137 5445 2231 5498 tibi

680 5522 856 5586 gratia
919 5523 1237 5586 auxiliatur,
1296 5524 1346 5577 id
1404 5527 1497 5579 tibi
1553 5542 1658 5580 non
1720 5530 1950 5599 accidet)
1985 5573 1998 5594 ,
2058 5551 2236 5589 nonne

678 5612 854 5666 edocti
908 5627 1094 5665 sumus
1126 5629 1384 5682 quaerere,
1416 5629 1519 5669 non
1549 5619 1689 5684 quod
1723 5629 1930 5683 nostra,
1971 5625 2060 5676 sed
2092 5628 2233 5693 quod

679 5704 910 5756 aliorum
951 5703 1140 5768 refert,
1169 5714 1227 5758 ut
1253 5705 1387 5759 salvi
1423 5707 1573 5761 flant.
1609 5707 1764 5761 Sicut
1791 5721 1947 5764 antea
1976 5713 2233 5780 diximus,

681 5796 845 5848 vitam
879 5811 1032 5851 serva
1078 5797 1423 5866 tranquillam
1453 5808 1506 5852 et
1544 5813 1858 5868 pauperem,
1894 5816 1958 5856 ac
2004 5804 2232 5872 teipsmn

2335 4611 2635 4680 ἀκενοδόξῳ
2682 4608 2946 4678 λογισμῷ,
2992 4611 3139 4672 ὅστις
3175 4609 3240 4661 ἂν
3281 4610 3374 4661 καὶ
3433 4610 3596 4679 τύχῃ,
3649 4609 3918 4674 ὡφελείας

2336 4703 2680 4775 ὀρεγόμενος.
2715 4705 2823 4754 Καὶ
2876 4704 3004 4768 περὶ
3059 4700 3320 4770 λογισμοῦ
3355 4701 3444 4753 τὸν
3476 4700 3742 4770 ζητοῦντα
3776 4702 3918 4768 ὠφε-

2334 4793 2564 4864 ληθῆναι
2612 4795 2718 4847 ἀπὸ
2779 4793 2867 4846 σοῦ
2942 4795 3015 4862 μὴ
3058 4795 3416 4862 ἀποστραφῇς
3445 4806 3473 4847 ·,
3521 4791 3634 4845 ἀλλ’
3663 4791 3919 4856 ἀνάδεξαι

2335 4887 2403 4938 τὰ
2426 4886 2599 4939 αὑτοῦ
2617 4887 2903 4956 σφάλματα
2925 4879 3012 4937 οἷα
3031 4886 3125 4937 καί
3155 4879 3307 4948 ὦσιν,
3327 4886 3465 4957 ὑπὲρ
3501 4885 3568 4939 αὐ
3582 4884 3666 4936 τοῦ
3714 4886 3918 4936 κλαίων

2337 4966 2428 5030 καλ
2455 4979 2747 5047 εὐχόμενος
2771 4995 2782 5006 ·
2834 4978 3132 5045 τεκμήριον
3165 4975 3272 5046 γὰρ
3306 4977 3541 5045 ὑπάρχει
3590 4976 3685 5027 καὶ
3745 4977 3917 5030 ταῦτα

2335 5070 2556 5137 ἀγάπης
2602 5070 2693 5120 καὶ
2724 5068 2928 5130 τελείας
2950 5067 3315 5136 συμπαθείας·
3337 5068 3430 5119 καὶ
3448 5068 3522 5136 μὴ
3553 5068 3711 5137 χάριν
3727 5067 3818 5119 τοῦ
3841 5067 3917 5138 μὴ

2339 5160 2604 5229 βλαϐῆναι
2658 5158 2762 5211 ὑπὸ
2791 5159 2888 5226 τῆς
2918 5159 3234 5226 ἀκροάσεως
3269 5156 3376 5207 τῶν
3406 5156 3685 5220 τοιούτων,
3721 5154 3916 5228 άπὼσῃ

2335 5252 2421 5304 τοι,
2444 5249 2805 5321 προσελθόντα
2828 5265 2838 5277 ο
2862 5253 2958 5317 τῆς
2975 5249 3194 5317 χάριτος
3220 5247 3326 5317 γάρ
3346 5247 3732 5316 συνεργούσης,
3761 5247 3916 5299 οὐδὲν

2340 5343 2583 5414 βλαϐήσῃ
2615 5360 2626 5371 ³
2647 5342 2782 5410 πλὴν
2806 5341 2891 5392 διὰ
2923 5342 3021 5408 τὴν
3040 5341 3146 5390 τῶν
3171 5339 3382 5392 πολλῶν
3421 5338 3645 5408 βλάϐην,
3681 5342 3738 5390 ὲν
3766 5340 3917 5408 τόπῳ

2338 5434 2640 5505 ἀποκρύφῳ
2665 5434 2822 5485 τοῦτο
2848 5433 2926 5483 δεῖ
2953 5434 3125 5484 εἰπεῖν
3148 5449 3160 5461 ·
3198 5431 3303 5484 κᾶν
3350 5431 3489 5499 τάχα
3544 5430 3640 5484 καὶ
3676 5430 3915 5498 προσϐο-

2336 5528 2433 5597 λὴν
2460 5526 2720 5596 λογισμοῦ
2749 5525 2822 5586 ὼς
2850 5524 3131 5594 ἄνθρωπος
3158 5524 3398 5591 ύποστῇς
3427 5540 3439 5552 ·
3475 5521 3569 5574 ὲάν
3602 5521 3715 5590 γὰρ
3749 5537 3915 5588 κεχα-

2340 5619 2650 5689 ριτωμένως
2677 5612 2762 5690 ᾗς,
2786 5616 2904 5668 οὐδὲ
2934 5614 3091 5666 τοῦτο
3112 5614 3297 5681 πείσῃ.
3335 5613 3444 5664 Καὶ
3499 5610 3608 5679 γὰρ
3665 5609 3916 5662 διδασκόο

2341 5711 2478 5780 μεθα
2505 5709 2579 5779 μὴ
2616 5709 2674 5760 τὸ
2695 5708 2904 5761 ἑαυτῶν
2939 5708 3143 5776 ζητεῖν,
3176 5705 3312 5756 ἀλλά
3341 5704 3402 5756 τὸ
3439 5703 3546 5755 τῶν
3575 5703 3799 5771 ἑτέρων,
3824 5701 3917 5752 ἴνα

2341 5801 2575 5857 σωθῶσι.
2639 5799 2835 5862 Καθὼς
2872 5799 2926 5851 δὲ
2973 5796 3334 5868 προείπομεν,
3385 5793 3672 5864 φυλάττειν
3725 5808 3780 5844 σε
3835 5791 3918 5843 δεῖ
