4156 6344
229 389 327 451 681

1524 381 1793 446 CAPl'l‘A
1844 375 2208 439 MORALIA.

3363 381 3415 438 (it
3433 383 3466 438 2

234 501 569 572 ἀπράγμονα
625 499 738 568 βίον
778 500 868 552 καὶ
925 499 1241 570 ἀκτήμονα’
1289 496 1384 552 καὶ
1436 496 1629 551 ἑαυτὸν
1688 495 1808 547 τότε

1914 502 2035 548 tunc
2094 503 2281 563 rrputa
2334 492 2436 547 sub
2485 492 2673 562 gratia:
2727 491 2994 546 beneficio
3020 503 3297 568 agentem,
3333 510 3458 548 cum

236 594 429 664 λογίσῃ
470 595 860 664 ἐνεργούμενον
889 593 992 647 ὑπὸ
1026 593 1127 664 τῆς
1165 591 1406 664 χάριτος,
1457 592 1583 644 ὅταν
1626 589 1809 660 ἀμαρ-

233 671 534 756 τωλότερον
602 688 820 742 πάντων
873 683 1175 757 ἀνθρώπων
1238 687 1296 740 ἐν
1365 681 1596 754 ἀληθείᾳ
1645 680 1805 752 ἔχῃς·

233 778 396 833 τοῦτο
426 778 481 831 δὲ
515 779 661 840 ὅπως
692 771 902 845 γίνεται
931 779 1030 831 οὐκ
1057 777 1164 848 ἔχω
1193 778 1394 845 λέγειν,
1423 777 1450 828 ὁ
1487 774 1617 838 Θεὸς
1647 767 1806 827 οἶδεν.

309 870 456 941 ρμδ’.
487 869 594 932 Τὰς
621 869 677 923 δὲ
709 868 857 940 ὧρας
883 870 981 940 τῆς
1006 869 1332 940 ἀγρυπνίας,
1387 867 1623 937 ὀφείλεις
1677 865 1810 918 ἀνα-

238 961 530 1030 γινώσκειν
565 961 667 1032 μὲν
693 960 843 1031 ὥρας
870 961 999 1028 δύω,
1031 979 1126 1016 και
1180 961 1290 1016 δύω
1320 957 1573 1031 εὔχεσθαι
1612 961 1670 1010 ὲν
1712 975 1810 1010 κα-

237 1056 459 1120 τανύξει
483 1057 621 1126 μετά
667 1054 938 1128 δακρύων,
977 1058 1070 1109 καὶ¹
1112 1057 1311 1109 κανόνα
1341 1049 1451 1125 οἷον
1487 1051 1686 1123 βούλει,
1719 1051 1812 1105 καὶ

238 1147 508 1218 ψαλμοὺς,
533 1147 581 1198 εί
613 1146 814 1217 βούλει,
845 1148 971 1211 τοὺς
1002 1146 1226 1211 δώδεκα,
1274 1147 1369 1198 καὶ
1415 1145 1504 1198 τὸν
1557 1145 1810 1215 ἄμωμον,

246 1240 344 1291 καὶ
373 1237 470 1308 τήν
494 1238 658 1308 εὐχὴν
683 1238 776 1292 τοῦ
830 1239 985 1303 ἁγίου
1017 1239 1351 1310 Εὑττρατίου
1375 1253 1389 1266 “
1410 1235 1580 1291 ταῦτα
1609 1237 1666 1288 ὲν
1695 1236 1813 1298 ταῖς

244 1329 508 1397 μεγάλαις
538 1326 708 1391 νυξίν.
750 1328 918 1383 Ἐνδὲ
969 1330 1085 1390 ταῖς
1119 1329 1362 1399 μικραῖς,
1403 1322 1813 1394 συντομωτέραν

240 1422 344 1488 τὴν
371 1420 716 1481 ἀκολουθίαν,
747 1420 889 1475 κατὰ
943 1423 1041 1491 τὴν
1095 1419 1476 1490 παρεχομένην
1535 1434 1618 1469 σοι
1661 1415 1814 1484 παρὰ

241 1511 380 1565 Θεοῦ
408 1511 635 1584 δύναμιν
662 1532 675 1545 ο
713 1515 840 1567 ἄνευ
881 1513 990 1584 γὰρ
1027 1513 1192 1567 αὐτοῦ
1241 1511 1394 1565 οὐδὲν
1429 1509 1539 1563 τῶν
1596 1507 1815 1575 ἀγαθῶν

241 1603 641 1676 κατορθοῦται,
699 1604 881 1669 καθώς
941 1623 1107 1677 φησιν
1159 1607 1186 1658 ὁ
1250 1603 1544 1676 Προφήτης
1583 1615 1596 1630 ·
1657 1600 1814 1670 Παρὰ

244 1697 451 1770 Κυρίου
498 1697 567 1750 τὰ
611 1695 927 1768 διαδήματα
956 1717 964 1720 -
990 1695 1280 1766 ἀνθρώπου
1339 1697 1766 1752 κατευθύνεταιο
1800 1717 1820 1751 ιι

242 1791 338 1842 καὶ
368 1789 530 1842 αὑτοῦ
570 1787 664 1841 τοῦ
693 1787 946 1860 Σωτῆρος
979 1787 1225 1851 εἰπόντος
1255 1804 1268 1819 ν
1308 1808 1325 1840 ι
1366 1787 1549 1860 Χωρὶς
1591 1788 1728 1858 ἐμοῦ
1761 1791 1823 1843 οὔ

241 1879 477 1934 δύνασθε
501 1883 680 1934 ποιεῖν
707 1880 884 1934 οὐδέν.
913 1899 931 1932 ι
981 1881 1142 1934 ’Λνευ
1167 1879 1224 1932 δὲ
1263 1880 1516 1951 δακρύων
1546 1874 1823 1952 μηδέποτε

243 1972 604 2042 κοινωνήσῃς.

317 2068 452 2132 ρμε’.
499 2062 725 2115 Ἐσθίειν
755 2064 813 2115 δὲ
844 2063 911 2116 τὰ
937 2062 1351 2135 παρατιθέμενά
1391 2082 1472 2116 σοι
1517 2060 1608 2118 οἷὰ
1663 2067 1820 2121 εἰσιν.

257 2153 487 2222 Ὁμοίως
526 2155 618 2208 καὶ
661 2150 803 2208 οἷνον
857 2156 992 2225 μετὰ
1045 2155 1377 2226 ἐγκρατείας
1433 2156 1819 2225 ἀγογγύστως·

240 2248 289 2296 εἰ
323 2244 380 2298 δὲ
411 2245 671 2298 καὶκατὰ
722 2248 892 2314 μόνας
923 2237 1066 2316 κάοῃ
1093 2245 1160 2298 δι’
1201 2246 1509 2311 ἀσθένειαν,
1542 2246 1669 2316 ὠμὰ
1725 2233 1822 2300 λά-

241 2356 383 2409 χανα
418 2338 553 2406 μετά
587 2339 806 2393 ἐλαιῶν.
854 2339 980 2392 Ἰίὰν
1011 2341 1065 2392 δέ
1098 2357 1183 2404 τις
1203 2340 1311 2392 τῶν
1347 2339 1593 2408 ἀδελφῶν
1628 2339 1824 2410 βρώσι-

243 2427 345 2496 μόν
368 2445 418 2480 τι
447 2427 636 2496 πέμψῃ
662 2445 764 2493 σοι,
799 2428 946 2492 δέξαι
988 2429 1103 2497 μετ’
1129 2428 1480 2498 εὐχαριστίας
1508 2429 1602 2480 καὶ
1635 2445 1826 2481 ταπει-

240 2515 459 2580 νώσεως
491 2517 566 2578 ὡς
618 2517 799 2582 ξένοςο
848 2519 941 2570 καὶ
993 2516 1050 2581 ἐξ
1100 2515 1266 2573 αὑτοῦ
1327 2517 1627 2586 μετάλαϐε,
1676 2516 1732 2570 εἰ
1771 2534 1821 2570 τι

237 2607 283 2660 δ’
316 2609 381 2661 ἄν
409 2609 525 2661 ἐστι
551 2625 562 2636 ·
601 2611 693 2660 καὶ
731 2609 791 2661 τὸ
847 2608 1194 2678 περιλειφθὲν
1268 2608 1586 2661 ἀπόστειλον
1651 2607 1826 2678 ἑτέρῳ

239 2697 474 2765 ἀδελφῷ,
503 2697 706 2769 πτωχῴ
738 2699 831 2755 καὶ
883 2698 1121 2753 εύλᾱϐεῖ.
1159 2698 1286 2752 Ἐὰν
1317 2699 1375 2751 δέ
1403 2716 1486 2762 τις
1522 2699 1732 2770 καλέσῃ
1763 2716 1823 2751 σε

239 2791 321 2851 εἰς
357 2789 721 2860 παράκλησιν,
758 2790 823 2842 ὲκ
847 2789 1062 2842 πάντων
1099 2793 1208 2843 τῶν
1244 2789 1694 2858 παρατιθεμένων
1741 2805 1824 2843 σοι

243 2878 535 2948 μετάλαϐε,
566 2880 702 2951 πρὸς
733 2881 929 2951 μικρὸν
967 2881 1045 2940 δὲ,
1087 2881 1230 2934 κατὰ
1283 2883 1381 2950 τὴν
1425 2880 1662 2950 ἐντολὴν,
1726 2881 1826 2952 τὴν

241 2970 570 3039 ἐγκράτειαν
623 2964 939 3039 quam».
982 2972 1365 3041 Ἀνιστάμενος
1395 2971 1471 3035 δὲ,
1506 2973 1681 3041 βαλὼν
1729 2991 1823 3045 με-

240 3063 466 3116 τάνοιαν
496 3063 552 3115 ἐν
573 3063 691 3134 ήθει
719 3063 868 3128 ξένου
907 3069 998 3116 καὶ
1034 3063 1272 3134 πτωχοῦ,
1327 3066 1425 3133 τὴν
1470 3065 1822 3136 εὐχαριστίαν

1909 587 2163 651 majorem
2209 585 2462 638 omnibus
2511 583 2821 638 hominibus
2875 593 3222 654 poet-olorem
3253 595 3304 641 te
3345 587 3462 641 sin-

1908 693 2031 733 cere
2064 677 2287 730 habebis
2324 694 2336 728 :
2385 675 2436 730 id
2473 683 2654 728 autem
2686 676 2960 744 quomodo
2985 674 3097 739 fiat,
3133 675 3314 730 dicere
3351 692 3459 730 non

1906 774 2078 836 valeo,
2116 769 2258 825 Deus
2287 771 2410 825 scit.

1980 861 2100 918 144.
2137 858 2326 924 Quoad
2380 860 2543 914 horas
2591 859 2811 930 vigilite,
2856 859 3017 914 debes
3082 862 3295 930 legere.
3327 861 3463 914 duas

1907 956 2090 1018 horas,
2127 961 2181 1006 et
2234 950 2370 1006 rluas
2414 952 2620 1018 precari
2679 966 2802 1006 cum
2844 953 3258 1021 compunctione
3299 962 3352 1008 et
3387 953 3464 1004 la-

1907 1045 2109 1117 crymis
2133 1085 2146 1108 ,
2179 1045 2464 1099 recitando
2510 1044 2795 1113 quodlibet
2837 1042 3086 1101 Oﬂicium
3116 1047 3460 1108 canonicum,

1910 1148 1963 1190 ct
1989 1136 2322 1205 psalmosrsi
2358 1136 2460 1198 vis,
2489 1135 2797 1200 duodecim,
2831 1144 2886 1190 et
2928 1135 3223 1189 Illarianam
3273 1136 3462 1204 globu-

1911 1231 2086 1282 lorum
2137 1229 2336 1282 amomi
2385 1242 2665 1292 coronam,
2697 1236 2749 1282 et
2799 1228 2975 1281 sancti
3012 1226 3306 1280 Eustrathii
3342 1242 3466 1279 ora-

1905 1321 2108 1374 tionem
2159 1338 2173 1373 :
2225 1320 2338 1373 haec
2382 1321 2432 1372 in
2465 1319 2635 1386 longis
2681 1318 2952 1373 not-tibus.
2991 1318 3046 1371 in
3086 1317 3342 1372 brevibus
3375 1333 3469 1370 au-

1907 1424 2037 1476 tem,
2075 1412 2291 1466 brevius
2323 1413 2393 1466 sit
2439 1411 2710 1476 Oliicium,
2765 1425 2861 1480 pro
2909 1411 3114 1464 viribus
3157 1409 3249 1463 tibi
3285 1424 3314 1462 a
3359 1409 3473 1463 Deo,

1910 1503 2275 1574 suppeditatis
2307 1521 2320 1557 :
2357 1506 2474 1558 sine
2510 1504 2617 1556 Deo
2658 1505 2800 1556 enim
2837 1502 2972 1556 nihil
3008 1502 3131 1555 boni
3166 1501 3465 1571 peragitur,

1913 1607 1971 1650 ut
2001 1597 2077 1650 ait
2108 1596 2378 1666 Propheta
2408 1613 2422 1649 :
2458 1613 2474 1645 ι
2513 1596 2664 1663 Apud
2713 1593 2999 1647 Dominum
3035 1606 3256 1662 gressus
3291 1591 3466 1646 homi-

1909 1689 1990 1743 nis
2024 1689 2329 1757 dirigentur
2363 1689 2431 1742 ιθ.
2478 1706 2494 1737 ι
2535 1687 2600 1740 Et
2629 1688 2738 1752 ipse
2771 1685 3020 1738 Salvator
3046 1683 3181 1738 dixit
3218 1699 3230 1734 :
3277 1701 3295 1734 ‹
3342 1681 3472 1737 Sine

1910 1796 1993 1835 me
2030 1781 2165 1834 nihil
2201 1781 2428 1850 potestis
2461 1779 2635 1832 facere
2663 1779 2725 1828 '°.
2778 1797 2794 1827 ι
2846 1806 2910 1816 ——
2957 1776 3086 1829 Sine
3122 1773 3373 1843 iacrytnis
3406 1786 3473 1826 ne

1913 1887 2148 1942 unquam
2183 1873 2245 1926 ad
2287 1871 2727 1925 communionem
2762 1867 3012 1921 accedas.

1987 2068 2108 2123 145.
2149 2065 2384 2123 Comede
2411 2066 2565 2121 cibos
2595 2064 2694 2120 tibi
2717 2065 2949 2128 oblatos,
2982 2063 3296 2132 quicunque
3326 2064 3470 2117 sint:

1915 2163 2119 2231 pariter
2171 2169 2226 2216 et
2261 2160 2461 2214 'vinum
2509 2159 2631 2213 bibe
2681 2172 2805 2211 cum
2841 2158 3197 2226 temperantia
3250 2165 3303 2210 et
3356 2157 3474 2209 sine

1915 2253 2387 2316 murmuratione;
2421 2260 2474 2306 et
2506 2252 2550 2306 si
2587 2251 2736 2305 solus
2780 2249 3112 2303 remanseris
3139 2249 3209 2302 ob
3243 2247 3476 2300 inﬁrmi-

1913 2353 2103 2406 tatem,
2135 2344 2306 2397 cruda
2333 2342 2556 2395 comede
2589 2339 2859 2408 legumina
2909 2353 3032 2392 cum
3066 2337 3209 2391 oleo.
3243 2334 3298 2390 Si
3351 2335 3474 2404 quis

1917 2425 2162 2490 fratrum
2192 2433 2287 2487 tibi
2329 2433 2509 2486 cibum
2559 2430 2793 2498 aliquem
2840 2427 3073 2487 miserit,
3127 2424 3313 2494 aet-ipe
3349 2439 3474 2477 cum

1915 2525 2247 2598 gratitudine
2303 2531 2466 2608 atque
2500 2521 2811 2575 humilitate
2856 2528 3112 2587 tanquam
3161 2516 3381 2586 hospes,
3418 2525 3473 2570 et

1918 2619 1983 2672 de
2015 2618 2105 2671 illo
2146 2622 2424 2683 assumpta
2474 2611 2958 2687 quantulacunque
2991 2615 3165 2676 parte,
3205 2609 3477 2676 reliquum

1918 2710 2075 2762 mitte
2105 2705 2262 2760 alteri
2298 2703 2451 2758 fratri
2484 2701 2736 2756 mendico
2760 2707 2814 2752 et
2850 2699 2959 2766 pio.
2992 2697 3196 2766 Siquis
3230 2697 3295 2749 ad
3326 2711 3481 2750 men-

1919 2815 2032 2856 sam
2071 2814 2224 2854 suam
2269 2807 2320 2850 te
2365 2795 2661 2856 vocaverit,
2691 2808 2757 2846 ex
2802 2789 3062 2845 omnibus
3128 2789 3222 2842 tibi
3275 2790 3480 2844 oblatis

1919 2892 2105 2960 accipe
2139 2889 2364 2958 aliquid,
2396 2887 2496 2943 etsi
2526 2887 2742 2955 parum,
2769 2885 2918 2953 iuxta
2952 2892 3303 2951 praeceptum,
3338 2891 3478 2936 tem-

1916 2983 2225 3052 perantiam
2266 2993 2513 3035 servans.
2565 2976 2808 3045 Surgens
2845 2982 3046 3039 autem,
3078 2988 3199 3028 cum
3229 2988 3486 3028 reveren-

1920 3076 2005 3128 tiae
2083 3074 2237 3141 signo
2285 3084 2435 3124 more
2491 3067 2725 3134 hospitis
2758 3075 2811 3119 et
2874 3053 3148 3126 mendici,
3181 3072 3362 3132 grates
3404 3063 3481 3116 illi

237 3151 389 3222 αύτῷ
421 3151 666 3222 ἀπόνεμε
695 3153 867 3222 λέγων
888 3169 902 3183 ·
940 3153 997 3207 Ὀ
1026 3154 1180 3219 Θεὸς,
1218 3154 1406 3226 Πάτερ,
1428 3155 1574 3223 ἅγιε,
1605 3156 1698 3209 τὸν
1740 3174 1816 3226 μιε

1918 3181 2016 3237 age
2045 3167 2234 3220 dicens
2273 3181 2286 3216 :
2326 3183 2344 3214 ‹
2394 3162 2557 3225 Dens,
2596 3159 2766 3214 frater
2807 3164 3014 3219 sancte,
3047 3155 3351 3210 mercedem
3387 3153 3483 3208 tibi

239 3243 366 3296 σθὸν
390 3241 501 3313 δώῃ
541 3260 646 3297 σοι.
684 3245 925 3315 Πρόσεχε
947 3245 1002 3298 δὲ
1043 3239 1119 3314 μὴ
1149 3244 1382 3315 λαλῆσαί
1415 3263 1489 3313 τι,
1556 3247 1662 3300 κᾶν
1682 3245 1816 3318 τάχα

1921 3259 2200 3329 rependat.
2239 3276 2257 3307 ι
2286 3256 2429 3310 Cave
2477 3263 2656 3306 autem
2692 3264 2759 3304 ne
2802 3248 2930 3318 quid
2973 3246 3230 3314 effutias,
3265 3248 3485 3309 etiamsi

236 3334 333 3386 καὶ
363 3331 639 3401 ὠφέλιμον
679 3335 794 3403 εἴη.

314 3431 468 3505 ρμς·’.
503 3433 566 3486 Ei
597 3433 658 3487 δὲ
694 3435 786 3487 καί
820 3448 904 3496 τις
933 3432 1318 3501 τῶν-ἀδελφῶν
1346 3432 1570 3496 θλιϐεὶς,
1604 3433 1637 3504 ή
1673 3435 1823 3502 παρά

234 3525 333 3579 τοῦ
361 3524 720 3597 προεστῶτος,
756 3524 788 3594 ἢ
840 3523 933 3576 τοῦ
966 3524 1272 3594 οἰκονόμου,
1326 3525 1364 3595 ,ἡ
1397 3542 1546 3588 τινος
1602 3525 1816 3592 ἐτέρου,

237 3617 369 3691 ἔλθῃ
398 3618 533 3688 πρὸς
548 3615 1045 3687 σὲ,παραμύθήσαι
1072 3615 1232 3670 αὐτὸν
1263 3616 1435 3679 οὕτως
1463 3630 1480 3648 ⁸
1505 3610 1819 3682 Πίστευσον,

235 3709 450 3777 ἀδελφὲ,
489 3708 626 3778 πρὸς
655 3706 885 3776 δοκιμήν
925 3723 1006 3758 σοι
1033 3704 1192 3759 τοῦτο
1225 3707 1414 3774 γέγονε
1448 3725 1462 3739 ο
1512 3707 1682 3777 κάμοὶ
1712 3707 1821 3776 γὰρ

233 3801 508 3872 διαφόρως
536 3798 694 3853 τοῦτο
722 3797 944 3868 συνέϐη,
981 3798 1076 3850 καὶ
1092 3799 1154 3850 ἐκ
1185 3799 1555 3869 μικροψυχίας
1591 3798 1819 3852 ἐλυπού-

238 3909 365 3962 μηψ
393 3887 1049 3960 ἐπεὶδὲέπληροφορήϐήν
1067 3888 1203 3958 πρὸς
1219 3888 1449 3960 δοκιμὴν
1469 3887 1643 3942 ταῦτα
1657 3885 1818 3956 εἶναι,

236 3980 388 4049 φέρω
421 3977 786 4049 εὐχαρίστως.
814 3979 926 4030 Καὶ
959 3979 1023 4030 σὺ
1050 3978 1230 4030 τοίνυν
1263 3976 1436 4041 οὕτως
1470 3978 1613 4032 ποίει
1646 3995 1660 4008 ο
1724 3981 1820 4032 καὶ

235 4070 438 4140 μᾶλλον
463 4068 814 4141 εὐφρανθήσῃ
837 4069 934 4122 ἐπὶ
979 4071 1098 4131 ταῖς
1149 4068 1428 4132 τοιαύταις
1465 4068 1695 4138 θλίψεσι.
1756 4070 1820 4124 El

232 4165 289 4218 δὲ
321 4163 417 4218 καὶ
438 4163 572 4233 πρὸς
601 4163 868 4236 λοιδορίας
891 4165 1099 4232 τραπῇ,
1139 4161 1278 4232 μηδ’
1312 4161 1485 4224 οὕτως
1542 4163 1819 4231 ἀποστρα-

235 4256 364 4324 φῇς,
399 4253 514 4306 ἀλλ’
543 4253 617 4316 ὡς
652 4253 718 4307 ἂν
740 4256 772 4322 ἡ
802 4252 959 4323 χάρις
984 4252 1364 4323 ὲπιχορηγήσῃ
1407 4269 1512 4317 σοι,
1573 4254 1821 4322 παραμύο

235 4348 400 4417 θησαι
440 4346 623 4400 αὐτόν.
675 4343 878 4398 natm
932 4345 1039 4413 γάρ
1062 4345 1170 4396 είσι
1219 4343 1540 4414 διακρίσεις,
1602 4344 1693 4397 καὶ
1743 4343 1819 4408 ῶς

234 4445 374 4506 νοεῖς
403 4442 502 4512 τὴν
526 4440 619 4495 τοῦ
659 4441 889 4510 ἀδελφοῦ
943 4431 1275 4494 κατάστασιν
1323 4439 1420 4494 καὶ
1462 4439 1588 4502 τοὺς
1652 4435 1816 4492 αὐτοῦ

1918 3351 2058 3406 [orte
2084 3351 2214 3404 utile
2275 3349 2432 3404 foret.

1990 3444 2113 3498 H6.
2152 3443 2208 3497 Si
2234 3446 2360 3514 quis
2399 3444 2627 3498 fratrum
2672 3453 2905 3497 vexatus
2951 3440 3067 3495 sive
3106 3453 3134 3491 a
3169 3435 3482 3506 superiore,

1917 3536 2036 3591 sive
2057 3538 2136 3590 ab
2187 3549 2496 3597 mconomo,
2531 3536 2646 3588 sive
2674 3536 2740 3586 ah
2777 3533 2966 3601 aliquo
2996 3531 3122 3594 alio,
3171 3539 3221 3581 te
3268 3527 3483 3587 adierit,

1921 3629 1994 3682 ita
2023 3643 2145 3682 eum
2178 3627 2356 3681 solare
2399 3644 2412 3678 :
2454 3645 2472 3677 ι
2512 3625 2660 3680 Habe
2693 3623 2969 3684 ﬁduciam,
3004 3620 3199 3674 frater.
3243 3618 3323 3670 Ad
3357 3631 3484 3685 pro-

1918 3716 2201 3771 bationem
2253 3718 2358 3769 hoc
2391 3715 2486 3768 tibi
2523 3713 2743 3778 evenit;
2780 3727 2905 3765 nam
2938 3707 3043 3776 ipsi
3072 3707 3203 3761 mihi
3241 3707 3343 3760 hoc
3375 3705 3485 3757 uti-

1918 3811 2044 3865 liter
2078 3809 2330 3878 contigit,
2357 3816 2409 3862 et
2454 3805 2608 3877 prius
2645 3803 2861 3874 quidem
2898 3816 3006 3872 pra:
3035 3797 3484 3869 pusillanimitate

1918 3913 2060 3972 aegre
2103 3894 2378 3965 ferebam;
2425 3908 2707 3969 postquam
2760 3909 2889 3946 vero
2925 3891 3055 3946 mihi
3093 3887 3338 3958 persuasi
3366 3887 3482 3939 haec

1913 3996 1980 4049 ad
2032 3992 2405 4064 probationem
2481 4002 2644 4049 esse,
2705 3984 2908 4061 suffero
2987 3995 3110 4035 cum
3179 3978 3477 4048 gratiarum

1913 4087 2145 4140 actione.
2179 4082 2243 4136 Et
2265 4090 2322 4136 tu
2356 4081 2441 4135 fac
2471 4078 2748 4139 similiter,
2774 4080 2827 4129 ct
2857 4072 3038 4142 potius
3063 4070 3247 4124 laetare
3273 4066 3339 4120 de
3370 4066 3476 4119 hu-

1908 4175 2148 4246 jusmodi
2196 4168 2668 4227 tribulationibus.
2712 4185 2731 4222 ι
2759 4165 2815 4220 Si
2850 4163 2917 4217 ad
2963 4161 3213 4218 convicia
3250 4173 3479 4214 conver-

1915 4276 2079 4330 tatur,
2122 4281 2226 4320 non
2269 4265 2386 4319 ideo
2440 4262 2593 4316 illum
2626 4259 2810 4326 rejice,
2831 4253 2924 4312 sed
2960 4264 3120 4323 prout
3173 4253 3268 4306 tibi
3301 4249 3477 4320 gratia

1914 4367 2340 4433 suggeret,eum
2390 4350 2678 4406 consolare
2717 4366 2731 4401 :
2776 4345 3109 4400 multi-enim
3158 4350 3283 4397 sunt
3338 4340 3476 4393 varii

1919 4430 2094 4503 modi.
2156 4443 2357 4511 Quales
2392 4442 2559 4510 igitur
2614 4435 2834 4491 noveris
2867 4448 2986 4488 esse
3015 4431 3200 4486 fratris
3245 4430 3477 4498 disposi-

235 4535 556 4603 λογισμοὺς,
589 4533 852 4603 συνέρχου
883 4531 1050 4597 αὐτῷ,
1066 4533 1158 4585 καὶ
1182 4531 1256 4602 μὴ
1280 4532 1422 4602 ἀφῇς
1445 4529 1816 4602 ἀθεράπευτον

1916 4540 2094 4594 tiones
2159 4545 2211 4591 et
2273 4533 2651 4605 cogitationes,
2684 4537 2737 4582 te
2794 4526 2895 4596 ipsi
2949 4522 3314 4584 accommoda.
3369 4534 3474 4575 nec

233 4626 399 4680 αὑτὸν
417 4622 694 4678 ἀπελθεῖν.

307 4714 455 4786 ρμξ.
491 4713 833 4770 Ἀσθενοῦντι
862 4714 920 4768 δὲ
958 4715 1193 4785 ἀδελφῷ,
1248 4715 1297 4768 εί
1344 4713 1524 4784 συμϐῇ
1582 4729 1686 4778 σοι,
1739 4721 1815 4780 μη

233 4805 636 4876 ἐπισκέψασθαι
664 4807 828 4877 μέχρι
845 4806 1061 4872 πολλοῦ,
1091 4807 1172 4859 δεῖ
1209 4805 1292 4859 σοί
1340 4823 1393 4858 τι
1452 4801 1816 4875 προαποστεί-

232 4901 347 4966 λαι,
375 4898 552 4971 δηλῶν
584 4897 680 4951 καὶ
727 4898 906 4964 τοῦτο,
934 4899 1040 4954 ὅτι.
1080 4897 1400 4961 Πίστευσον,
1454 4896 1637 4967 Πάτερ
1667 4895 1812 4962 am,

233 4994 478 5062 σήμερον
504 4989 704 5058 ἔμαθον
728 4989 857 5058 περὶ
889 4989 990 5057 τῆς
1014 4987 1193 5054 νόσου,
1223 4976 1328 5040 και
1350 4985 1609 5056 αἰτοῦμαι
1681 5000 1813 5052 συγ-

230 5079 501 5151 χώρησιν.
542 5071 831 5140 Εἷθόὖτως
878 5075 1130 5130 ἀπελθὼν
1171 5077 1463 5146 μετάνοιάν
1513 5092 1573 5128 τε
1614 5073 1810 5144 βαλὼν,

231 5171 330 5225 καὶ
364 5168 532 5239 εὐχῆς
550 5169 872 5238 γενομένης,
901 5166 1073 5230 οὕτως
1115 5167 1236 5220 εἰπὲ
1260 5165 1410 5236 αὐτῷ
1435 5183 1449 5198 ο
1474 5166 1598 5229 Πῶς
1628 5167 1656 5219 ὁ
1680 5164 1813 5228 Θεὸς

230 5259 500 5331 ἐϐοήθησέ
529 5276 633 5322 σοι,
659 5257 839 5330 Πάτερ
879 5259 1034 5326 am;
1069 5259 1160 5311 καὶ
1191 5254 1479 5319 καθεσθεὶς
1500 5252 1812 5325 δεδεμέναις

237 5356 363 5418 ταῖς
387 5353 570 5425 χερσὶ,
599 5349 802 5406 σιώπα.
855 5350 920 5404 ΕΙ
957 5350 1013 5404 δὲ
1036 5349 1130 5403 καὶ
1155 5347 1305 5402 ἄλλοι
1361 5348 1468 5402 εισι
1507 5345 1813 5419 παραγενό-

241 5463 416 5517 μενοι,
446 5442 790 5512 ἐπισκέψεως
812 5442 993 5513 χάριν,
1025 5431 1259 5510 πρόσεχε
1297 5440 1374 5510 μὴ
1411 5428 1812 5510 ’προσομιλῆσαί

238 5555 316 5601 τι,
342 5538 376 5606 ἢ
403 5534 698 5606 γραφικδν,
729 5533 763 5603 ἢ
795 5526 1210 5602 φυσιολογικόν·
1241 5531 1474 5601 μάλιστα
1544 5530 1619 5601 μὴ
1671 5530 1811 5599 lpu-

237 5629 479 5698 τώμενος
500 5623 631 5678 "Iv:
659 5622 735 5694 μὴ
761 5621 986 5693 ὕστερον
1016 5620 1225 5693 θλιϐῇς.
1258 5619 1432 5675 Tati-ro
1456 5621 1565 5697 γὰρ
1613 5620 1706 5672 ἐπὶ
1749 5618 1810 5672 τὸ

243 5719 488 5773 πλεῖστον
521 5713 812 5786 συμϐαίνει
831 5717 946 5778 τοῖς
972 5711 1364 5783 ἁπλουστέροις
1406 5709 1515 5766 τῶν
1543 5707 1807 5779 ἀδελφῶν.

330 5812 373 5842 ⁸⁸
397 5812 538 5867 l‘sal.
570 5813 863 5877 xxxvr,25.
935 5813 981 5846 “
1004 5809 1160 5866 Joan.
1195 5828 1283 5880 xv,
1312 5814 1362 5869 5.

576 5906 842 5964 Ριτιιοι.
863 5907 982 5964 Gn.
1016 5904 1211 5965 CXX.

1915 4635 2033 4687 sine
2063 4629 2210 4682 illum
2238 4641 2344 4680 non
2382 4631 2629 4680 sanatum
2663 4621 2832 4674 abire.

1985 4719 2106 4773 147.
2135 4715 2437 4785 [Egrotanti
2471 4714 2649 4772 fratri,
2676 4713 2720 4765 si
2747 4711 2884 4763 forte
2911 4709 3087 4775 ipsum
3109 4707 3218 4775 jam
3243 4706 3332 4759 diu
3367 4721 3471 4759 non

1914 4810 2240 4871 visitavcris,
2290 4807 2494 4873 aliquid
2551 4802 2885 4874 praemittere
2944 4801 3128 4861 debes,
3158 4799 3260 4851 hoc
3293 4798 3474 4872 decla-

1915 4917 2043 4957 rans
2073 4916 2089 4955 :
2132 4917 2150 4950 ι
2177 4897 2372 4956 Crede,
2396 4898 2561 4949 frater
2594 4900 2803 4954 sancte,
2833 4890 2994 4944 hodie
3027 4887 3262 4956 comperi
3292 4888 3357 4941 de
3381 4897 3472 4940 tuo

1913 4992 2123 5056 morbo,
2158 4997 2214 5043 et
2247 5002 2412 5057 posco
2445 4986 2679 5041 veniam.
2724 5002 2741 5034 ι
2781 4982 2982 5036 Deinde
3011 4976 3312 5048 profectus,
3344 4992 3467 5030 cum

1913 5081 2219 5138 reverentia
2272 5079 2414 5133 faeta
2477 5076 2747 5135 oratione,
2789 5073 2878 5126 dic
2938 5070 3013 5124 illi
3057 5087 3070 5123 :
3111 5086 3130 5119 ι
3191 5066 3470 5133 Quomodo

1911 5177 2054 5231 Deus
2079 5173 2180 5228 tibi
2204 5172 2499 5229 auxiliatos
2537 5177 2641 5230 est,
2677 5164 2842 5219 frater
2875 5159 3102 5219 sancte?
3134 5179 3152 5212 ι
3183 5168 3235 5215 et
3270 5158 3468 5214 sedens

1905 5265 2114 5337 junctis
2147 5262 2400 5316 manibus
2429 5259 2609 5314 sileto.
2640 5255 2695 5309 Si
2740 5253 2830 5307 alii
2869 5248 3303 5308 sintassidentes
3330 5246 3466 5301 visi-

1907 5355 2129 5414 tationis
2156 5368 2344 5418 causa,
2376 5365 2504 5406 cave
2531 5347 2741 5416 nequid
2767 5342 3004 5414 loquaris
3036 5341 3152 5396 sive
3173 5339 3239 5394 de
3272 5338 3466 5392 litteris

1908 5440 2022 5508 sive
2072 5449 2140 5504 de
2202 5444 2446 5503 scientiis
2492 5440 2856 5500 naturalibus,
2904 5433 3207 5507 prtesertitn
3253 5431 3298 5486 si
3355 5444 3462 5484 non

1909 5540 2287 5611 interrogeris.
2316 5536 2393 5591 Ne
2444 5535 2659 5590 tandem
2707 5531 2806 5585 ﬁas
2855 5522 3277 5582 molestus:hoc
3317 5520 3460 5574 enim

1909 5614 2226 5704 plerum'que
2262 5629 2456 5685 accidit
2489 5621 2911 5694 simpliCioribus
2944 5614 3221 5671 fratribus.

3029 5893 3102 5952 2L9.
