4136 6338
688 355 795 418 693

1939 356 2081 417 SYM
2093 356 2312 418 Et)le
2333 360 2703 425 ,JUNIORIS

3827 384 3927 445 (184

764 472 1054 529 HSxCum
1101 472 1202 542 piis
1251 471 1514 529 fratribus
1549 474 1594 529 si
1647 476 1936 543 contingat
1968 477 2062 527 ubi
2097 489 2248 542 pran-

2427 485 2576 548 ρμη’.
2600 477 2730 530 Μετ’
2760 475 3006 530 εὐλαϐὦν
3034 477 3276 547 ἀδελφῶν
3296 481 3344 534 ει
3373 481 3555 553 συμϐῇ
3587 483 3929 552 ἑπιαθῆναι,

691 568 838 632 dere,
873 568 940 622 de
971 567 1226 621 omnibus
1260 565 1736 620 indiscriminatim
1768 574 1982 635 Oportet
2015 577 2065 620 te
2107 582 2260 620 man-

697 659 910 721 ‘lucare,
935 670 1280 726 quaecunque
1326 655 1456 710 sint.
1489 654 1544 708 Si
1574 655 1698 724 quis
1731 656 2010 724 prohibuit
2064 672 2130 711 ne
2177 658 2256 725 pi-

700 763 836 804 scem
896 756 991 802 aut
1043 746 1259 816 quidvis
1318 745 1465 800 aliud
1523 744 1871 808 'eomederes.
1925 747 2022 801 tibi
2072 755 2254 800 autem

695 852 804 895 nare
835 838 1155 906 offerantur,
1186 850 1340 902 tunc,
1380 838 1425 892 si
1456 836 1557 892 sub
1583 852 1745 891 manu
1771 838 1974 892 habeas
2007 851 2132 906 eum
2165 839 2256 907 qui

690 932 987 1000 prohibuit,
1021 942 1144 999 pete
1173 930 1239 984 ab
1265 931 1384 998 ipso
1413 930 1627 984 veniam
1651 929 1716 984 de
1736 930 1842 984 illis
1864 929 2216 984 comedendis
2240 945 2255 995 ;

689 1026 731 1078 si
787 1039 917 1078 vero
945 1023 1109 1086 absit,
1141 1034 1236 1078 aut
1266 1023 1421 1083 scias
1445 1037 1569 1086 eum
1622 1021 1726 1077 hoc
1754 1022 1852 1076 tibi
1893 1036 1998 1075 non
2049 1021 2257 1076 condo-

689 1134 838 1184 nare,
870 1118 991 1172 illos
1024 1124 1206 1170 autem
1232 1114 1608 1169 scandalizare
1634 1113 1794 1178 nolis,
1824 1122 1944 1184 post
1967 1114 2256 1182 prandium

701 1225 799 1262 'ent
823 1210 872 1264 ei
903 1223 1131 1276 expone,
1159 1206 1443 1274 postulans
1477 1207 1708 1259 v'eniam.
1731 1205 1884 1272 Quod
1926 1207 1969 1259 si
2007 1214 2256 1259 neutrum

695 1303 822 1356 velis
855 1301 1051 1367 melius
1101 1300 1200 1354 tibi
1233 1308 1315 1356 est
1372 1299 1493 1354 illos
1550 1314 1659 1352 non
1709 1299 1898 1364 adire;
1942 1298 2051 1352 duo
2109 1298 2252 1351 enim

710 1392 990 1450 ncraberis
1020 1410 1032 1445 :
1071 1391 1280 1446 scilicet
1315 1391 1492 1446 inanis
1525 1389 2028 1460 glorizedmmonem
2062 1390 2257 1458 fugies,

708 1487 917 1556 llosque
935 1501 961 1538 a
976 1483 1236 1540 seandalo
1253 1491 1305 1536 et
1325 1482 1570 1536 molestia
1583 1481 1857 1535 liberabis.
1877 1479 1929 1534 Si
1945 1481 2258 1552 pinguiores

695 1579 793 1634 iiut
828 1577 959 1641 cibi,
1011 1589 1168 1631 serva
1192 1573 1491 1649 Regulam;
1533 1574 1731 1628 melius
1762 1581 1847 1627 est
1873 1578 2057 1626 tamen
2089 1575 2252 1626 etiam

687 1670 751 1723 de
802 1670 886 1722 bis
941 1666 1201 1722 omnibus
1238 1665 1522 1736 paululum
1581 1680 1816 1719 sumere.
1878 1665 2087 1720 Pariter
2132 1681 2254 1720 cum

683 1761 886 1815 alicubi
924 1760 1186 1813 invitatus
1210 1757 1403 1823 fueris,
1429 1755 1587 1827 juxta
1611 1756 1854 1826 Apostoli
1896 1767 2246 1827 praeceptum,

682 1854 750 1908 de
805 1848 1065 1904 omnibus
1098 1848 1195 1901 tibi
1225 1847 1425 1910 oblatis
1460 1846 1684 1901 comede
1719 1846 1839 1903 sine
1885 1846 1996 1900 ullo
2054 1845 2250 1900 discri-

682 1943 830 1996 mine
864 1949 1089 2008 propter
1115 1936 1538 1991 conscientiam.

755 2123 877 2180 H9.
910 2123 991 2186 Si,
1026 2131 1076 2175 te
1106 2127 1401 2192 peragente
1449 2121 1508 2175 in
1540 2130 1632 2174 tua
1685 2120 1883 2175 cellula
1920 2120 2247 2180 orationem,

683 2218 857 2288 pulset
911 2214 1110 2283 aliquis
1157 2212 1406 2282 januam,
1456 2211 1504 2266 ei
1538 2214 1712 2281 aperi.
1747 2213 1811 2265 Et
1846 2211 2044 2267 sedens
2080 2209 2246 2262 collo-

688 2324 851 2383 quero
897 2307 1200 2367 humiliter,
1241 2303 1286 2358 si
1335 2302 1465 2374 quid
1509 2303 1605 2357 tibi
1645 2314 1912 2373 proponat
1946 2302 2012 2356 ad
2046 2301 2251 2355 utilita-

703 2415 788 2455 em
826 2397 1179 2459 conducens;
1208 2403 1262 2449 et
1299 2396 1342 2449 si
1373 2408 1480 2461 qua
1507 2395 1756 2448 molestia
1793 2400 2070 2462 gravetur,
2097 2395 2250 2444 stude

690 2493 850 2546 verbo
918 2490 998 2544 vel
1063 2503 1225 2557 opere
1268 2487 1419 2538 illum
1464 2500 1679 2538 sanare.
1733 2485 1808 2538 Eo
1856 2493 2036 2538 autem
2098 2497 2247 2536 rece-

679 2587 860 2648 dente,
907 2592 962 2636 tu
1011 2581 1175 2650 janna
1208 2581 1391 2633 clausa
1424 2589 1758 2646 resumptam
1812 2577 2115 2630 orationem
2152 2575 2249 2627 ab-

676 2675 826 2731 solve
857 2692 870 2728 :
908 2687 1031 2726 nam
1069 2670 1332 2741 aequanda
1380 2681 1464 2723 est
1508 2667 1943 2722 reconciliationi
1980 2681 2113 2720 cura
2154 2666 2249 2718 ad-

676 2766 927 2822 euntium
961 2764 1094 2833 (22).
1133 2764 1204 2815 De
1261 2759 1625 2814 saecularibus
1675 2758 1818 2810 vero
1869 2756 2246 2810 consulentem

678 2875 786 2914 non
822 2859 895 2911 ita
929 2855 1146 2922 excipe,
1195 2853 1287 2906 sed
1333 2851 1550 2904 nonnisi
1610 2848 1864 2901 absoluta
1897 2847 2147 2902 oratione
2177 2849 2247 2898 al-

679 2953 920 3020 loquere.

748 3166 867 3221 150.
897 3165 1031 3217 Dum
1070 3176 1217 3225 oras,
1249 3159 1291 3214 si
1324 3158 1449 3228 quis
1485 3168 1680 3221 terror,
1711 3168 1799 3210 aut
1827 3157 2118 3226 strepitus,
2156 3168 2247 3210 aut

679 3261 857 3328 fulgor
923 3255 1080 3324 quasi
1146 3251 1409 3314 luminis,
1445 3259 1539 3304 aut
1592 3249 1888 3318 quidquam
1946 3249 2094 3303 aliud
2153 3265 2217 3303 su

2284 1985 2323 2039 Β

2351 568 2459 621 τῶν
2515 567 2893 635 προκειμένων
2936 554 3271 652 ἀδιακρίτως
3326 573 3429 643 χρή
3480 589 3539 626 σε
3571 573 3928 643 μεταλαμϐά-

2353 677 2482 725 νειν,
2516 660 2567 712 cf
2591 676 2643 711 τι
2687 659 2732 712 6’
2760 659 2826 712 ἂν
2857 654 3018 715 ὦσιν.
3061 661 3188 714 Ἐὰν
3230 660 3288 714 δὲ
3316 663 3536 734 ἐντολήν
3587 682 3734 730 τινος
3782 663 3928 737 ἔχῃς,

2350 749 2382 821 ἡ
2414 750 2593 820 ίχθύος
2622 750 2654 820 ἢ
2680 751 2867 820 ἐτέρου
2902 752 3015 804 οἵου
3037 752 3113 822 μὴ
3139 753 3486 823 μεταλαϐεῖν,
3511 757 3618 810 εἰσὶ
3655 756 3712 809 δὲ
3745 774 3926 828 παρα-

2347 841 2626 910 τιθέμενα,
2659 844 2708 896 εἰ
2737 844 3044 914 προχείρως
3072 839 3156 917 ᾗὸ
3187 846 3286 913 τὴν
3315 847 3536 917 ἐντολὴν
3576 847 3722 912 δοὺς,
3757 848 3924 902 ἀπελ-

2347 930 2454 984 θὼν
2515 934 2700 985 πεῖσον
2759 933 2922 987 αὑτὸν
2982 910 3354 1006 συγχωρῆσαίΙ
3393 954 3475 992 σοι
3524 939 3620 993 τοῦ
3686 940 3924 1008 μεταλα-

2347 1021 2482 1077 ϐεῖν.
2513 1023 2575 1074 Ei
2603 1023 2660 1074 δὲ
2694 1023 2754 1075 οὐ
2786 1023 3074 1096 πάρεστιν,
3115 1027 3146 1094 ἢ
3191 1027 3284 1079 καὶ
3319 1027 3609 1094 γινώσκεις
3671 1029 3746 1099 μὴ
3797 1045 3923 1097 συγ·

2345 1115 2542 1182 χωρεῖν
2580 1129 2684 1176 σοι,
2711 1117 2807 1168 καὶ
2841 1116 3006 1169 πάλιν
3039 1117 3237 1181 αὐτοὺς
3275 1118 3337 1172 οὐ
3397 1118 3578 1187 βούλει
3637 1121 3924 1175 σκιινδαλί⁴

2347 1222 2456 1268 σαι,
2499 1207 2638 1276 μετὰ
2658 1209 2755 1279 τὴν
2786 1209 3050 1273 ἑστίασιν,
3080 1210 3278 1264 ἀνάθου
3310 1211 3459 1282 αίιτῷ
3509 1214 3577 1267 τὰ
3629 1213 3733 1283 τῆς
3781 1213 3920 1284 πρά-

2345 1295 2500 1361 ξεως,
2529 1298 2696 1351 αἰτῶν
2721 1300 3089 1372 συγχώρησιν.
3124 1304 3186 1355 ΕΞ
3226 1305 3282 1358 δὲ
3342 1307 3405 1357 ὲκ
3449 1306 3657 1360 τούτων
3694 1307 3918 1372 ζοὺδέτε-

2344 1405 2436 1457 ρον
2468 1389 2667 1458 βούλει,
2694 1384 2942 1463 κρεῖττόν
2974 1411 3054 1447 σοι
3099 1396 3172 1464 μὴ
3199 1396 3454 1450 ἀπελθεῖν
3483 1399 3618 1468 πρὸς
3670 1399 3867 1462 αὐτούς
3900 1416 3912 1428 ·

2340 1474 2452 1531 δύω
2489 1481 2600 1552 γὰρ
2624 1483 2924 1552 κερδανεῖς,
2959 1487 3051 1539 καὶ
3084 1488 3175 1540 τὸν
3206 1487 3307 1556 τῆς
3356 1489 3660 1553 κενοδοξίας
3688 1489 3916 1561 δαίμονα

2341 1570 2604 1642 ἐκφεύξῃ,
2628 1573 2720 1626 καὶ
2748 1575 2948 1639 αὐτοὺς
2977 1578 3277 1632 σκανδάλου
3330 1581 3424 1634 καὶ
3457 1580 3689 1649 θλίψεως
3741 1582 3914 1636 ἁπαλ-

2339 1655 2526 1728 λάξῃς.
2558 1661 2622 1713 Εἰ
2645 1661 2702 1713 δὲ
2737 1664 2848 1716 τῶν
2883 1669 3211 1737 παχυτέρων
3245 1672 3371 1735 εἰσὶ,
3406 1671 3642 1737 φύλαξον
3695 1673 3788 1724 τὸν
3814 1689 3913 1726 κα-

2345 1761 2492 1810 νόνο..
2528 1759 2796 1826 Κρεῖσσον
2821 1758 2999 1812 δὲκαὶ
3031 1759 3122 1811 ἐπὶ
3152 1760 3331 1812 αὐτῶν
3368 1761 3431 1814 ὲκ
3463 1761 3682 1817 πάντων
3717 1767 3906 1836 μικρὸν

2346 1848 2692 1924 μεταλαϐεῖν.
2734 1848 2964 1918 Ὁμοίως
3006 1851 3098 1903 καὶ
3131 1851 3223 1902 ἐπὶ
3277 1852 3675 1923 παρακλήσεώς
3744 1871 3905 1920 τινος,

2345 1937 2484 1991 κατά
2514 1937 2602 1992 τὸν
2633 1938 2950 1992 Ἀπόστολον
2979 1940 3372 2008 νομοθετοῦντα
3397 1944 3505 1994 πᾶν
3523 1944 3585 1996 τὸ
3612 1945 3906 2013 παρατιθέ·

2345 2030 2736 2099 μενονέσθὶειν,
2754 2030 2919 2100 μηδὲν
2945 2033 3426 2102 ἀνακρίνονταςδιά
3455 2032 3550 2103 τὴν
3579 2035 3903 2105 συνείδησιν.

2418 2121 2562 2190 ρμθ’.
2610 2122 2734 2174 Ἐὰν
2767 2123 3046 2186 ποιοῦντός
3083 2139 3178 2174 σου
3217 2126 3275 2177 ὲν
3305 2124 3382 2195 τῷ
3409 2125 3601 2196 κελλίῳ
3655 2143 3748 2179 σου
3809 2130 3904 2196 τὴν

2342 2213 2527 2280 εὐχὴν,
2566 2213 2773 2284 κρούσῃ
2804 2230 2886 2276 τις
2909 2214 3005 2282 τὴν
3059 2214 3246 2284 θύραν,
3299 2215 3506 2281 ἄνοιξον
3564 2217 3730 2288 αὐτῷ.
3799 2221 3905 2271 Καὶ

2344 2302 2630 2366 καθεσθεὶς
2666 2306 2924 2374 όμίλησον
2963 2305 3098 2376 μετὰ
3146 2307 3544 2374 ταπεινώσεως,
3599 2310 3652 2362 εί
3699 2328 3749 2363 τι
3779 2310 3824 2364 δ’
3844 2313 3905 2364 Ξιν

2343 2392 2619 2466 προϐάλλῃ
2651 2394 2758 2447 τῶν
2798 2397 3176 2448 συντεινόντων
3223 2399 3304 2460 είς
3359 2398 3624 2467 ὠφέλειαν
3650 2417 3664 2431 ·
3717 2404 3816 2455 καὶ
3857 2403 3905 2455 εί

2344 2482 2446 2535 ὑπὸ
2485 2481 2712 2552 θλίψεὼς
2730 2486 2844 2537 ἐστι
2880 2485 3272 2555 βεϐαρημένος,
3302 2490 3650 2562 σπούδασονῆ
3675 2494 3730 2544 ὲν
3767 2493 3906 2564 λόγῳ

2342 2573 2447 2640 ἢέν
2480 2572 2625 2644 ἔργῳ
2661 2574 2997 2644 θεραπεῦσαι
3029 2578 3208 2630 αὐτόν.
3236 2581 3345 2632 Καὶ
3379 2579 3541 2633 πάλιν
3592 2583 3756 2635 αὐτοῦ
3786 2585 3908 2637 ἀναο

2340 2661 2663 2730 χωροῦντος,
2713 2663 2980 2726 ’κλείσα;,
3039 2667 3514 2738 ὲπαναλαϐόμενος
3592 2672 3691 2740 τὴν
3744 2675 3906 2743 εὐχὴν

2340 2751 2599 2806 ἐπιτέλει.
2626 2753 2732 2805 Καὶ
2770 2755 2880 2821 γὰρ
2911 2754 3110 2824 ὁμοίως
3141 2759 3240 2826 τῆς
3293 2757 3637 2830 καταλλαγῆς
3672 2762 3908 2832 ὑπάρχει

2342 2843 2485 2911 καὶὴ
2520 2844 2785 2912 θεραπεία
2817 2843 2923 2896 τῶν
2950 2846 3302 2914 προσιόντων.
3369 2849 3479 2902 Οὐκ
3513 2851 3603 2903 ἐπὶ
3624 2853 3906 2922 κοσμικῶν

2340 2931 2394 2982 δὲ
2422 2929 2592 2995 οὕτως
2622 2933 2704 2985 δεῖ
2750 2937 2921 2988 ποιεῖν
2948 2951 2960 2964 ·
3008 2937 3145 2989 ἀλλά
3202 2937 3543 3007 πληροῦντας
3601 2941 3699 3011 τὴν
3743 2945 3906 3013 εὐχὴν

2341 3021 2508 3082 οὕτως
2532 3021 2680 3091 αὐτῷ
2706 3023 2936 3092 ὁμιλεῖν.

2399 3169 2491 3231 ρν’.
2529 3163 2834 3232 Εὐχομένου
2863 3164 2918 3216 δέ
2954 3180 3074 3226 σου,
3127 3165 3175 3227 εί
3230 3163 3395 3216 δειλία
3450 3180 3534 3225 τις
3584 3163 3616 3232 ἢ
3673 3163 3898 3228 κτύπος,

2325 3255 2357 3325 ἢ
2419 3255 2493 3316 ὡς
2554 3255 2672 3322 φῶς
2724 3255 3030 3326 ἐπιλάμψῃ.
3104 3256 3135 3325 ἢ
3212 3254 3339 3309 ἄλλο
3393 3272 3445 3308 τι
3493 3257 3738 3339 γένηται,
3831 3258 3890 3310 σὺ

678 3350 1009 3422 pervenerit,
1045 3353 1101 3398 tu
1131 3360 1195 3398 ne
1221 3344 1484 3408 turberis,,
1512 3341 1604 3395 sed
1628 3341 1875 3417 tenacius
1915 3342 1967 3394 in
1996 3340 2246 3396 oratione

2337 3346 2401 3415 μὴ
2443 3346 2703 3416 θροηθῇς,
2756 3348 2890 3400 ἀλλὰ
2930 3346 3129 3418 μᾶλλον
3179 3349 3555 3417 ἐκτενέστερον
3617 3351 3679 3417 τῇ
3731 3364 3895 3418 προσ-

676 3453 960 3511 persevera
998 3455 1010 3491 :
1038 3451 1164 3490 nam
1193 3450 1219 3487 a
1247 3431 1588 3489 dtemonibus
1611 3431 1907 3486 suscitatur
1925 3436 2245 3496 commotio,

674 3547 730 3590 et
759 3533 1036 3595 fremitus,
1068 3537 1120 3584 et
1156 3524 1464 3590 distractio,
1512 3531 1570 3576 ut
1608 3524 1791 3576 animo
1838 3521 2100 3577 deﬁciens
2123 3537 2247 3577 ora.

675 3627 883 3682 tionem
924 3621 1171 3682 omittas,
1222 3625 1277 3672 et
1335 3617 1438 3671 hoc
1485 3616 1745 3683 deinceps
1780 3616 1834 3668 in
1895 3616 2250 3668 consuetudi-

676 3732 800 3773 nem
857 3713 1201 3773 deveniente,
1239 3709 1520 3780 captivum
1556 3719 1604 3762 te
1654 3708 1756 3761 sub
1787 3721 1953 3761 manu
1986 3707 2244 3761 habeant.

678 3811 733 3865 Si
769 3823 899 3865 vero
946 3805 1043 3861 tibi
1099 3805 1409 3858 orationem
1446 3801 1724 3871 peragenti
1779 3799 1928 3853 aliud
1995 3799 2247 3870 alinlgcat

674 3901 858 3954 lumen
883 3895 953 3951 de
983 3909 1092 3965 quo
1134 3893 1281 3963 loqui
1317 3909 1422 3946 non
1476 3891 1657 3957 valeo,
1690 3891 1900 3960 tibique
1943 3890 2033 3945 flat
2066 3893 2245 3949 anima

676 3989 872 4064 gaudio
901 3987 1203 4050 exsultans,
1233 3995 1283 4038 et
1310 3983 1667 4054 perfection's
1692 3982 2039 4048 desiderium,
2088 3993 2142 4037 et
2168 3984 2245 4034 la-

676 4095 989 4154 crymarum
1021 4078 1218 4133 effusio
1250 4091 1372 4132 cum
1410 4075 1856 4144 compuncticne,
1896 4075 1982 4127 hic
2011 4089 2248 4143 agnosce

682 4175 774 4228 Dei
799 4171 1170 4226 visitationem
1198 4180 1249 4222 ct
1289 4168 1556 4221 auxilium
1596 4183 1609 4218 :
1646 4175 1699 4220 et
1728 4166 1772 4219 si
1803 4167 1895 4220 diu
1927 4180 2248 4233 persevera-

681 4267 839 4328 verit,
872 4275 922 4318 tc
950 4262 1313 4316 nihilominus
1361 4259 1585 4313 humilia
1631 4273 1696 4311 co
1726 4257 1870 4326 quod
1899 4255 2031 4309 nihil
2067 4255 2245 4325 perfe-

677 4361 821 4412 ceris
857 4371 922 4410 οι
965 4356 1066 4408 hac
1101 4355 1468 4423 lacrymarum
1499 4349 1884 4414 continuilale,
1920 4349 2066 4416 quod
2097 4365 2246 4403 men-

677 4459 783 4503 tem
816 4457 966 4500 tuam
1009 4446 1073 4499 ad
1111 4443 1312 4511 aliquid
1348 4443 1569 4496 carnale
1625 4442 1926 4496 ducturum
1977 4451 2082 4495 est.
2109 4439 2245 4495 Ora-

681 4543 882 4592 tionem
913 4553 1042 4590 vero
1073 4551 1202 4591 cave
1227 4551 1291 4590 ne
1325 4534 1599 4602 relinquas
1640 4533 1711 4586 ob
1758 4533 2102 4588 inimicorum
2140 4533 2246 4586 for-

682 4632 940 4684 midinem
969 4645 983 4693 ;
1020 4629 1136 4687 sed.
1170 4628 1310 4680 sicut
1342 4644 1473 4696 puer
1508 4627 1837 4696 quibusdam
1871 4626 2055 4680 latniis
2089 4626 2248 4678 terri-

2323 3441 2453 3508 ευχῇ
2538 3438 2927 3508 καρτέρησον’
3001 3437 3218 3507 ταραχὴ
3299 3437 3407 3506 γὰρ
3488 3439 3698 3506 γίνεται
3777 3439 3890 3490 δαι-

2330 3528 2544 3598 μονικὴ,
2576 3529 2669 3582 καὶ
2708 3529 2901 3599 φρίκη,
2931 3530 3025 3582 καὶ
3066 3529 3343 3592 ἔκστασις,
3402 3529 3548 3592 ὅπως
3598 3527 3894 3597 χαυνωθεὶς

2325 3620 2421 3689 τὴν
2451 3618 2614 3689 εὐχὴν
2637 3620 2804 3690 ἐάσῃς
2834 3634 2850 3650 ⁶
2871 3621 2972 3687 Δκαὶ
3006 3620 3194 3673 λοιπὸν
3226 3623 3282 3674 ὲν
3321 3620 3430 3684 ’ἐξει
3452 3619 3643 3672 τούτου
3667 3622 3892 3689 γενομέ-

2325 3725 2438 3768 νου,
2468 3709 2775 3779 ὑποχείριόν
2816 3725 2874 3761 σε
2899 3708 3124 3762 λάϐωσι.
3171 3710 3232 3762 Ei
3284 3709 3341 3762 δὲ
3383 3711 3481 3776 τὴν
3535 3709 3697 3779 εὐχὴν
3745 3713 3894 3762 ὲκτε-

2328 3799 2774 3869 λοῦντος,ἕτερον
2810 3799 2927 3869 φῶς
2977 3800 3260 3873 ἐπιλάμψῃ
3316 3818 3420 3864 σοι,
3459 3803 3596 3871 ὅπερ
3648 3800 3890 3854 ἀδυνατῶ

2327 3891 2550 3959 φράσαι,
2584 3893 2757 3961 χαρᾶς
2790 3910 2848 3944 τε
2907 3891 3120 3962 πλήρης
3155 3893 3192 3961 μή
3244 3893 3387 3963 ψυχὴ
3420 3893 3665 3958 γένηται,
3711 3891 3891 3943 ἐπιθυ-

2331 3983 2430 4052 μία
2459 3999 2512 4035 τε
2541 3984 2648 4036 τῶν
2688 3984 3037 4052 κρειττόνων,
3073 3984 3165 4036 καὶ
3194 3983 3442 4056 δακρύων
3465 3984 3719 4054 ὲπίῤῥοια
3760 3984 3894 4052 μετὰ

2329 4072 2690 4137 κατανύξεως.
2725 4074 2959 4141 γίνωσκε
2991 4074 3139 4126 θείαν
3161 4076 3463 4147 ἐπισκοπὴν
3506 4069 3644 4128 εἶναι
3680 4077 3773 4128 καὶ
3806 4077 3892 4128 ἀν-

2325 4165 2553 4235 τίληψιν
2577 4166 2735 4218 τοῦτο
2765 4182 2780 4198 ο
2811 4165 2903 4218 καὶ
2928 4167 2975 4218 εί
3013 4167 3242 4237 ἐπιμένῃ
3280 4167 3440 4236 μέχρι
3473 4167 3689 4231 πολλοῦ,
3720 4167 3806 4220 διὰ
3839 4167 3891 4218 τὸ

2331 4258 2401 4326 μή
2431 4274 2480 4308 τι
2506 4257 2664 4309 πλέον
2687 4275 2768 4309 σοι
2799 4257 3053 4324 γενέσθαι
3085 4259 3150 4310 ὲκ
3204 4258 3304 4326 τῆς
3331 4258 3437 4310 τῶν
3483 4256 3735 4323 δακρύων
3773 4275 3884 4310 συι-

2331 4347 2484 4416 exige,
2515 4347 2916 4415 αἰχμαλωτισον
2945 4347 3032 4400 τὸν
3059 4349 3184 4401 νοῦν
3216 4366 3308 4401 σου
3350 4348 3428 4412 εἷς
3453 4367 3502 4401 τι
3524 4351 3632 4402 τῶν
3657 4368 3892 4420 σωματι-

2326 4432 2457 4498 κῶν,
2485 4435 2578 4487 καὶ
2604 4434 2844 4505 ἐντούτῳ
2875 4437 3254 4507 ταπεινωθήσῃ
3273 4455 3286 4468 ο
3306 4435 3403 4507 τὴν
3438 4439 3493 4490 δὲ
3526 4440 3691 4509 εὐχὴν
3720 4443 3890 4508 πρόσ-

2328 4542 2419 4594 εχε
2468 4526 2541 4594 μὴ
2603 4527 2659 4578 ὲν
2688 4529 2753 4595 τῇ
2785 4532 2892 4580 τῶν
2952 4527 3163 4597 ἐχθρῶν
3220 4528 3514 4598 ὲκφοϐήσει
3551 4530 3890 4598 καταλεῖψαι.

2339 4615 2476 4668 Ἀλλ’
2509 4615 2696 4685 ὥσπερ
2720 4620 2845 4680 παῖς
2873 4619 2976 4671 ὑπό
3020 4636 3180 4672 τινων
3215 4620 3621 4689 μορμολυκείων
3673 4621 3898 4673 δεδιττό-

681 4732 768 4775 tus
799 4725 852 4774 in
887 4720 1045 4773 ulnas
1081 4719 1274 4773 matris
1321 4720 1562 4788 patrisve
1614 4718 1953 4789 aufugiendo
1993 4718 2131 4771 tales
2161 4733 2246 4770 re-

2337 4724 2490 4774 μενος
2530 4707 2635 4759 ὑπὸ
2659 4709 2755 4770 τὰς
2784 4709 3028 4777 ἀγκάλας
3064 4713 3162 4775 τῆς
3211 4711 3414 4782 μητρὸς
3458 4712 3490 4782 ἢ
3552 4711 3646 4764 τοῦ
3699 4715 3898 4783 πατρὸς

685 4820 861 4865 movet
895 4820 1159 4874 terrores,
1191 4811 1271 4866 sic
1301 4820 1354 4864 et
1395 4819 1451 4863 tu
1489 4825 1585 4880 per
1641 4800 1946 4863 oraiionem
1982 4809 2046 4862 ad
2080 4807 2244 4861 Deum

679 4916 910 4956 currens
939 4901 1254 4969 liujusmodi
1286 4902 1536 4955 timorem
1579 4902 1770 4966 fugies.

751 5077 874 5132 151.
896 5077 950 5130 Si
983 5085 1032 5130 te
1062 5077 1114 5129 in
1142 5077 1272 5130 cella
1301 5078 1572 5130 sedentem
1601 5078 1806 5145 aliquid
1836 5076 2003 5130 frater
2026 5077 2250 5134 veniens

681 5169 977 5235 interroget
1032 5166 1180 5219 circa
1216 5182 1454 5235 pugnant
1496 5167 1802 5231 carnalem,
1845 5181 1912 5219 ne
1969 5166 2120 5220 illum
2159 5180 2244 5220 re-

684 5258 874 5326 pellas,
929 5258 1024 5311 sed
1093 5273 1213 5310 cum
1283 5260 1708 5331 componetione
1763 5274 1884 5328 quae
1939 5259 2038 5313 tibi
2071 5257 2247 5328 gratia

682 5357 936 5417 suggeret
967 5359 1020 5403 et
1047 5364 1167 5418 quae
1202 5350 1266 5402 ex
1298 5357 1388 5401 tua
1446 5352 1784 5418 experientia
1835 5351 2098 5416 didicisti,
2133 5350 2248 5404 hate

683 5441 756 5493 illi
791 5439 857 5492 ad
915 5440 1084 5508 ipsius
1138 5441 1423 5494 utilitatem
1485 5444 1830 5495 communica
1886 5455 2120 5511 cumque
2168 5442 2248 5496 sic

684 5532 876 5586 libera.
922 5529 1308 5604 Egredientem
1365 5542 1546 5585 autem
1621 5541 1930 5588 reverenter
1977 5533 2240 5597 salutans,

2328 4795 2708 4862 προσφεύγων,
2726 4797 2817 4851 τὸν
2846 4797 3052 4851 τούτων
3082 4800 3385 4852 ἀπωθεῖται
3413 4800 3594 4867 φόϐον,
3627 4801 3771 4855 οὕτω
3811 4803 3899 4856 καὶ

2334 4888 2396 4938 σὺ
2420 4886 2508 4939 διὰ
2539 4889 2639 4956 τῆς
2670 4889 2858 4958 εὐχῆς,
2909 4889 3043 4961 πρὸς
3074 4891 3166 4944 τὸν
3222 4891 3354 4943 Θεὸν
3404 4891 3755 4962 ἀναδραμὼν,
3813 4894 3900 4946 τὸν

2329 4978 2532 5030 τούτων
2563 4979 2724 5044 φόϐον
2749 4981 3041 5047 διαφεύξει.

2401 5078 2533 5141 ρνα’.
2572 5072 2694 5124 Ἐὰν
2723 5073 3089 5143 καθεζομένου
3116 5092 3206 5126 σου
3242 5082 3299 5128 ὲν
3323 5075 3402 5145 τῷ
3423 5075 3642 5145 κελλίῳ,
3680 5077 3900 5147 ἀδελφός

2329 5175 2415 5221 τις
2442 5159 2613 5212 ἐλθὼν
2645 5163 3012 5230 ἐρωτήσεισοι
3047 5165 3175 5234 περὶ
3197 5166 3457 5234 σαρκικοῦ
3507 5166 3769 5237 πολέμου,
3832 5169 3901 5237 μὴ

2330 5249 2681 5321 ἀποστρέψῃς
2710 5250 2801 5301 τὸν
2847 5251 3111 5315 τοιοῦτον,
3147 5253 3283 5307 ἀλλά
3351 5256 3486 5324 μετά
3533 5258 3898 5324 κατανύξεως.

2332 5331 2483 5400 ὲξῶν
2516 5340 2547 5409 ή
2578 5338 2669 5392 τοῦ
2698 5340 2832 5393 Θεοῦ
2862 5341 3018 5411 χάρις
3051 5344 3449 5415 ὲπιχορηγήσει
3501 5365 3606 5411 σοι,
3661 5351 3756 5401 καὶ
3786 5351 3814 5402 ὃ
3842 5352 3901 5401 ὲκ

2335 5429 2584 5500 πράξεως
2605 5431 2893 5500 κέκτησαι,
2924 5433 3204 5504 ὡφὲλησον
3233 5436 3415 5499 αὑτὸν,
3447 5438 3543 5491 καὶ
3581 5439 3902 5502 οῦτωςὰπό-

2327 5519 2507 5574 λυσον.
2541 5521 2921 5593 Ἐξερχομένου
2943 5525 3019 5586 δὲ.
3065 5527 3242 5586 βαλὼν
3270 5529 3555 5586 μετάνοιαν
3620 5532 3756 5602 πρὸς
3806 5533 3904 5586 αὑ-

751 5715 864 5788 (22)
899 5715 1078 5777 ιάιιει,
1117 5717 1262 5770 sicut
1294 5715 1743 5788 inlet'rtttnprmla
1789 5724 1873 5769 cst
1923 5718 2125 5784 oratio,
2171 5717 2398 5788 ipsaque
2431 5719 2620 5774 altaris
2710 5720 2935 5784 oblatio,
2990 5730 3045 5775 ut
3102 5733 3227 5775 cum
3279 5719 3446 5772 fratre
3510 5721 3902 5785 reconcilieris,

684 5788 753 5835 ita
786 5786 948 5838 etiam
987 5795 1041 5836 ιει
1071 5788 1189 5845 eius
1224 5787 1418 5840 salutis
1453 5803 1641 5840 curam
1681 5802 1859 5853 geras.
