4136 6338
210 359 318 420 655

210 489 326 550 τὸν,

216 585 566 652 λανθρωπίαν
634 585 725 639 τοῦ
791 585 947 650 Θεοῦ,
1032 588 1112 641 ὅτι
1170 589 1419 656 φεύξεται
1506 591 1616 643 ἀπὸ
1701 592 1793 644 σοῦ

222 671 251 724 6
281 671 526 734 τοιοῦτος
585 673 841 743 πόλεμος,
879 674 1040 744 μόνον
1068 673 1142 744 μὴ
1202 675 1531 745 ύιπενδώσῃς.
1588 676 1619 747 ἢ
1665 695 1793 746 χαυ-

217 762 414 831 νωθῇς.
513 762 849 828 Ἐξελθόντος
935 764 991 816 δὲ
1073 765 1258 828 αὑτοῦ,
1348 766 1586 828 ἀναστὰς
1697 767 1790 819 καὶ

221 851 718 920 ἀνατυπωσάμενος
788 852 878 905 τὸν
919 854 1084 906 αὑτοῦ
1132 855 1384 922 πολέμον,
1437 856 1645 927 ἐπάρας
1695 857 1790 919 τάς

218 941 406 1007 χεῖρας
431 940 568 1007 μετὰ
599 941 848 1011 δακρύων
882 944 1016 1012 πρὸς
1051 942 1141 996 τὸν
1206 943 1416 1021 Θεονιέν
1471 949 1790 1016 στεναγμοῖς

223 1028 362 1097 ὑπὲρ
393 1030 485 1082 τοῦ
516 1029 746 1099 ἀδελφοῦ
799 1033 1019 1103 δεήθητι
1051 1035 1226 1102 λέγων
1258 1052 1270 1066 ·
1319 1036 1492 1104 Κύριε
1516 1038 1543 1088 6
1580 1036 1731 1099 Θεὸς.
1763 1039 1790 1090 6

226 1119 322 1195 μ·ἳί¹
356 1119 526 1176 Θέλων
553 1124 642 1175 τὸν
677 1123 906 1177 θάνατον
955 1125 1048 1178 τοῦ
1117 1127 1466 1198 ἀμαρτωλοῦ,
1508 1128 1582 1189 ὠς
1621 1124 1788 1190 οἶδας,

223 1211 318 1265 καὶ
351 1214 622 1284 συμφέρει
653 1215 730 1285 τῷ
751 1216 963 1286 ἀδελφῷ
996 1218 1190 1289 τούτῳ,
1220 1219 1594 1288 οἰκονόμησον.
1627 1220 1736 1272 Καὶ
1762 1219 1792 1270 6

222 1299 428 1363 Θεὸς,ό
458 1302 740 1368 γινώσκων
766 1304 931 1358 αὑτοῦ
994 1308 1090 1378 τὴν
1129 1308 1265 1379 πρὸς
1320 1309 1378 1361 σὲ
1439 1309 1640 1371 πίστιν,
1696 1309 1793 1379 τὴν

221 1391 281 1443 δὲ
315 1392 493 1462 σὴνὲξ
516 1393 734 1462 ἀγάπης
766 1397 1108 1466 συμπάθειαν
1166 1400 1257 1451 καὶ
1329 1400 1595 1469 εἰλικρινῆ
1656 1401 1792 1470 ὑπὲρ

224 1479 396 1532 αὑτοῦ
414 1481 598 1549 εὐχὴν,
632 1484 880 1552 κουφίζει
913 1485 1000 1537 τδν
1029 1485 1216 1538 τούτου
1255 1487 1508 1556 πόλεμον.

291 1569 420 1638 ρνβ’.
466 1569 648 1622 Ταῦτα
681 1569 736 1621 δὲ
785 1569 961 1621 πάντα
1006 1571 1287 1638 ἐπιτήδειά
1349 1575 1505 1632 εἰσιν,
1563 1570 1776 1639 ἀδελφέ,

215 1662 354 1730 πρὸς
383 1657 693 1722 κατάνυξιν,
731 1662 822 1712 καὶ
843 1660 922 1712 δεῖ
958 1661 1093 1729 μετά
1136 1662 1600 1730 συντετριμμένης
1649 1678 1780 1730 καρο

215 1753 356 1811 δίας,
394 1748 670 1818 ὑπομονῆς
702 1766 759 1802 τε
815 1748 908 1800 καὶ
967 1750 1313 1819 εὐχαριστίας
1363 1750 1645 1812 ἐπιτελεῖν,
1686 1751 1775 1803 δα-

1487 375 1752 436 CAPITA
1809 378 2169 442 MORAIJA.

415 490 568 543 εἰπέ·
623 491 938 556 Πίστευσον,
969 493 1182 562 ἀδελφὲ,
1227 495 1426 558 ἐλπίζω
1459 502 1536 558 εἰς
1569 506 1665 566 τὴν
1705 516 1777 566 φι-

1873 505 1960 558 dic
1999 522 2012 558 :
2045 525 2063 556 ι
2094 505 2374 561 Fiduciam
2409 507 2565 573 habe,
2601 508 2802 573 frater,
2836 524 2996 578 spero
3054 507 3426 563 misericordia

3321 387 3427 448 6.76

1877 597 1965 652 Dei
1993 598 2104 654 fore
2125 611 2181 653 ut
2206 600 2375 670 fugiat
2394 615 2422 654 a
2443 609 2494 654 te
2518 601 2824 655 istiusmodi
2845 600 3234 661 bellum,modo
3254 614 3360 652 non
3378 605 3430 651 te

1872 693 2137 755 remittas,
2183 709 2282 747 nec
2307 693 2550 748 deficias.
2590 713 2608 744 ι
2645 695 2841 758 Atque,
2885 693 2976 747 illo
3005 706 3246 762 egresso,
3279 698 3430 743 stans

1869 796 1934 835 ac
1964 781 2064 835 tibi
2131 793 2530 852 repraesentans
2564 785 2682 852 ejus
2714 799 2942 853 pugnam
2976 823 2990 844 ,
3031 794 3334 849 wanusquc
3365 778 3428 830 ad

1874 873 2040 930 Deum
2092 876 2395 932 extendens
2437 892 2559 932 cum
2605 876 2864 946 lacrymis
2903 883 2954 929 et
2988 873 3296 942 gemitibus,
3329 883 3430 939 pro

1872 965 2039 1020 fratre
2092 966 2426 1036 deprecare,
2476 968 2713 1022 dicens:
2759 984 2776 1017 ι
2841 965 3066 1019 Domine
3119 962 3279 1021 Deus,
3335 960 3426 1028 qni

1872 1072 1976 1110 non
2015 1057 2096 1112 vis
2139 1068 2370 1112 mortem
2409 1059 2736 1126 peccatoris,
2767 1065 2928 1126 prout
2975 1054 3085 1110 scis
3113 1053 3242 1107 huic
3274 1051 3425 1104 fratri

1874 1150 2156 1218 prodesse,
2201 1150 2456 1222 dispono.
2504 1169 2522 1202 ι
2583 1151 2649 1204 Et
2699 1150 2862 1208 Deus.
2891 1147 3072 1210 sciens
3113 1146 3260 1199 illius
3290 1143 3340 1195 in
3380 1151 3428 1194 te

1873 1243 2152 1306 fiduciam,
2185 1252 2447 1314 tuamque
2483 1243 2712 1296 amicam
2746 1239 3180 1316 cornpassionem
3218 1244 3271 1289 et
3312 1233 3428 1287 sin-

1872 1347 2027 1387 ceras
2053 1349 2155 1402 pro
2196 1335 2289 1388 illo
2342 1350 2555 1404 preces,
2602 1332 2859 1387 allevabit
2899 1330 3016 1395 eius
3072 1327 3424 1381 tentationcs.

1948 1564 2069 1618 152.
2100 1563 2224 1618 llaec
2248 1565 2430 1618 omnia
2465 1565 2618 1619 utilia
2649 1573 2797 1627 sunt,
2829 1562 3018 1622 frater,
3071 1559 3134 1614 ad
3165 1573 3432 1625 compun-

1871 1657 2135 1721 etionem,
2169 1665 2237 1710 .et
2266 1664 2482 1726 oportet
2525 1671 2647 1710 cum
2682 1656 2919 1710 contrito
2947 1650 3132 1714 conlo,
3169 1658 3432 1702 conslan~

1873 1745 1943 1798 tia
1971 1754 2018 1799 et
2056 1746 2358 1815 gratiarum
2394 1745 2612 1799 actione
2640 1745 2730 1799 illa
2774 1743 3041 1812 implere:
3077 1741 3276 1809 quippe
3308 1753 3428 1806 qua:

219 1841 405 1910 κρύων
434 1839 564 1890 ὄντα
597 1840 741 1891 αἴτια
789 1839 882 1893 καὶ
916 1839 1272 1908 καθαιρετικὰ
1305 1841 1514 1904 παθῶν,
1555 1842 1648 1894 καὶ
1680 1842 1777 1910 τῆς

1871 1837 2138 1906 lacrymas
2163 1836 2414 1899 eliciunt,
2446 1842 2680 1905 purgant
2709 1849 2735 1886 a
2763 1831 3176 1902 cupiditatibus,
3217 1837 3269 1883 ct
3299 1843 3427 1895 ape-

219 1929 586 1998 τῶνοὺρανῶν
629 1931 860 1998 πρόξενα
894 1929 1184 1998 βασιλείας.
1220 1932 1462 1986 Βιαστῶν
1497 1932 1602 2002 γάρ
1634 1935 1778 1984 ἐστιν

209 2031 244 2097 ἡ
288 2025 536 2096 βασιλεία
591 2024 697 2076 τῶν
757 2024 1139 2090 οὐρακῶν,καὶ
1197 2023 1408 2090 βιασταὶ
1453 2019 1787 2086 ἁρπάζουσιν

211 2119 409 2184 αὑτήν.
440 2117 544 2167 Καὶ
577 2115 684 2183 γὰρ
717 2115 764 2165 εἰ
789 2114 959 2166 ταῦτα
991 2112 1377 2183 κατορθώσεις,
1405 2108 1512 2161 τῶν
1542 2105 1786 2160 παλαιῶν

208 2206 352 2274 τιθῶν
403 2203 621 2265 τελείως
671 2205 946 2274 ἐκστήσῃ·
1008 2204 1133 2264 ἴσως
1176 2203 1269 2253 καὶ
1326 2201 1501 2252 αὐτῶν
1557 2202 1664 2250 τῶν
1694 2195 1785 2249 τοῦ

201 2294 466 2364 λογισμοῦ
521 2293 874 2363 προσδολῶν·
933 2293 1142 2359 πέφυκε
1200 2292 1309 2360 γάρ
1356 2292 1660 2359 ὑποχωρεῖν
1707 2288 1783 2358 τῷ

202 2388 345 2454 φωτὶ
376 2388 434 2438 τὸ
469 2387 679 2448 σκότος,
717 2386 808 2437 καὶ
839 2386 916 2454 τῷ
967 2385 1102 2455 ἡλίῳ
1137 2386 1168 2453 ἡ
1208 2385 1353 2436 σκιά.
1406 2385 1514 2436 Καὶ
1575 2383 1681 2452 γὰρ
1736 2383 1782 2433 εἰ

201 2475 411 2529 τούτων
439 2475 702 2544 ἀμελήσει
729 2489 811 2535 τις
854 2475 974 2526 κατ’
1003 2474 1195 2542 ἀρχάς,
1254 2469 1467 2540 χαυνῶν
1518 2470 1607 2522 τὸν
1639 2470 1783 2534 λογι-

204 2567 347 2634 σμίιν
380 2566 672 2636 περίεργος
703 2565 1016 2634 γενόμενος,
1052 2565 1155 2632 τῆς
1207 2563 1430 2631 χάριτος
1487 2561 1778 2628 στερεῖται,

204 2657 303 2708 καὶ
339 2657 458 2708 τότε
492 2659 569 2716 εἰς
627 2655 770 2723 πάθη
805 2656 992 2708 κακῶν
1047 2651 1323 2722 ἐμπεσὼν,
1383 2649 1636 2717 γινώσκει
1687 2648 1782 2717 τὴν

209 2747 346 2800 ἰδίαν
373 2746 675 2810 ἀσθένειαν,
704 2746 904 2805 δειλίας
933 2744 1329 2814 πληρούμενος,
1361 2743 1436 2795 Οὑ
1462 2741 1540 2795 δεῖ
1588 2740 1644 2794 δὲ
1689 2740 1783 2792 και

201 2835 296 2888 τὸν
325 2835 716 2904 κατορθοῦντα,
752 2835 810 2899 ἐξ
844 2836 974 2887 ἰδίου
1024 2836 1191 2888 κόπου
1245 2837 1401 2890 τοῦτο
1451 2830 1778 2901 λογίζεσθαι,

197 2925 322 2978 ἀλλ’
343 2927 405 2978 ὲκ
435 2929 533 2996 τῆς
587 2926 679 2978 τοῦ
707 2925 839 2978 Θεοῦ
896 2928 1113 2995 χάριτος
1147 2945 1158 2958 ·
1192 2925 1578 2998 προκαθαίρειν
1615 2921 1671 2974 δὲ
1700 2919 1781 2972 δεῖ

205 3015 399 3068 ἑαυτὸν
429 3016 566 3068 κατά
584 3015 672 3068 τὸν
703 3017 922 3069 εἰπόντα
949 3036 962 3049 ·
983 3018 1299 3086 Καθαρτέον
1331 3018 1564 3087 πρῶτον,
1593 3013 1779 3068 ἔπειτα

205 3105 288 3175 τῷ
319 3106 544 3176 καθαρῷ
573 3107 1022 3176 προσομιλητὲον.
1053 3108 1147 3159 Ἐκ
1180 3110 1286 3178 γὰρ
1308 3108 1515 3162 πολλῶν
1531 3103 1779 3175 δακρύων

1874 1927 2018 1979 riunt
2049 1942 2278 1995 regnum
2338 1927 2624 1981 caelorum.
2669 1927 2804 1978 Nam
2838 1944 2854 1975 ι
2896 1939 3119 1993 regnum
3163 1920 3424 1973 malorum

1873 2019 1978 2068 vim
2018 2018 2242 2086 patitur,
2277 2029 2329 2071 et
2373 2017 2592 2071 violenti
2632 2016 2849 2084 rapiunt
2885 2014 3014 2067 illud
3038 2015 3108 2077 ⁸¹,
3152 2030 3169 2062 ι
3224 2009 3281 2064 Si
3331 2008 3422 2060 illa

1873 2107 2236 2176 exsequaris,
2298 2115 2538 2162 veterem
2614 2106 2888 2168 hominem
2935 2103 3177 2172 perfecte
3235 2113 3425 2161 cxucs,

1871 2199 2018 2267 ipsas
2065 2199 2228 2252 etiam
2280 2197 2635 2267 cogitationis
2689 2195 2930 2249 offensas
2972 2210 2985 2246 :
3045 2191 3221 2246 solent
3280 2189 3423 2243 enirn

1867 2289 2062 2344 celere
2089 2289 2196 2342 luci
2227 2289 2484 2348 tenebras.
2522 2295 2576 2341 et
2608 2289 2796 2339 umbra
2835 2285 2957 2338 soli.
3000 2283 3054 2338 Si
3089 2281 3213 2350 quis
3243 2287 3421 2332 autem

1867 2379 1980 2432 haec
2014 2379 2081 2431 ab
2117 2379 2274 2431 initio
2325 2378 2590 2448 negligat,
2645 2378 2874 2430 remissa
2940 2382 3122 2428 mente
3171 2371 3420 2425 curiosus

1868 2473 2067 2534 factus,
2100 2469 2277 2538 gratia
2310 2470 2580 2539 privatur,
2611 2477 2664 2522 et
2715 2476 2844 2521 tunc
2879 2467 2932 2520 in
2974 2476 3168 2535 pravas
3210 2461 3424 2530 cupidi-

1864 2570 2005 2635 tates
2064 2559 2338 2624 incidens,
2380 2560 2656 2632 propriam
2713 2557 2964 2626 agnoscit
3022 2554 3420 2614 infirmitatem,

1867 2652 2062 2705 timore
2095 2649 2358 2718 repie'tu's.
2391 2647 2506 2703 Non
2548 2656 2763 2716 Oportet
2810 2661 2936 2701 vero
2969 2661 3092 2701 eunt
3128 2646 3221 2713 qui
3254 2660 3315 2699 ea
3344 2641 3422 2695 fe~

1865 2743 2040 2798 liciter
2064 2741 2402 2810 exsequitur,
2433 2739 2485 2794 id
2523 2755 2622 2794 suo
2649 2740 2886 2794 tribuere
2929 2737 3124 2800 labori,
3161 2737 3256 2791 sed
3299 2745 3421 2790 tan-

1865 2840 1976 2886 tum
2005 2832 2197 2900 gratiae
2246 2831 2444 2885 divinae
2475 2847 2488 2896 ;
2526 2841 2687 2898 atque
2733 2830 2970 2896 seipsum
3010 2827 3294 2897 purificare
3328 2828 3422 2880 de-

1862 2924 1972 2988 bet,
2027 2924 2183 2992 juxta
2233 2923 2385 2976 illum
2430 2922 2520 2990 qui
2575 2923 2711 2974 dixit
2781 2939 2795 2974 :
2854 2921 3078 2988 Oportet
3141 2918 3416 2988 purificari

1863 3015 2014 3083 prius
2071 3028 2233 3081 quam
2293 3027 2416 3066 cum
2483 3027 2620 3081 puro
2681 3010 3013 3066 conversari.
3052 3011 3234 3065 Multis
3271 3010 3415 3063 enim

1862 3105 2116 3174 lacrymis
2165 3119 2317 3158 mens
2373 3112 2600 3172 purgata
2666 3113 2720 3182 et
2775 3103 3046 3158 illustrata
3083 3103 3268 3155 divino
3323 3101 3414 3154 illo

214 3192 310 3244 τοῦ
346 3193 437 3245 νοῦ
481 3193 864 3263 καθαρθέντος,
907 3194 1279 3263 καὶὲλλαμῷιν
1307 3194 1396 3246 τοῦ
1430 3192 1572 3245 θείου
1605 3189 1777 3260 φωτὸς

1860 3196 2063 3247 lumine
2088 3195 2256 3261 quod,
2295 3196 2341 3248 si
2400 3201 2549 3247 totus
2581 3192 2731 3246 orbis
2757 3192 2822 3244 de
2873 3207 2937 3246 eo
2977 3194 3266 3261 acceperit,
3301 3206 3408 3244 non

214 3279 636 3350 ὑποδεχομένου,
675 3281 809 3349 ὅπερ
839 3280 957 3342 ὅλος
1015 3281 1042 3332 6
1093 3282 1316 3350 κόσμος,
1371 3283 1418 3332 εἰ
1466 3278 1626 3350 λάϐῃ,
1679 3279 1778 3332 οὐκ

210 3370 444 3430 ἐλαττοῖ,
485 3371 684 3441 νοερῶς
709 3374 817 3433 τοῖς
853 3365 1134 3440 μέλλουσιν
1165 3372 1544 3441 ἐμφιλοχωρεῖ.

294 3462 575 3532 Ἦρωτήοη
613 3463 792 3514 ποτὲὸ
822 3464 974 3529 ἆγιος
1023 3463 1114 3516 καὶ
1163 3463 1427 3534 μακάριος
1479 3454 1632 3525 οὗτος
1677 3463 1777 3514 Συ-

211 3552 385 3621 μεὼν,
406 3556 586 3615 ὁποῖος
617 3548 754 3604 εἶναι
780 3552 982 3620 ὀφείλει
1048 3556 1074 3605 6
1130 3554 1326 3622 ἱερεὺς,
1368 3553 1461 3606 καὶ
1510 3553 1775 3622 ἀπεκρῖοη

207 3643 411 3710 λέγων·
458 3643 598 3708 Ἐγὼ
626 3644 721 3711 μὲν
753 3644 850 3696 οὑκ
886 3645 1002 3712 εἰμί
1031 3644 1176 3709 ἄξιος
1199 3639 1333 3696 εἶναι
1364 3643 1543 3712 ἱερεύς
1579 3659 1590 3671 ·
1639 3642 1775 3711 πλὴν

209 3732 462 3804 ποταπὸς,
487 3730 626 3785 εἰναι
659 3733 862 3800 ὀφείλει
890 3734 915 3784 6
951 3733 1158 3802 μέλλων
1192 3733 1495 3802 ἱερουργεῖν
1525 3732 1601 3800 τῷ
1635 3733 1773 3802 Θεῷ,

205 3824 465 3891 ἀσφαλῶς
499 3824 731 3891 ἔγνωκα.
771 3825 857 3876 Ἐν
909 3823 1144 3893 πρώτοις
1197 3825 1315 3894 μὲν,
1372 3825 1532 3891 ἁγνὸς
1599 3825 1658 3876 οὑ
1699 3825 1775 3894 τῷ

209 3913 425 3980 σώματι
455 3913 636 3982 μόνον,
657 3913 792 3966 ἀλλά
820 3916 911 3966 καὶ
941 3918 1006 3984 τῇ
1039 3917 1183 3984 ψυχῇ
1209 3931 1221 3943 ·
1268 3915 1358 3967 καὶ
1394 3915 1526 3984 πρὸς
1568 3914 1776 3978 τούτοις

204 4005 470 4073 ἀμέτοχος
500 3998 637 4056 εἶναι
671 4005 848 4075 πάσης
893 4005 1184 4075 ἁμαρτίας.
1215 4006 1473 4077 Δεύτερον
1497 4007 1552 4058 δὲ
1582 4024 1773 4060 ταπει-

201 4093 292 4156 νὸς
322 4098 415 4147 καὶ
444 4095 640 4163 τῷἕξω
664 4095 802 4166 ἤθει,
836 4097 927 4148 καὶ
954 4097 1029 4165 τῷ
1060 4097 1266 4151 ἔνδοθεν
1305 4099 1403 4166 τῆς
1465 4099 1642 4168 ψυχῆς
1674 4117 1769 4151 κα-

199 4188 535 4255 ταστήματι.
564 4184 691 4239 Εἶτα
716 4189 799 4241 ὅτε
827 4189 1156 4257 παρίσταται
1187 4193 1250 4259 τῇ
1309 4191 1429 4259 ἱερᾷ
1477 4192 1570 4243 καὶ
1631 4191 1757 4256 ἁγία

199 4275 470 4345 τραπέζῃ,
507 4275 706 4344 νοερῶς
752 4276 850 4344 μὲν
881 4277 977 4346 τὴν
1012 4277 1270 4346 Θεότητα,
1332 4277 1602 4347 αἰσθητῶς
1628 4279 1682 4330 δὲ
1706 4279 1772 4330 τά

200 4368 544 4438 προκείμενα
583 4367 712 4434 am
745 4370 875 4437 ὀρᾷν
905 4368 1106 4436 ὀφείλει
1144 4369 1526 4438 ἀναμφιϐόλως
1552 4385 1564 4398 ·
1586 4370 1642 4421 οὑ
1666 4369 1769 4440 μὴν

198 4456 278 4520 δὲ,
309 4457 442 4509 ἀλλά
475 4459 567 4510 καὶ
596 4459 758 4511 αὑτὸν
790 4460 880 4512 τὸν
915 4460 970 4510 ὲν
999 4459 1190 4528 δώροις
1231 4460 1474 4528 ἀοράτως
1504 4459 1765 4530 παρόντα,

197 4548 518 4600 ἐνοικοῦντα
551 4549 848 4618 κεκτῆσθαι
888 4553 1174 4620 χρεωστεί,
1207 4552 1263 4602 ὲν
1291 4553 1356 4619 τῇ
1408 4550 1599 4603 ἑαυτοῦ
1633 4567 1760 4619 καρ.

193 4637 286 4708 δίᾳ
309 4639 563 4704 γνωστῶς
595 4655 607 4669 ο
638 4639 725 4692 ἵνα
759 4639 980 4710 δύνηται
1009 4639 1149 4700 οὕτω
1180 4643 1314 4710 μετά
1332 4641 1636 4711 παρρησίας
1671 4643 1768 4706 τὰς

196 4729 484 4797 ἱκετηρίας
499 4731 827 4800 προσφέρειν
859 4748 871 4761 ·
903 4734 994 4784 καὶ
1030 4733 1102 4793 ὡς
1133 4733 1283 4801 φίλος
1309 4735 1442 4802 πρὸς
1473 4734 1623 4802 φίλον
1648 4736 1762 4786 δια-

188 4821 509 4888 λεγόμενος,
538 4821 679 4873 οὕτω
713 4821 892 4889 λέγειν
929 4841 940 4853 ·
985 4843 1002 4875 ι
1044 4825 1224 4893 Πάτερ
1249 4825 1427 4894 ἡμῶν,
1461 4827 1487 4877 6
1539 4827 1594 4878 ὲν
1653 4827 1764 4887 τοῖς

186 4912 464 4981 οὐρανοῖς,
491 4913 802 4983 ἁγιασθήτω
833 4914 895 4967 τὸ
921 4915 1088 4983 ὄνομά
1152 4933 1263 4979 σου,
1302 4935 1319 4966 ›
1356 4916 1617 4985 δηλούσης
1668 4918 1765 4986 τῆς

187 4995 381 5072 εὐχῆς,
412 5003 485 5065 ὡς
503 5004 593 5055 τὸν
629 5004 787 5072 φύσει
821 5005 947 5060 ὂντα
975 5007 1109 5060 Υίὸν
1172 5007 1264 5060 τοῦ
1304 5007 1458 5070 Θεοῦ,
1505 5007 1640 5075 ἔχων
1686 5009 1764 5058 οἰ-

189 5095 396 5149 κοῦντα
417 5097 473 5148 ὲν
501 5096 697 5166 ἑαυτῷ,
730 5098 866 5166 μετὰ
899 5098 994 5151 τοῦ
1033 5101 1261 5170 Πατρὸς,
1324 5102 1418 5154 καλ⁵
1461 5099 1555 5154 τοῦ
1606 5100 1762 5166 ἀγίου

193 5185 532 5252 Πνεύματος.
566 5186 851 5248 Τοιούτους
878 5187 1018 5242 εἶδον
1079 5190 1504 5260 πρεσϐυτέρους,
1549 5207 1755 5262 συγχω-

191 5272 402 5343 ρήσατέ
422 5289 536 5342 μοι,
566 5272 804 5344 πατέρες
829 5276 921 5326 καὶ
951 5276 1186 5344 ἀδελφοί.

271 5361 461 5428 Ἔλεγε
491 5361 545 5414 δὲ
569 5363 662 5414 καὶ
691 5364 868 5426 τοῦτο,
901 5365 974 5426 ὡς
1007 5368 1134 5436 περί
1162 5385 1304 5432 τινος
1351 5368 1530 5431 ἄλλου,
1570 5369 1759 5420 ἑαυτὸν

1802 4243 1806 4246 .
1849 4193 2228 4261 dispositione.

1859 3283 2157 3347 minuitur,
2211 3283 2568 3354 spiritualiter
2617 3289 2670 3335 et
2708 3280 2897 3334 aﬂ'cctu
2955 3282 3006 3333 in
3066 3281 3174 3334 vita
3231 3279 3411 3334 futura

1856 3377 2002 3428 \‘iv'tt.

1923 3466 2300 3531 Interrogatus
2333 3463 2564 3532 quadam
2602 3464 2690 3517 die
2724 3471 2948 3518 sanctus
3005 3472 3057 3515 et
3101 3461 3288 3513 beatus
3323 3459 3412 3513 ille

1855 3553 2075 3607 Sirnoon
2103 3553 2280 3623 qualis
2315 3567 2439 3606 esse
2468 3552 2660 3606 debeat
2698 3551 2978 3613 sacerdos,
3019 3549 3296 3616 respondit
3326 3549 3411 3602 his

1857 3643 2031 3698 verbis
2069 3661 2082 3698 :
2124 3661 2143 3696 ι
2185 3643 2444 3713 Equidem
2503 3658 2610 3696 non
2645 3657 2763 3696 sum
2813 3643 3010 3710 dignus
3059 3640 3148 3701 qui
3179 3640 3281 3691 siut
3319 3653 3409 3691 sa-

1851 3737 2079 3801 cerdos;
2108 3742 2348 3789 attamen
2391 3735 2568 3804 qualis
2599 3750 2723 3789 esse
2745 3735 2937 3788 debeat
2967 3735 3058 3803 qui
3084 3733 3408 3788 sacriﬁcium

1853 3829 1961 3882 Deo
1995 3837 2078 3882 est
2105 3828 2415 3890 oblaturus,
2459 3835 2608 3881 certo
2653 3826 2799 3880 n'ovi.
2849 3824 2914 3877 Et
2962 3824 3136 3892 primo
3187 3824 3406 3892 quidem

1851 3927 2100 3980 sanctus,
2132 3934 2240 3971 non
2294 3932 2524 3988 corpore
2571 3925 2783 3970 tantum
2816 3956 2830 3978 ,
2887 3913 2980 3968 sed
3011 3923 3064 3967 ot
3117 3914 3320 3976 anima,
3352 3921 3406 3966 et

1851 4011 2071 4076 insuper
2116 4009 2375 4062 immunis
2430 4008 2504 4061 sit
2533 4007 2599 4060 ab
2657 4005 2803 4059 omni
2853 4015 3093 4074 peccato.
3133 4004 3406 4064 Secundo.

1851 4101 2091 4163 humilis,
2127 4107 2241 4152 tum
2274 4099 2538 4153 exteriori
2571 4098 2784 4161 habitu,
2810 4107 2922 4156 tum
2949 4096 3196 4150 interiori
3216 4097 3408 4149 animae

2311 4192 2561 4254 Deinde,
2612 4207 2732 4243 cum
2825 4197 2966 4242 astat
3043 4201 3406 4243 saerosauctm

1850 4299 2069 4346 mensae,
2106 4284 2298 4349 spiritu
2352 4283 2728 4348 Divinitatem,
2783 4282 3036 4335 sensibus
3081 4289 3260 4334 autem
3316 4297 3403 4333 res

1847 4390 2032 4430 sacras
2082 4355 2261 4429 oculis
2312 4375 2623 4444 propositas
2654 4374 3012 4444 contelnplari
3077 4358 3400 4426 debetcum

1849 4468 2079 4523 fidenou
2132 4468 2436 4521 luesitante.
2471 4469 2535 4519 At
2587 4468 2888 4534 prmsertim
2923 4481 3047 4520 eum
3103 4465 3278 4534 ipsum
3313 4471 3403 4531 qui

1847 4567 1931 4612 est
1964 4559 2017 4610 in
2069 4556 2234 4610 donis
2298 4557 2643 4610 invisibiliter
2681 4569 2948 4623 prazsens,
2987 4557 3038 4608 in
3073 4557 3237 4610 corde
3305 4573 3404 4609 suo

1849 4648 2243 4701 inhabitantem
2298 4647 2642 4700 familiariter
2677 4647 2876 4701 habere
2920 4647 3114 4710 debet,
3147 4657 3205 4698 ut
3233 4651 3404 4714 possit

1856 4740 2189 4794 confidenter
2218 4753 2337 4792 eum
2381 4740 2615 4807 precari,
2646 4747 2718 4802 et,
2751 4738 2908 4807 quasi
2936 4739 3143 4790 amicus
3170 4738 3400 4789 anticum

1845 4829 2150 4896 alloquens,
2183 4827 2230 4880 ei
2285 4824 2466 4879 dicere
2528 4842 2544 4881 :
2585 4844 2601 4875 ι
2671 4826 2830 4879 Pater
2862 4833 3073 4888 noster,
3119 4825 3210 4892 qui
3265 4840 3321 4878 es
3350 4828 3399 4877 in

1843 4921 2016 4980 cnelis,
2043 4917 2424 4973 sanctificetur
2459 4931 2656 4970 nomen
2705 4926 2893 4981 tuum;
2934 4935 2952 4968 ι
2983 4928 3145 4984 atque
3193 4916 3400 4968 oratio-

1846 5013 1930 5065 nis
1950 5011 2160 5064 fervore
2187 5007 2444 5063 ostendat
2480 5024 2538 5062 se
2578 5008 2632 5060 in
2661 5007 2952 5076 semetipso
3001 5007 3396 5060 inhabitantent

1844 5104 2043 5156 habere
2074 5102 2250 5166 illum,
2279 5100 2370 5167 qui
2409 5109 2492 5154 est
2538 5108 2729 5151 natura
2766 5097 2937 5170 Filius
2966 5097 3079 5161 Dei,
3124 5113 3186 5152 ac
3236 5097 3396 5150 simul

1837 5191 2051 5245 Patrem
2081 5198 2134 5243 et
2174 5188 2438 5256 Spiritum
2485 5195 2756 5243 sanctum.
2791 5186 2946 5240 Tales
2973 5187 3078 5239 vidi
3110 5189 3394 5256 presbyte-

1836 5296 1951 5343 ros,
1977 5282 2191 5333 veniam
2226 5279 2355 5332 inihi
2405 5277 2705 5342 concedite,
2744 5275 2932 5331 Patres
2983 5286 3036 5330 et
3087 5278 3325 5332 Fratres.
3369 5296 3387 5330 ι

1906 5373 2130 5426 Dicebat
2171 5371 2370 5434 adhuc,
2410 5379 2669 5438 tanquam
2718 5367 2783 5422 de
2817 5367 3052 5436 quodam
3098 5370 3204 5422 alio
3236 5369 3384 5434 (nam

189 5451 544 5520 ὑποχρύσων,
574 5453 668 5506 καὶ
685 5455 783 5523 τὴν
810 5456 917 5510 τῶν
935 5455 1235 5527 ἀνθρώπων
1265 5460 1421 5527 δόξαν
1453 5460 1756 5528 ἐκφεύγων,

1863 5481 1952 5521 ese
2001 5463 2314 5519 occultabat
2374 5462 2780 5530 humanamque
2834 5460 3072 5530 fugiebat
3111 5461 3384 5532 gloriam,

189 5544 301 5598 ὑπὸ
322 5545 378 5596 δὲ
402 5545 811 5615 φιλανθρωπίας
842 5550 1006 5603 αὑτοῦ
1080 5551 1271 5604 ἑαυτὸν
1323 5552 1760 5621 ἀναγκαζόμενος

1863 5560 1928 5614 ed
1961 5573 2056 5611 sua
2091 5572 2212 5610 eum
2247 5555 2562 5609 humanitas
2597 5554 2826 5608 invitum
2858 5554 3059 5624 prodit)
3090 5573 3101 5608 :
3141 5571 3159 5605 ι
3189 5552 3406 5625 Αυιιὶιί

189 5640 437 5707 φανεροῖ.
458 5638 722 5705 Ἤκουσα,
755 5641 1074 5712 φησὶ,παρά
1101 5659 1242 5706 τινος
1276 5644 1508 5714 μονοιχοῦ
1540 5643 1752 5713 ἱερέως,

1860 5647 2124 5720 ιιιριιιᾱαιιι
2160 5645 2484 5702 monachum
2528 5643 2865 5700 sacerdotem
2895 5644 2998 5700 hoc
3035 5643 3167 5700 mihi
3204 5651 3389 5713 utpote

247 5807 290 5836 ⁸¹
327 5805 516 5862 Matth.
558 5827 629 5874 xi,
657 5813 738 5867 1‘2.
