4136 6338
773 360 870 424 557

1995 377 2364 439 SYMEONlS
2401 384 2538 443 ,Ιυᾶ
2555 385 2756 444 ΙΟΒΙΞ

3893 404 3990 464 683

770 474 965 527 intimo
1005 479 1500 534 communicantem
1537 502 1548 536 :
1595 500 1612 533 ι
1664 482 1778 537 Nun
1805 501 1946 552 gnam
1983 491 2316 544 sacriﬁcium

2389 544 2393 552 ,
2421 501 2789 574 Θαρῤήσαντός
2822 522 2910 575 μοι
2945 505 3018 570 ὡς
3049 509 3335 577 προσεξιὶεῖ
3365 511 3547 573 αὐτοῦ,
3593 512 3985 566 ὄτι-Οὐδέποτε

764 564 958 629 obtuli,
1014 569 1145 637 quin
1212 571 1437 626 viderim
1513 574 1777 642 Spirltmn
1848 590 2126 646 sanctum,
2179 583 2321 637 sicut

765 659 942 727 Ipsum
971 663 1081 716 vidi
1111 666 1164 719 in
1197 681 1280 719 me
1321 667 1762 735 descendentem,
1797 676 2018 742 quando
2036 690 2197 744 super
2236 693 2321 732 me

763 751 1206 810 extendebantur
1261 774 1479 823 manus,
1509 763 1980 833 sacerdotalisque
2032 783 2320 823 consecra-

761 842 932 896 tionis
962 845 1266 900 orationem
1308 852 1658 919 metropolita
1696 855 1987 919 recitabat,
2023 866 2075 911 et
2119 860 2321 912 eucho-

757 933 964 1002 logium
1003 935 1205 992 misero
1235 941 1402 1006 capiti
1439 957 1561 995 meo
1593 943 1993 1011 imponebatur.
2035 966 2054 998 ι
2090 950 2321 1004 interro-

757 1032 916 1090 gatus
950 1025 1116 1095 igitur
1144 1042 1172 1080 a
1215 1045 1300 1083 me
1338 1033 1617 1100 quomodo
1663 1036 1814 1089 illum
1844 1047 1974 1092 tunc
2010 1041 2235 1095 vidisset
2266 1051 2318 1096 et

756 1115 860 1169 sub
904 1131 1010 1186 qua
1073 1118 1274 1186 forma,
1315 1126 1641 1193 respondit:
1681 1145 1698 1177 ι
1759 1127 1996 1199 Simplex
2042 1141 2180 1196 erat,
2217 1150 2317 1188 nec

752 1206 918 1261 videri
949 1219 1181 1278 poterat,
1215 1215 1318 1267 nisi
1370 1225 1429 1267 ut
1468 1217 1593 1282 lux;
1629 1228 1681 1271 et
1726 1234 1847 1272 cum
1882 1219 2117 1287 primum
2152 1223 2316 1275 mira-

755 1312 864 1361 rer,
921 1301 1113 1356 videns
1167 1306 1310 1370 quod
1366 1322 1647 1374 nunquam
1691 1310 1955 1374 videram,
1989 1321 2040 1365 et
2100 1328 2312 1367 mecum

749 1390 1042 1458 cogitarem
1074 1395 1329 1462 quidnam
1375 1399 1475 1449 hoc
1508 1408 1673 1461 esset,
1709 1399 1843 1452 dixit
1902 1400 1993 1454 ille
2029 1402 2160 1455 mihi
2196 1418 2315 1472 my-

751 1483 916 1548 stice,
972 1487 1129 1552 quasi
1175 1488 1416 1556 linguam
1467 1491 1694 1544 sciens:
1745 1511 1762 1544 ι
1817 1491 1929 1562 Eg‘d
1972 1495 2052 1548 sic
2121 1512 2315 1553 omnes

746 1569 874 1621 olim
920 1573 1219 1640 prephetas
1275 1585 1325 1630 et
1363 1578 1663 1644 apostolos,
1708 1587 1760 1632 et
1812 1597 1956 1635 nunc
1986 1582 2080 1636 Dei
2111 1584 2314 1639 electos

751 1660 1072 1728 frequenter
1128 1667 1292 1721 visito
1354 1685 1367 1719 :
1432 1683 1552 1720 sum
1604 1670 1748 1722 enim
1797 1675 2313 1743 sanctus'Spiritus

757 1748 871 1805 Dei.
917 1771 934 1804 ι
973 1756 1068 1809 Cul
1107 1759 1282 1828 gloria
1319 1771 1370 1812 et
1405 1761 1579 1814 virtus
1613 1760 1663 1811 tn
1694 1766 1914 1818 sarcula.
1954 1766 2142 1819 Amen.

2418 595 2832 666 ἐλειτούργησα,
2871 599 2944 667 μὴ
2985 599 3104 652 ἰδὼν
3124 600 3184 652 τὸ
3236 601 3458 670 Πνεῦμα
3484 605 3542 656 τὺ
3572 605 3747 670 ἅγιον,
3811 604 3984 667 metu;

2419 685 2550 737 αὐτὸ
2573 680 2711 739 εἶδον
2740 687 2894 740 ἐλθὸν
2923 690 3009 741 ἐπ’
3037 690 3184 760 ἐμοὶ,
3217 692 3306 744 ὅτε
3337 709 3401 760 με
3436 695 3828 763 ἐχειροτόνουν,
3887 698 3980 748 καὶ

2419 781 2514 846 τὴν
2542 778 2705 848 εὐχὴν
2749 779 2841 832 τοῦ
2897 781 3086 851 ἱερέως
3120 785 3147 834 ὁ
3212 785 3607 856 μητροπολὶτης
3668 789 3842 856 ἔλεγε,
3892 789 3982 840 τοῦ

2415 869 2737 939 Εὑχο).ογίου
2767 873 3117 942 ἐπικειμένου
3153 879 3224 946 τῇ
3250 876 3407 947 seu;
3439 896 3541 948 μου
3561 881 3790 951 κεφαλῇ.
3821 881 3984 949 Ἐρωι

2409 962 2592 1030 mihi;
2627 959 2718 1016 οὗν
2749 967 2877 1034 παρ’
2913 966 3047 1036 ἐμοῦ
3085 968 3202 1030 πῶς
3235 969 3397 1022 τοῦτο
3428 967 3536 1023 εἶδε
3570 972 3715 1038 τότε,
3768 978 3860 1025 καὶ
3925 975 3981 1024 ἐν

2409 1053 2560 1104 ποίου
2586 1055 2758 1115 εἴδους
2778 1059 2979 1126 μορφῇ,
3007 1054 3182 1112 εἶπεν·
3219 1060 3448 1113 Ἀπλοῢν
3472 1063 3568 1131 μὲν
3599 1064 3693 1116 καὶ
3723 1063 3976 1120 ἀνείδεον.

2407 1144 2544 1213 πλὴν
2576 1145 2650 1208 ὠς
2667 1145 2779 1212 φῶς
2820 1163 2832 1174 ·
2876 1150 2967 1201 καὶ
2992 1149 3067 1210 ὡς
3094 1150 3403 1226 ἐθαύμαζον
3443 1155 3562 1206 κατ’
3593 1155 3762 1224 ἀρχὰς
3790 1156 3929 1218 ἰδὼν,
3953 1157 3978 1207 ὃ

2405 1230 2660 1284 οὐδέποτε
2695 1235 3008 1305 ἐθεασάμην
3031 1256 3042 1268 ·
3078 1240 3171 1291 καὶ
3200 1241 3253 1292 τί
3288 1238 3354 1294 ἂν
3396 1243 3480 1312 εἴη
3530 1243 3687 1296 τοῦτο
3743 1245 3976 1313 διαλογι-

2407 1318 2632 1388 ζομένου
2683 1341 2805 1391 μου,
2833 1324 2983 1392 ἔλεγὲ
3017 1346 3105 1395 μοι
3137 1331 3412 1399 μυστικῶς
3440 1335 3634 1398 ἐκεῖνο,
3691 1334 3878 1406 ὥσπερ
3919 1339 3975 1387 ἐν

2405 1410 2600 1477 γνώσει
2639 1417 2859 1483 φωνῆς’
2913 1419 3053 1486 Ἐγὼ
3095 1420 3236 1473 οὕτω
3289 1424 3452 1474 πᾶσιν
3498 1426 3824 1494 προφήταις,
3883 1435 3973 1479 καὶ

2402 1504 2738 1573 omnem“,
2755 1509 2972 1571 καὶτοῖς
2992 1511 3084 1562 νῦν
3104 1511 3379 1575 ἐκλεκτοῖς
3396 1515 3486 1568 τοῦ
3501 1515 3652 1574 Θεοῦ.
3677 1517 3768 1569 καὶ
3799 1519 3970 1586 ἁγίοις

2405 1596 2669 1662 ἐπιφοιτῶ
2698 1613 2710 1626 ⁸
2746 1598 2806 1650 τὸ
2857 1600 2965 1670 γὰρ
3005 1600 3159 1667 ἅγιον
3212 1604 3436 1673 Πνεῦμά
3480 1608 3593 1675 ειμι
3656 1608 3750 1660 τοῦ
3810 1609 3964 1662 Θεοῦ.

2401 1685 2612 1756 Αὐτῷἡ
2649 1687 2794 1754 δόξα,
2821 1691 2912 1742 καὶ
2944 1693 3001 1743 τὸ
3032 1692 3227 1761 κράτος
3250 1697 3327 1759 εἰς
3356 1697 3479 1759 τοὺς
3519 1698 3739 1762 αἰῶνας.
3786 1702 3964 1772 Αμήν.

1941 2153 2178 2208 5ᾹΜΣΤΞ
2242 2156 2486 2212 PATRIS
2535 2161 2782 2217 NUSTRI

832 2348 1805 2506 SYMEONIS
1903 2359 2774 2517 JUNIORIS
2866 2369 3844 2526 THEOLOGI

1483 2641 1735 2683 ABBATIS
1801 2644 2181 2688 MONASTEHII
2229 2648 2281 2688 S.
2342 2650 2662 2692 MAMANTIS
2711 2651 2771 2692 IS
2809 2651 3191 2697 .XEROCERCO

1053 2806 1194 2890 DE
1256 2807 2302 2899 ALTERATIONIBUS
2355 2816 2770 2902 ANIMZE
2838 2819 2982 2904 ET
3029 2820 3619 2910 CORPORIS

959 2997 1111 3068 Qua)
1167 3014 1239 3056 ex
1287 2997 1578 3057 varietate
1637 2997 1774 3057 creti
1809 3005 1909 3059 aut
1950 3002 2135 3071 aeris,
2193 3019 2461 3080 qumque
2494 3023 2570 3064 ex
2620 3006 2975 3076 elementis,
3031 3026 3102 3068 ex
3151 3009 3340 3083 cibis,
3390 3014 3700 3074 interdum

1391 3119 1570 3180 etiam
1656 3139 1729 3180 ex
1809 3122 2198 3182 dccmonibus
2288 3129 2587 3187 exsistere
2665 3129 2726 3186 in
2805 3132 2982 3190 nobis
3060 3131 3285 3205 solent,

2094 3299 2598 3358 DISSERTATIO-

1605 3456 1877 3516 Interprete
1904 3457 2047 3505 Petro
2071 3458 2290 3517 Possim,
2312 3456 2561 3506 societatis
2585 3459 2700 3506 Jesu
2728 3459 3032 3519 presbytero.

789 3775 1007 3832 Fratres
1042 3789 1092 3831 et
1127 3779 1329 3842 Patres,
1360 3779 1516 3833 debet
1545 3781 1839 3833 monachus
1872 3794 1989 3847 qua:
2019 3779 2268 3832 inanima
2310 3782 2350 3834 B
2385 3779 2581 3833 tionem
2617 3781 2847 3849 patiens,
2890 3789 2945 3833 ut
2978 3783 3135 3832 vitam
3179 3779 3338 3833 etiam
3375 3789 3609 3836 recuset.
3638 3781 3785 3834 Alias
3841 3797 3939 3832 an-

719 3871 1040 3938 contingunt
1071 3872 1414 3924 alterationcs
1444 3871 1876 3938 mutationesque
1898 3910 1911 3933 ,
1951 3887 2055 3922 non
2097 3871 2273 3925 solum

721 3976 881 4015 nosse
923 3970 975 4014 et
1020 3962 1354 4031 intelligere,
1407 3962 1496 4014 sed
1543 3963 1708 4014 etiam
1753 3976 1948 4015 causas
2003 3964 2274 4030 ipsarum,

717 4052 904 4114 quales
961 4052 1174 4105 tandem
1221 4053 1367 4116 sint,
1415 4051 1666 4116 undeque
1713 4051 1766 4104 in
1823 4051 1936 4118 ipso
1987 4051 2274 4105 exsistant.

717 4143 1021 4210 Aliquando
1050 4143 1194 4195 enim
1227 4143 1405 4196 subita
1438 4143 1679 4193 exoritur
1707 4141 1899 4193 anima:
1931 4141 2134 4203 lmtitia,
2171 4140 2274 4192 ali-

714 4233 931 4300 quando
963 4233 1126 4287 simili
1159 4231 1317 4285 modo
1350 4232 1607 4285 mmstitia‘
1633 4230 1802 4299 ipsam
1839 4231 2044 4284 invadit
2073 4238 2125 4284 et
2152 4245 2274 4297 gra-

715 4322 850 4374 vedo
877 4320 1191 4375 vehemens.
1227 4322 1399 4389 Atque
1445 4321 1716 4375 interdum
1753 4321 1968 4388 quidem
2014 4320 2080 4373 ad
2121 4335 2271 4373 com-

714 4411 1023 4478 punctionis
1056 4421 1357 4465 motum‘ac
1408 4426 1625 4466 sensum
1701 4410 1953 4463 facillima
2025 4420 2104 4464 est
2140 4428 2153 4463 :
2189 4411 2269 4462 in-

716 4501 926 4554 terdum
956 4501 1302 4563 obcallescit,
1339 4511 1391 4554 et
1441 4501 1508 4554 ad
1566 4501 1758 4570 lapidis
1807 4498 2058 4552 duritiem
2114 4502 2268 4568 riget.

713 4593 858 4644 Alias
891 4607 1079 4645 rursus
1116 4602 1396 4645 mansueta
1429 4600 1482 4644 et
1516 4591 1734 4644 humilis
1764 4599 1868 4656 est,
1896 4591 2128 4658 atpaulo
2151 4601 2271 4658 post

713 4698 841 4750 vaga
869 4691 1065 4743 mente,
1101 4683 1630 4750 cogitationibusque
1680 4681 1942 4749 dispersis
1991 4691 2102 4733 tum
2158 4683 2267 4732 ira-

711 4774 886 4827 cunda
935 4782 988 4827 et
1023 4775 1296 4827 rabiosula
1362 4774 1426 4826 ad
1491 4787 1679 4826 omnes
1729 4773 1953 4829 lratres.
2003 4772 2070 4825 Et
2121 4787 2264 4824 nunc.

710 4864 924 4929 quidem
959 4864 1186 4917 remissa
1220 4876 1282 4915 ac
1323 4862 1575 4930 languida
1614 4862 1672 4915 ιιι
1716 4861 2004 4930 segnisque
2022 4862 2085 4914 ad
2105 4876 2263 4915 omne

711 4961 851 5019 opus
885 4971 897 5005 :
933 4951 1068 5005 alias
1097 4966 1225 5005 vero
1251 4959 1569 5019 experrecta
1606 4962 1658 5005 et
1689 4951 1833 5020 vigil,
1866 4965 1930 5004 ac
1961 4951 2025 5004 ad
2047 4966 2259 5004 omnem

710 5040 1067 5095 obedientiam
1112 5048 1381 5108 prompta,
1417 5049 1474 5093 ut
1516 5041 1676 5094 etiam
1725 5041 2142 5096 circumstantes
2172 5052 2260 5094 aut

710 5135 898 5187 obvios
927 5141 1181 5202 provocet
1212 5143 1265 5186 et
1292 5135 1445 5200 quasi
1475 5133 1723 5186 convicio
1754 5134 1954 5185 excitet
2003 5134 2068 5186 ad
2115 5143 2260 5187 recte
2289 5117 2328 5172 θ

711 5225 994 5294 agendum.
1023 5224 1416 5291 Nonnunquam
1450 5239 1663 5277 rursum
1695 5224 1746 5276 in
1779 5225 2012 5290 seipsam
2037 5225 2258 5279 collecta

708 5322 760 5364 et
785 5312 1002 5375 devota,
1039 5326 1162 5362 mox
1204 5315 1400 5378 passim
1447 5312 1643 5373 elTusa;
1701 5320 1812 5363 tum
1865 5312 2258 5366 subcontumax

707 5418 769 5455 ac
821 5402 1126 5472 impudens.
1178 5402 1574 5470 Nonnunquam
1623 5404 1862 5455 omnium
1922 5402 2177 5457 benevole
2209 5415 2260 5457 et

706 5507 830 5545 cum
866 5493 1550 5566 charitate_reininiscens,
1584 5507 1785 5559 eosque
1835 5494 1898 5544 ad
1955 5507 2012 5544 se
2063 5507 2257 5559 provo-

704 5597 836 5635 cans
871 5600 884 5634 :
920 5583 1053 5636 alias
1087 5597 1262 5650 neque
1291 5582 1408 5635 illos
1435 5623 1448 5646 ,
1483 5568 1656 5650 ncque
1699 5582 1788 5648 qui
1830 5596 2012 5635 coram
2058 5583 2255 5637 adsunt

706 5673 901 5725 intueri
946 5673 1198 5727 sustinet.
1256 5671 1645 5740 Nonnunquam
1702 5672 1934 5740 denique
1997 5682 2252 5728 contrusa

707 5784 757 5815 in
791 5781 846 5817 se
881 5765 1328 5834 ipsam-undique
1376 5776 1429 5817 Μ.
1460 5764 1612 5832 quasi
1642 5765 1691 5817 in
1728 5764 1987 5832 angustiis
2024 5765 2253 5819 sull'oca-

2383 3879 2487 3922 tem
2526 3871 2578 3923 in
2613 3882 2819 3924 tantmn
2859 3886 2974 3925 sese
3006 3871 3234 3923 dilatans
3267 3871 3316 3921 in
3347 3872 3460 3937 ipsa
3515 3873 3668 3936 quasi
3703 3872 3939 3925 exundat

2381 3961 2576 4014 1ςυιὶιὶω
2611 3963 2713 4024 vis,
2748 3971 2805 4014 ut
2859 3959 3112 4014 cohibere
3165 3959 3395 4028 scipsam
3451 3971 3717 4028 nequeat,
3762 3977 3933 4032 quan-

2381 4053 2582 4104 tumvis
2611 4052 2660 4103 id
2691 4062 2942 4108 conetur.

2450 4140 2573 4194 Haec
2611 4153 2798 4193 natura
2831 4148 3201 4210 comparatum
3228 4152 3308 4195 cst
3335 4143 3406 4193 ita
3441 4141 3554 4194 ﬁeri
3597 4144 3740 4194 circa
3776 4150 3932 4194 natu-

2378 4233 2517 4288 rales
2551 4232 2933 4286 innovatioues
2967 4234 3159 4286 anima:
3194 4242 3245 4286 et
3269 4234 3532 4299 corporis,
3570 4237 3693 4285 dum
3719 4251 3816 4285 nos
3839 4250 3931 4302 pro

2377 4324 2514 4376 virili
2549 4326 2920 4376 contendimus
2949 4324 3002 4375 in
3039 4323 3302 4375 exercitio
3343 4323 3554 4376 virtutis
3596 4332 3651 4376 et
3707 4327 3926 4373 tumida-

2376 4426 2549 4467 torum
2580 4415 2980 4481 adimpletioue.
3007 4411 3202 4467 Verum
3225 4413 3674 4481 quemadmodum
3701 4413 3755 4466 in
3788 4413 3928 4465 hunc

2376 4505 2590 4557 modum
2629 4507 2888 4559 alteratur
2925 4507 3126 4564 anima.
3161 4506 3232 4558 ita
3263 4512 3314 4557 et
3353 4520 3502 4559 mens
3533 4514 3714 4557 nostra
3748 4545 3762 4568 ,
3799 4521 3931 4557 con-

2373 4595 2646 4661 similique
2697 4596 2809 4649 haec
2880 4612 3001 4650 cum
3052 4597 3139 4648 illa
3191 4594 3564 4649 vicissitudine
3605 4607 3670 4645 ac
3721 4596 3930 4648 ratione

2371 4693 2750 4737 commutatur.
2815 4684 2909 4739 Est
2944 4686 3084 4738 enim
3123 4683 3389 4738 interdqu
3441 4695 3596 4736 acuta
3628 4683 3692 4736 ad
3728 4685 3924 4736 intelli-

2369 4767 2598 4836 gendum
2635 4785 2647 4820 :
2688 4770 2897 4822 acutior
2927 4779 2978 4823 et
3009 4771 3296 4823 micantior
3326 4770 3428 4821 illis
3458 4785 3577 4837 qum
3613 4769 3918 4836 intelligen-

2370 4859 2440 4909 tia
2471 4867 2650 4911 versat
2682 4861 2823 4910 intra
2867 4873 2924 4912 se
2979 4857 3358 4926 percurreodis
3411 4867 3466 4911 et
3505 4858 3878 4912 discernendis
3909 4899 3921 4917 .

2365 4948 2634 5003 celeriter.
2659 4947 3056 5019 Nonnunquam
3095 4948 3158 5002 ad
3186 4958 3475 5018 utrumque
3493 4949 3636 5002 lenta
3661 4946 3712 5002 et
3738 4950 3918 5004 tarda.

2364 5043 2438 5094 Ac
2474 5041 2762 5110 aliquando
2792 5042 3011 5111 quidem
3042 5041 3226 5094 eadem
3259 5041 3404 5093 velut
3430 5055 3618 5093 amens
3647 5041 3720 5093 ‘et
3771 5051 3918 5094 mnta

2363 5131 2635 5200 surdaque
2677 5132 2757 5196 ﬁt,
2784 5131 2920 5186 alias
2954 5131 3125 5185 solers
3157 5129 3372 5198 quidem
3399 5138 3454 5184 et
3477 5130 3702 5192 diserta,
3737 5139 3917 5183 atten-

2366 5232 2525 5289 taque
2583 5231 2636 5275 et
2680 5223 2956 5291 prudens,
3017 5220 3356 5288 expeditiqne
3409 5217 3665 5283 consilii,
3727 5233 3917 5270 rursus

2365 5312 2657 5379 aliquando
2680 5327 2843 5375 czeca,
2876 5310 3164 5376 aliquando
3191 5311 3502 5380 per-spicas,
3533 5307 3651 5362 acie
3683 5309 3826 5361 oculi
3853 5323 3916 5362 eo

2365 5417 2534 5471 usque
2572 5403 2680 5457 acri
2714 5418 2778 5456 ac
2806 5402 3003 5464 vivida,
3041 5409 3098 5454 ut
3135 5403 3296 5456 etiam
3350 5415 3521 5469 usque
3567 5400 3632 5452 ad
3685 5399 3915 5468 profun-

2361 5495 2582 5548 ditatem
2609 5493 3053 5560 altitudinemque
3082 5493 3458 5561 mystcriorum
3485 5491 3911 5557 contemplanda

2363 5594 2645 5653 penetret,
2684 5599 2819 5652 pene
2856 5585 2992 5636 ultra
3027 5597 3190 5650 quam
3239 5582 3524 5650 pervenire
3573 5581 3780 5634 homini
3835 5579 3914 5633 fas

2361 5687 2462 5740 est,
2496 5678 2634 5730 viam
2660 5675 2760 5730 sibi
2792 5689 2882 5740 per
2929 5676 3032 5725 vim
3082 5674 3372 5740 quamdam
3420 5673 3692 5741 aperiens.
3745 5669 3910 5724 Inter.

2361 5769 2484 5820 dum
2517 5767 2738 5835 simplex
2779 5774 2830 5818 et
2862 5763 2926 5816 ad
2958 5778 3170 5818 omnem
3204 5762 3667 5832 contemplationis
3704 5770 3907 5816 motum
