4156 6344
203 433 311 494 {:59

1507 439 1775 503 CAl’lTA
1811 437 2173 509 MORALIA.

3327 451 3427 514 αξη

202 549 479 611 pz'ocittclu
520 557 574 602 et
606 551 794 604 libera.
832 551 1104 621 Septaque
1149 552 1333 609 eadem
1377 570 1438 608 ac
1484 557 1534 608 in
1581 569 1637 608 se
1684 569 1766 607 re-
1798 551 1838 603 Α
1873 569 1977 621 quo
2006 559 2054 612 ei
2092 564 2258 618 semel
2290 565 2624 637 agglutinata
2677 565 2974 622 concrevit.
3010 565 3252 633 (Iujusln
3279 579 3434 616 coem

205 646 393 705 ducta,
425 655 653 708 seseque
684 656 869 695 coram
916 651 1254 699 ostentantes
1295 647 1558 700 malorum
1595 645 1770 700 illece-

204 725 329 780 bras
364 743 428 781 nc
461 729 742 784 attendens
774 733 994 800 quidem
1030 743 1123 788 aut
1174 737 1334 789 ullam
1384 751 1568 790 earum
1621 738 1770 805 cogi-

202 821 464 870 tat'oucm
501 823 753 887 capiens:
807 824 886 877 sic
916 834 1170 894 tanquam
1193 842 1416 896 prorsus
1443 840 1771 881 nonessent.

204 910 485 962 Interdum
524 928 650 966 vero
681 915 1018 982 voluptatum
1049 919 1314 988 imagines
1342 921 1518 972 varias
1542 920 1770 988 ﬁngens,

203 1014 430 1053 versans
463 1011 514 1055 et
547 1004 901 1071 reciprocans
936 1009 1339 1072 alternoazstu,
1377 1025 1539 1078 seque
1569 1008 1621 1062 in
1655 1025 1773 1064 om-

202 1103 328 1142 nem
366 1094 616 1160 nequitiae
645 1097 879 1164 speciem
918 1097 1279 1164 in:lnens,aut
1303 1099 1479 1166 potius
1517 1109 1770 1168 tanquam

205 1178 424 1235 ﬂamma
460 1183 512 1238 in
556 1185 861 1241 virentibus
894 1188 1051 1256 lignis
1081 1206 1108 1241 a
1140 1191 1308 1243 multo
1346 1190 1492 1245 fumo
1542 1190 1774 1244 suil'oca-

209 1272 415 1327 tionem
467 1278 756 1342 quamdam
805 1281 1057 1348 patiens,
1109 1297 1195 1335 res
1246 1284 1482 1338 maxime
1536 1285 1773 1340 nefarias

208 1364 355 1416 ultro
389 1365 714 1434 designans,
752 1385 856 1424 non
895 1372 1072 1426 solum
1126 1387 1231 1441 qua
1283 1374 1494 1443 objecta
1548 1377 1775 1430 invitant

203 1457 557 1510 occasionum
592 1461 968 1526 prmsentium,
1005 1463 1098 1517 sed
1131 1464 1380 1519 absentia
1429 1467 1589 1521 eti-am
1623 1483 1772 1535 quae-

205 1547 329 1597 dam
363 1551 544 1614 procul
576 1565 887 1620 accersens,
923 1553 1135 1622 sibique
1167 1556 1463 1610 admovens
1517 1559 1680 1611 stulta
1724 1568 1776 1613 et

206 1636 420 1693 failacia
456 1642 557 1694 sibi
594 1645 733 1698 inse
774 1645 891 1712 ipsa
926 1646 1195 1700 deformat
1241 1647 1378 1700 idola
1429 1649 1773 1703 mendacium

203 1729 760 1799 rogitationum.Qna
800 1739 920 1792 vice
973 1753 1155 1792 rerum
1212 1754 1324 1803 cor.
1372 1740 1498 1794 licet
1550 1741 1775 1802 multum

205 1838 428 1889 gemens
469 1832 524 1877 et
552 1826 834 1882 reluctans
864 1830 1146 1899 anxieque.
1170 1841 1485 1888 contestans
1508 1873 1523 1898 ,
1578 1849 1776 1902 nequa-

203 1931 368 1978 quam
404 1932 463 1970 se
494 1919 866 1984 acquiescere,
901 1922 1032 1974 nihil
1066 1931 1244 1976 tamen
1271 1925 1483 1991 proficit
1505 1926 1569 1977 ad
1589 1927 1776 1979 sedau.

203 2007 329 2058 dam
369 2017 765 2076 tempestatem,
801 2024 1148 2082 mentemque
1178 2015 1243 2066 ab
1272 2014 1482 2077 insanis
1529 2018 1776 2085 cogitatEs

201 2097 606 2157 deducendam.
656 2102 719 2154 Et
752 2103 866 2156 lucc
905 2104 1122 2172 quidem
1179 2105 1444 2160 hactenus
1482 2106 1548 2160 de
1585 2108 1776 2162 altera-

204 2190 451 2244 tionibus
482 2193 681 2247 mentis
711 2202 762 2248 ct
789 2195 1178 2265 intellectualis
1227 2207 1427 2253 nostrae
1461 2199 1770 2269 divinaeque

206 2282 420 2336 animm.
448 2281 581 2348 Quae
617 2301 745 2340 vero
777 2287 1101 2356 contingunt
1129 2289 1273 2344 circa
1304 2304 1504 2358 corpus
1539 2291 1779 2356 intequa-

206 2375 405 2434 litates,
448 2380 696 2433 quamvis
721 2377 786 2431 ad
821 2380 1240 2435 discernendum
1273 2381 1559 2447 notabiles,
1593 2383 1779 2452 cogni-

206 2475 377 2534 tuque
402 2468 559 2524 nobis
617 2468 1155 2537 facilcs'videantur,
1199 2488 1542 2543 nequaquam
1595 2485 1773 2530 tamen

206 2557 347 2610 tales
382 2567 532 2611 sunt.
570 2557 746 2627 liujus
785 2561 928 2614 enim
963 2563 1135 2629 partis
1170 2563 1429 2636 pleraque
1465 2565 1640 2617 omnis
1669 2565 1776 2618 lere

207 2648 440 2703 mutatio
469 2664 496 2701 a
530 2659 718 2704 natura
745 2659 850 2706 est.
887 2651 1081 2707 Nostra
1114 2653 1317 2723 quippe
1365 2654 1548 2707 anima
1585 2656 1777 2709 immu-

208 2739 391 2793 tabilis
426 2750 622 2794 natura
655 2742 1074 2811 substantiaquc
1126 2753 1230 2799 est.
1289 2743 1550 2799 Similiter
1596 2755 1775 2798 autem

206 2837 261 2880 et
299 2845 452 2884 mens
482 2831 668 2885 eodem
713 2834 872 2887 modo
903 2844 956 2886 ct
1009 2834 1323 2890 conditione
1361 2846 1571 2910 natura:
1618 2836 1776 2890 simul

207 2936 333 2975 cum
365 2922 480 2990 ipsa
511 2938 538 2975 a
563 2923 821 2978 Creatore
846 2925 1013 2978 edita.
1053 2926 1177 2979 Sola
1240 2935 1465 2995 utraque
1522 2927 1776 2980 nimirum

208 3013 441 3066 arbitrio
472 3029 591 3068 sese
627 3030 847 3070 movens
883 3017 1105 3083 proprio
1131 3027 1182 3070 et
1215 3017 1386 3071 libero
1439 3018 1644 3085 impetu
1677 3034 1776 3071 vo-

210 3103 441 3156 luntatis
501 3093 758 3160 virtutem
814 3107 1080 3161 vitiumve
1132 3109 1490 3178 participans.
1533 3108 1645 3165 Hoc
1699 3120 1778 3166 est

1873 649 1973 703 sibi
2030 653 2224 720 placet,
2279 655 2568 711 immundae
2621 657 2732 713 suis
2780 657 2955 711 instar
3009 653 3260 709 obscenis
3317 666 3435 707 sese

1875 745 2084 812 gaudiis
2146 749 2468 821 immergere
2525 754 2876 825 volutareque
2938 753 3199 824 gestiens.
3265 750 3437 806 Nemo

1877 837 2041 904 igitur
2073 840 2138 891 ad
2171 840 2280 895 luce
2314 859 2340 894 a
2370 846 2586 913 proprio
2623 858 2850 913 corpore
2881 845 3155 914 impellise
3181 843 3436 912 trahique

1874 929 2147 995 opinetur.
2189 930 2300 983 Non
2337 934 2404 986 ita
2445 943 2547 988 est.
2581 935 2720 999 Quid
2757 935 2922 1005 ergo?
2969 932 3252 989 commoda
3287 947 3436 987 men-

1876 1028 1981 1073 tem
2022 1029 2320 1085 attentam,
2370 1025 2713 1082 finxit-Deus
2767 1026 3042 1081 hominem
3073 1063 3088 1088 ,
3138 1027 3356 1094 pulvere
3408 1039 3438 1076 ο

1877 1121 2018 1163 terra
2048 1120 2286 1180 sumpto.
2313 1113 2390 1167 En
2416 1130 2514 1183 ego
2545 1117 2637 1170 tibi
2667 1118 2877 1172 ostendi
2933 1132 3133 1184 corpus
3157 1157 3172 1180 ,
3207 1115 3435 1169 ostendo

1874 1200 1982 1266 jam
2018 1213 2070 1256 et
2103 1212 2157 1258 tu
2188 1205 2327 1280 mihi
2370 1221 2488 1273 qua:
2527 1208 2826 1277 qualesque
2883 1207 3318 1278 perturbationes
3379 1221 3438 1258 ae

1877 1293 2204 1360 cupiditates
2239 1295 2291 1349 in
2324 1296 2443 1364 ipso
2479 1298 2609 1358 sint,
2662 1298 2900 1363 profecto
2959 1296 3159 1350 nullam
3208 1295 3439 1349 demon-

1878 1392 2051 1435 strare
2090 1394 2261 1452 potes.
2294 1385 2433 1451 Quid
2475 1388 2718 1441 deinde?
2745 1387 2807 1439 Et
2839 1389 3113 1456 insuﬁlovit
3154 1389 3203 1440 in
3249 1387 3435 1456 faciem

1877 1472 1988 1538 ejus
2022 1471 2273 1526 Dominus
2316 1476 2450 1528 Deus
2481 1515 2494 1539 ,
2525 1488 2569 1530 et
2600 1476 2770 1544 {actus
2807 1486 2881 1530 est
2926 1479 3077 1529 homo
3104 1479 3158 1527 in
3209 1477 3436 1530 animam

1877 1565 2193 1631 viventem‘,
2232 1577 2284 1621 et
2318 1571 2553 1621 surrexit
2579 1584 2607 1624 e
2634 1579 2797 1633 terra,
2855 1578 2907 1623 et
2961 1568 3270 1622 ambulabat
3317 1569 3438 1635 _spi-

1879 1657 1985 1709 ritu
2022 1658 2235 1712 scilicet
2268 1660 2358 1728 qui
2385 1659 2497 1725 jam
2537 1661 2587 1712 in
2624 1660 2741 1729 ipso
2773 1670 2890 1715 erat
2922 1675 3017 1728 pro
3061 1668 3324 1730 potestate
3353 1675 3438 1710 ar-

1881 1748 2152 1818 bitrioque
2189 1765 2289 1803 suo
2331 1760 2582 1806 movente
2617 1766 2835 1820 corpus,
2877 1752 3045 1806 fomes
3088 1765 3245 1813 vero.
3286 1749 3439 1804 indc-

1881 1839 2140 1894 liberatus
2163 1841 2598 1908 irrationalisque
2617 1851 2791 1896 motus
2817 1851 3149 1897 secretarum
3175 1843 3437 1910 partium:

1883 1930 2051 1994 furor,
2068 1933 2306 2000 inquam,
2332 1932 2417 1988 ille
2439 1948 2500 1987 ac
2519 1932 2685 1988 libido
2710 1947 3043 2002 nequaquam
3069 1932 3244 1987 adhuc
3263 1941 3440 1995 eran',

1879 2022 1971 2075 sed
2004 2023 2188 2076 eratin
2211 2024 2328 2090 ipso
2358 2025 2460 2076 vita
2489 2039 2714 2078 concors
2743 2024 2810 2077 ab
2836 2022 3108 2078 intr-stinis
3142 2023 3430 2088 tranquilla

1880 2111 2124 2166 dissidiis
2159 2120 2213 2167 et
2260 2113 2549 2166 individua).
2587 2113 2959 2168 consensionis
2993 2114 3286 2168 securitate
3317 2111 3438 2165 felix

1881 2209 2076 2255 status.
2110 2203 2397 2257 Videamus
2428 2205 2592 2274 igitur
2623 2219 2689 2258 ne
2721 2203 2861 2258 forte
2885 2219 2947 2257 co
2991 2203 3132 2272 quod
3161 2219 3266 2256 non
3297 2211 3443 2258 esset

1882 2291 2093 2356 mulier,
2125 2301 2214 2345 aut
2239 2293 2365 2360 quia
2391 2309 2497 2347 non
2518 2303 2633 2349 erat
2668 2307 2863 2364 praesto
2885 2293 3038 2362 copia
3068 2293 3313 2348 ciborum
3345 2307 3438 2345 sa-

1883 2382 2040 2435 livam
2071 2384 2425 2445 moventium,
2454 2382 2657 2436 idcirco
2681 2397 2856 2452 neque
2874 2383 2938 2436 ad
2960 2383 3238 2438 libidinem
3275 2395 3447 2455 neque

1882 2473 1946 2526 ad
1979 2472 2154 2541 gulam
2189 2474 2350 2527 homo
2387 2485 2719 2528 moveretur.
2758 2474 2983 2539 Quando
3027 2475 3192 2544 igitur
3241 2474 3444 2542 produ-

1884 2568 1959 2618 xit
2000 2564 2064 2619 de
2107 2566 2272 2618 humo
2305 2565 2444 2620 Deus
2473 2567 2693 2620 arbores
2717 2581 2873 2620 omne
2899 2581 3068 2636 genus
3105 2566 3435 2620 fructiferas.

1882 2655 2152 2723 speciosas
2182 2655 2322 2718 visu,
2345 2663 2560 2724 gustatu
2594 2654 2833 2710 suaves?
2865 2654 3090 2719 Quando
3118 2668 3244 2709 vero
3268 2654 3435 2706 Adam

1882 2755 1934 2799 et
1966 2745 2071 2798 Eva
2105 2746 2232 2799 nudi
2272 2746 2433 2799 simul
2492 2755 2645 2800 erant
2697 2747 2750 2800 in
2797 2745 3049 2813 paradiso
3106 2749 3202 2800 nec
3247 2744 3445 2799 erube-

1883 2835 2107 2888 scebant
2137 2835 2206 2885 "i
2262 2834 2423 2888 Vides
2461 2850 2637 2903 neque
2677 2834 2821 2903 quod
2874 2844 3015 2888 esset
3048 2834 3153 2887 Eva
3200 2833 3398 2887 femina
3429 2873 3440 2895 .

1883 2940 1980 2979 nec
2012 2926 2156 2994 quod
2188 2925 2367 2979 nudus
2401 2937 2624 2995 uterque
2654 2928 2820 2979 ullum
2853 2928 3174 2994 cujusquam
3225 2925 3440 2978 illorum

1883 3022 2233 3074 continentia:
2263 3019 2610 3087 diSpendium
2644 3033 2765 3073 csso
2789 3019 3052 3090 oblatum.
3098 3016 3198 3071 Sed
3253 3032 3445 3086 quatu~

1884 3111 2011 3165 libet
2051 3111 2207 3173 mtdi,
2243 3111 2412 3163 tnuttti
2449 3118 2626 3162 lactus
2679 3109 3010 3178 experientia
3054 3109 3332 3163 carebant.
3370 3109 3444 3158 Ac

207 3194 355 3263 quod
391 3197 511 3250 aliis
545 3199 721 3252 verbis
747 3199 852 3251 dici
878 3201 1036 3262 solet,
1069 3200 1208 3254 lucis
1251 3202 1378 3257 illas
1404 3211 1497 3256 aut
1522 3203 1775 3258 tcnebra-
1803 3197 1847 3260 C
1884 3192 2059 3269 neque
2086 3200 2192 3253 ulla
2229 3199 2637 3268 perturbatione
2671 3200 2893 3267 pudoris
2921 3237 2934 3261 ,
2979 3213 3151 3266 neque
3180 3196 3444 3251 naturalis

208 3301 332 3340 rum
368 3303 464 3356 pro
501 3291 726 3344 arbitrio
775 3292 1060 3347 electioais
1112 3308 1225 3347 sua:
1277 3295 1775 3364 participandurum

209 3380 573 3434 communiter
609 3381 660 3433 in
697 3395 856 3436 omne
910 3398 1083 3436 revum
1157 3384 1408 3439 dominas
1453 3395 1507 3440 et
1555 3403 1779 3455 capaces

210 3487 274 3526 ac
309 3471 462 3538 quasi
510 3473 750 3526 lueredes
783 3475 1133 3528 constitutas.
1169 3477 1360 3530 Anima
1395 3516 1409 3539 ,
1437 3477 1682 3546 inquam.
1729 3491 1782 3534 et

211 3578 368 3617 mens
392 3563 545 3616 alteri
581 3563 772 3617 borum
803 3603 816 3625 ,
868 3573 924 3618 ut
953 3565 1159 3619 dictum
1198 3577 1318 3631 est,
1358 3569 1585 3623 arbitrio
1634 3571 1780 3625 dele-

210 3660 333 3706 ctus
366 3659 419 3706 et
450 3652 753 3706 voluntaria
784 3654 1094 3710 adhaesione
1124 3656 1346 3714 affectus
1401 3659 1555 3713 liberi
1590 3660 1777 3728 ailixa,

209 3744 254 3797 si
283 3742 500 3812 quidem
545 3745 727 3804 bono,
779 3743 935 3798 boum
985 3744 1159 3810 nunt;
1209 3751 1293 3802 sin
1353 3758 1538 3804 autem
1592 3753 1733 3806 malo
1763 3792 1777 3813 ,

213 3835 368 3887 malae
392 3832 652 3889 evadunt.
681 3834 747 3887 At
777 3849 982 3902 corpus
1014 3848 1064 3890 et
1098 3846 1292 3893 natura
1343 3842 1605 3897 mutabile
1629 3882 1642 3904 .
1693 3853 1779 3897 ut-

213 3932 340 3992 pote
369 3924 728 3990 compositum
770 3931 822 3976 et
851 3924 1125 3979 subtantia
1153 3925 1354 3980 (luxum
1381 3969 1394 3992 ,
1453 3941 1510 3982 ut
1543 3932 1683 3998 quod
1716 3947 1780 3986 ex

212 4015 445 4068 materia
478 4014 824 4082 corruptibili
859 4013 1108 4082 lluxaque
1134 4025 1371 4081 constet,
1403 4021 1783 4076 commistione

212 4120 306 4163 aut
347 4108 852 4176 eontemperatione
880 4104 1173 4159 conﬂatum
1209 4110 1607 4163 contrariorum
1643 4112 1783 4165 invi-

211 4215 351 4252 cem.
391 4198 466 4251 Ex
495 4197 678 4250 calido
703 4196 972 4265 siquidem
1007 4205 1057 4249 ct
1093 4195 1309 4265 frigido,
1344 4207 1404 4252 ut
1434 4199 1618 4253 talium
1655 4215 1785 4255 con-

211 4291 340 4346 sulti
374 4305 497 4341 vere
531 4288 739 4352 dicunt,
781 4302 955 4355 exque
984 4287 1130 4341 sicco
1185 4297 1348 4358 atque
1382 4290 1610 4345 humido
1654 4294 1784 4347 sub-

212 4383 412 4437 stantia
449 4381 566 4448 ejus
598 4391 701 4435 est.
734 4379 999 4433 Caeterqu
1039 4380 1214 4446 ipsum
1242 4395 1338 4449 per
1392 4384 1640 4451 seipsum
1674 4386 1782 4438 ele-

211 4472 390 4524 ctione
431 4469 766 4536 arbitrioque
793 4483 1014 4522 cassum
1063 4475 1183 4530 est,
1241 4470 1348 4523 imo
1393 4473 1436 4524 si
1491 4473 1778 4528 dicendum

210 4575 291 4617 est
323 4600 338 4624 ,
381 4570 434 4615 et
485 4569 628 4613 motu
669 4577 682 4613 :

211 4652 415 4706 fluxum
447 4651 505 4705 in
563 4651 973 4719 corruptionem
1034 4657 1241 4704 motum
1294 4655 1616 4710 substantiae
1665 4657 1784 4725 ejus

213 4741 514 4793 naturalem
545 4740 835 4806 quemdam
866 4738 1082 4802 dixerit,
1115 4741 1220 4808 jqui
1254 4742 1440 4809 utique
1486 4743 1781 4798 irrationa-

213 4835 277 4886 lis
303 4840 405 4885 est.
444 4831 498 4884 Si
529 4841 707 4884 autem
744 4829 1097 4891 irrationalis,
1129 4841 1184 4884 et
1225 4832 1616 4902 culpmexpers
1638 4874 1651 4898 ,
1687 4851 1780 4888 ue-

210 4941 319 4992 que
353 4923 629 4984 .obuoxius
666 4923 754 4974 Dei
793 4922 1021 4989 judicio.
1055 4921 1252 4976 Fomes
1303 4940 1431 4978 vero
1458 4966 1472 4988 ,
1522 4931 1784 4996 concupi-

211 5016 459 5078 scentia,
521 5014 688 5067 libido
717 5053 730 5077 ,
783 5014 1033 5081 voluptas
1062 5052 1075 5076 ,
1129 5014 1248 5082 gula
1277 5056 1290 5077 ,
1327 5016 1740 5086 intemperantia
1776 5068 1789 5090 ,

209 5106 610 5166 soinnolentia,
666 5104 907 5168 desidia,
970 5107 1131 5159 luxus
1181 5109 1409 5161 vestium
1463 5119 1514 5162 et
1590 5112 1787 5165 sitnilia

212 5199 421 5259 omnia,
451 5211 570 5262 qua:
623 5197 866 5265 plerique
908 5196 1119 5265 corpori
1176 5198 1481 5264 imputant,
1532 5211 1784 5270 tanquam

212 5287 264 5339 id
293 5287 348 5338 in
375 5300 437 5339 ea
467 5286 693 5345 feratur,
729 5301 835 5339 non
856 5293 980 5339 sunt
1012 5295 1186 5339 tamen
1210 5288 1329 5353 ejus
1355 5291 1570 5356 propria
1596 5310 1608 5352 ;
1639 5295 1780 5358 quod

209 5387 443 5445 apparet
472 5377 526 5430 in
554 5384 748 5441 morte,
793 5377 1013 5444 quando
1041 5387 1246 5431 remota
1299 5380 1477 5431 anima
1529 5383 1659 5436 nihil
1685 5383 1780 5435 lio-

210 5480 336 5520 rum
367 5481 573 5533 corpus
605 5466 831 5535 appetit.
866 5465 1074 5518 Animre
1110 5466 1276 5533 igitur
1303 5483 1396 5534 per
1423 5483 1624 5539 organa
1648 5489 1771 5525 cor-

209 5557 363 5626 poris
387 5557 476 5610 isti
516 5566 696 5610 motus
727 5567 876 5608 sunt.
914 5555 1036 5607 ll.i-e
1072 5557 1160 5608 illa
1221 5558 1319 5609 sibi
1356 5559 1636 5627 indulget,
1668 5564 1779 5619 bmc

209 5647 418 5716 appetit
445 5644 668 5699 deiinita
702 5645 1104 5698 necessitudine
1140 5648 1416 5699 lutuTeutae
1468 5653 1649 5706 carnis
1705 5672 1768 5708 cx

731 5828 748 5856 ²
779 5824 908 5888 ibid,

284 5828 300 5857 ’
337 5822 465 5878 Cen.
515 5839 575 5888 tt,
604 5823 653 5877 7.
731 5828 748 5856 ²
779 5824 908 5888 ibid,
1105 5828 1122 5858 ³
1155 5829 1288 5884 Gen.
1325 5847 1389 5886 tv.
1433 5833 1474 5884 Ι.

1885 3289 2207 3357 corporibus
2268 3286 2559 3357 pruriginis
2634 3288 2856 3340 stimulo
2935 3288 3304 3340 tentabantur.
3379 3285 3448 3337 At

1886 3389 2003 3449 post
2036 3385 2316 3449 peccatum
2343 3389 2393 3432 ct
2415 3378 2930 3446 transgressionem,
2970 3376 3158 3446 ejectis
3183 3376 3447 3429 ambobus

1883 3487 1911 3524 e
1945 3470 2218 3538 paradiso,
2256 3468 2473 3538 Dcoque
2507 3468 2746 3532 nudatis,
2781 3451 3070 3535 divinaque
3099 3465 3219 3535 ejus
3240 3466 3445 3520 exclusi

1885 3563 2073 3630 gloria,
2109 3570 2220 3613 tum
2259 3560 2494 3624 demum,
2543 3568 2602 3612 ut
2647 3559 2908 3628 seriptutn
2965 3566 3048 3612 est
3081 3558 3099 3588 '
3127 3597 3141 3622 ,
3195 3559 3448 3626 cognovit

1887 3654 2057 3706 Adam
2095 3668 2318 3706 uxorem
2352 3665 2505 3704 suam
2534 3665 2652 3720 quae
2685 3649 2935 3719 concepit
2989 3658 3043 3704 et
3088 3651 3313 3718 peperit.
3343 3649 3446 3718 igi-

1887 3753 1992 3804 tur,
2028 3741 2370 3804 cbarissime,
2403 3742 2447 3794 si
2487 3739 2651 3793 Deum
2677 3741 2887 3795 sincere
2936 3738 3202 3792 amaveris
3248 3745 3301 3789 ct
3351 3746 3403 3788 tu
3432 3777 3446 3800 ,

1885 3843 1938 3888 et
1980 3835 2032 3887 in
2064 3832 2183 3900 ejus
2211 3814 2501 3886 dilectione
2540 3829 2827 3888 manseris.
2859 3829 3009 3882 nulla
3062 3828 3158 3882 tibi
3209 3842 3446 3896 unquam

1887 3925 2218 3994 perturbatio
2249 3923 2638 3986 dominabitur,
2673 3936 2773 3976 nec
2797 3929 2848 3976 te
2875 3921 2977 3978 sub
3004 3919 3264 3975 ditionem
3292 3934 3445 3974 suam

1886 4031 2158 4084 corporeae
2191 4016 2532 4070 necessitatis
2593 4013 2842 4084 tyrannis
2875 4026 3111 4080 unquam
3160 4011 3266 4065 ulla
3289 4011 3444 4084 \redi-

1886 4119 1994 4177 get.
2026 4105 2488 4172 Quemadmodum
2522 4105 2667 4159 enim
2721 4103 2787 4156 ad
2822 4104 2954 4158 nihil
2999 4115 3194 4172 corpus
3243 4103 3442 4156 moveri

1889 4209 2064 4266 potest
2095 4198 2210 4252 sine
2241 4196 2418 4249 anima
2453 4211 2471 4251 :
2500 4186 2583 4248 isic
2614 4210 2788 4263 neque
2821 4195 2926 4249 Deo
2960 4195 3109 4250 unita
3163 4208 3262 4263 per
3317 4193 3450 4245 cha-

1889 4289 2100 4342 ritatem
2135 4288 2313 4340 anima
2348 4287 2473 4340 inde
2504 4287 2699 4340 abduci
2732 4286 2837 4339 ulla
2878 4283 2929 4340 vi
2958 4292 3134 4354 potest
3172 4287 3236 4339 ad
3292 4285 3444 4339 volu-

1890 4388 2063 4448 ptates
2097 4378 2497 4448 cupiditatcsve
2526 4391 2839 4446 corporeas.
2882 4377 2984 4432 Sed
3023 4392 3194 4447 neque
3223 4379 3285 4429 ad
3315 4377 3446 4430 alias

1889 4470 2366 4539 concupiscentias
2389 4471 2614 4539 quasvis
2640 4469 2933 4522 visibilium
2969 4479 3057 4521 aut
3088 4468 3444 4522 invisibilium

731 4559 836 4614 nisi
878 4561 922 4613 si
967 4559 1090 4628 quis
1145 4559 1510 4616 caducitatcm
1560 4564 1677 4632 ejus
1728 4573 1780 4620 et
1813 4533 1859 4590 Β
1889 4578 2064 4616 rerum
2094 4570 2184 4615 aut
2217 4563 2496 4624 vitiorum,
2541 4569 2754 4615 tenetur
2811 4560 2953 4615 enim
3001 4560 3255 4614 astrictus
3308 4560 3447 4612 dulci

1887 4652 1975 4704 Dt‘i
2011 4651 2273 4705 cliaritate
2302 4653 2534 4720 impetus
2589 4651 2771 4704 cordis
2792 4651 2933 4720 ejus.
2969 4650 3061 4703 illa
3099 4650 3262 4718 igitur
3285 4647 3446 4704 Crea-

1887 4745 2040 4802 toris,
2082 4753 2140 4795 ut
2166 4742 2367 4796 dictqu
2408 4748 2514 4802 est,
2545 4741 2630 4794 sui
2661 4741 2942 4810 complexu
2976 4741 3269 4795 constricta
3299 4778 3314 4802 ,
3351 4753 3450 4808 age.

1886 4848 1991 4899 qua
2030 4833 2248 4886 tandem
2289 4832 2501 4885 ratione
2527 4839 2692 4900 queat
2728 4831 2976 4897 corporei
3006 4830 3205 4884 fomitis
3235 4829 3446 4883 flamma

1887 4924 2109 4992 corripi,
2141 4931 2233 4977 aut
2269 4922 2492 4975 omnino
2547 4921 2828 4990 cupidinis
2883 4921 3046 4976 ullius
3094 4922 3328 4974 carnalis
3372 4921 3449 4974 ai~

1893 5017 2052 5069 fcclui
2087 5017 2398 5083 mancipare
2452 5027 2777 5067 consensum
2840 5027 3044 5074 suum,
3098 5011 3246 5066 nullo
3303 5021 3448 5064 certe

1891 5106 2070 5160 modo.
2107 5107 2261 5169 Quod
2297 5119 2424 5158 vero
2465 5105 2795 5156 mutationes
2838 5103 2958 5158 illas
3003 5103 3193 5157 attinet
3232 5114 3351 5170 qua:
3381 5117 3444 5154 ev

1890 5198 2120 5251 naturali
2177 5195 2490 5249 conditione
2545 5195 2792 5262 corporis
2852 5192 3167 5248 necessario
3221 5192 3274 5246 in
3329 5193 3446 5261 ipso

1888 5291 2178 5350 exsistunt,
2203 5302 2279 5340 eae
2311 5299 2442 5338 sane
2484 5285 2784 5337 manifesta:
2832 5294 2998 5347 sunt,
3048 5284 3246 5336 eadunt
3301 5285 3442 5335 enim

1887 5396 2042 5449 aque
2077 5381 2128 5430 in
2199 5393 2387 5430 omnes
2438 5377 2594 5429 etiam
2670 5383 2921 5438 sanctos,
2978 5373 3267 5442 aliquando
3300 5373 3441 5424 enim

1888 5473 2021 5525 bene
2054 5470 2231 5522 valere
2259 5469 2463 5522 dicitur
2488 5481 2609 5519 curn
2646 5465 2832 5533 prima:
2863 5464 3153 5533 qualitates
3199 5463 3443 5516 inducias

1883 5569 2066 5627 agunt.
2099 5559 2389 5627 aliquando
2418 5559 2466 5608 in
2501 5555 2744 5608 morbum
2782 5557 2922 5608 tralii
2950 5592 2962 5614 ,
2998 5555 3213 5622 quoties
3268 5569 3436 5605 unum

1882 5651 2169 5720 quodpiam
2221 5664 2280 5701 ex
2337 5652 2568 5713 quatuor
2611 5645 2893 5699 elementis
2944 5652 3036 5697 aut
3103 5656 3438 5702 exsuperas
