4136 6338
715 432 818 498 691

1951 438 2325 498 SYMEONIS
2361 439 2391 500 Ι
2404 440 2670 503 UNIORI
2685 445 2725 504 S

3857 448 3957 514 692

715 553 1074 610 abundaverit
1107 557 1246 614 ,"aut
1287 552 1638 610 iuﬂrmiusln
1672 557 1918 614 minores
1968 575 2128 630 quam
2159 563 2352 630 pro-A
2385 578 2492 631 que
2543 566 2664 634 ipso
2720 579 2874 638 aptas
2924 579 2975 624 et
3035 585 3330 640 suspensas
3382 573 3696 628 habeamus.
3765 573 3954 627 Verum

715 643 894 714 portio
929 645 1344 713 temperamentl
1383 647 1634 715 requirit,
1665 646 1750 704 sui
1806 649 1978 719 ipsius
2029 652 2284 722 reliquias

715 735 1000 801 defecerit,
1041 737 1186 806 quod
1215 737 1480 793 nimirum
1505 749 1600 794 aut
1653 743 1828 810 ipsum
1877 759 2041 811 supra
2087 755 2282 799 caetera

713 829 1112 899 praevaluerit:
1164 838 1258 884 aut
1289 829 1421 900 ipsis
1455 831 1508 886 in
1571 848 1630 888 se
1682 835 2088 906 insurgentibus
2150 841 2286 896 resi-

712 922 910 976 stendo
939 921 1517 990 imparsurcubuerit.
1547 925 1626 980 Ex
1655 927 1856 997 quibus
1891 931 2284 988 destillationes

711 1013 1092 1081 ﬂuxionesque
1141 1014 1431 1079 exsistunt,
1482 1024 1535 1070 et
1588 1029 1957 1074 extremarum
2007 1023 2282 1076 interdum

713 1104 950 1172 partium
1015 1105 1438 1160 resecandarum
1501 1111 1798 1166 necessitas
1848 1131 1861 1167 :
1909 1123 1962 1168 et
2032 1103 2284 1172 videlicet

711 1195 965 1259 animalis
1003 1196 1280 1251 interdum
1313 1200 1482 1254 totius
1532 1204 1810 1272 corruptio
1838 1245 1851 1266 ,
1891 1205 2024 1259 nihil
2079 1222 2139 1261 ex
2200 1210 2284 1262 his

713 1287 1026 1342 detrimenti
1062 1289 1317 1360 capiente
1353 1301 1542 1366 nostra
1577 1294 1784 1348 anima.
1828 1295 2098 1361 Quoniam
2166 1303 2285 1370 ple-

715 1391 884 1445 raque
915 1377 1109 1432 horum
1136 1395 1200 1432 ex
1239 1381 1658 1450 intemperantia
1693 1386 1796 1440 cibi
1844 1397 2110 1456 potusque
2158 1406 2284 1458 pro-

715 1472 944 1526 veniunt
977 1491 990 1526 :
1025 1488 1327 1544 eorumque
1359 1491 1424 1532 ex
1459 1480 1725 1551 indigesta
1754 1523 1768 1546 ,
1827 1484 2076 1554 maleque
2121 1487 2280 1542 mista

716 1577 768 1618 et
802 1575 1058 1635 congesta
1083 1568 1264 1636 capia.
1297 1567 1574 1635 Quaedam
1628 1585 1805 1628 tamen
1857 1586 2034 1630 ortum
2088 1580 2284 1635 habent

715 1667 778 1705 es
812 1662 1095 1707 ventorum
1129 1658 1431 1715 mutatione
1476 1670 1636 1730 atque
1669 1666 1853 1728 aeris“,
1900 1682 2010 1735 quo
2034 1707 2050 1733 ,
2094 1680 2284 1738 utpote

717 1753 908 1799 natura
949 1747 1161 1816 frigido,
1197 1750 1365 1818 frigus
1428 1757 1752 1822 sepiuscule
1801 1760 2142 1831 concipiente
2197 1780 2286 1818 so-

717 1837 1049 1907 IilOJilaj'IS,
1083 1859 1204 1910 qu.»
1249 1845 1546 1915 frigidioris
1596 1860 1802 1905 natura:
1855 1866 1979 1908 sunt
2032 1856 2279 1911 imbecil-

718 1929 853 1983 liora
882 1933 1093 1987 suilicet
1129 1935 1281 1989 fiunt.
1313 1914 1445 2003 Quae
1479 1956 1604 1995 vero
1650 1943 1811 1997 calidi
1863 1952 2277 2015 temperamenti
2309 1914 2356 1972 Β

717 2033 866 2087 sunt,
917 2027 1227 2082 robustiora
1275 2033 1672 2100 vegetioraque.
1726 2034 1860 2090 Cum
1917 2054 2044 2092 vero
2092 2056 2282 2096 rursus

718 2111 929 2168 fervore
962 2116 1350 2172 vehementiori
1380 2136 1474 2174 aer
1527 2123 1891 2192 incanduerit,
1926 2127 2120 2198 frigida
2161 2134 2283 2200 qul-

716 2205 836 2258 dem
869 2205 1188 2260 refoventur
1224 2220 1276 2263 et
1307 2210 1465 2278 quasi
1497 2213 1829 2268 reviviscunt
1866 2234 1879 2271 :
1931 2225 1989 2272 ut
2035 2219 2283 2275 videmus

717 2299 780 2350 ad
813 2298 981 2352 solem
1015 2315 1233 2355 muscas
1265 2343 1277 2364 .
1314 2311 1366 2357 et
1394 2305 1442 2357 id
1472 2319 1641 2373 genus
1678 2307 1883 2362 insecta
1913 2349 1925 2370 .
1962 2312 2142 2380 vigere
2185 2328 2282 2367 vo-

717 2390 982 2459 litareque
1011 2391 1160 2445 vitall
1193 2401 1378 2462 tepore
1403 2394 1718 2450 collustrata
1747 2406 1799 2452 et
1835 2401 2054 2455 coufota
2109 2405 2286 2458 radio-

719 2495 835 2534 rum
869 2484 1006 2550 ejus,
1048 2483 1276 2538 valentia
1303 2485 1411 2552 jam
1439 2498 1492 2540 et
1538 2496 1760 2542 strenua
1810 2490 1876 2544 ad
1925 2507 2140 2548 onmem
2192 2512 2286 2550 ex—

715 2574 879 2642 pediti
914 2583 1092 2629 motus
1130 2575 1333 2630 micare
1369 2575 1700 2632 facultatem.
1755 2579 1953 2639 Contra
2011 2600 2136 2638 vero
2163 2602 2283 2655 qua:

715 2664 1036 2718 ealidiorem
1069 2665 1476 2721 concretionem
1533 2668 1732 2723 habent
1789 2688 2017 2740 prorsus
2067 2675 2283 2729 innamo

713 2766 936 2808 tuantur
973 2765 1026 2810 et
1062 2757 1351 2824 liquefacta
1386 2761 1731 2814 resolvuntur
1759 2779 1772 2816 :
1796 2775 1958 2833 atque
1981 2766 2045 2818 ad
2066 2782 2280 2822 etnnem

714 2847 981 2899 actionem
1011 2860 1071 2898 ac
1107 2855 1311 2899 motum
1356 2851 1556 2917 pariter
1588 2851 1856 2906 imbecilla
1899 2853 2032 2907 fiunt
2064 2865 2118 2911 et
2166 2858 2282 2910 Ian-

714 2934 902 3003 guida.
931 2935 1190 3004 Adeoque
1223 2938 1276 2989 in
1316 2940 1627 2993 universum
1661 2957 2000 3010 unaquaeque
2031 2945 2282 3011 resjinta

716 3022 1128 3094 proportionem
1174 3030 1588 3098 temperamenti
1639 3033 1844 3101 proprii
1893 3034 1944 3086 in
1998 3038 2176 3099 aeris,
2232 3047 2285 3092 et

714 3127 1002 3171 ventorum
1040 3123 1339 3177 mutatiOuc
1371 3163 1384 3182 .
1420 3122 1773 3176 mutationem
1824 3126 2076 3194 suscipit.
2107 3125 2284 3182 Cmte-

2393 657 2674 712 enimvero
2707 675 2814 714 non
2849 662 2961 716 bare
2988 678 3171 718 onmes
3203 664 3525 733 intelligunt.
3564 665 3667 721 Sed
3693 667 3953 720 animales

2392 748 2607 818 quidem
2666 753 3021 808 alterationes
3082 769 3146 808 ac
3189 757 3518 812 mutationes
3569 760 3817 827 corporis
3867 758 3953 826 qui

2392 841 2609 910 paulum
2640 842 2779 897 ultra
2822 845 3083 914 principia
3110 846 3467 916 aliquousque
3533 848 3585 900 in
3620 852 3840 902 virtutis
3872 848 3954 902 via

2393 949 2803 1001 processerunt,
2850 953 2946 1006 per
2999 948 3182 1007 partes
3232 941 3422 996 horum
3479 943 3660 1012 aliqua
3726 944 3955 1013 quisque

2391 1028 2683 1082 sentiunt:
2723 1040 2884 1098 prout
2933 1031 3138 1086 scilicet
3201 1031 3255 1085 in
3318 1033 3447 1100 ipsis
3512 1034 3624 1088 fieri
3675 1037 3952 1104 quidpiam

2393 1119 2699 1189 contigerit.
2741 1122 2812 1175 De
2846 1123 2910 1176 iis
2943 1123 3090 1176 enim
3139 1124 3233 1192 qui
3281 1126 3374 1178 toti
3425 1127 3601 1180 adhuc
3634 1127 3685 1179 in
3723 1129 3955 1182 tenebris

2385 1207 2591 1293 jacent,
2626 1209 2808 1264 nullus
2848 1211 3006 1267 nobis
3035 1226 3237 1267 sermo.
3269 1213 3597 1293 Mutationes
3628 1226 3808 1271 autem
3839 1234 3956 1286 qua:

2392 1287 2447 1351 in
2488 1307 2669 1356 mente
2719 1303 3016 1368 exsistunt,
3055 1315 3110 1356 ut
3148 1287 3404 1365 diximus,
3459 1314 3511 1358 et
3547 1307 3954 1361 vicissitudines

2393 1391 2494 1444 soli
2551 1393 3020 1460 perturbationum
3068 1396 3303 1450 victores
3344 1397 3676 1466 perfectique
3703 1410 3754 1454 et
3789 1402 3906 1468 puri
3937 1439 3952 1466 ,

2391 1485 2657 1551 expedita:
2687 1486 2830 1538 vitiis
2862 1488 3056 1540 anima:
3091 1499 3143 1540 et
3192 1488 3493 1544 libertatem
3547 1493 3741 1546 virtute
3784 1503 3954 1547 meta:

2393 1588 2703 1646 perspec:as
2739 1578 2948 1633 scilicet
2985 1579 3298 1634 habuerint.
3332 1582 3517 1650 Neque
3549 1584 3598 1638 id
3636 1585 3739 1651 ipsi
3771 1599 3835 1638 ex
3869 1598 3948 1647 se,

2393 1669 2484 1721 sed
2521 1669 2638 1736 ejus
2671 1671 2832 1736 cujus
2866 1681 3017 1734 sunt,
3048 1673 3249 1741 quique
3299 1674 3421 1728 illos
3471 1683 3527 1726 ut
3574 1690 3706 1728 suos
3753 1685 3948 1736 curat.

2394 1759 2736 1814 iimtitntiooe
2761 1762 2932 1821 docti,
2965 1763 3368 1833 Nonnunquam
3414 1765 3682 1832 siquidem
3729 1781 3792 1818 cx
3822 1766 3952 1818 ina:-

2392 1851 2752 1919 qualitatibus
2779 1867 2899 1919 qua:
2934 1854 3160 1908 subinde
3193 1865 3421 1908 mentcn
3457 1855 3804 1926 interpolavit,
3838 1857 3954 1909 ani-

2385 1958 2471 1996 ma
2506 1953 2813 2001 coarctatur
2849 1955 3148 2014 maestaque
3188 1948 3246 2000 [lt
3271 1987 3284 2009 ,
3336 1947 3586 2002 auente
3635 1949 3794 2016 paulo
3830 1957 3952 2000 ante

2383 2035 2582 2104 gaudio
2610 2045 2832 2104 repente
2859 2038 3104 2090 multata.
3134 2037 3516 2092 Verumtamen
3546 2039 3742 2092 virtute
3772 2048 3948 2102 utens,

2383 2135 2750 2197 conatumque
2791 2128 3102 2193 intendens,
3138 2131 3387 2199 emergit,
3421 2137 3472 2183 et
3501 2139 3732 2184 mentem
3765 2131 3943 2199 erigit.

2391 2216 2517 2274 Viee
2558 2235 2712 2275 versa
2746 2235 3136 2290 nonnunquam
3175 2237 3236 2274 ex
3275 2223 3340 2275 iis
3369 2237 3488 2290 quae
3516 2225 3718 2291 patitur
3747 2223 3948 2284 anima,

2384 2318 2713 2380 propagatur
2769 2314 3078 2380 compassio
3127 2314 3177 2364 iu
3241 2322 3497 2376 mentem,
3549 2327 3669 2380 quae
3729 2322 3780 2364 et
3829 2312 3944 2380 ipsa

2386 2417 2549 2456 sensu
2586 2402 2886 2456 invoivitur
2921 2404 3182 2456 malorum
3220 2404 3357 2468 ejus,
3388 2412 3440 2456 et
3487 2411 3642 2456 nocte
3669 2403 3951 2472 ingruente

2386 2491 2547 2544 veluti
2588 2506 2868 2560 oppressa,
2908 2492 3137 2548 subesse
3175 2491 3391 2560 quidem
3423 2494 3661 2547 tenebris
3689 2495 3901 2563 cogitur
3929 2509 3942 2553 :

2388 2595 2491 2633 non
2521 2581 2819 2647 acquiescit
2849 2591 3052 2649 tamen,
3091 2581 3182 2636 sed
3213 2582 3387 2635 lucem
3419 2583 3498 2635 vel
3529 2584 3782 2637 amissam
3808 2585 3949 2637 omni

2387 2669 2436 2720 vi
2464 2671 2675 2737 qumrit.
2708 2669 2790 2721 vel
2819 2670 3123 2724 clalienlem
3160 2679 3391 2724 retentat
3418 2671 3690 2724 mordicus
3719 2690 3732 2722 :
3760 2687 3824 2724 ex
3848 2687 3951 2737 qua

2387 2760 2660 2814 interdum
2690 2761 2885 2814 victrix
2914 2762 3232 2815 auxiliarem
3261 2777 3478 2829 quoque
3511 2762 3722 2814 radium
3755 2762 3806 2814 in
3838 2764 3952 2814 ani-

2387 2864 2528 2902 tnam
2571 2850 2758 2903 mittit.
2795 2849 2945 2904 Alias
2964 2865 3028 2904 ex
3068 2851 3312 2915 inaequali
3350 2866 3541 2905 rursus
3566 2850 3941 2905 vicissitudine

2390 2940 2720 2995 habitudinis
2745 2937 2986 3008 corporis
3015 2950 3251 3008 utraque
3281 2950 3530 3006 vexatur,
3557 2953 3609 2995 et
3636 2943 3796 3011 quasi
3826 2943 3952 2996 sub.

2384 3026 2642 3094 jugantnr
2687 3027 2835 3095 gravi
2894 3026 3202 3096 tyrannide.
3249 3027 3652 3098 Nonnunquam
3715 3030 3951 3084 obsessa:

2388 3118 2513 3172 licet
2547 3118 2865 3187 circumque
2902 3130 3228 3188 Oppugnatae
3273 3121 3532 3183 exterius,
3577 3121 3701 3176 belli
3735 3121 3952 3189 quidem

719 3222 834 3260 rum
865 3220 1064 3277 praeter
1101 3216 1362 3284 hzncqum
1400 3215 1636 3269 diximus
1667 3217 1769 3270 alia
1816 3226 1899 3271 est
1950 3221 2112 3272 etiam
2165 3222 2285 3274 ani-

2391 3211 2544 3277 quasi
2575 3209 2846 3278 fragorem
2887 3211 3138 3274 audiunt,
3167 3221 3220 3265 ct
3248 3211 3387 3265 facili
3426 3227 3587 3265 sensu
3621 3213 3949 3282 repulsoque

718 3302 978 3354 mantium
1016 3307 1231 3373 propria
1276 3310 1527 3367 mutatio,
1561 3322 1681 3376 quae
1715 3309 1794 3361 vel
1830 3325 1894 3362 ex
1941 3311 2123 3364 cibatu
2189 3328 2282 3380 po-

699 3393 888 3460 'tuqnc
930 3394 1122 3460 nimio,
1156 3397 1239 3450 vel
1271 3414 1333 3451 ex
1361 3397 1568 3467 jejunio
1600 3415 1813 3454 summo
1833 3403 2060 3457 exsistit.
2097 3398 2283 3472 Neque

718 3479 831 3535 haec
853 3484 1051 3550 solum,
1078 3484 1168 3538 sed
1201 3487 1362 3539 etiam
1394 3503 1458 3542 ex
1497 3489 1667 3542 multo
1730 3503 1923 3544 somno
1966 3500 2060 3544 aut
2113 3493 2281 3545 multa

718 3573 916 3641 vigilia.
949 3591 1011 3628 ex
1043 3576 1228 3630 labore
1285 3585 1374 3629 aut
1418 3577 1623 3632 desidia
1681 3593 1944 3647 corporea
2001 3583 2058 3635 lit
2115 3584 2279 3636 etiam

719 3666 823 3716 alia
855 3665 1100 3733 qua-dam
1134 3669 1363 3721 mutatio
1391 3668 1440 3719 in
1470 3669 1648 3721 nobis.
1683 3669 1798 3722 Alia
1839 3685 2031 3726 rursus
2083 3688 2145 3725 ex
2201 3674 2283 3725 in-

717 3757 1018 3811 exsistente
1077 3761 1287 3828 corpori
1329 3761 1554 3812 materia
1618 3770 1672 3816 et
1716 3763 1944 3814 naturali
2009 3764 2062 3816 in
2127 3764 2284 3818 nobis

719 3847 892 3900 calido
915 3864 942 3903 c
966 3861 1182 3903 morato
1212 3853 1425 3904 exs’stit
1457 3851 1621 3904 motio
1662 3853 2002 3920 evaporantis
2063 3870 2280 3907 sursum

723 3939 917 3992 fumosi
967 3940 1200 3993 incendii
1230 3981 1244 4003 ,
1293 3949 1348 3994 tit
1401 3941 1455 3994 fit
1502 3958 1621 3995 cum
1687 3957 1824 4008 aqua
1879 3959 2041 4011 super
2091 3946 2284 4012 injecta

721 4046 907 4095 pruna:
936 4033 1188 4085 ardentrs
1212 4037 1657 4100 exstinguuntur,
1685 4034 1776 4102 qui
1803 4049 1965 4100 vapor
1990 4035 2283 4102 aliquando

721 4122 772 4172 in
798 4123 972 4173 solum
1008 4131 1194 4188 caput,
1231 4123 1525 4190 aliquando
1553 4131 1664 4176 toto
1692 4138 1917 4191 torpore
1947 4123 2280 4177 ditfttnditur.

720 4215 895 4280 Super
937 4211 1054 4264 haec
1091 4214 1270 4264 ouinia
1313 4229 1439 4265 vero
1473 4214 1612 4278 ,alia
1641 4229 1833 4267 rursus
1879 4224 1960 4267 est
1985 4253 1999 4278 ς
2052 4217 2282 4282 permis-

718 4303 871 4355 sioue
901 4302 1021 4354 boui
1049 4304 1220 4353 nostri
1262 4301 1348 4373 llei
1385 4312 1438 4355 et
1475 4301 1690 4356 Domini
1721 4343 1735 4366 ,
1776 4305 2036 4372 ingruens
2077 4307 2128 4358 in
2186 4322 2283 4360 nos

719 4408 747 4445 a
781 4392 1117 4446 daemonibus
1149 4394 1212 4444 ad
1240 4395 1601 4449 crmlitioncm
1656 4406 1709 4450 et
1754 4396 2048 4450 salutarem
2100 4412 2283 4451 corre-

718 4489 973 4548 ctionem,
1002 4487 1252 4538 tentatio.
1313 4486 1498 4550 Qualis
1534 4503 1660 4540 vera
1707 4489 1819 4540 haec
1867 4499 1990 4552 est;
2045 4489 2283 4558 gravedo

2391 3300 2781 3370 defungontur,
2833 3303 2985 3357 salvo
3042 3303 3187 3357 intus
3238 3313 3380 3357 statu
3430 3307 3597 3358 beata:
3647 3308 3814 3373 pacis.
3849 3322 3951 3370 qua

2390 3393 2626 3462 gaudent
2677 3394 2889 3447 interim
2939 3395 2992 3446 in
3051 3397 3194 3448 sinu.
3248 3395 3394 3448 Alias
3434 3410 3583 3448 versa
3626 3397 3740 3448 vice
3797 3396 3954 3449 civile

2391 3486 2827 3552 perturbaturum
2862 3484 3151 3538 affectuum
3185 3486 3384 3540 bellum
3430 3494 3484 3540 et
3529 3486 3824 3540 seditiosus
3867 3497 3950 3539 tu-

2390 3577 2595 3630 multus
2628 3577 2730 3630 fert
2757 3587 2921 3644 atque
2949 3577 3059 3646 agit
3090 3581 3235 3631 intus
3265 3578 3470 3640 oninia,
3500 3579 3673 3632 tristie
3706 3578 3842 3632 facie
3873 3593 3954 3632 reo

2390 3685 2509 3722 rum
2543 3680 2595 3723 et
2646 3670 2940 3724 miserabili
2999 3670 3203 3734 labore,
3261 3679 3318 3723 ut
3367 3685 3541 3738 neque
3584 3670 3669 3724 illa
3717 3681 3953 3724 extrema

2393 3761 2609 3825 patienti
2660 3775 2779 3828 spes
2821 3769 2990 3814 restet
3047 3760 3462 3828 tranquillitatis
3507 3776 3828 3814 reversurus.
3866 3760 3955 3814 Sic

2393 3855 2492 3906 ista
2527 3868 2647 3907 sese
2682 3853 2913 3904 invicem
2953 3853 3232 3912 infestant,
3264 3852 3391 3904 dum
3427 3860 3479 3904 et
3506 3852 3684 3902 anima
3719 3861 3772 3904 et
3805 3866 3954 3906 mens

2393 3959 2418 3994 a
2453 3958 2706 4010 corpore,
2735 3952 2788 3997 ct
2820 3958 2970 3995 mens
3005 3942 3073 4007 ai;
3105 3942 3285 3995 anima
3341 3956 3528 3994 rursus
3559 3940 3686 4017 ipsa
3730 3956 3741 3990 :
3781 3942 3955 3993 anima

2393 4051 2516 4088 vero
2549 4035 2784 4087 vicissim
2818 4050 2845 4085 a
2879 4044 3055 4085 mente
3082 4041 3129 4085 et
3165 4047 3392 4096 corpore
3427 4031 3830 4084 incommodum
3862 4044 3948 4082 ac-

2391 4125 2539 4189 cipit.
2573 4123 2755 4190 Neque
2790 4139 2914 4182 veno
2943 4121 3222 4175 intlividue
3253 4136 3466 4186 semper
3497 4121 3694 4183 anima,
3725 4128 3778 4170 et
3807 4133 3953 4172 menl

2392 4215 2699 4274 turbantur,
2735 4227 2920 4266 verum
2957 4228 3022 4266 cx
3056 4213 3139 4267 liis
3164 4214 3494 4280 quandoque
3518 4213 3695 4264 anima
3730 4214 3841 4264 sola
3868 4228 3954 4279 pa-

2393 4307 2547 4367 titur,
2584 4315 2760 4356 mente
2802 4305 2971 4372 ipsam
3005 4305 3160 4378 quasi
3202 4321 3297 4372 pro
3325 4306 3500 4357 ollieio
3531 4309 3802 4359 naturalis
3826 4307 3954 4357 ami-

2391 4398 2534 4448 citia:
2586 4396 2928 4448 consolante.
2991 4395 3302 4460 Aliquando
3357 4411 3510 4447 mens
3550 4407 3862 4448 exerceatur
3902 4405 3951 4445 et

2394 4487 2662 4545 obruitur,
2697 4487 2821 4536 dum
2853 4485 3030 4537 anima
3063 4487 3230 4539 libera
3265 4502 3593 4552 permanens
3626 4487 3828 4538 virtute
3858 4488 3948 4538 di-

719 4581 834 4646 ipsa
871 4578 1188 4645 corporiset
1225 4593 1285 4630 ex
1326 4581 1556 4631 maxime
1591 4580 1938 4632 terrestribus
1987 4595 2052 4632 ac
2086 4581 2286 4634 crassis
2319 4583 2359 4635 ι)
2389 4577 2494 4628 vini
2543 4575 2684 4644 ignis
2729 4575 2899 4642 abigit
2927 4574 3324 4643 c:tliginetn,.ct
3356 4575 3528 4626 velum
3564 4575 3728 4636 tollit,
3759 4576 3947 4627 visum-

721 4671 838 4738 rjus
894 4670 1103 4725 fecibus
1154 4671 1459 4724 lentescens
1518 4684 1707 4738 torpor
1755 4673 2008 4726 tristititc.
2065 4671 2291 4736 Quando

718 4762 880 4813 etiam
941 4762 1059 4814 sine
1118 4776 1256 4814 nova
1301 4763 1596 4830 apparente
1646 4777 1810 4815 causa
1873 4765 1925 4815 in
1983 4779 2191 4831 paruam
2226 4765 2291 4817 ti-

720 4851 1005 4903 tullationis
1066 4851 1230 4904 unius
1286 4867 1436 4903 van-.e
1510 4851 1792 4919 gloriola:,
1857 4853 1945 4904 cui
2015 4851 2152 4905 forte
2209 4854 2290 4904 in-

720 4941 1050 4994 tlulseiimus
1113 4956 1443 4995 consensum
1498 4949 1589 4993 aut
1635 4942 2140 4995 iltrlcCIatiiIIICItlaiti
2195 4959 2288 4995 vo-

721 5032 1010 5082 luntariam
1057 5073 1069 5094 ,
1139 5040 1232 5083 aut
1291 5031 1436 5099 quod
1497 5031 1549 5083 in
1623 5032 1932 5098 snperbiam
2006 5032 2132 5085 elati
2217 5032 2289 5084 si-

722 5138 891 5185 mus,
957 5123 1212 5190 quodque
1266 5125 1328 5174 de
1378 5122 1497 5176 aliis
1566 5131 1768 5174 temere
1833 5122 2092 5186 jutlitium
2153 5138 2290 5190 pra:-

721 5214 1261 5282 t-ipitaverimtts,qui
1290 5215 1576 5267 multorum
1605 5215 1948 5278 quotidianus
1977 5226 2058 5267 est
2085 5216 2287 5281 lapsus,

724 5304 804 5362 vel
831 5302 968 5362 alias
997 5305 1195 5356 multas
1229 5304 1298 5356 ob
1323 5319 1520 5356 causas
1552 5305 1640 5357 isti
1664 5305 1890 5356 daamoni
1920 5303 2290 5357 condonantur

724 5397 776 5446 in
815 5395 1096 5447 interitum
1123 5396 1340 5460 quidem
1375 5395 1579 5466 carnis.
1605 5395 1988 5461 contriti‘cncm
2028 5409 2154 5446 vero
2177 5395 2290 5445 ani-

734 5501 854 5547 mar,
886 5487 1389 5555 prohationemquc,
1419 5496 1470 5538 ct
1497 5486 1945 5539 exercitationem
1974 5487 2286 5554 ampliorem

723 5577 862 5638 ejus,
897 5588 1006 5629 tttm
1032 5584 1096 5629 lit
1127 5589 1280 5646 capto
1317 5579 1528 5630 interim
1576 5579 1948 5646 experimento
1977 5579 2287 5633 miscricor-

728 5667 968 5719 dissimze
999 5670 1394 5734 eotnpassionis
1423 5667 1511 5721 Dei
1544 5683 1666 5735 erga
1695 5685 1792 5720 nos
1819 5678 1990 5720 totum
2028 5670 2077 5720 in
2114 5671 2285 5737 ipsum

728 5774 792 5807 es
836 5758 934 5808 sin:
959 5774 1047 5808 era
1082 5759 1468 5826 praeparatione
1501 5759 1664 5809 animi
1703 5759 2096 5813 transferamus
2127 5777 2281 5812 amo-

737 5862 871 5904 rem.
905 5847 1277 5918 desiderioque
1310 5849 1487 5903 omnia
1518 5857 1570 5901 et
1604 5865 1724 5906 sues
1762 5850 1810 5901 in
1851 5866 1964 5909 ipso
2000 5852 2149 5916 fixas,
2191 5868 2285 5903 cx-

2393 4683 2497 4733 que
2553 4667 2716 4719 menti
2758 4665 3018 4718 reélituit.
3071 4665 3358 4731 Propterea
3417 4665 3550 4726 dixi,
3591 4678 3621 4715 ο
3670 4663 3858 4718 Patres
3905 4673 3950 4714 et

2393 4757 2631 4820 Fratres,
2673 4766 2925 4823 oportere
2959 4771 3063 4808 non
3108 4757 3282 4808 solum
3316 4762 3470 4806 notas
3498 4768 3620 4806 esse
3674 4757 3830 4807 nobis
3861 4770 3940 4804 va.

2395 4850 2613 4902 rietates
2656 4849 3110 4914 mutationesque.
3159 4859 3222 4897 ac
3268 4845 3581 4911 contingere
3663 4845 3855 4898 solitas
3903 4846 3948 4896 in

2393 4940 2551 4992 nobis
2583 4938 2930 4991 alterationcs
2958 4955 2971 4998 ;
3005 4937 3096 4992 sed
3127 4937 3267 4988 seire
3313 4935 3475 4988 etiam
3510 4946 3776 5002 praeterea
3815 4935 3949 4986 unde

2393 5030 2523 5095 ipsa!
2575 5038 2625 5079 et
2678 5028 2948 5094 quomodo
2986 5037 3036 5078 et
3079 5041 3106 5076 a
3143 5026 3339 5093 quibus
3389 5026 3690 5092 qualesjue
3740 5026 3945 5092 spirent

2392 5121 2780 5188 cogitationum
2815 5111 2986 5179 venti:
3025 5127 3078 5170 ct
3110 5133 3174 5171 ex
3207 5118 3406 5185 quibus
3449 5117 3692 5170 fontibus
3735 5118 3950 5169 efﬂuant

2393 5225 2550 5279 atque
2578 5208 2852 5264 exutitlent
2885 5209 3104 5260 flumina
3135 5209 3614 5275 ‘pertnrlmtiouum
3697 5208 3947 5260 tentatio-

2394 5321 2652 5366 nutuque,
2683 5313 2738 5354 ut
2779 5311 2831 5354 et
2876 5302 3096 5353 domum
3147 5301 3341 5351 anima:
3385 5300 3839 5352 constabiliamus
3885 5300 3943 5349 aal

2394 5395 2701 5446 firmitatem
2739 5392 3040 5446 resistendo
3071 5404 3275 5456 parem,
3308 5397 3360 5440 et
3391 5389 3817 5456 gubernaculum
3855 5402 3945 5439 na-

2390 5487 2471 5537 vis
2516 5496 2709 5536 nostrae
2743 5483 3033 5549 dirigamus
3078 5479 3326 5540 felititer,
3367 5493 3474 5529 non
3519 5488 3700 5528 autem
3756 5476 3940 5528 inscite

2393 5577 2690 5645 ignaveque
2724 5582 3040 5625 tractemus.
3099 5569 3299 5621 Horum
3349 5579 3527 5619 autem
3579 5568 3942 5633 cognitioneu

2392 5682 2521 5720 usus
2551 5666 2796 5718 assiduus
2826 5672 2875 5715 et
2907 5661 3236 5727 experientia
3265 5663 3434 5724 longa!
3455 5659 3579 5710 vita:
3605 5658 3940 5724 Suppeditat,

2393 5775 2512 5811 cum
2548 5757 2825 5810 exaCtione
2865 5756 2984 5805 vita?
3018 5752 3153 5804 intra
3189 5751 3453 5801 inv-inlane
3493 5747 3795 5816 disciplin-.1:
3840 5749 3935 5797 ob.

2395 5849 2749 5904 servationem
2785 5856 2969 5898 sancte
2999 5851 3304 5897 transacto.
3335 5843 3474 5895 Sane
3513 5855 3652 5905 opus
3688 5849 3765 5892 est
3797 5839 3934 5906 quis-
