4136 6338
225 437 339 497 1:93

1531 449 1797 510 CAPITA
1856 448 2211 511 MORALIA.

3369 464 3468 524 (19$

235 562 350 616 que
367 548 666 604 monachus
693 558 910 619 scopum
939 551 1039 607 sibi
1065 567 1126 606 ac
1143 552 1296 608 linem
1325 555 1564 624 quotidie
1595 549 1805 627 praesu-
1835 565 1875 619 Α
1908 573 2151 613 currens.
2184 561 2301 626 Quo
2334 563 2383 614 id
2431 577 2649 632 quoque
2684 576 3052 639 consequetur
3083 579 3139 625 ut
3178 586 3362 627 eorum
3397 577 3462 627 de

231 640 854 710 tuat,propositumque
896 635 1037 695 velut
1087 645 1139 698 in
1196 647 1489 716 exemplari
1543 651 1800 704 continuo

1903 649 2100 718 quibus
2129 651 2335 720 egimus
2369 654 2608 707 omnium
2634 657 2930 725 perfectam
2957 661 3239 715 scientiam
3265 679 3459 721 conse-

228 737 444 790 cernat,
465 743 570 798 quo
602 745 873 800 quamque
905 732 1045 786 diem
1073 735 1376 803 transigere
1405 738 1580 805 ipsum
1614 736 1800 790 deceat
1902 751 2122 811 quatur,
2151 743 2463 814 peritusque
2497 746 2788 816 aliquando
2830 753 3085 821 magister
3112 753 3303 809 evadat
3335 760 3463 808 ntul-

225 822 397 874 modo
421 837 434 874 :
455 833 514 873 ut
542 830 800 876 strenuus
824 819 890 876 ad
921 827 1240 880 exercitium
1268 828 1484 882 virtutis
1513 829 1600 892 sit,
1631 845 1802 898 neque
1903 845 2079 886 turum
2119 836 2343 888 aliorum

226 912 346 966 ullo
377 914 445 966 ab
471 913 573 968 isto
605 929 770 969 cursu
824 911 1107 986 imperitiae
1137 918 1524 988 impedimento
1557 922 1797 976 retarde-

227 1012 339 1056 tur.
376 1002 465 1058 Sic
491 1005 631 1058 enim
661 1009 906 1074 quamvis
942 1025 1186 1078 asperam
1223 1011 1278 1066 et
1334 1012 1662 1068 laboriosam
1709 1014 1794 1068 tli-

223 1091 476 1159 sciplinae
517 1095 658 1147 viam
705 1097 1049 1151 consue'udo
1076 1106 1130 1152 et
1164 1100 1300 1163 bene
1325 1100 1517 1165 agendi
1548 1113 1677 1154 usus
1711 1110 1794 1152 at-

221 1197 335 1251 que
368 1182 586 1236 habitus
622 1188 776 1254 quasi
808 1185 1136 1255 comquabit.
1184 1181 1382 1256 Sicque
1423 1187 1530 1243 Deo
1564 1189 1796 1257 placebit

218 1270 446 1327 assidue
473 1274 766 1343 proﬁciens
796 1286 850 1331 et
887 1279 1236 1334 ascensiones
1266 1279 1318 1332 in
1350 1281 1512 1334 corde
1546 1297 1648 1335 suo
1684 1283 1794 1334 dis-

222 1380 434 1432 ponens
461 1407 476 1432 ,
511 1384 575 1424 ex
610 1372 840 1428 modicis
871 1373 937 1427 ad
973 1374 1177 1443 majora
1225 1386 1276 1427 et
1314 1374 1635 1440 perfectiora
1673 1393 1796 1446 pro-

2401 852 2413 887 :
2461 837 2777 893 illumioaus
2822 851 2869 894 et
2921 845 3066 898 verbi
3118 846 3364 900 doctrina
3409 857 3462 900 ct

1899 926 2021 977 vita:
2053 927 2292 994 exemplo
2318 939 2704 984 conversantes
2737 947 2946 999 secum,
2975 945 3160 1004 utpote
3188 937 3460 990 illumina-

1900 1025 1988 1071 tus
2018 1026 2071 1070 et
2107 1018 2220 1086 ipse
2253 1019 2502 1087 desuper.
2542 1031 2594 1074 et
2645 1023 2893 1078 revolans
2949 1027 3212 1093 profunda
3259 1028 3327 1084 iis
3366 1031 3457 1100 qui

1900 1109 2027 1163 dum
2089 1109 2356 1164 desiderio
2383 1124 2631 1180 quaerunt
2683 1116 2948 1182 profunda
2983 1117 3216 1186 Spiritus
3254 1121 3459 1178 dicere.

1901 1195 1953 1254 In
1985 1201 2203 1256 Christo
2245 1201 2374 1258 Jcsu
2431 1202 2653 1259 Demino
2703 1219 2913 1269 nostro.
2953 1210 3038 1264 cui
3070 1210 3240 1280 gloria
3275 1219 3326 1266 et
3362 1229 3458 1282 po.

1901 1299 2068 1345 testas
2100 1292 2150 1344 in
2192 1294 2384 1346 sa'cula
2428 1295 2771 1351 sa-culorum.
2809 1300 2998 1352 Amen.

237 1584 2838 1612 mm

2839 1597 3222 1608 ___~.———__

943 1604 2612 1616 ———.—~——~—-—_.———-_-———-—-——————

1113 1760 1248 1819 ΤΟΥ
1277 1762 1481 1822 ΟΣΙΟΥ
1507 1762 1622 1816 ΚΑΙ
1653 1763 2008 1818 ΘΕΟΦΟΡΟΥ
2043 1766 2314 1820 ΠΑΤΡΟΣ
2343 1767 2537 1823 ΗΜΩΝ

1505 1935 2178 2064 ΣΥΜΕΩΝ

946 2173 1243 2291 ΤΟΥ
1355 2176 1764 2291 ΝΕΟΥ

1895 2177 2742 2302 ΘΕΟΛΟΓΟΥ

694 2401 1058 2488 ΛΟΓΟΣ
1135 2407 1389 2488 ΠΕΡΙ
1465 2404 1968 2495 ΠΙΣΤΕΩΣ.
2018 2412 2217 2496 ΚΑΙ
2297 2411 3016 2502 ΔῘΔΑΣΚΑΛΙΑΣ

1331 2599 1437 2651 ΕΙΣ
1466 2596 1816 2651 ΕΚΕῙΝΟΥΣ
1842 2596 2028 2650 ΟΠΟΥ
2069 2599 2340 2672 ΛΕΓΟΥΝ

858 2751 980 2804 Ὅτι
1024 2751 1110 2804 δὲν
1143 2750 1282 2805 εἶναι
1317 2753 1542 2806 δυνατὸν
1585 2754 1806 2819 ἐκεῖνοι,
1857 2755 1991 2809 ὀποῦ
2023 2757 2367 2825 εὑρίσκονται
2416 2776 2555 2827 μεσα
2607 2761 2683 2822 εἰς
2721 2761 2809 2812 τὸν

284 2861 509 2930 κόσμον,
545 2879 640 2916 και
678 2869 832 2934 ἔχουν
874 2874 1151 2934 φροντιδες
1177 2870 1466 2938 κοσμικαῖς
1500 2867 1576 2937 μὰ
1605 2868 1841 2936 φθάσουν
1876 2872 1953 2933 εἰς
1981 2872 2081 2941 τὴν
2104 2871 2415 2942 τελειότητα
2438 2873 2536 2940 τῆς
2572 2873 2770 2942 ἀρετῆς
2799 2891 2810 2903 ·
2845 2875 2937 2927 καὶ
2969 2874 3214 2945 διήγησις
3243 2877 3366 2946 περὶ

565 2981 755 3035 τούτου
795 2984 867 3045 el;
899 2986 998 3054 τὴν
1025 2985 1221 3056 ἀρχὴν,
1253 2985 1422 3039 πολλὰ
1446 2984 1718 3053 ὠφέλιμος
1749 3000 1761 3012 ·
1795 2985 1888 3038 καὶ
1911 2987 2387 3058 ἑμεταγλωττίσθη
2426 2989 2503 3052 είς
2525 2988 2584 3042 τὸ
2612 2989 2842 3054 ἁπλοῦν,
2891 2989 2977 3042 διὰ
3010 2990 3085 3059 μὰ

1337 3100 1394 3151 τὸ
1439 3098 1836 3172 καταλαμϐάνῃ
1878 3100 1998 3154 κᾶθ’
2037 3101 2162 3165 ’ἕνας
2219 3103 2314 3172 (α).

303 3402 544 3470 Ἀδελφοὶ
594 3419 694 3470 μου
724 3402 1102 3471 περιπόθητοι,
1139 3405 1233 3457 καὶ
1286 3407 1544 3477 Πατέρες,
1612 3407 1782 3460 πολλὰ
1813 3411 1853 3462 Β
1884 3404 1980 3480 τὴν
2012 3403 2355 3473 εὑρίσκομεν.
2394 3404 2607 3473 Ἐπειδὴ
2636 3407 2726 3456 καὶ
2770 3407 2801 3474 ἡ
2830 3405 3007 3469 πίστις
3034 3403 3429 3475 εἷναιχάρισμα

215 3493 384 3547 καλὸν
419 3494 512 3546 καὶ
539 3492 1026 3560 ψυχωφελέστατον
1062 3497 1289 3566 πρᾶγμα
1343 3493 1501 3561 εἶναι,
1561 3499 1626 3552 νά
1681 3516 1810 3567 κη--

215 3586 505 3656 ρύττωμεν
565 3586 644 3646 εἰς
687 3585 840 3646 ὅλους
887 3586 1082 3648 κοινῶς
1136 3587 1196 3640 τὸ
1257 3589 1398 3658 μέγα
1439 3592 1532 3643 καὶ
1555 3592 1777 3661 ἄπειρον

213 3675 364 3737 ἔλεος
393 3674 484 3726 τοῦ
513 3675 824 3743 παναγάϐου
880 3676 971 3727 καὶ
1005 3677 1291 3730 πολυελέου
1322 3679 1458 3733 Θεοῦ
1488 3682 1518 3749 ή
1529 3681 1665 3749 μῶν,
1685 3683 1776 3734 καὶ

214 3763 280 3817 va
322 3764 729 3833 φανερὼνωμεν,
746 3768 824 3827 είς
841 3765 992 3829 ὅλους
1018 3765 1149 3828 τοὺς.
1176 3767 1435 3835 ἀδελφούς
1491 3787 1595 3839 μας
1647 3772 1783 3840 Χρι-

216 3857 470 3918 στιανοὺς
495 3855 556 3907 τὸ
583 3856 985 3925 ἀνεξιχνίαστον
1002 3857 1234 3924 πέλαγος
1250 3858 1349 3926 τῆς
1378 3858 1777 3929 εὐσπλαγχνίας

213 3944 432 4012 καὶτῆς
474 3945 802 4011 ἀγαθότητος
824 3944 916 3998 τοῦ
949 3944 1083 3997 Θεοῦ
1132 3947 1267 4000 ὀποῦ
1327 3948 1440 4017 ἔχει
1481 3951 1559 4014 είς
1604 3953 1772 4021 ἡμᾶς.

225 4032 369 4102 Ἐγὼ
395 4031 599 4095 λοιπόν,
625 4031 802 4096 καθὼς
853 4033 910 4084 τὸ
957 4030 1204 4101 βλέπετε,
1242 4034 1458 4102 ἀδελφοί
1502 4054 1624 4105 μου,
1684 4039 1776 4092 καὶ

213 4124 399 4186 καθὼς
437 4123 754 4194 τὸίξεύρετε
812 4123 1120 4188 καλώτατα,
1160 4127 1298 4194 μήτε
1347 4127 1597 4196 νηστείας
1645 4129 1772 4182 πολ-

211 4209 313 4274 λὰς
341 4212 432 4262 καὶ
459 4211 820 4279 ὑπερδολικὰς
855 4211 1058 4281 ἔκαμα,
1085 4214 1220 4281 μήτε
1279 4212 1606 4283 ἀγρυπνίας,
1636 4219 1769 4285 μήτε

211 4301 615 4371 χαμαικοιτίας,
649 4301 782 4353 ἀλλὰ
814 4302 952 4370 μήτε
983 4301 1168 4363 ἄλλαις
1206 4305 1534 4374 παρόμοιαις
1569 4308 1772 4376 σκληρ-

208 4390 481 4460 αγωγίαις
521 4390 617 4442 τοῦ
685 4388 931 4457 σώματος
981 4389 1378 4460 ὑπερϐολικαῖς,
1425 4393 1557 4446 ἀλλὰ
1602 4395 1770 4464 ἐγνώ-
1819 4439 1828 4446 .

215 4499 345 4552 ρισα
372 4482 470 4548 τὴν
497 4480 826 4550 ἀναξιότητά
858 4497 980 4550 μου,
1043 4481 1416 4551 ὲστοχάσθηκα
1461 4484 1558 4548 τὰς
1591 4486 1768 4558 ἁμαρ-

207 4574 334 4635 τίας
366 4589 487 4641 μου,
529 4573 908 4642 ὲκατηγόρησα
936 4571 1027 4624 τὸν
1081 4572 1270 4625 ἑαυτόν
1318 4591 1443 4643 μου,
1503 4577 1597 4627 καὶ
1643 4579 1768 4630 ἐτα-

1892 3491 1973 3542 ςοῦ
2005 3493 2316 3560 παναγάθου
2345 3492 2478 3546 Θεοῦ
2506 3497 2636 3548 ὀποῦ
2681 3498 2782 3564 μᾶς
2806 3500 2864 3549 τὸ
2897 3499 3114 3568 ὲχάρισε
3137 3502 3336 3567 φυσικὰ
3367 3501 3430 3553 vi

1881 3581 1941 3633 τὸ
1965 3581 2174 3651 ἔχωμεν
2203 3586 2280 3646 είς
2309 3583 2406 3653 τὴν
2433 3586 2747 3654 προαίρεσεν
2806 3605 2930 3656 μας,
2965 3591 3056 3642 καὶ
3089 3591 3213 3641 ὅταν
3266 3590 3427 3642 Θέλω-

1883 3682 1978 3733 μεν
2007 3666 2074 3718 νὰ
2093 3665 2154 3719 τδ
2184 3665 2412 3734 ἔχωμεν.
2449 3667 2545 3720 Διά
2579 3667 2733 3721 τοῦτο
2755 3670 3018 3739 βλέπομεν
3054 3675 3190 3727 ὀποῦ
3255 3673 3345 3730 καὶ
3384 3673 3430 3728 οἱ

1879 3755 2133 3825 Τάταροι,
2166 3757 2258 3808 καὶ
2279 3757 2325 3808 oi
2363 3755 2621 3827 βάρϐαροι
2655 3762 2740 3810 καὶ
2772 3761 2866 3813 ὅλα
2894 3761 2960 3814 τὰ
2993 3763 3116 3832 ἔθνη
3156 3766 3312 3834 ἔχουν
3334 3787 3430 3833 φυ-

1880 3845 2006 3897 σικὰ
2040 3846 2138 3914 τὴν
2161 3845 2361 3907 πίστιν,
2389 3847 2480 3898 καὶ
2514 3848 2759 3898 πιστεύει
2800 3849 2827 3899 ὅ
2859 3848 2982 3910 Eva;
3008 3853 3084 3912 εἰς
3135 3853 3227 3906 τοῦ
3263 3856 3421 3907 alia»

1877 3935 1943 3988 τὰ
1968 3935 2142 4002 λόγια,
2175 3936 2268 3988 καὶ
2287 3936 2526 4005 δείχνουν
2559 3937 2740 3990 πίστιν
2765 3939 3071 4008 ἀναμεταξύ
3127 3961 3269 4007 τους.
3323 3947 3428 3998 Καὶ

1875 4026 1962 4078 διὰ
2013 4026 2078 4078 νὰ
2126 4027 2222 4088 σᾶς
2258 4025 2521 4090 ἀποδείξω
2578 4028 2763 4081 ὲτοῦτο
2827 4030 2960 4082 ὀποῦ
3023 4033 3163 4102 λέγω
3215 4037 3282 4104 μὲ
3333 4038 3428 4108 τὴν

1875 4116 2096 4196 πρᾶξιν,
2126 4118 2218 4170 καὶ
2248 4118 2330 4185 ὅχι
2365 4118 2431 4185 μὲ
2461 4117 2613 4184 λόγια
2663 4121 2868 4189 μοναχὰ
2889 4122 3160 4176 ἀκούσατε
3181 4127 3278 4195 τὴν
3331 4130 3426 4181 κά-

1876 4208 2043 4261 τωθεν
2065 4209 2346 4276 διήγησιν
2398 4208 2638 4272 Κᾶποιος
2683 4210 2952 4280 Γεὼργιος
3011 4213 3426 4286 ὀνομαζόμενος,

1877 4299 1991 4360 νέος
2041 4298 2208 4350 πολλὰ
2257 4301 2335 4360 είς
2369 4299 2465 4366 τὴν
2519 4299 2751 4366 ἡλικίαν,
2810 4302 2915 4364 ἓως
2972 4304 3144 4356 εἰκοσι
3199 4305 3424 4374 χρόνων,

1874 4389 2222 4442 ὲκατοικοῦσε
2252 4389 2389 4458 μέσα
2420 4392 2498 4452 εἰς
2526 4391 2622 4460 τὴν
2671 4393 3242 4447 Κωνσταντινοῦποὶιν
3273 4395 3424 4466 τώρα

1874 4482 1951 4542 είς
1981 4482 2105 4544 τοὺς
2131 4482 2354 4550 καιροὺς
2383 4481 2507 4543 τοὺς
2556 4483 2760 4544 ὲδικούς
2796 4502 2900 4552 μας
2923 4500 2935 4514 ·
2977 4486 3004 4537 ὁ
3064 4487 3241 4548 ὁποῖος
3299 4481 3429 4556 ἦτον

1873 4572 2147 4642 εὔμορφος
2197 4572 2364 4625 πολλὰ
2417 4573 2496 4634 είς
2554 4573 2651 4642 τὴν
2715 4573 2965 4643 θεωρίαν,
3020 4577 3109 4627 καὶ
3149 4575 3214 4644 μὲ
3268 4577 3428 4646 τόσην

209 4663 548 4732 πενινώθηκα,
573 4667 664 4718 καὶ
713 4667 740 4718 ό
789 4663 1294 4734 πολυεύσπλαγχνος
1341 4667 1433 4719 καὶ
1465 4667 1771 4736 πανάγαθος
1801 4676 1842 4733 C
1875 4663 2173 4730 φαντασίαν
2221 4663 2548 4734 ὲξωτερικὴν
2591 4665 3034 4733 ὲπεριπατοῦσεν,
3089 4665 3221 4718 ὀποῦ
3246 4666 3426 4718 πολλοὶ

210 4758 418 4824 Κύριος
437 4758 502 4827 μὲ
532 4760 661 4811 αὑτό
693 4775 758 4823 με
789 4757 980 4824 ἔσωσε,
1014 4756 1193 4820 καθὼς
1222 4758 1281 4810 τὸ
1319 4758 1464 4826 λέγει
1483 4761 1772 4823 καὶὁθεῐος

210 4849 380 4902 Δαὸἱδ
405 4867 416 4880 ’
457 4868 475 4899 ι
529 4836 951 4918 Ἐταπεινὼθην,
989 4852 1081 4901 καὶ
1104 4849 1275 4902 ἔσωσέ
1312 4866 1399 4918 με.
1438 4869 1455 4900 ι
1513 4851 1624 4903 Kal
1684 4851 1774 4903 διὰ

214 4942 284 4994 vi
318 4943 414 5003 σᾶς
450 4942 507 4993 τὺ
538 4943 674 4992 εἰπῶ
704 4942 770 5008 μὲ
800 4940 956 5009 ὀλίγα
997 4941 1170 5009 λόγια,
1227 4942 1518 4994 ἐπίστευσα
1567 4941 1775 5012 μοναχά

215 5031 298 5093 είς
330 5032 395 5084 τὰ
424 5030 578 5098 λόγια
600 5029 694 5082 τοῦ
721 5031 876 5092 Θεοῦ,
914 5031 1007 5081 καὶ
1041 5028 1107 5098 μὲ
1155 5027 1346 5098 ἐδέχθη
1381 5030 1408 5080 ὅ
1445 5027 1645 5096 Κύριος
1678 5030 1773 5081 καὶ

213 5119 346 5182 Θεός
391 5137 490 5188 μου
530 5120 596 5189 μὲ
643 5122 809 5191 αὐτὴν
838 5122 934 5190 τὴν
980 5120 1193 5172 πίστιν·
1243 5119 1431 5188 ἐπειδὴ
1477 5122 1570 5171 καὶ
1619 5117 1680 5170 τὺ
1707 5119 1774 5171 va

212 5213 500 5281 ἁποκτήσῃ
532 5212 683 5275 τινὰς
703 5214 801 5281 τὴν
827 5212 1169 5272 ταπείνωσιν,
1215 5211 1454 5281 εὑρίσκει
1482 5209 1652 5263 πολλὰ
1678 5212 1773 5278 ἐμ-

217 5291 378 5355 πόδία
405 5303 538 5354 ὀποῦ
569 5303 658 5355 τὸν
688 5302 1009 5370 ὲμποδίζουν
1029 5316 1042 5330 ⁸
1075 5302 1189 5372 ὰμὴ
1213 5301 1272 5352 τὸ
1302 5300 1367 5352 νὰ
1391 5299 1525 5371 εῦρη
1569 5302 1665 5371 τὴν
1685 5301 1773 5352 πί-

217 5408 336 5444 στιν
360 5392 454 5456 ttat
474 5393 538 5444 νὰ
569 5391 828 5462 πιστεύσῃ
853 5393 932 5453 είς
961 5396 1026 5446 τὰ
1057 5391 1212 5458 λόγια
1233 5391 1328 5443 τοῦ
1346 5390 1500 5466 Θεοῦ,
1521 5391 1610 5443 δὲν
1632 5389 1772 5444 εἶναι

217 5484 419 5538 κὰνένα
452 5485 704 5554 ἐμπόδιον
744 5485 876 5536 ὀποῦ
907 5484 972 5536 νεὶ
1010 5484 1100 5536 τὸν
1139 5483 1438 5554 ἑμποδίσῃ·
1493 5483 1633 5537 διατι
1677 5485 1769 5536 ἀνα

222 5572 354 5635 ίσως
382 5575 474 5626 καὶ
505 5573 817 5642 Θελήσωμεν
852 5571 914 5636 ἐξ
953 5573 1079 5640 ὅλης
1114 5590 1220 5644 μας
1249 5576 1348 5642 τῆς
1368 5572 1542 5642 ψυχῆς
1572 5567 1637 5626 va
1681 5573 1770 5624 εῦο

220 5680 412 5739 ρωμενΔ
446 5665 544 5732 τὴν
602 5665 805 5729 πίστιν,
847 5661 1124 5733 παρευθὺς
1174 5664 1344 5734 χωρὶς
1375 5664 1572 5717 κάνένα
1604 5663 1768 5716 κόπον

1871 4754 1960 4805 τὸν
1990 4749 2142 4822 εἶχαν
2175 4755 2253 4816 είς
2285 4754 2533 4822 ἀχαμνὴν
2564 4754 2848 4822 ὑπόληψιν,
2877 4756 3109 4824 μάλιστα
3157 4758 3269 4809 ὅσοι
3301 4773 3426 4809 συνο

1873 4841 2090 4912 ηθίξουν
2139 4842 2204 4896 va
2242 4843 2519 4908 κοιτάζουν
2563 4839 2719 4912 μόνον
2765 4845 2824 4897 τδ
2857 4847 3183 4916 ὲξωτερικὸν
3243 4849 3425 4917 σχῆμα

1872 4922 1965 4987 τοῦ
1989 4933 2297 5002 ἀνθρώπου,
2328 4937 2419 4987 καὶ
2446 4936 2610 5004 χωρὶς
2640 4936 2704 4988 va
2743 4935 2979 5006 ίξεύρουν
3008 4939 3075 4991 τὰ
3103 4939 3318 5009 κρυπτὰ
3334 4939 3424 4990 τοῦ

1875 5023 2007 5076 κάθε
2061 5023 2199 5088 ἑνὸς,
2251 5025 2340 5076 τὸν
2372 5026 2750 5094 κατακρίνουν,
2801 5027 2891 5079 καὶ
2940 5027 3181 5094 γίνονται
3243 5031 3424 5098 κριταὶ

1872 5115 2172 5185 ἀδιάκριτοι
2227 5117 2302 5178 εἰς
2353 5117 2473 5178 τοὺς
2529 5116 2738 5178 ἄλλους.
2793 5117 2991 5181 Τοῦτος
3030 5121 3057 5171 ὀ
3095 5119 3211 5180 νέος
3265 5121 3421 5173 ἔλαϐε

1871 5207 2172 5276 γνωριμίαν
2223 5208 2291 5276 μὲ
2354 5209 2448 5261 ἕνα
2505 5209 2732 5277 μοναχὸν
2791 5209 3087 5276 ἁγιώτατον
3141 5211 3423 5282 ἄνθρωπον

1873 5297 2006 5350 όποῦ
2038 5295 2413 5350 ὲκατοικοῦσεν
2456 5300 2534 5359 είς
2562 5298 2656 5350 ἕνα
2699 5301 3058 5369 μοναστήριον
3106 5303 3204 5370 τῆς
3260 5304 3415 5355 Κωνο

1875 5387 2378 5450 σταντινουπόλεως.
2438 5389 2531 5440 καὶ
2595 5389 3015 5456 φανερώνωντάς
3085 5408 3174 5443 του
3233 5393 3326 5444 ὅλα
3355 5393 3422 5444 τὰ

1873 5480 2088 5548 κρυπτὰ
2111 5478 2210 5547 τῆς
2239 5479 2456 5549 καρδίας
2478 5496 2569 5531 του
2602 5479 2695 5530 τοῦ
2728 5477 2878 5532 εἶπεν
2911 5481 3076 5548 ἀκόμι
3106 5483 3199 5535 καὶ
3227 5483 3308 5534 ὅτι
3330 5499 3420 5534 πο-

1876 5569 1959 5621 Θεί
1986 5569 2083 5639 τὴν
2114 5571 2383 5640 σωτηρίαν
2404 5570 2499 5640 τῆς
2533 5569 2712 5639 ψυχῆς
2757 5587 2872 5631 του,
2907 5571 2998 5623 καὶ
3027 5571 3138 5641 ἔχει
3180 5573 3420 5642 μεγάλην

1870 5660 2243 5731 ὲπιθυμίαννὰ
2291 5661 2617 5730 ἀναχωρήσῃ
2641 5662 2746 5714 ἀπὸ
2775 5660 2866 5713 τὸν
2925 5662 3144 5732 κόσμον,
3201 5663 3292 5714 καὶ
3357 5665 3420 5715 vi

280 5794 767 5862 _(a)_'l_‘ranslalionr.~m
804 5799 941 5846 istam
965 5796 1009 5846 in
1036 5796 1349 5842 vernaculum
1384 5807 1656 5844 sermonem
1677 5795 1892 5846 Graecum
1922 5801 1973 5846 ut
2003 5795 2263 5848 Latinitate
2289 5799 2580 5849 donaremus
2600 5813 2762 5862 operm
2783 5804 2990 5861 pretium
3021 5800 3118 5851 fore
3147 5816 3242 5851 non
3274 5804 3420 5854 όυιι-

222 5860 340 5903 Inus.
369 5855 502 5904 Eutr.
536 5857 677 5905 ιἈτιι.
