4136 6338
673 415 782 472 69"
1899 413 2272 468 SYMEONIS
2305 411 2648 469 JUNlURlS
3767 409 3880 463 7N7

668 535 894 587 Ιπαινον
929 533 1022 586 τοῦ
1044 533 1165 587 νίου
1197 533 1429 594 ἐκείνου,
1489 539 1583 588 καὶ
1614 540 1702 589 διὰ
1737 538 2105 607 παρακίνησιν
2127 547 2227 592 €01—
2253 545 2439 590 Λυεον
2467 551 2599 589 οτου
2635 537 2726 588 τοῦ
2753 537 2817 589 10
2845 537 3032 602 ἔδωκε,
3068 541 3158 593 καὶ
3190 531 3256 592 νά
3280 544 3520 614 γνωρίσῃ
3543 542 3875 609 101156.191:-

669 630 770 698 κήν
830 642 927 689 σας
979 624 1114 677 όποῦ
1171 625 1239 677 νὰ
1288 624 1480 694 ὲλθῆτε
1529 627 1623 678 καὶ
1678 625 1773 681 τοῦ
1834 627 2096 695 λόγουσας
2151 630 2231 690 είς
2308 643 2407 693 την
2437 620 2673 686 του’,καὶ
2706 627 2795 679 τὸν
2824 629 3190 700 καλοθελητήν
3221 647 3336 693 του,
3389 635 3482 684 καὶ
3535 633 3601 685 νά
3630 633 3718 685 τὸν
3776 648 3876 684 πο-

672 721 833 774 πόθον
915 717 1155 772 τοιοῦτον
1191 761 1204 783 ,
1280 717 1372 770 καὶ
1401 716 1468 770 νᾶ
1524 717 1616 770 τὸν
1661 719 1934 788 μιμηθῆτε
1965 761 1980 785 ,
2043 719 2128 772 διὰ
2166 723 2231 772 v51
2313 715 2477 787 θήσῃ,
2513 717 2605 769 καὶ
2629 717 2693 768 νὰ
2710 717 2799 769 τὸν
2840 718 3228 790 εὐχαριστήσῃ,
3273 721 3364 773 καὶ
3400 722 3465 790 μὲ
3521 723 3874 794 εὐχαριστίαν

670 812 936 882 ἀξιωθῆτε
1002 811 1070 864 νά
1142 809 1336 863 λάϐετε
1407 811 1715 881 παρόμοιαν
1769 813 1928 883 χάριν
1987 812 2092 864 ἀπὸ
2143 813 2234 864 τὸν
2310 805 2490 874 λόγου,
2528 808 2619 876 καὶ
2644 807 2710 877 με
2741 809 3088 878 εὐχαριστίαν
3110 810 3414 880 θεαρέστων
3464 812 3736 882 πράξεων,
3779 815 3874 866 καὶ

673 904 822 960 θεόν.
859 904 928 956 Ἣ
968 901 1150 955 θέλετε
1180 901 1248 955 vi
1271 902 1369 964 σᾶς
1398 903 1539 955 εἰπῶ
1585 903 1677 956 καὶ
1710 903 1842 956 ἀλλα
1890 903 2235 974 μεγαλήτερα
2311 896 2424 961 ἔτζι
2456 897 2524 951 νά
2554 897 2755 968 ἀξιωθῇ
2785 900 2850 951 νά
2875 900 3013 971 λάϐῃ
3038 899 3132 954 καὶ
3179 901 3366 965 ἀλλαις
3397 903 3743 973 εὐεργεσίαις
3767 905 3874 957 ἀπὸ

674 995 779 1047 ἀπὸ
812 992 950 1047 αὐτά
978 990 1112 1044 ὀποῦ
1146 991 1247 1053 σᾶς
1276 986 1441 1054 εἴπας
1482 991 1668 1060 Ὅμως
1700 991 1751 1043 τί
1785 990 1910 1043 ἀλλο
1965 987 2102 1044 εἶναι
2138 1009 2235 1061 με·
2311 988 2402 1043 τὸν
2432 989 2586 1053 Θεὸν,
2623 981 3072 1062 καὶ’χαρίσματα
3121 995 3466 1064 μεγαλῄτερα
3514 997 3606 1048 καὶ
3654 995 3871 1050 αἰώνια.

675 1084 974 1154 γαλήτερον
1001 1082 1106 1136 ἀπὸ
1137 1076 1233 1134 τὸν
1250 1080 1414 1150 φόϐον
1458 1080 1552 1133 τοῦ
1589 1081 1721 1133 Θεοῦ
1745 1121 1759 1145 ,
1812 1081 1994 1141 καθὼς
2015 1081 2163 1149 λέγει
2210 1082 2237 1135 0
2323 1081 2482 1134 Ἀλλά
2511 1082 2690 1152 ἡμεῖς,
2721 1083 3024 1151 ἀλήμονονί
3059 1085 3296 1148 τελείως,
3325 1086 3411 1137 δὲν
3452 1088 3866 1158 ὲγνοιαζόμεσθε

675 1175 933 1243 Θεολόγος
961 1173 1296 1244 Γρηγόριοςς
1330 1171 1446 1235 πῶς
1474 1172 1671 1242 δηλαδὴ
1704 1173 1737 1242 ἡ
1768 1173 1909 1242 ἀρχὴ
1928 1172 2028 1241 τῆς
2051 1174 2238 1240 σοφίας
2311 1173 2399 1226 διὰ
2421 1175 2604 1228 ἐκεῖνα
2635 1175 2704 1227 τά
2738 1174 3016 1243 μέλλοντα,
3073 1165 3231 1244 μόνοι)
3259 1177 3475 1247 είμεσθε
3515 1179 3764 1250 δοσμὲνοι
3793 1182 3874 1240 είς

675 1262 816 1320 εἶναι
835 1268 864 1320 0
895 1267 1060 1337 φόϐας
1094 1265 1188 1320 τοῦ
1218 1265 1353 1320 Θεοῦ
1377 1283 1390 1330 ;
1414 1267 1567 1319 Διατὶ
1598 1268 1713 1319 ἐκεῖ
1747 1265 1878 1318 ὀποῦ
1909 1262 2047 1320 εἶναι
2085 1268 2112 1320 0
2143 1267 2240 1335 φό-
2313 1263 2381 1316 10
2413 1264 2680 1333 παρόντα,
2704 1266 2798 1317 καὶ
2827 1265 2914 1317 διὰ
2944 1267 3126 1318 ἐκεῖνα
3159 1268 3539 1337 φροντίζομεν,
3574 1273 3667 1322 καὶ
3687 1272 3876 1338 ἐπιμε-

676 1357 767 1419 ϐος
825 1358 918 1410 τοῦ
976 1357 1134 1422 Θεοῦ,
1189 1358 1306 1410 ἐκεῖ
1351 1352 1492 1408 εἶναι
1548 1356 1642 1409 καὶ
1721 1355 1941 1423 φύλαξις
2006 1356 2110 1409 τῶν
2158 1357 2245 1411 ἐν·
2314 1353 2553 1424 λούμεθα
2574 1353 2690 1417 πῶς
2721 1353 2785 1407 νά
2808 1353 2875 1408 τά
2899 1355 3318 1426 ἀποκτήσωμεν,
3343 1357 3459 1420 πῶς
3493 1359 3558 1413 v0
3593 1360 3661 1412 τὰ
3683 1375 3876 1430 περισ-

679 1449 879 1503 τολῶν·
929 1450 1024 1502 καὶ
1067 1451 1201 1502 ὅπου
1249 1444 1390 1502 εἶναι
1452 1449 1487 1516 ὴ
1536 1446 1760 1515 φύλαξις
1801 1448 1908 1500 τῶν
1959 1446 2189 1501 ἐντολῶν
2224 1463 2238 1477 ο
2319 1443 2622 1514 σεύσωμεν,
2655 1446 2750 1498 καὶ
2778 1445 2865 1497 διὰ
2888 1447 3094 1499 ἐκεῖνον
3123 1448 3256 1499 ὀποῦ
3291 1451 3396 1517 μᾶς
3424 1449 3492 1501 τά
3539 1450 3876 1504 0010111110710-

681 1543 800 1594 ὲκεῖ
832 1536 970 1593 εἶναι
1007 1541 1035 1593 0
1070 1539 1413 1610 καθαρισμὸς
1467 1539 1567 1608 τῆς
1596 1538 1814 1609 σαρκὸς,
1860 1537 1892 1609 ἡ
1921 1540 2078 1593 ὁποία
2109 1534 2246 1592 εἶναι
2283 1593 2287 1602 ,
2318 1536 2444 1588 τελα
2465 1538 2550 1590 δὲν
2578 1539 2684 1607 μᾶς
2709 1537 2998 1603 ὲγνοιάζει,
3038 1540 3152 1608 ἀμὴ
3184 1541 3478 1617 ,δείχνομεν
3505 1545 3597 1595 καὶ
3631 1544 3877 1612 μεγάλην

681 1630 778 1684 ενα
808 1631 954 1701 παχὺ
988 1632 1254 1700 σὸγνεφον
1281 1630 1492 1700 ἐμπρδς
1528 1633 1608 1694 εἱς
1661 1632 1759 1699 τὴν
1780 1628 1978 1701 ψυχὴν,
2035 1629 2126 1683 καὶ
2159 1629 2247 1681 δὲν
2320 1627 2638 1697 ἀχαριστίαν
2680 1628 2760 1690 είς
2787 1629 2968 1693 αὐτὸν,
3000 1631 3093 1681 καὶ
3120 1631 3382 1699 γινόμεθα
3449 1633 3740 1702 παρόμοιοι
3809 1638 3876 1706 μὲ

683 1719 779 1789 τὴν
802 1721 983 1787 ἀφίνει
1005 1719 1072 1772 νά
1098 1720 1178 1789 ίδῇ
1209 1719 1487 1787 παστρικά
1537 1719 1634 1788 τὴν
1666 1717 1870 1788 λάμψιν
1901 1718 2001 1787 τὴν
2038 1717 2244 1786 θεῖκὴν.
2320 1718 2445 1779 106;
2474 1717 2754 1786 δαίμονας,
2790 1716 2822 1786 ἢ
2855 1720 2949 1770 καὶ
2975 1719 3298 1789 χειρότεροι,
3345 1720 3407 1772 ἀν
3436 1723 3620 1793 πρέπῃ
3644 1723 3708 1776 νὰ
3741 1725 3878 1776 είπῶ

683 1813 791 1865 Καὶ
819 1812 979 1865 πάλιν
1009 1814 1123 1864 ἐκεῖ
1144 1810 1276 1864 όποῦ
1329 1804 1468 1862 εἶναι
1500 1809 1839 1880 καθαρισμὸς
1882 1809 1980 1880 τῆς
2012 1807 2244 1876 σαρκὸς,
2270 1805 2419 1881 Βτὴν
2456 1806 2734 1876 ἀλήθειαν.
2770 1809 2877 1861 Καὶ
2910 1808 2996 1860 ’ὀιά
3043 1807 3198 1860 τοῦτο
3258 1811 3456 1877 πρέπει
3512 1811 3580 1862 v0
3639 1829 3881 1882 τιμωρη-

684 1905 800 1957 ἑκεῐ
828 1897 966 1955 εἶναι
991 1901 1252 1970 ἐλλαμψις
1282 1901 1436 1981 θεῖκή
1467 1918 1479 1930 ·
1505 1901 1600 1955 καὶ
1621 1900 1754 1955 ὅπου
1789 1895 1932 1954 εῖναι
1983 1901 2015 1969 ἠ
2047 1898 2247 1968 ἔλλαμ-
2325 1901 2526 1970 θοῦμεν
2551 1901 2644 1952 καὶ
2697 1901 3084 1971 περισσότερον
3135 1900 3240 1953 ἀπὸ
3283 1903 3544 1968 ἐκείνους,
3597 1904 3736 1956 διατ“ι
3789 1905 3881 1956 καὶ

684 1995 777 2063 ψις
817 1994 1053 2064 ὴθεῖκὴ,
1079 1995 1197 2045 ἐκεῖ
1219 1989 1356 2046 εἶναι
1401 1994 1433 2061 ἡ
1475 1991 1747 2055 τελείωσις
1797 1991 1889 2044 τοῦ
1926 1991 2105 2044 θεῖκοῦ
2156 1991 2249 2042 πό-

686 2085 802 2137 θου.
841 2083 1004 2135 ’Ὥστε
1054 2082 1186 2135 ὀποῦ
1233 2085 1265 2152 η
1327 2080 1651 2151 ἔλλαμψιςὴ
1703 2079 1858 2150 θεῖκὴ
1910 2081 2002 2133 καὶ
2033 2083 2059 2132 0
2091 2096 2250 2146 φωτι-

687 2176 823 2243 σμὸς
869 2173 962 2228 τοῦ
1020 2173 1176 2242 ἁγίου
1226 2171 1538 2243 Πνεύματος
1588 2168 1726 2225 εἶναι
1750 2172 1901 2234 τέλος
1933 2173 2250 2225 ἀτελείωτον

687 2265 822 2320 κάθε
851 2265 1072 2337 ἀρετῆς,
1103 2265 1195 2318 καὶ
1215 2266 1397 2328 ὃποιος
1427 2263 1555 2336 ἔλθῃ
1581 2265 1659 2326 εἰς
1692 2263 1822 2315 αὐτὸ
1851 2264 1911 2315 τὸ
1940 2262 2111 2325 τέλος,
2131 2264 2248 2315 ἐτε-

687 2358 912 2410 λείωσεν
939 2358 1033 2410 ὅλα
1052 2356 1121 2410 τὰ
1149 2355 1402 2427 αίσθητά,
1454 2358 1546 2409 καὶ
1567 2355 1756 2426 ἀρχισε
1801 2353 1868 2408 νά
1913 2354 2128 2424 ἔρχεται
2173 2357 2251 2416 εἰς

687 2451 786 2519 τὴν
815 2451 1013 2517 γνῶσιν
1040 2449 1147 2502 τῶν
1178 2447 1589 2517 πνευματικῶν.

757 2540 908 2594 Αὐτά
936 2537 1098 2603 εἶναι,
1129 2539 1346 2607 ἀδελφοί
1381 2556 1505 2608 μου,
1542 2537 1612 2590 10
1643 2537 1919 2604 θαυμάσια
1951 2535 2040 2588 τοῦ
2095 2535 2250 2602 ἀγίου

689 2627 846 2681 Θεοῦ.
884 2627 981 2679 Διά
1020 2626 1176 2679 τοῦτο
1209 2625 1508 2696 φανερὼνει
1541 2627 1569 2677 0
1623 2625 1896 2692 πάνσοφος
1951 2623 2082 2684 Θεὸς
2126 2621 2250 2682 106;

691 2720 968 2789 κρυπτοὺς
1024 2719 1212 2786 ἁγίους
1271 2735 1384 2780 του,
1451 2717 1483 2785 ἢ
1517 2717 1604 2770 διὰ
1632 2716 1700 2768 v0
1727 2718 1848 2776 106;
1882 2713 2151 2783 μιμηθοῦν
2201 2713 2250 2764 οί

688 2811 858 2875 ἄλλοι,
908 2811 1001 2863 καὶ
1037 2810 1102 2864 νά
1141 2807 1592 2879 μεταχειρισθοῦν
1653 2810 1746 2859 καὶ
1791 2805 1946 2858 αὐτοὶ
1978 2806 2077 2873 τὴν
2107 2805 2252 2855 πολι-

690 2901 842 2953 τείαν
895 2917 1040 2962 τους.
1110 2899 1142 2970 ἢ
1182 2898 1247 2952 ἂν
1292 2897 1381 2950 δὲν
1416 2899 1539 2958 106;
1602 2895 1894 2966 μιμῃθοῦν,
1936 2894 2001 2947 νά
2039 2893 2254 2964 μείνουν

689 2992 1112 3063 ἀναπολόγητοι,
1147 2991 1240 3044 καὶ
1268 2990 1331 3042 v0
1385 2989 1673 3060 μὴνέχουν
1693 2987 1942 3057 κάμμίαν
1986 2987 2254 3056 πρόφασιν

689 3088 756 3140 νά
781 3084 989 3138 είποῦν.
1015 3083 1168 3136 Διατὶ
1196 3082 1292 3136 καὶ
1316 3082 1512 3134 ἐκεῖνοι
1545 3080 1679 3132 ὀποῦ
1727 3081 2070 3148 εὑρίσκονται
2113 3079 2254 3147 μέσα

691 3180 771 3242 εἰς
823 3177 949 3240 106;
995 3176 1410 3244 περισπασμοὺς
1471 3173 1564 3226 καὶ
1615 3171 2122 3242 ταραχάςράινίσως
2159 3169 2254 3222 καὶ

694 3267 1082 3320 πολιτεύωνται
1114 3263 1297 3327 καθὼς
1346 3262 1568 3334 πρέπει,
1626 3259 1906 3327 σὼνονται,
1961 3261 2054 3314 καὶ
2093 3259 2255 3326 ἀξιῶ-

693 3378 873 3414 νονται
913 3360 979 3413 νά
1003 3358 1200 3413 λάϐουν
1229 3356 1339 3412 ἀπὸ
1365 3357 1455 3409 τὸν
1501 3356 1633 3409 Θεὸν
1683 3355 1891 3425 μεγάλα
1944 3353 2104 3411 καλὰ.
2166 3353 2256 3406 διὰ

698 3453 938 3523 μοναχὴν
969 3453 1068 3522 τὴν
1127 3452 1310 3504 πίστιν
1357 3448 1492 3502 ὀποῦ
1555 3448 1712 3516 ἔχουν
1744 3450 1822 3509 εἰς
1857 3446 2037 3499 αὐτόν.
2060 3445 2256 3498 Λοιπὸν

695 3543 972 3614 λυπηθῆτε
1000 3542 1096 3613 τὴν
1126 3542 1306 3610 ψυχήν
1341 3557 1439 3602 σας
1502 3538 1740 3606 ἀδελφοὶ,
1783 3537 1875 3589 καὶ
1939 3535 2259 3588 πιστεύσετε

698 3637 765 3706 μὲ
789 3635 916 3704 ὃλην
942 3651 1040 3696 σας
1068 3634 1166 3705 τὴν
1199 3631 1424 3701 καρδίαν
1460 3629 1794 3690 ἁδισιάκτως
1825 3627 1902 3690 είς
1940 3626 2027 3678 τὸν
2057 3623 2257 3692 Κύριόν

698 3741 826 3794 μας,
862 3723 956 3777 καὶ
989 3725 1065 3788 εις
1097 3724 1165 3774 τὰ
1192 3721 1350 3790 λόγιά
1377 3738 1494 3783 του,
1539 3721 1630 3772 καὶ
1665 3720 1930 3790 μισήσατε
1971 3715 2160 3769 ὲτοῦτα
2192 3715 2259 3767 τὰ

698 3815 931 3886 ψεύτικα
971 3816 1274 3887 πράγματα
1296 3813 1390 3866 τοῦ
1419 3813 1652 3881 κόσμου,
1685 3812 1775 3862 καὶ
1806 3809 2043 3880 ἀφήσετέ
2071 3824 2159 3868 τα,
2184 3804 2259 3868 ῶς

705 3907 1016 3974 προσωρινά
1045 3904 1176 3956 ὀποῦ
1200 3900 1357 3966 εἶναι,
1401 3904 1490 3953 καὶ
1531 3899 1853 3970 προσέλθετε
1887 3898 1965 3960 είς
1992 3896 2082 3950 τὸν
2098 3895 2254 3956 Θεὸν,

702 3994 798 4045 καὶ
827 3992 1266 4063 προσκολληθῆτε
1297 3991 1362 4062 μὲ
1385 3991 1569 4044 αὐτόν.
1603 3991 1756 4042 Διατὶ
1788 3990 1956 4060 χωρὶς
1983 3990 2073 4042 τὸν
2125 3988 2258 4041 Θεὸν

705 4085 794 4135 δὲν
839 4079 980 4136 εἶναι
1002 4083 1218 4144 τίποτες
1255 4084 1334 4145 είς
1362 4081 1453 4134 τὸν
1485 4081 1846 4148 κόσμον.”ολα
1870 4083 1937 4133 τὰ
1965 4076 2262 4150 πράγματα

707 4170 844 4227 εἶναι
874 4174 1044 4235 οὐδὲν,
1076 4174 1201 4226 ὅταν
1224 4173 1385 4244 λείπῃ
1410 4176 1436 4225 0
1470 4172 1620 4234 Θεός.
1651 4173 1746 4225 Διά
1775 4171 1928 4224 τοῦτο
1960 4172 2151 4230 κλαίω.
2173 4171 2268 4223 καὶ

708 4264 910 4335 θρηνῶ,
942 4265 1035 4316 καὶ
1068 4263 1340 4333 λυποῦμαι
1372 4263 1723 4334 ὑπερϐολικά,
1777 4265 1905 4316 ὅταν
1935 4261 2266 4329 συλλογισθὼ

709 4356 828 4418 πῶς
851 4355 1044 4425 ἔχομεν
1071 4355 1274 4408 τέτοιον
1301 4355 1561 4423 αὐθέντην
1600 4355 1993 4422 πλουσιόδωρον
2032 4354 2123 4406 καὶ
2153 4351 2267 4421 φιλ-

709 4446 1017 4514 άνθρωπον,
1048 4444 1181 4498 ὀποῦ
1237 4445 1324 4498 διὰ
1373 4447 1539 4515 μόνην
1574 4446 1668 4516 τὴν
1700 4445 1880 4497 πίστιν
1902 4444 2036 4497 ὀποῦ
2069 4444 2272 4514 δείχνο-

713 4553 813 4603 μεν
841 4537 920 4598 εἰς
945 4538 1069 4597 τοὺς
1095 4535 1284 4604 λόγους
1309 4553 1422 4599 του,
1448 4538 1542 4590 καὶ
1582 4540 1660 4599 είς
1703 4536 1799 4598 τὰς
1830 4536 2150 4604 ὑποσχέσεις
2180 4552 2270 4586 του

714 4627 781 4692 με
824 4626 920 4696 τὴν
967 4628 1184 4695 πρᾶξιν,
1219 4630 1322 4698 μᾶς
1352 4629 1563 4698 χαρίζει
1614 4629 1794 4680 τέτοια
1821 4630 2152 4697 χαρίσματα,
2179 4645 2274 4678 κα-

713 4713 818 4774 θὼς
846 4716 914 4766 10
939 4715 1273 4786 ὴκούσαμεν,
1309 4718 1401 4769 καὶ
1426 4718 1493 4770 τὰ
1527 4718 1766 4786 εἴδαμεν.
1798 4717 1906 4770 Καὶ
1927 4719 2089 4785 ἡμεῖς
2110 4717 2274 4768 ἀσυλ-

712 4803 930 4870 λόγιστα
950 4806 1096 4858 ὼσάν
1111 4806 1177 4858 τά
1192 4807 1357 4874 ἄλογα
1380 4808 1492 4871 ζῶα
1511 4808 1860 4878 προτιμῶμεν
1896 4806 2091 4875 καλήτε
2103 4825 2169 4876 pa.
2184 4807 2279 4876 τὴν

715 4895 838 4961 γῆν,
862 4896 954 4947 καὶ
977 4897 1044 4948 10
1084 4897 1244 4967 γήϊνα
1267 4899 1358 4949 καὶ
1392 4897 1606 4966 φθαρτὰ
1640 4899 1959 4967 πράγματα,
1979 4897 2044 4949 τά
2060 4896 2216 4948 ὁποία
2253 4899 2278 4948 ὁ

715 4985 1024 5052 πανάγαθος
1044 4987 1174 5048 Θεὸς
1197 4986 1286 5039 διὰ
1325 4990 1420 5058 τὴν
1439 4989 1614 5058 ἄκραν
1631 5005 1723 5038 του
1754 4984 2152 5054 εὐσπλαγχνίαν
2175 4989 2280 5055 μᾶς

715 5077 784 5128 10
808 5075 1392 5148 δίδειπλουσιοπάροχα
1425 5078 1508 5131 διὰ
1536 5080 1634 5146 τὴν
1661 5080 1849 5148 χρείαν
1882 5078 1975 5130 τοῦ
2013 5078 2278 5147 σώματος,

713 5167 801 5220 διὰ
827 5168 890 5219 v0
906 5167 1228 5238 κυϐερνᾶται
1251 5169 1356 5238 ἀπὸ
1372 5169 1508 5222 αὐτά
1537 5171 1751 5240 μέτρια,
1771 5151 1872 5223 ὅσα
1888 5168 1978 5220 106
1997 5165 2134 5222 εἶναι
2154 5171 2281 5222 ἀνα-

717 5261 882 5322 γκαῖα
898 5258 986 5311 010
1015 5260 1079 5313 v0
1092 5258 1179 5329 ζῇ.
1199 5262 1355 5332 Καὶὴ
1392 5261 1537 5331 ψυχὴ
1553 5264 1618 5315 νά
1641 5261 1745 5332 μὴν
1763 5263 1860 5332 ἔχῃ
1888 5262 2084 5313 κάνένα
2112 5261 2281 5331 ἐμπό-

717 5348 847 5409 διον,
871 5350 1002 5403 ἀλλά
1035 5351 1099 5404 νά
1123 5353 1219 5422 ἔχῃ
1239 5353 1336 5423 τὴν
1368 5353 1550 5423 ὲδικήν
1575 5370 1670 5421 της
1690 5353 2030 5420 ἔγνοιαν,καὶ
2056 5352 2280 5404 110110711-

720 5441 934 5494 τεύεται
969 5445 1061 5496 καὶ
1091 5445 1227 5516 αὐτὴ
1256 5445 1438 5506 καθὼς
1489 5446 1710 5515 πρέπει,
1762 5446 1854 5497 καὶ
1897 5445 1961 5496 νά
2029 5445 2283 5514 τρέφεται

723 5533 817 5586 1107.
853 5534 989 5604 αὐτὴ
1017 5537 1082 5606 με
1135 5537 1232 5604 τὴν
1271 5536 1466 5606 νοεράν
1512 5539 1742 5606 τροφὴν,
1773 5538 1864 5588 καὶ
1907 5536 1973 5604 μὲ
2006 5535 2102 5604 τὴν
2127 5535 2282 5604 χάριν

723 5623 816 5676 τοῦ
854 5626 1007 5692 ἀγίου
1061 5626 1394 5697 Πνεύματος.
1446 5630 1595 5679 Διατὶ
1621 5630 1647 5682 0
1675 5628 1954 5696 ἄνθρωπος
2000 5626 2086 5678 διὰ
2129 5620 2285 5677 τοῦτο

725 5716 902 5782 ἔγινεν
955 5703 1032 5779 είς
1066 5719 1155 5772 τὸν
1209 5718 1412 5786 κόσμον
1433 5718 1648 5780 τοῦτον,
1686 5717 1786 5770 ’δια
1816 5721 1879 5772 νά
1909 5720 2044 5792 ε’ύρῃ
2107 5721 2284 5786 αἰτίαν

727 5808 833 5862 ἀπὸ
894 5808 1085 5864 ὲτοῦτα
1147 5810 1216 5863 τὰ
1252 5813 1490 5879 κοσμικὰ
1542 5812 1845 5882 πράγματα
1871 5813 1930 5868 νᾶ
1963 5812 2158 5881 δοξάσῃ
2195 5811 2282 5863 τὸν

2327 1991 2734 2062 περισσότεραις
2758 1992 3103 2062 εὐεργεσίαις
3156 1993 3451 2061 ὲλάϐαμεν.
3517 1994 3736 2063 Ἐπειδὴ
3791 1998 3882 2047 καὶ

2328 2087 2488 2153 ἡμεῖς
2514 2083 2887 2154 ἐγεννήθημεν
2921 2084 3255 2151 Χριστιανοὶ,
3283 2083 3552 2154 ὲλάϐαμεν
3597 2086 3727 2150 τόσα
3785 2104 3883 2154 μυο

2327 2177 2543 2244 στήρια,
2577 2174 2711 2227 τόσα
2739 2173 3050 2242 χαρίσματα
3098 2174 3460 2242 πνευματικὰ,
3499 2176 3591 2227 καὶ
3637 2175 3884 2227 πιστεύο-

2330 2287 2429 2336 μεν
2459 2267 2557 2320 ἓνα
2588 2265 2720 2319 Θεὸν
2747 2264 2886 2318 ὀποῦ
2941 2267 3087 2332 ἑγινε
3145 2265 3232 2318 διά
3266 2267 3411 2334 ἡμᾶς
3443 2266 3744 2336 ἄνθρωπος,
3793 2270 3883 2319 καὶ

2329 2358 2495 2412 ἔπαθε
2536 2358 2669 2410 τόσα
2737 2356 2964 2426 βάσανα,
3015 2357 3110 2408 καὶ
3177 2356 3324 2419 τέλος
3385 2359 3600 2410 πάντων
3661 2358 3876 2410 θάνατοι

2331 2449 2622 2521 σταυρικὸν
2655 2449 2742 2502 διὰ
2772 2449 2836 2500 νά
2865 2451 2970 2518 μᾶς
3008 2447 3346 2519 ἐλευθερώσῃ
3385 2451 3492 2502 ἀπὸ
3537 2450 3633 2519 τὴν
3680 2451 3871 2518 πλάνη*-

2329 2540 2422 2593 τοῦ
2466 2541 2737 2602 διαϐόλου,
2788 2539 2883 2590 καὶ
2925 2540 3031 2590 ἀπὸ
3088 2538 3185 2607 τὴν
3222 2539 3511 2609 ἁμαρτίαν.
3545 2542 3654 2594 Καὶ
3689 2543 3754 2610 μὲ
3793 2542 3872 2594 ὂλε

2331 2631 2502 2685 ταῦτα
2526 2631 2614 2684 τὸν
2633 2629 2959 2700 πιστεύομεν
2983 2629 3049 2697 μὲ
3077 2628 3146 2682 τὰ
3169 2629 3324 2696 λόγια
3385 2632 3612 2700 μοναχά,
3673 2635 3766 2684 καὶ
3825 2634 3874 2701 μὶ

2333 2726 2403 2778 τὰ
2440 2725 2580 2794 ἔργα
2610 2741 2717 2792 μας
2755 2722 2845 2774 τὸν
2867 2720 3176 2792 ἀρνούμεθα
3205 2706 3440 2782 τελείως.

2405 2816 2502 2867 Δὲν
2528 2815 2856 2884 κηρύττεται
2884 2813 2943 2864 τὸ
2965 2812 3133 2880 ὄνομα
3154 2810 3244 2865 106
3272 2809 3504 2880 Χριστοῦ
3531 2811 3629 2879 τὴν
3659 2813 3880 2883 σήμερον.

2333 2909 2571 2972 ὀλοῦθεν,
2593 2906 2704 2978 ,καὶ
2735 2907 2813 2968 είς
2841 2906 2963 2966 ταῖς
2995 2903 3290 2966 πολιτείαις
3317 2944 3332 2966 ,
3367 2904 3459 2956 καὶ
3493 2905 3573 2965 εἰς
3611 2907 3679 2956 τὰ
3721 2907 3886 2973 χωρία

2337 3003 2429 3055 καὶ
2477 3002 2555 3062 εἰς
2600 3000 2666 3052 10
2703 2999 3060 3067 μοναστήρια,
3102 2995 3195 3047 καὶ
3243 2997 3320 3056 είς
3347 2994 3445 3056 τὰς
3479 2996 3748 3064 ἐρημίας;
3783 2997 3889 3058 Μὰ,

2339 3095 2402 3146 ἂν
2436 3091 2653 3160 ἀγαπᾷς
2674 3129 2686 3149 ,
2720 3088 2933 3152 ἐξέταξε
2979 3082 3221 3154 ἀκριϐῶς
3254 3079 3319 3136 v0
3361 3083 3540 3156 μάθῃς
3569 3086 3724 3139 πόσοι
3765 3088 3886 3156 Χρι-

2341 3179 2542 3234 στιανοὶ
2594 3179 2892 3245 φυλάττουν
2924 3175 3021 3237 τὰς
3052 3173 3270 3235 ἐντολάς
3299 3185 3414 3225 του’
3466 3173 3562 3226 καὶ
3603 3173 3740 3243 μετά
3777 3173 3886 3242 βίας

2340 3272 2587 3336 ἀνάμεσα
2631 3270 2710 3330 είς
2741 3268 2929 3330 τόσους
2955 3265 3126 3328 θέλεις
3157 3265 3292 3335 ε’ὐρῃ
3319 3264 3446 3317 ἓναν
3478 3262 3610 3317 ὀποῦ
3645 3264 3712 3317 νά
3761 3261 3887 3316 εἶναι

2340 3363 2568 3432 ἀληθινὰ
2611 3359 2933 3431 Χριστιανὸς
2985 3347 3078 3410 καὶ
3131 3357 3198 3428 μὲ
3237 3358 3304 3410 10
3347 3356 3524 3424 λόγια,
3571 3356 3666 3409 καὶ
3725 3357 3789 3424 μὲ
3830 3356 3888 3408 τ)
3937 3345 3942 3350 ’

2343 3456 2493 3523 ἔργα.
2532 3452 2628 3504 Δὲν
2666 3446 2817 3502 εἶπεν
2858 3452 2884 3502 0
2925 3447 3126 3518 Κύριός
3170 3463 3276 3517 μας
3325 3447 3404 3507 είς
3438 3445 3495 3497 τὸ
3529 3443 3672 3512 ἱερὸν
3720 3445 3887 3510 Εὐαγ-

2309 3611 2321 3616 ,
2344 3547 2537 3611 γέλιον·
2579 3561 2596 3592 ι
2649 3538 3146 3601 Ὅποιοςπιστεύει
3183 3539 3260 3598 εἰς
3289 3536 3410 3606 ἐμὲ,
3442 3535 3583 3587 θέλει
3629 3534 3780 3604 κάμῃ
3811 3536 3890 3586 καὶ

2345 3636 2506 3697 αὐτὸς
2535 3635 2636 3687 ὅσα
2668 3634 2825 3702 κάμω
2846 3634 2939 3686 καὶ
2966 3635 3094 3698 ἐγὼ,
3125 3631 3222 3682 καὶ
3249 3630 3414 3698 ἀκόμι
3453 3628 3832 3698 μεγαλήτερα;
3874 3646 3889 3677 1

2346 3725 2507 3797 Τώρα
2546 3726 2693 3787 ποῖος
2721 3725 2828 3776 ἀπὸ
2869 3725 3015 3793 ἡμᾶς
3055 3722 3298 3790 ἀποκοτᾷ
3321 3721 3386 3773 νά
3425 3722 3577 3786 εἱπῇ,
3610 3718 3725 3780 πῶς
3764 3715 3893 3784 Ἐγὼ

2346 3818 2494 3872 κάνω
2518 3817 2585 3870 τά
2615 3817 2752 3887 ἔργα
2784 3814 2876 3869 τοῦ
2915 3813 3169 3885 Χριστοῦ,
3206 3814 3298 3865 καί⁵
3332 3810 3572 3866 πιστεύω
3618 3810 3792 3880 ὀρθῶς
3823 3811 3894 3870 είς

2348 3910 2542 3971 αὐτόν;
2580 3908 2837 3969 Βλέπεσε,
2879 3908 3118 3976 ἀδελφοὶ,
3153 3903 3288 3961 01106
3325 3904 3520 3974 ἔχομεν
3553 3902 3618 3953 νὰ
3653 3900 3896 3969 εὐρεθοῦ-

2351 4010 2448 4062 μεν
2498 3994 2715 4047 ἄπιστοι
2761 3993 2842 4054 είς
2887 3991 3100 4062 ἐκείνην
3136 3992 3234 4061 τὴν
3280 3988 3514 4058 φοϐερὰν
3560 3985 3772 4055 ἡμέραν
3809 3983 3894 4050 τῆς

2347 4083 2599 4151 κρίσεως,
2638 4082 2732 4134 καὶ
2763 4073 2958 4151 ἔχομεν
2991 4084 3052 4134 να
3097 4079 3464 4147 κολασθοῦμεν
3490 4076 3774 4145 χειρότερα
3801 4071 3897 4124 ἀπὸ

2348 4174 2586 4236 ἐκείνους
2627 4173 2761 4225 01106
2792 4174 2892 4226 ηδὲν
2932 4171 3231 4242 γνωρίζουν
3278 4170 3496 4230 τελείως
3531 4167 3618 4219 τὸν
3651 4164 3897 4234 Χριστὸν,

2351 4265 2486 4334 μήτε
2518 4265 2606 4316 τὸν
2633 4264 2956 4329 πιστεύουν;
2984 4265 3138 4316 Διατὶ
3165 4262 3376 4330 ἀνάγκη
3402 4257 3560 4324 εἶναι,
3593 4257 3624 4327 ἢ
3658 4258 3816 4326 ἡμεῖς
3839 4255 3898 4306 νά

2349 4352 2851 4421 καταδίκασθοῦμεν
2881 4352 3026 4405 ὼσάν
3057 4353 3294 4412 ἄπιστοι,
3317 4348 3351 4417 ὴ
3382 4346 3582 4415 Κύριος
3612 4342 3766 4412 ἡμῶν
3800 4339 3900 4408 Ἰη-

2351 4443 2471 4506 σοῦς
2503 4444 2755 4512 Χριστὸς,
2779 4446 2811 4512 ἡ
2842 4441 3221 4512 αὐτοαλήθεια,
3247 4440 3312 4493 νά
3332 4433 3623 4504 ἀποδειχθῇ
3649 4431 3900 4502 ψεύστης·

2349 4531 2409 4583 10
2429 4533 2610 4584 ὁποῖον
2638 4527 2774 4584 εἶναι
2802 4530 3079 4586 ἀδύνατον.
3115 4529 3223 4583 Καὶ
3245 4529 3383 4581 αὐτά
3405 4525 3471 4579 τὰ
3493 4523 3729 4594 ἐγραψα,
3757 4521 3904 4575 ἀδελ-

2351 4623 2438 4691 φοί
2471 4642 2594 4692 μου,
2625 4624 2710 4694 δχι
2747 4624 2811 4694 με
2842 4624 3042 4676 σκοπὸν
3070 4621 3156 4674 διά
3184 4621 3250 4675 νά
3293 4618 3569 4686 ὲμποδίσω
3614 4617 3739 4677 106;
3779 4615 3904 4681 Χρι-

2353 4717 2598 4779 στιανοὺς
2625 4719 2730 4769 ἀπὸ
2751 4717 2845 4784 τὴν
2878 4713 3221 4784 ἀναχώρησιν
3249 4713 3344 4766 καὶ
3374 4710 3469 4781 τὴν
3495 4707 3745 4778 ἡσυχίαν,
3778 4722 3905 4772 προ-

2350 4811 2618 4875 τιμῶντας
2649 4810 2921 4878 καλήτερα
2949 4815 3047 4877 τὴν
3075 4807 3351 4859 πολιτείαν
3379 4803 3475 4872 τὴν
3510 4800 3781 4871 κοσμικὴν
3814 4799 3904 4868 (μὴ

2353 4901 2558 4966 γένοιτο
2589 4902 2746 4953 τοῦτο
2799 4900 2925 4952 ποτέ
2951 4901 3012 4969 ί),
3050 4898 3184 4952 ἀλλὰ
3219 4899 3246 4950 0
3285 4897 3484 4959 σκοπός
3533 4911 3632 4964 μου
3657 4888 3797 4945 εἶναι
3847 4892 3904 4942 νὰ

2331 4991 2752 5062 ’πληροφορήσω
2793 4992 2944 5054 ὅλους
2997 4991 3238 5052 ὲκείνους
3287 4987 3418 5041 01106
3480 4985 3770 5040 διαϐἀσουν
3817 4985 3896 5050 τὴ·

2355 5083 2633 5152 παροῦσαν
2671 5085 2942 5153 διήγησιν,
2973 5083 3088 5145 πῶς
3123 5083 3327 5142 ἐκεῖνος
3355 5078 3489 5131 ὀποῦ
3519 5077 3659 5128 θέλει
3690 5073 3782 5125 καὶ
3816 5088 3901 5122 πο-

2355 5174 2437 5226 θεῖ
2469 5174 2524 5239 ἐξ
2557 5174 2684 5242 ὅλης
2713 5192 2805 5226 του
2841 5174 3019 5243 ψυχῆς
3053 5173 3146 5226 καὶ
3177 5171 3402 5240 καρδίας
3445 5170 3508 5220 νά
3540 5167 3693 5234 κάμῃ
3726 5163 3784 5214 τὸ
3816 5179 3910 5214 κα-

2355 5265 2444 5318 λὸν
2481 5267 2572 5317 καὶ
2607 5266 2702 5335 τὴν
2733 5266 2956 5336 ἀρετὴν,
2991 5264 3149 5318 ἔλαϐε
3192 5262 3421 5331 δύναμιν
3459 5259 3565 5312 ἀπὸ
3593 5257 3683 5308 τὸν
3717 5271 3913 5306 παντο-

2352 5357 2585 5427 δύναμον
2620 5359 2753 5410 Θεὸν
2799 5360 2863 5410 νά
2907 5358 3150 5425 ὴμπορεῖ
3181 5353 3245 5406 v0
3275 5353 3335 5404 τὸ
3367 5351 3504 5423 κάνῃ
3540 5350 3616 5410 είς
3653 5346 3785 5399 κάθε
3825 5345 3912 5396 τό·

2356 5467 2474 5509 πον,
2505 5451 2595 5501 καὶ
2623 5450 2685 5501 νὰ
2715 5449 2917 5518 ἀξιωθῇ
2947 5447 3010 5498 νὰ
3043 5447 3180 5515 λάϐῃ
3210 5444 3303 5497 καὶ
3333 5442 3644 5512 χαρίσματα
3672 5453 3914 5506 πνευμά-

2353 5541 2500 5600 τικὰ,
2537 5543 2630 5593 καὶ
2659 5541 2808 5602 θείας
2840 5539 3091 5607 θεωρίας,
3140 5538 3288 5589 ὼσὰν
3316 5536 3409 5587 καὶ
3442 5531 3632 5584 τοῦτον
3659 5530 3749 5580 τὸν
3776 5529 3916 5585 νέον,

2356 5634 2446 5684 τὸν
2479 5632 2836 5700 εὐλογημένον
2880 5631 3020 5696 λέγω
3068 5628 3354 5696 Γεωργιον.
3394 5624 3494 5676 Τὸν
3522 5624 3724 5678 ὁποῖον,
3771 5618 3836 5687 μὲ
3864 5618 3918 5669 τὸ

2358 5727 2421 5776 να
2447 5725 2536 5776 τὸν
2564 5720 2681 5792 εἷχα
2715 5724 2807 5774 καὶ
2841 5721 2947 5788 ἐγὼ
2982 5718 3278 5786 γνώριμον,
3313 5715 3405 5767 καὶ
3441 5712 3594 5780 φίλον
3626 5728 3728 5779 μου
3762 5709 3917 5778 ἀκρι-

2357 5818 2448 5868 ϐὸν
2496 5818 2584 5868 τὸν
2618 5812 3019 5876 ἐπαρακάὶεσα,
3053 5811 3144 5862 καὶ
3177 5806 3275 5871 μοῦ
3319 5805 3383 5860 10
3417 5801 3698 5868 ὲδιηγήθη,
3739 5796 3916 5857 καθὼς
