  <div class='ocr_page' id='page_1' title='image "/cluster/home/n/w/nwhite01/storage/ocr_20150623/120/pst.000005714353/362.png"; bbox 0 0 4156 6344; ppageno 0'>
   <div class='ocr_carea' id='block_1_1' title="bbox 246 377 349 432">
    <p class='ocr_par' dir='ltr' id='par_1_1' title="bbox 246 377 349 432">
     <span class='ocr_line' id='line_1_1' title="bbox 246 377 349 432; baseline 0.01 -6"><span class='ocrx_word' id='word_1_1' title='bbox 246 377 349 432; x_wconf 57' lang='lat' dir='ltr'><strong>7n!)</strong></span> 
     </span>
    </p>
   </div>
   <div class='ocr_carea' id='block_1_2' title="bbox 1153 361 2632 438">
    <p class='ocr_par' dir='ltr' id='par_1_2' title="bbox 1153 361 2632 438">
     <span class='ocr_line' id='line_1_2' title="bbox 1153 361 2632 438; baseline -0.002 -4"><span class='ocrx_word' id='word_1_2' title='bbox 1153 375 1530 438; x_wconf 75' lang='lat' dir='ltr'><strong>A‘PPENDIX</strong></span> <span class='ocrx_word' id='word_1_3' title='bbox 1569 374 1667 433; x_wconf 80' lang='lat' dir='ltr'><strong>AD</strong></span> <span class='ocrx_word' id='word_1_4' title='bbox 1707 373 2108 433; x_wconf 78' lang='lat' dir='ltr'><strong>SYMEONEM</strong></span> <span class='ocrx_word' id='word_1_5' title='bbox 2143 372 2555 436; x_wconf 77' lang='lat' dir='ltr'><strong>JUNIOREM.</strong></span> <span class='ocrx_word' id='word_1_6' title='bbox 2613 361 2632 376; x_wconf 66' lang='grc'><em>“</em></span> 
     </span>
    </p>
   </div>
   <div class='ocr_carea' id='block_1_3' title="bbox 3340 372 3447 432">
    <p class='ocr_par' dir='ltr' id='par_1_3' title="bbox 3340 372 3447 432">
     <span class='ocr_line' id='line_1_3' title="bbox 3340 372 3447 432; baseline -0.009 0"><span class='ocrx_word' id='word_1_7' title='bbox 3340 372 3447 432; x_wconf 84' lang='grc'><strong>’110</strong></span> 
     </span>
    </p>
   </div>
   <div class='ocr_carea' id='block_1_4' title="bbox 247 481 3441 563">
    <p class='ocr_par' dir='ltr' id='par_1_4' title="bbox 247 481 3441 563">
     <span class='ocr_line' id='line_1_4' title="bbox 247 481 3441 563; baseline 0.003 -29"><span class='ocrx_word' id='word_1_8' title='bbox 247 496 398 548; x_wconf 82' lang='grc' dir='ltr'>ματα</span> <span class='ocrx_word' id='word_1_9' title='bbox 431 481 528 550; x_wconf 84' lang='grc' dir='ltr'>τῆς</span> <span class='ocrx_word' id='word_1_10' title='bbox 554 481 726 550; x_wconf 81' lang='grc' dir='ltr'>ψυχῆς</span> <span class='ocrx_word' id='word_1_11' title='bbox 763 483 829 536; x_wconf 62' lang='lat' dir='ltr'><strong>vi</strong></span> <span class='ocrx_word' id='word_1_12' title='bbox 873 497 963 537; x_wconf 82' lang='grc' dir='ltr'><strong>τον</strong></span> <span class='ocrx_word' id='word_1_13' title='bbox 996 498 1197 558; x_wconf 83' lang='grc' dir='ltr'>υεωρῃ,</span> <span class='ocrx_word' id='word_1_14' title='bbox 1233 495 1325 542; x_wconf 75' lang='grc' dir='ltr'>καὶ</span> <span class='ocrx_word' id='word_1_15' title='bbox 1355 501 1420 544; x_wconf 71' lang='grc' dir='ltr'><strong>να</strong></span> <span class='ocrx_word' id='word_1_16' title='bbox 1450 491 1812 563; x_wconf 82' lang='grc' dir='ltr'><strong>προσεύχεται</strong></span> <span class='ocrx_word' id='word_1_17' title='bbox 1837 489 1870 542; x_wconf 69' lang='grc' dir='ltr'>Α</span> <span class='ocrx_word' id='word_1_18' title='bbox 1892 488 1982 539; x_wconf 72' lang='grc' dir='ltr'><strong>καὶ</strong></span> <span class='ocrx_word' id='word_1_19' title='bbox 2017 492 2266 554; x_wconf 76' lang='grc' dir='ltr'>δεύτερος</span> <span class='ocrx_word' id='word_1_20' title='bbox 2307 491 2505 558; x_wconf 82' lang='grc' dir='ltr'><strong>τρόπος</strong></span> <span class='ocrx_word' id='word_1_21' title='bbox 2536 492 2622 538; x_wconf 82' lang='grc' dir='ltr'>ὁὲν</span> <span class='ocrx_word' id='word_1_22' title='bbox 2655 494 2993 557; x_wconf 78' lang='grc' dir='ltr'>προκόπτουν</span> <span class='ocrx_word' id='word_1_23' title='bbox 3023 489 3112 540; x_wconf 83' lang='grc' dir='ltr'><strong>τὸν</strong></span> <span class='ocrx_word' id='word_1_24' title='bbox 3135 486 3441 558; x_wconf 83' lang='grc' dir='ltr'>ἄνθρωπον.</span> 
     </span>
    </p>
   </div>
   <div class='ocr_carea' id='block_1_5' title="bbox 243 569 1326 649">
    <p class='ocr_par' dir='ltr' id='par_1_5' title="bbox 243 569 1326 649">
     <span class='ocr_line' id='line_1_5' title="bbox 243 569 1326 649; baseline 0.01 -26"><span class='ocrx_word' id='word_1_25' title='bbox 243 569 504 642; x_wconf 75' lang='grc' dir='ltr'><strong>καθαρῶς</strong></span> <span class='ocrx_word' id='word_1_26' title='bbox 536 573 594 625; x_wconf 78' lang='grc' dir='ltr'>ἐν</span> <span class='ocrx_word' id='word_1_27' title='bbox 628 573 861 647; x_wconf 64' lang='grc' dir='ltr'><strong>ἀληθείᾳι</strong></span> <span class='ocrx_word' id='word_1_28' title='bbox 885 576 1065 640; x_wconf 73' lang='grc' dir='ltr'>καθὼς</span> <span class='ocrx_word' id='word_1_29' title='bbox 1105 581 1326 649; x_wconf 79' lang='grc' dir='ltr'>πρέπει.</span> 
     </span>
    </p>
   </div>
   <div class='ocr_carea' id='block_1_6' title="bbox 312 744 1811 834">
    <p class='ocr_par' dir='ltr' id='par_1_6' title="bbox 312 744 1811 834">
     <span class='ocr_line' id='line_1_6' title="bbox 312 744 1811 834; baseline 0.016 -39"><span class='ocrx_word' id='word_1_30' title='bbox 312 744 459 814; x_wconf 82' lang='grc' dir='ltr'>Πλὴν</span> <span class='ocrx_word' id='word_1_31' title='bbox 489 745 550 798; x_wconf 82' lang='grc' dir='ltr'>τὸ</span> <span class='ocrx_word' id='word_1_32' title='bbox 583 748 645 801; x_wconf 56' lang='lat' dir='ltr'><strong>vi</strong></span> <span class='ocrx_word' id='word_1_33' title='bbox 679 749 850 822; x_wconf 80' lang='grc' dir='ltr'>βλέπῃ</span> <span class='ocrx_word' id='word_1_34' title='bbox 880 755 961 814; x_wconf 82' lang='grc' dir='ltr'><strong>είς</strong></span> <span class='ocrx_word' id='word_1_35' title='bbox 989 755 1081 808; x_wconf 80' lang='grc' dir='ltr'><strong>τὸν</strong></span> <span class='ocrx_word' id='word_1_36' title='bbox 1110 757 1358 827; x_wconf 80' lang='grc' dir='ltr'>οὐρανὸν,</span> <span class='ocrx_word' id='word_1_37' title='bbox 1407 760 1575 816; x_wconf 80' lang='grc' dir='ltr'>πολλὰ</span> <span class='ocrx_word' id='word_1_38' title='bbox 1605 764 1811 834; x_wconf 79' lang='grc' dir='ltr'><strong>ὀλίγαις</strong></span> 
     </span>
    </p>
   </div>
   <div class='ocr_carea' id='block_1_7' title="bbox 241 839 1810 926">
    <p class='ocr_par' dir='ltr' id='par_1_7' title="bbox 241 839 1810 926">
     <span class='ocr_line' id='line_1_7' title="bbox 241 839 1810 926; baseline 0.015 -39"><span class='ocrx_word' id='word_1_39' title='bbox 241 840 438 906; x_wconf 79' lang='grc' dir='ltr'>φοραῖς</span> <span class='ocrx_word' id='word_1_40' title='bbox 477 839 678 909; x_wconf 80' lang='grc' dir='ltr'><strong>πρέπει</strong></span> <span class='ocrx_word' id='word_1_41' title='bbox 709 841 775 894; x_wconf 83' lang='grc' dir='ltr'>νά</span> <span class='ocrx_word' id='word_1_42' title='bbox 797 842 855 895; x_wconf 76' lang='grc' dir='ltr'>τὸ</span> <span class='ocrx_word' id='word_1_43' title='bbox 889 844 1026 915; x_wconf 76' lang='grc' dir='ltr'><strong>κάνῃ</strong></span> <span class='ocrx_word' id='word_1_44' title='bbox 1070 845 1158 900; x_wconf 76' lang='grc' dir='ltr'>διὰ</span> <span class='ocrx_word' id='word_1_45' title='bbox 1199 849 1289 902; x_wconf 81' lang='grc' dir='ltr'><strong>τὸν</strong></span> <span class='ocrx_word' id='word_1_46' title='bbox 1321 850 1484 918; x_wconf 78' lang='grc' dir='ltr'>φόόον</span> <span class='ocrx_word' id='word_1_47' title='bbox 1512 853 1619 908; x_wconf 86' lang='grc' dir='ltr'><strong>τῶν</strong></span> <span class='ocrx_word' id='word_1_48' title='bbox 1648 873 1810 926; x_wconf 82' lang='grc' dir='ltr'>πονη-</span> 
     </span>
    </p>
   </div>
   <div class='ocr_carea' id='block_1_8' title="bbox 241 927 1810 1014">
    <p class='ocr_par' dir='ltr' id='par_1_8' title="bbox 241 927 1810 1014">
     <span class='ocr_line' id='line_1_8' title="bbox 241 927 1810 1014; baseline 0.013 -36"><span class='ocrx_word' id='word_1_49' title='bbox 241 927 354 996; x_wconf 85' lang='grc' dir='ltr'><strong>ρῶν</strong></span> <span class='ocrx_word' id='word_1_50' title='bbox 390 934 718 998; x_wconf 82' lang='grc' dir='ltr'>πνευμάτων</span> <span class='ocrx_word' id='word_1_51' title='bbox 753 932 892 986; x_wconf 80' lang='grc' dir='ltr'><strong>ὀποῦ</strong></span> <span class='ocrx_word' id='word_1_52' title='bbox 936 937 1226 992; x_wconf 83' lang='grc' dir='ltr'>κατοικοῦν</span> <span class='ocrx_word' id='word_1_53' title='bbox 1265 942 1345 1002; x_wconf 88' lang='grc' dir='ltr'><strong>είς</strong></span> <span class='ocrx_word' id='word_1_54' title='bbox 1383 941 1474 995; x_wconf 80' lang='grc' dir='ltr'>τὸν</span> <span class='ocrx_word' id='word_1_55' title='bbox 1517 945 1676 1014; x_wconf 83' lang='grc' dir='ltr'>ἀέρα,</span> <span class='ocrx_word' id='word_1_56' title='bbox 1718 947 1810 998; x_wconf 77' lang='grc' dir='ltr'>καὶ</span> 
     </span>
    </p>
   </div>
   <div class='ocr_carea' id='block_1_9' title="bbox 239 1016 1812 1102">
    <p class='ocr_par' dir='ltr' id='par_1_9' title="bbox 239 1016 1812 1102">
     <span class='ocr_line' id='line_1_9' title="bbox 239 1016 1812 1102; baseline 0.013 -34"><span class='ocrx_word' id='word_1_57' title='bbox 239 1016 327 1069; x_wconf 75' lang='grc' dir='ltr'><strong>διὰ</strong></span> <span class='ocrx_word' id='word_1_58' title='bbox 355 1018 512 1072; x_wconf 72' lang='grc' dir='ltr'>τοῦτο</span> <span class='ocrx_word' id='word_1_59' title='bbox 542 1020 893 1089; x_wconf 72' lang='grc' dir='ltr'>ὀνομάζονται</span> <span class='ocrx_word' id='word_1_60' title='bbox 928 1027 1144 1096; x_wconf 78' lang='grc' dir='ltr'>ὲναέρια</span> <span class='ocrx_word' id='word_1_61' title='bbox 1195 1029 1481 1097; x_wconf 79' lang='grc' dir='ltr'>πνεύματα</span> <span class='ocrx_word' id='word_1_62' title='bbox 1503 1072 1517 1097; x_wconf 88' lang='grc'><strong>,</strong></span> <span class='ocrx_word' id='word_1_63' title='bbox 1553 1037 1620 1102; x_wconf 74' lang='grc' dir='ltr'><strong>τᾲ</strong></span> <span class='ocrx_word' id='word_1_64' title='bbox 1652 1036 1812 1090; x_wconf 85' lang='grc' dir='ltr'>ὁποῖα</span> 
     </span>
    </p>
   </div>
   <div class='ocr_carea' id='block_1_10' title="bbox 241 1106 1811 1189">
    <p class='ocr_par' dir='ltr' id='par_1_10' title="bbox 241 1106 1811 1189">
     <span class='ocr_line' id='line_1_10' title="bbox 241 1106 1811 1189; baseline 0.015 -33"><span class='ocrx_word' id='word_1_65' title='bbox 241 1106 535 1176; x_wconf 80' lang='grc' dir='ltr'>προξενοῦν</span> <span class='ocrx_word' id='word_1_66' title='bbox 581 1112 803 1173; x_wconf 82' lang='grc' dir='ltr'>πολλαῖς</span> <span class='ocrx_word' id='word_1_67' title='bbox 847 1115 940 1168; x_wconf 71' lang='grc' dir='ltr'>καὶ</span> <span class='ocrx_word' id='word_1_68' title='bbox 986 1116 1275 1189; x_wconf 73' lang='grc' dir='ltr'>διάφοραις</span> <span class='ocrx_word' id='word_1_69' title='bbox 1325 1122 1553 1188; x_wconf 80' lang='grc' dir='ltr'><strong>πλάναις</strong></span> <span class='ocrx_word' id='word_1_70' title='bbox 1601 1127 1681 1189; x_wconf 88' lang='grc' dir='ltr'><strong>είς</strong></span> <span class='ocrx_word' id='word_1_71' title='bbox 1722 1127 1811 1180; x_wconf 83' lang='grc' dir='ltr'>τὸν</span> 
     </span>
    </p>
   </div>
   <div class='ocr_carea' id='block_1_11' title="bbox 242 1199 1812 1286">
    <p class='ocr_par' dir='ltr' id='par_1_11' title="bbox 242 1199 1812 1286">
     <span class='ocr_line' id='line_1_11' title="bbox 242 1199 1812 1286; baseline 0.013 -36"><span class='ocrx_word' id='word_1_72' title='bbox 242 1199 401 1269; x_wconf 69' lang='grc' dir='ltr'>ἀείραο</span> <span class='ocrx_word' id='word_1_73' title='bbox 443 1202 534 1253; x_wconf 76' lang='grc' dir='ltr'><strong>καὶ</strong></span> <span class='ocrx_word' id='word_1_74' title='bbox 575 1203 773 1272; x_wconf 77' lang='grc' dir='ltr'>πρέπει</span> <span class='ocrx_word' id='word_1_75' title='bbox 820 1204 885 1258; x_wconf 78' lang='grc' dir='ltr'>νὰ</span> <span class='ocrx_word' id='word_1_76' title='bbox 939 1209 1319 1280; x_wconf 81' lang='grc' dir='ltr'><strong>προσέχωμεν.</strong></span> <span class='ocrx_word' id='word_1_77' title='bbox 1387 1214 1606 1286; x_wconf 81' lang='grc' dir='ltr'><strong>Ἐπειδὴ</strong></span> <span class='ocrx_word' id='word_1_78' title='bbox 1654 1217 1812 1270; x_wconf 81' lang='grc' dir='ltr'>τοῦτο</span> 
     </span>
    </p>
   </div>
   <div class='ocr_carea' id='block_1_12' title="bbox 245 1291 1811 1377">
    <p class='ocr_par' dir='ltr' id='par_1_12' title="bbox 245 1291 1811 1377">
     <span class='ocr_line' id='line_1_12' title="bbox 245 1291 1811 1377; baseline 0.013 -36"><span class='ocrx_word' id='word_1_79' title='bbox 245 1292 455 1359; x_wconf 78' lang='grc' dir='ltr'>μοναχὰ</span> <span class='ocrx_word' id='word_1_80' title='bbox 490 1291 642 1356; x_wconf 81' lang='grc' dir='ltr'>ζητεῖ</span> <span class='ocrx_word' id='word_1_81' title='bbox 669 1296 696 1347; x_wconf 87' lang='grc' dir='ltr'>ὁ</span> <span class='ocrx_word' id='word_1_82' title='bbox 723 1295 852 1358; x_wconf 86' lang='grc' dir='ltr'>Θεὸς</span> <span class='ocrx_word' id='word_1_83' title='bbox 882 1297 988 1351; x_wconf 81' lang='grc' dir='ltr'><strong>ἀπὸ</strong></span> <span class='ocrx_word' id='word_1_84' title='bbox 1018 1301 1048 1369; x_wconf 85' lang='grc' dir='ltr'><strong>ή</strong></span> <span class='ocrx_word' id='word_1_85' title='bbox 1060 1303 1186 1369; x_wconf 83' lang='grc' dir='ltr'>μᾶς,</span> <span class='ocrx_word' id='word_1_86' title='bbox 1217 1302 1279 1355; x_wconf 81' lang='grc' dir='ltr'><strong>τὸ</strong></span> <span class='ocrx_word' id='word_1_87' title='bbox 1313 1303 1380 1356; x_wconf 66' lang='lat' dir='ltr'><strong>vat</strong></span> <span class='ocrx_word' id='word_1_88' title='bbox 1419 1300 1557 1358; x_wconf 83' lang='grc' dir='ltr'>εἶναι</span> <span class='ocrx_word' id='word_1_89' title='bbox 1585 1307 1811 1377; x_wconf 83' lang='grc' dir='ltr'>καθαρι-</span> 
     </span>
    </p>
   </div>
   <div class='ocr_carea' id='block_1_13' title="bbox 242 1381 1805 1466">
    <p class='ocr_par' dir='ltr' id='par_1_13' title="bbox 242 1381 1805 1466">
     <span class='ocr_line' id='line_1_13' title="bbox 242 1381 1805 1466; baseline 0.012 -36"><span class='ocrx_word' id='word_1_90' title='bbox 242 1381 436 1450; x_wconf 75' lang='grc' dir='ltr'><strong>σμένη.</strong></span> <span class='ocrx_word' id='word_1_91' title='bbox 458 1385 490 1451; x_wconf 80' lang='grc' dir='ltr'>ἡ</span> <span class='ocrx_word' id='word_1_92' title='bbox 527 1385 719 1455; x_wconf 78' lang='grc' dir='ltr'><strong>καρδία</strong></span> <span class='ocrx_word' id='word_1_93' title='bbox 757 1405 863 1456; x_wconf 85' lang='grc' dir='ltr'><strong>μας</strong></span> <span class='ocrx_word' id='word_1_94' title='bbox 896 1390 962 1458; x_wconf 79' lang='grc' dir='ltr'><strong>μὲ</strong></span> <span class='ocrx_word' id='word_1_95' title='bbox 1001 1391 1100 1460; x_wconf 82' lang='grc' dir='ltr'>τὴν</span> <span class='ocrx_word' id='word_1_96' title='bbox 1130 1391 1358 1460; x_wconf 82' lang='grc' dir='ltr'><strong>φύλαξιν</strong></span> <span class='ocrx_word' id='word_1_97' title='bbox 1393 1395 1484 1447; x_wconf 74' lang='grc' dir='ltr'>καὶ</span> <span class='ocrx_word' id='word_1_98' title='bbox 1514 1398 1805 1466; x_wconf 79' lang='grc' dir='ltr'>προσοχήν.</span> 
     </span>
    </p>
   </div>
   <div class='ocr_carea' id='block_1_14' title="bbox 241 1472 1805 1552">
    <p class='ocr_par' dir='ltr' id='par_1_14' title="bbox 241 1472 1805 1552">
     <span class='ocr_line' id='line_1_14' title="bbox 241 1472 1805 1552; baseline 0.01 -28"><span class='ocrx_word' id='word_1_99' title='bbox 241 1472 354 1525; x_wconf 76' lang='grc' dir='ltr'>Καὶ</span> <span class='ocrx_word' id='word_1_100' title='bbox 391 1474 590 1538; x_wconf 76' lang='grc' dir='ltr'>ἀνίσως</span> <span class='ocrx_word' id='word_1_101' title='bbox 620 1479 652 1547; x_wconf 77' lang='grc' dir='ltr'>ἡ</span> <span class='ocrx_word' id='word_1_102' title='bbox 688 1478 812 1546; x_wconf 80' lang='grc' dir='ltr'>ῥίζα</span> <span class='ocrx_word' id='word_1_103' title='bbox 838 1475 978 1533; x_wconf 83' lang='grc' dir='ltr'>εἶναι</span> <span class='ocrx_word' id='word_1_104' title='bbox 1000 1482 1150 1548; x_wconf 83' lang='grc' dir='ltr'>ἁγία,</span> <span class='ocrx_word' id='word_1_105' title='bbox 1182 1483 1363 1546; x_wconf 79' lang='grc' dir='ltr'>καθὼς</span> <span class='ocrx_word' id='word_1_106' title='bbox 1395 1485 1540 1552; x_wconf 82' lang='grc' dir='ltr'>λέγει</span> <span class='ocrx_word' id='word_1_107' title='bbox 1572 1489 1599 1540; x_wconf 86' lang='grc' dir='ltr'>ὁ</span> <span class='ocrx_word' id='word_1_108' title='bbox 1641 1489 1805 1540; x_wconf 80' lang='grc' dir='ltr'><strong>Ἀπό-</strong></span> 
     </span>
    </p>
   </div>
   <div class='ocr_carea' id='block_1_15' title="bbox 243 1565 1803 1651">
    <p class='ocr_par' dir='ltr' id='par_1_15' title="bbox 243 1565 1803 1651">
     <span class='ocr_line' id='line_1_15' title="bbox 243 1565 1803 1651; baseline 0.01 -36"><span class='ocrx_word' id='word_1_109' title='bbox 243 1565 450 1628; x_wconf 81' lang='grc' dir='ltr'>στολος,</span> <span class='ocrx_word' id='word_1_110' title='bbox 479 1569 712 1638; x_wconf 79' lang='grc' dir='ltr'>φανερὸν</span> <span class='ocrx_word' id='word_1_111' title='bbox 735 1566 890 1635; x_wconf 77' lang='grc' dir='ltr'>εἶναι,</span> <span class='ocrx_word' id='word_1_112' title='bbox 920 1573 1036 1636; x_wconf 81' lang='grc' dir='ltr'><strong>πῶς</strong></span> <span class='ocrx_word' id='word_1_113' title='bbox 1060 1575 1153 1627; x_wconf 82' lang='grc' dir='ltr'>καὶ</span> <span class='ocrx_word' id='word_1_114' title='bbox 1186 1576 1234 1629; x_wconf 88' lang='grc' dir='ltr'><strong>οί</strong></span> <span class='ocrx_word' id='word_1_115' title='bbox 1261 1576 1440 1629; x_wconf 78' lang='grc' dir='ltr'>κλάδοι</span> <span class='ocrx_word' id='word_1_116' title='bbox 1470 1575 1610 1631; x_wconf 82' lang='grc' dir='ltr'>εἶναι</span> <span class='ocrx_word' id='word_1_117' title='bbox 1638 1578 1803 1651; x_wconf 74' lang='grc' dir='ltr'>ᾆγιοι,</span> 
     </span>
    </p>
   </div>
   <div class='ocr_carea' id='block_1_16' title="bbox 246 1650 1804 1736">
    <p class='ocr_par' dir='ltr' id='par_1_16' title="bbox 246 1650 1804 1736">
     <span class='ocr_line' id='line_1_16' title="bbox 246 1650 1804 1736; baseline 0.004 -22"><span class='ocrx_word' id='word_1_118' title='bbox 246 1657 346 1714; x_wconf 77' lang='grc' dir='ltr'><strong>καὶ</strong></span> <span class='ocrx_word' id='word_1_119' title='bbox 374 1658 403 1710; x_wconf 79' lang='grc' dir='ltr'>ὁ</span> <span class='ocrx_word' id='word_1_120' title='bbox 445 1659 674 1727; x_wconf 81' lang='grc' dir='ltr'><strong>καρπός.</strong></span> <span class='ocrx_word' id='word_1_121' title='bbox 701 1661 902 1731; x_wconf 75' lang='grc' dir='ltr'>’Χωρὶς</span> <span class='ocrx_word' id='word_1_122' title='bbox 932 1663 988 1714; x_wconf 85' lang='grc' dir='ltr'><strong>δὲ</strong></span> <span class='ocrx_word' id='word_1_123' title='bbox 1022 1664 1111 1718; x_wconf 82' lang='grc' dir='ltr'><strong>τὸν</strong></span> <span class='ocrx_word' id='word_1_124' title='bbox 1156 1650 1358 1735; x_wconf 84' lang='grc' dir='ltr'>τρόπον</span> <span class='ocrx_word' id='word_1_125' title='bbox 1387 1666 1522 1717; x_wconf 80' lang='grc' dir='ltr'>ὀποῦ</span> <span class='ocrx_word' id='word_1_126' title='bbox 1553 1650 1804 1736; x_wconf 76' lang='grc' dir='ltr'>εἴπαμεν,</span> 
     </span>
    </p>
   </div>
   <div class='ocr_carea' id='block_1_17' title="bbox 234 1748 1799 1818">
    <p class='ocr_par' dir='ltr' id='par_1_17' title="bbox 234 1748 1799 1818">
     <span class='ocr_line' id='line_1_17' title="bbox 234 1748 1799 1818; baseline 0.005 -17"><span class='ocrx_word' id='word_1_127' title='bbox 234 1749 424 1809; x_wconf 66' lang='lat' dir='ltr'><strong>amco;</strong></span> <span class='ocrx_word' id='word_1_128' title='bbox 453 1749 722 1816; x_wconf 85' lang='grc' dir='ltr'>ἁσηκὼνει</span> <span class='ocrx_word' id='word_1_129' title='bbox 750 1748 815 1803; x_wconf 78' lang='grc' dir='ltr'><strong>τὰ</strong></span> <span class='ocrx_word' id='word_1_130' title='bbox 848 1749 1014 1817; x_wconf 80' lang='grc' dir='ltr'><strong>μάτιά</strong></span> <span class='ocrx_word' id='word_1_131' title='bbox 1041 1767 1135 1803; x_wconf 86' lang='grc' dir='ltr'><strong>του</strong></span> <span class='ocrx_word' id='word_1_132' title='bbox 1179 1753 1273 1804; x_wconf 77' lang='grc' dir='ltr'><strong>καὶ</strong></span> <span class='ocrx_word' id='word_1_133' title='bbox 1316 1753 1404 1804; x_wconf 78' lang='grc' dir='ltr'><strong>τὸν</strong></span> <span class='ocrx_word' id='word_1_134' title='bbox 1441 1753 1565 1807; x_wconf 82' lang='grc' dir='ltr'>νοῦν</span> <span class='ocrx_word' id='word_1_135' title='bbox 1600 1771 1692 1808; x_wconf 90' lang='grc' dir='ltr'><strong>του</strong></span> <span class='ocrx_word' id='word_1_136' title='bbox 1720 1759 1799 1818; x_wconf 88' lang='grc' dir='ltr'><strong>είς</strong></span> 
     </span>
    </p>
   </div>
   <div class='ocr_carea' id='block_1_18' title="bbox 1890 577 3444 648">
    <p class='ocr_par' dir='ltr' id='par_1_18' title="bbox 1890 577 3444 648">
     <span class='ocr_line' id='line_1_18' title="bbox 1890 577 3444 648; baseline 0.002 -20"><span class='ocrx_word' id='word_1_137' title='bbox 1890 577 2039 630; x_wconf 77' lang='grc' dir='ltr'>Διατί</span> <span class='ocrx_word' id='word_1_138' title='bbox 2066 577 2246 639; x_wconf 83' lang='grc' dir='ltr'>καθὼς</span> <span class='ocrx_word' id='word_1_139' title='bbox 2276 578 2402 631; x_wconf 85' lang='grc' dir='ltr'>ὅταν</span> <span class='ocrx_word' id='word_1_140' title='bbox 2446 578 2688 647; x_wconf 82' lang='grc' dir='ltr'>θέλωμεν</span> <span class='ocrx_word' id='word_1_141' title='bbox 2731 579 2796 630; x_wconf 56' lang='lat' dir='ltr'><strong>vi</strong></span> <span class='ocrx_word' id='word_1_142' title='bbox 2825 578 3099 648; x_wconf 86' lang='grc' dir='ltr'>κτίσωμεν</span> <span class='ocrx_word' id='word_1_143' title='bbox 3129 579 3226 633; x_wconf 75' lang='grc' dir='ltr'>ἕνα</span> <span class='ocrx_word' id='word_1_144' title='bbox 3258 581 3444 648; x_wconf 80' lang='grc' dir='ltr'>σπῆτι,</span> 
     </span>
    </p>
   </div>
   <div class='ocr_carea' id='block_1_19' title="bbox 1890 664 3444 737">
    <p class='ocr_par' dir='ltr' id='par_1_19' title="bbox 1890 664 3444 737">
     <span class='ocr_line' id='line_1_19' title="bbox 1890 664 3444 737; baseline 0.003 -21"><span class='ocrx_word' id='word_1_145' title='bbox 1890 664 1976 717; x_wconf 81' lang='grc' dir='ltr'><strong>δὲν</strong></span> <span class='ocrx_word' id='word_1_146' title='bbox 2006 665 2237 734; x_wconf 86' lang='grc' dir='ltr'>βάνομεν</span> <span class='ocrx_word' id='word_1_147' title='bbox 2274 666 2487 734; x_wconf 83' lang='grc' dir='ltr'>πρῶτον</span> <span class='ocrx_word' id='word_1_148' title='bbox 2513 665 2608 734; x_wconf 83' lang='grc' dir='ltr'>τὴν</span> <span class='ocrx_word' id='word_1_149' title='bbox 2642 664 2870 734; x_wconf 79' lang='grc' dir='ltr'><strong>σκέπην,</strong></span> <span class='ocrx_word' id='word_1_150' title='bbox 2899 668 2989 718; x_wconf 76' lang='grc' dir='ltr'>καὶ</span> <span class='ocrx_word' id='word_1_151' title='bbox 3018 666 3220 737; x_wconf 79' lang='grc' dir='ltr'>ὕστερα</span> <span class='ocrx_word' id='word_1_152' title='bbox 3253 667 3314 720; x_wconf 77' lang='grc' dir='ltr'>τὸ</span> <span class='ocrx_word' id='word_1_153' title='bbox 3356 675 3444 720; x_wconf 80' lang='grc' dir='ltr'><strong>θε-</strong></span> 
     </span>
    </p>
   </div>
   <div class='ocr_carea' id='block_1_20' title="bbox 1895 752 3442 829">
    <p class='ocr_par' dir='ltr' id='par_1_20' title="bbox 1895 752 3442 829">
     <span class='ocr_line' id='line_1_20' title="bbox 1895 752 3442 829; baseline 0.001 -21"><span class='ocrx_word' id='word_1_154' title='bbox 1895 756 2092 825; x_wconf 81' lang='grc' dir='ltr'>μέλιον,</span> <span class='ocrx_word' id='word_1_155' title='bbox 2147 755 2287 810; x_wconf 88' lang='grc' dir='ltr'>διατί</span> <span class='ocrx_word' id='word_1_156' title='bbox 2335 756 2488 808; x_wconf 82' lang='grc' dir='ltr'>τοῦτο</span> <span class='ocrx_word' id='word_1_157' title='bbox 2536 752 2675 808; x_wconf 74' lang='grc' dir='ltr'>εῖναι</span> <span class='ocrx_word' id='word_1_158' title='bbox 2724 756 3001 809; x_wconf 84' lang='grc' dir='ltr'>ἀδύνατον·</span> <span class='ocrx_word' id='word_1_159' title='bbox 3051 758 3184 811; x_wconf 79' lang='grc' dir='ltr'>ἀλλὰ</span> <span class='ocrx_word' id='word_1_160' title='bbox 3228 757 3442 829; x_wconf 84' lang='grc' dir='ltr'>πρῶτον</span> 
     </span>
    </p>
   </div>
   <div class='ocr_carea' id='block_1_21' title="bbox 1894 846 3440 919">
    <p class='ocr_par' dir='ltr' id='par_1_21' title="bbox 1894 846 3440 919">
     <span class='ocr_line' id='line_1_21' title="bbox 1894 846 3440 919; baseline 0.001 -18"><span class='ocrx_word' id='word_1_161' title='bbox 1894 849 2124 918; x_wconf 84' lang='grc' dir='ltr'>βάνομεν</span> <span class='ocrx_word' id='word_1_162' title='bbox 2145 849 2206 901; x_wconf 78' lang='grc' dir='ltr'><strong>τὸ</strong></span> <span class='ocrx_word' id='word_1_163' title='bbox 2234 847 2499 917; x_wconf 82' lang='grc' dir='ltr'><strong>θεμέλιον,</strong></span> <span class='ocrx_word' id='word_1_164' title='bbox 2533 849 2624 900; x_wconf 71' lang='grc' dir='ltr'><strong>καὶ</strong></span> <span class='ocrx_word' id='word_1_165' title='bbox 2652 847 2852 919; x_wconf 82' lang='grc' dir='ltr'>ὕστερα</span> <span class='ocrx_word' id='word_1_166' title='bbox 2882 846 3137 916; x_wconf 76' lang='grc' dir='ltr'>κτίξομεν</span> <span class='ocrx_word' id='word_1_167' title='bbox 3171 848 3231 900; x_wconf 86' lang='grc' dir='ltr'><strong>τὸ</strong></span> <span class='ocrx_word' id='word_1_168' title='bbox 3255 851 3440 919; x_wconf 79' lang='grc' dir='ltr'>σπῆτι,</span> 
     </span>
    </p>
   </div>
   <div class='ocr_carea' id='block_1_22' title="bbox 1892 937 3449 1007">
    <p class='ocr_par' dir='ltr' id='par_1_22' title="bbox 1892 937 3449 1007">
     <span class='ocr_line' id='line_1_22' title="bbox 1892 937 3449 1007; baseline 0 -17"><span class='ocrx_word' id='word_1_169' title='bbox 1892 937 1986 990; x_wconf 74' lang='grc' dir='ltr'>καὶ</span> <span class='ocrx_word' id='word_1_170' title='bbox 2028 938 2149 990; x_wconf 87' lang='grc' dir='ltr'>τότε</span> <span class='ocrx_word' id='word_1_171' title='bbox 2201 937 2433 1007; x_wconf 81' lang='grc' dir='ltr'>βάνομεν</span> <span class='ocrx_word' id='word_1_172' title='bbox 2474 937 2568 988; x_wconf 77' lang='grc' dir='ltr'>καὶ</span> <span class='ocrx_word' id='word_1_173' title='bbox 2597 938 2692 1005; x_wconf 76' lang='grc' dir='ltr'><strong>τὴν</strong></span> <span class='ocrx_word' id='word_1_174' title='bbox 2737 940 2966 1006; x_wconf 73' lang='grc' dir='ltr'><strong>σκέπηψ</strong></span> <span class='ocrx_word' id='word_1_175' title='bbox 2999 937 3111 1001; x_wconf 75' lang='grc' dir='ltr'>ἕτξι</span> <span class='ocrx_word' id='word_1_176' title='bbox 3161 939 3359 1006; x_wconf 80' lang='grc' dir='ltr'>πρέπει</span> <span class='ocrx_word' id='word_1_177' title='bbox 3384 939 3449 990; x_wconf 77' lang='grc' dir='ltr'>νὰ</span> 
     </span>
    </p>
   </div>
   <div class='ocr_carea' id='block_1_23' title="bbox 1897 1026 3449 1096">
    <p class='ocr_par' dir='ltr' id='par_1_23' title="bbox 1897 1026 3449 1096">
     <span class='ocr_line' id='line_1_23' title="bbox 1897 1026 3449 1096; baseline -0.001 -16"><span class='ocrx_word' id='word_1_178' title='bbox 1897 1027 2158 1096; x_wconf 80' lang='grc' dir='ltr'>κάμωμεν</span> <span class='ocrx_word' id='word_1_179' title='bbox 2183 1027 2278 1080; x_wconf 75' lang='grc' dir='ltr'><strong>καὶ</strong></span> <span class='ocrx_word' id='word_1_180' title='bbox 2296 1029 2372 1089; x_wconf 88' lang='grc' dir='ltr'><strong>είς</strong></span> <span class='ocrx_word' id='word_1_181' title='bbox 2390 1028 2456 1080; x_wconf 80' lang='grc' dir='ltr'><strong>τὰ</strong></span> <span class='ocrx_word' id='word_1_182' title='bbox 2473 1027 2812 1094; x_wconf 82' lang='grc' dir='ltr'>πνευματικά</span> <span class='ocrx_word' id='word_1_183' title='bbox 2828 1043 2841 1056; x_wconf 76' lang='grc' dir='ltr'><strong>ο</strong></span> <span class='ocrx_word' id='word_1_184' title='bbox 2870 1026 3087 1095; x_wconf 69' lang='grc' dir='ltr'>πρῶτον,</span> <span class='ocrx_word' id='word_1_185' title='bbox 3111 1026 3177 1078; x_wconf 77' lang='grc' dir='ltr'><strong>να</strong></span> <span class='ocrx_word' id='word_1_186' title='bbox 3203 1027 3449 1096; x_wconf 83' lang='grc' dir='ltr'>βάλωμεν</span> 
     </span>
    </p>
   </div>
   <div class='ocr_carea' id='block_1_24' title="bbox 1899 1116 3452 1188">
    <p class='ocr_par' dir='ltr' id='par_1_24' title="bbox 1899 1116 3452 1188">
     <span class='ocr_line' id='line_1_24' title="bbox 1899 1116 3452 1188; baseline -0.001 -18"><span class='ocrx_word' id='word_1_187' title='bbox 1899 1117 2166 1188; x_wconf 68' lang='grc' dir='ltr'>Ἰεμέλιον,</span> <span class='ocrx_word' id='word_1_188' title='bbox 2208 1117 2473 1186; x_wconf 73' lang='grc' dir='ltr'>ἥγουννὰ</span> <span class='ocrx_word' id='word_1_189' title='bbox 2507 1116 2828 1185; x_wconf 72' lang='grc' dir='ltr'>φυλάξωμεν</span> <span class='ocrx_word' id='word_1_190' title='bbox 2856 1117 2956 1185; x_wconf 77' lang='grc' dir='ltr'>τὴν</span> <span class='ocrx_word' id='word_1_191' title='bbox 2982 1117 3230 1186; x_wconf 82' lang='grc' dir='ltr'><strong>καρδίαν,</strong></span> <span class='ocrx_word' id='word_1_192' title='bbox 3265 1119 3357 1169; x_wconf 75' lang='grc' dir='ltr'>καὶ</span> <span class='ocrx_word' id='word_1_193' title='bbox 3386 1117 3452 1169; x_wconf 63' lang='lat' dir='ltr'><strong>vi</strong></span> 
     </span>
    </p>
   </div>
   <div class='ocr_carea' id='block_1_25' title="bbox 1899 1204 3452 1276">
    <p class='ocr_par' dir='ltr' id='par_1_25' title="bbox 1899 1204 3452 1276">
     <span class='ocr_line' id='line_1_25' title="bbox 1899 1204 3452 1276; baseline -0.001 -18"><span class='ocrx_word' id='word_1_194' title='bbox 1899 1204 2371 1274; x_wconf 61' lang='grc' dir='ltr'>ὀλιγωστεύσωμεν</span> <span class='ocrx_word' id='word_1_195' title='bbox 2415 1207 2520 1258; x_wconf 67' lang='grc' dir='ltr'><strong>ἀπὸ</strong></span> <span class='ocrx_word' id='word_1_196' title='bbox 2559 1207 2724 1274; x_wconf 76' lang='grc' dir='ltr'>αὐτὴν</span> <span class='ocrx_word' id='word_1_197' title='bbox 2748 1208 2813 1260; x_wconf 74' lang='grc' dir='ltr'>τὰ</span> <span class='ocrx_word' id='word_1_198' title='bbox 2843 1207 3008 1275; x_wconf 83' lang='grc' dir='ltr'>πάθη,</span> <span class='ocrx_word' id='word_1_199' title='bbox 3036 1210 3129 1258; x_wconf 75' lang='grc' dir='ltr'><strong>καὶ</strong></span> <span class='ocrx_word' id='word_1_200' title='bbox 3157 1205 3358 1276; x_wconf 72' lang='grc' dir='ltr'>ὕστερα</span> <span class='ocrx_word' id='word_1_201' title='bbox 3388 1207 3452 1257; x_wconf 70' lang='lat' dir='ltr'><strong>vi:</strong></span> 
     </span>
    </p>
   </div>
   <div class='ocr_carea' id='block_1_26' title="bbox 1895 1296 3453 1367">
    <p class='ocr_par' dir='ltr' id='par_1_26' title="bbox 1895 1296 3453 1367">
     <span class='ocr_line' id='line_1_26' title="bbox 1895 1296 3453 1367; baseline 0.001 -19"><span class='ocrx_word' id='word_1_202' title='bbox 1895 1298 2166 1367; x_wconf 85' lang='grc' dir='ltr'>κτίσωμεν</span> <span class='ocrx_word' id='word_1_203' title='bbox 2192 1299 2251 1351; x_wconf 86' lang='grc' dir='ltr'>τὸ</span> <span class='ocrx_word' id='word_1_204' title='bbox 2289 1299 2655 1367; x_wconf 71' lang='grc' dir='ltr'>πνευματικὸν</span> <span class='ocrx_word' id='word_1_205' title='bbox 2678 1301 2857 1366; x_wconf 67' lang='grc' dir='ltr'><strong>σπῆτυ</strong></span> <span class='ocrx_word' id='word_1_206' title='bbox 2894 1297 3059 1365; x_wconf 75' lang='grc' dir='ltr'>ἡγουν</span> <span class='ocrx_word' id='word_1_207' title='bbox 3093 1296 3156 1350; x_wconf 64' lang='lat' dir='ltr'><strong>vat</strong></span> <span class='ocrx_word' id='word_1_208' title='bbox 3177 1297 3453 1366; x_wconf 78' lang='grc' dir='ltr'>διώξωμεν</span> 
     </span>
    </p>
   </div>
   <div class='ocr_carea' id='block_1_27' title="bbox 1894 1388 3455 1458">
    <p class='ocr_par' dir='ltr' id='par_1_27' title="bbox 1894 1388 3455 1458">
     <span class='ocr_line' id='line_1_27' title="bbox 1894 1388 3455 1458; baseline 0 -18"><span class='ocrx_word' id='word_1_209' title='bbox 1894 1389 1990 1456; x_wconf 83' lang='grc' dir='ltr'><strong>τὴν</strong></span> <span class='ocrx_word' id='word_1_210' title='bbox 2013 1388 2254 1458; x_wconf 83' lang='grc' dir='ltr'>ταραχὴν</span> <span class='ocrx_word' id='word_1_211' title='bbox 2285 1388 2388 1440; x_wconf 84' lang='grc' dir='ltr'><strong>τῶν</strong></span> <span class='ocrx_word' id='word_1_212' title='bbox 2424 1388 2674 1458; x_wconf 83' lang='grc' dir='ltr'>πονηρῶν</span> <span class='ocrx_word' id='word_1_213' title='bbox 2703 1389 3025 1457; x_wconf 80' lang='grc' dir='ltr'>πνευμάτων</span> <span class='ocrx_word' id='word_1_214' title='bbox 3055 1388 3188 1439; x_wconf 81' lang='grc' dir='ltr'>ὀποῦ</span> <span class='ocrx_word' id='word_1_215' title='bbox 3224 1388 3327 1458; x_wconf 77' lang='grc' dir='ltr'>μᾶς</span> <span class='ocrx_word' id='word_1_216' title='bbox 3357 1404 3455 1440; x_wconf 84' lang='grc' dir='ltr'><strong>πο·</strong></span> 
     </span>
    </p>
   </div>
   <div class='ocr_carea' id='block_1_28' title="bbox 1894 1477 3456 1548">
    <p class='ocr_par' dir='ltr' id='par_1_28' title="bbox 1894 1477 3456 1548">
     <span class='ocr_line' id='line_1_28' title="bbox 1894 1477 3456 1548; baseline 0 -19"><span class='ocrx_word' id='word_1_217' title='bbox 1894 1478 2092 1548; x_wconf 78' lang='grc' dir='ltr'>λεμοῠν</span> <span class='ocrx_word' id='word_1_218' title='bbox 2126 1479 2192 1548; x_wconf 80' lang='grc' dir='ltr'><strong>μὲ</strong></span> <span class='ocrx_word' id='word_1_219' title='bbox 2217 1481 2331 1539; x_wconf 82' lang='grc' dir='ltr'>ταῖς</span> <span class='ocrx_word' id='word_1_220' title='bbox 2362 1477 2616 1548; x_wconf 79' lang='grc' dir='ltr'>αἴσθησες</span> <span class='ocrx_word' id='word_1_221' title='bbox 2637 1495 2652 1510; x_wconf 76' lang='grc'><strong><em>⁸</em></strong></span> <span class='ocrx_word' id='word_1_222' title='bbox 2684 1481 2776 1532; x_wconf 74' lang='grc' dir='ltr'>καὶ</span> <span class='ocrx_word' id='word_1_223' title='bbox 2800 1479 2866 1532; x_wconf 80' lang='grc' dir='ltr'><strong>νὰ</strong></span> <span class='ocrx_word' id='word_1_224' title='bbox 2894 1478 3180 1548; x_wconf 79' lang='grc' dir='ltr'>φεύγωμεν</span> <span class='ocrx_word' id='word_1_225' title='bbox 3221 1478 3283 1529; x_wconf 80' lang='grc' dir='ltr'>τὸ</span> <span class='ocrx_word' id='word_1_226' title='bbox 3311 1478 3456 1544; x_wconf 84' lang='grc' dir='ltr'>ὀγλι-</span> 
     </span>
    </p>
   </div>
   <div class='ocr_carea' id='block_1_29' title="bbox 1897 1551 3456 1639">
    <p class='ocr_par' dir='ltr' id='par_1_29' title="bbox 1897 1551 3456 1639">
     <span class='ocr_line' id='line_1_29' title="bbox 1897 1551 3456 1639; baseline -0.001 -19"><span class='ocrx_word' id='word_1_227' title='bbox 1897 1551 2198 1639; x_wconf 74' lang='grc' dir='ltr'>γωρότερον</span> <span class='ocrx_word' id='word_1_228' title='bbox 2236 1570 2326 1620; x_wconf 85' lang='grc' dir='ltr'><strong>τὸν</strong></span> <span class='ocrx_word' id='word_1_229' title='bbox 2352 1570 2584 1638; x_wconf 88' lang='grc' dir='ltr'>πόλεμον</span> <span class='ocrx_word' id='word_1_230' title='bbox 2612 1569 2810 1632; x_wconf 79' lang='grc' dir='ltr'>αὐτῶν,</span> <span class='ocrx_word' id='word_1_231' title='bbox 2841 1570 2933 1622; x_wconf 74' lang='grc' dir='ltr'><strong>καὶ</strong></span> <span class='ocrx_word' id='word_1_232' title='bbox 2953 1569 3072 1622; x_wconf 85' lang='grc' dir='ltr'>τότε</span> <span class='ocrx_word' id='word_1_233' title='bbox 3102 1569 3167 1621; x_wconf 84' lang='grc' dir='ltr'>νὰ</span> <span class='ocrx_word' id='word_1_234' title='bbox 3209 1567 3456 1638; x_wconf 82' lang='grc' dir='ltr'>βάνωμεν</span> 
     </span>
    </p>
   </div>
   <div class='ocr_carea' id='block_1_30' title="bbox 1898 1659 3459 1743">
    <p class='ocr_par' dir='ltr' id='par_1_30' title="bbox 1898 1659 3459 1743">
     <span class='ocr_line' id='line_1_30' title="bbox 1898 1659 3459 1743; baseline -0.001 -32"><span class='ocrx_word' id='word_1_235' title='bbox 1898 1661 1990 1714; x_wconf 75' lang='grc' dir='ltr'><strong>καὶ</strong></span> <span class='ocrx_word' id='word_1_236' title='bbox 2015 1661 2112 1731; x_wconf 82' lang='grc' dir='ltr'>τὴν</span> <span class='ocrx_word' id='word_1_237' title='bbox 2141 1661 2371 1743; x_wconf 65' lang='grc' dir='ltr'><strong>σκέπηνο</strong></span> <span class='ocrx_word' id='word_1_238' title='bbox 2405 1660 2570 1729; x_wconf 72' lang='grc' dir='ltr'>ἤγουν</span> <span class='ocrx_word' id='word_1_239' title='bbox 2598 1661 2662 1713; x_wconf 55' lang='lat' dir='ltr'><strong>vi</strong></span> <span class='ocrx_word' id='word_1_240' title='bbox 2688 1659 3079 1730; x_wconf 81' lang='grc' dir='ltr'>ἀναχωροῢμεν</span> <span class='ocrx_word' id='word_1_241' title='bbox 3102 1659 3321 1720; x_wconf 79' lang='grc' dir='ltr'>τελείως</span> <span class='ocrx_word' id='word_1_242' title='bbox 3351 1659 3459 1711; x_wconf 82' lang='grc' dir='ltr'><strong>ἀπὸ</strong></span> 
     </span>
    </p>
   </div>
   <div class='ocr_carea' id='block_1_31' title="bbox 1896 1749 3459 1820">
    <p class='ocr_par' dir='ltr' id='par_1_31' title="bbox 1896 1749 3459 1820">
     <span class='ocr_line' id='line_1_31' title="bbox 1896 1749 3459 1820; baseline 0 -18"><span class='ocrx_word' id='word_1_243' title='bbox 1896 1750 1992 1804; x_wconf 80' lang='grc' dir='ltr'>ὅλα</span> <span class='ocrx_word' id='word_1_244' title='bbox 2024 1750 2091 1803; x_wconf 84' lang='grc' dir='ltr'>τὰ</span> <span class='ocrx_word' id='word_1_245' title='bbox 2120 1753 2438 1820; x_wconf 79' lang='grc' dir='ltr'>πράγματα,</span> <span class='ocrx_word' id='word_1_246' title='bbox 2482 1752 2578 1806; x_wconf 71' lang='grc' dir='ltr'><strong>καὶ</strong></span> <span class='ocrx_word' id='word_1_247' title='bbox 2607 1751 2672 1805; x_wconf 81' lang='grc' dir='ltr'>νὰ</span> <span class='ocrx_word' id='word_1_248' title='bbox 2700 1750 3068 1820; x_wconf 75' lang='grc' dir='ltr'>είρηνεύωμεν</span> <span class='ocrx_word' id='word_1_249' title='bbox 3110 1749 3290 1812; x_wconf 82' lang='grc' dir='ltr'>καθὼς</span> <span class='ocrx_word' id='word_1_250' title='bbox 3323 1749 3459 1819; x_wconf 85' lang='grc' dir='ltr'><strong>πρέ-</strong></span> 
     </span>
    </p>
   </div>
   <div class='ocr_carea' id='block_1_32' title="bbox 234 1825 3460 1917">
    <p class='ocr_par' dir='ltr' id='par_1_32' title="bbox 234 1825 3460 1917">
     <span class='ocr_line' id='line_1_32' title="bbox 234 1825 3460 1917; baseline 0.004 -27"><span class='ocrx_word' id='word_1_251' title='bbox 234 1841 330 1891; x_wconf 82' lang='grc' dir='ltr'><strong>τὺν</strong></span> <span class='ocrx_word' id='word_1_252' title='bbox 361 1839 608 1906; x_wconf 76' lang='grc' dir='ltr'>οὐρανὸν,</span> <span class='ocrx_word' id='word_1_253' title='bbox 642 1840 735 1892; x_wconf 75' lang='grc' dir='ltr'>καὶ</span> <span class='ocrx_word' id='word_1_254' title='bbox 760 1839 902 1892; x_wconf 76' lang='grc' dir='ltr'>θέλει</span> <span class='ocrx_word' id='word_1_255' title='bbox 931 1843 996 1894; x_wconf 65' lang='grc' dir='ltr'><strong>νᾶ</strong></span> <span class='ocrx_word' id='word_1_256' title='bbox 1029 1844 1356 1910; x_wconf 78' lang='grc' dir='ltr'>φαντάζεται</span> <span class='ocrx_word' id='word_1_257' title='bbox 1386 1847 1584 1899; x_wconf 81' lang='grc' dir='ltr'>κᾶποια</span> <span class='ocrx_word' id='word_1_258' title='bbox 1613 1850 1796 1917; x_wconf 79' lang='grc' dir='ltr'>νοητὰ,</span> <span class='ocrx_word' id='word_1_259' title='bbox 1831 1825 1869 1877; x_wconf 69' lang='grc' dir='ltr'>Β</span> <span class='ocrx_word' id='word_1_260' title='bbox 1898 1858 2009 1905; x_wconf 82' lang='grc' dir='ltr'>πει,</span> <span class='ocrx_word' id='word_1_261' title='bbox 2043 1842 2136 1896; x_wconf 78' lang='grc' dir='ltr'><strong>καὶ</strong></span> <span class='ocrx_word' id='word_1_262' title='bbox 2173 1843 2238 1896; x_wconf 73' lang='grc' dir='ltr'>νὰ</span> <span class='ocrx_word' id='word_1_263' title='bbox 2266 1842 2537 1912; x_wconf 80' lang='grc' dir='ltr'><strong>διδῶμεθα</strong></span> <span class='ocrx_word' id='word_1_264' title='bbox 2580 1842 2716 1904; x_wconf 82' lang='grc' dir='ltr'>ὅλως</span> <span class='ocrx_word' id='word_1_265' title='bbox 2743 1841 2916 1894; x_wconf 78' lang='grc' dir='ltr'>διόλου</span> <span class='ocrx_word' id='word_1_266' title='bbox 2948 1843 3025 1902; x_wconf 77' lang='grc' dir='ltr'><strong>εἰς</strong></span> <span class='ocrx_word' id='word_1_267' title='bbox 3055 1839 3146 1892; x_wconf 71' lang='grc' dir='ltr'>τὸν</span> <span class='ocrx_word' id='word_1_268' title='bbox 3170 1839 3321 1891; x_wconf 74' lang='grc' dir='ltr'>Θεόν·</span> <span class='ocrx_word' id='word_1_269' title='bbox 3352 1839 3460 1890; x_wconf 66' lang='grc' dir='ltr'><strong>καὶ</strong></span> 
     </span>
    </p>
   </div>
   <div class='ocr_carea' id='block_1_33' title="bbox 234 1929 1800 2005">
    <p class='ocr_par' dir='ltr' id='par_1_33' title="bbox 234 1929 1800 2005">
     <span class='ocr_line' id='line_1_33' title="bbox 234 1929 1800 2005; baseline 0.006 -25"><span class='ocrx_word' id='word_1_270' title='bbox 234 1929 403 1991; x_wconf 80' lang='grc' dir='ltr'>αὐτὸς</span> <span class='ocrx_word' id='word_1_271' title='bbox 429 1929 728 1996; x_wconf 83' lang='grc' dir='ltr'>φαντασίας</span> <span class='ocrx_word' id='word_1_272' title='bbox 755 1930 936 1998; x_wconf 84' lang='grc' dir='ltr'>βλέπει</span> <span class='ocrx_word' id='word_1_273' title='bbox 970 1934 1061 1983; x_wconf 80' lang='grc' dir='ltr'><strong>καὶ</strong></span> <span class='ocrx_word' id='word_1_274' title='bbox 1088 1932 1320 2000; x_wconf 78' lang='grc' dir='ltr'>ψεύτικα</span> <span class='ocrx_word' id='word_1_275' title='bbox 1352 1934 1673 2005; x_wconf 82' lang='grc' dir='ltr'>πράγματα,</span> <span class='ocrx_word' id='word_1_276' title='bbox 1705 1936 1800 1989; x_wconf 76' lang='grc' dir='ltr'>καὶ</span> 
     </span>
    </p>
   </div>
   <div class='ocr_carea' id='block_1_34' title="bbox 231 2016 1798 2101">
    <p class='ocr_par' dir='ltr' id='par_1_34' title="bbox 231 2016 1798 2101">
     <span class='ocr_line' id='line_1_34' title="bbox 231 2016 1798 2101; baseline 0.006 -33"><span class='ocrx_word' id='word_1_277' title='bbox 231 2016 321 2084; x_wconf 76' lang='grc' dir='ltr'><strong>δχι</strong></span> <span class='ocrx_word' id='word_1_278' title='bbox 355 2016 604 2085; x_wconf 76' lang='grc' dir='ltr'>ἀληθινὰ,</span> <span class='ocrx_word' id='word_1_279' title='bbox 665 2017 731 2086; x_wconf 86' lang='grc' dir='ltr'><strong>μὲ</strong></span> <span class='ocrx_word' id='word_1_280' title='bbox 776 2018 836 2069; x_wconf 80' lang='grc' dir='ltr'><strong>τὸ</strong></span> <span class='ocrx_word' id='word_1_281' title='bbox 883 2018 949 2071; x_wconf 60' lang='lat' dir='ltr'><strong>vi</strong></span> <span class='ocrx_word' id='word_1_282' title='bbox 986 2016 1134 2073; x_wconf 81' lang='grc' dir='ltr'>εἶναι’</span> <span class='ocrx_word' id='word_1_283' title='bbox 1176 2021 1483 2101; x_wconf 73' lang='grc' dir='ltr'>ἀκάθαρτος</span> <span class='ocrx_word' id='word_1_284' title='bbox 1526 2025 1557 2093; x_wconf 85' lang='grc' dir='ltr'><strong>ή</strong></span> <span class='ocrx_word' id='word_1_285' title='bbox 1603 2025 1798 2094; x_wconf 86' lang='grc' dir='ltr'>καρδία</span> 
     </span>
    </p>
   </div>
   <div class='ocr_carea' id='block_1_35' title="bbox 231 2107 1800 2185">
    <p class='ocr_par' dir='ltr' id='par_1_35' title="bbox 231 2107 1800 2185">
     <span class='ocr_line' id='line_1_35' title="bbox 231 2107 1800 2185; baseline 0.006 -27"><span class='ocrx_word' id='word_1_286' title='bbox 231 2121 350 2160; x_wconf 81' lang='grc' dir='ltr'>του.</span> <span class='ocrx_word' id='word_1_287' title='bbox 383 2107 492 2159; x_wconf 78' lang='grc' dir='ltr'><strong>Καὶ</strong></span> <span class='ocrx_word' id='word_1_288' title='bbox 533 2107 710 2171; x_wconf 84' lang='grc' dir='ltr'>καθὼς</span> <span class='ocrx_word' id='word_1_289' title='bbox 740 2111 972 2178; x_wconf 80' lang='grc' dir='ltr'>εῑπαμεν</span> <span class='ocrx_word' id='word_1_290' title='bbox 1009 2112 1228 2172; x_wconf 83' lang='grc' dir='ltr'>πολλαῖς</span> <span class='ocrx_word' id='word_1_291' title='bbox 1259 2117 1482 2182; x_wconf 77' lang='grc' dir='ltr'>φοραῖς,</span> <span class='ocrx_word' id='word_1_292' title='bbox 1515 2118 1542 2166; x_wconf 85' lang='grc' dir='ltr'><strong>ό</strong></span> <span class='ocrx_word' id='word_1_293' title='bbox 1585 2116 1800 2185; x_wconf 85' lang='grc' dir='ltr'>πρῶτος</span> 
     </span>
    </p>
   </div>
   <div class='ocr_carea' id='block_1_36' title="bbox 1896 1929 3458 2000">
    <p class='ocr_par' dir='ltr' id='par_1_36' title="bbox 1896 1929 3458 2000">
     <span class='ocr_line' id='line_1_36' title="bbox 1896 1929 3458 2000; baseline -0.002 -18"><span class='ocrx_word' id='word_1_294' title='bbox 1896 1931 2009 1994; x_wconf 74' lang='grc' dir='ltr'>ἕτξι</span> <span class='ocrx_word' id='word_1_295' title='bbox 2049 1931 2403 2000; x_wconf 84' lang='grc' dir='ltr'>τελειώνομεν</span> <span class='ocrx_word' id='word_1_296' title='bbox 2441 1932 2502 1984; x_wconf 82' lang='grc' dir='ltr'>τὸ</span> <span class='ocrx_word' id='word_1_297' title='bbox 2550 1931 2916 2000; x_wconf 81' lang='grc' dir='ltr'>πνευματικὸν</span> <span class='ocrx_word' id='word_1_298' title='bbox 2957 1930 3122 1998; x_wconf 80' lang='grc' dir='ltr'>σπῆτι</span> <span class='ocrx_word' id='word_1_299' title='bbox 3149 1932 3206 1982; x_wconf 80' lang='grc' dir='ltr'>ὲν</span> <span class='ocrx_word' id='word_1_300' title='bbox 3236 1929 3458 2000; x_wconf 84' lang='grc' dir='ltr'><strong>Χριστῷ</strong></span> 
     </span>
    </p>
   </div>
   <div class='ocr_carea' id='block_1_37' title="bbox 1910 2017 3458 2094">
    <p class='ocr_par' dir='ltr' id='par_1_37' title="bbox 1910 2017 3458 2094">
     <span class='ocr_line' id='line_1_37' title="bbox 1910 2017 3458 2094; baseline 0.001 -22"><span class='ocrx_word' id='word_1_301' title='bbox 1910 2021 2080 2090; x_wconf 84' lang='grc' dir='ltr'><strong>Ἰησοῦ</strong></span> <span class='ocrx_word' id='word_1_302' title='bbox 2120 2022 2198 2092; x_wconf 78' lang='grc' dir='ltr'>τῷ</span> <span class='ocrx_word' id='word_1_303' title='bbox 2230 2023 2416 2094; x_wconf 83' lang='grc' dir='ltr'>Κυρίῳ</span> <span class='ocrx_word' id='word_1_304' title='bbox 2462 2023 2638 2092; x_wconf 77' lang='grc' dir='ltr'><strong>ἡμῶν·</strong></span> <span class='ocrx_word' id='word_1_305' title='bbox 2668 2017 2712 2089; x_wconf 84' lang='grc' dir='ltr'><strong>ᾧ</strong></span> <span class='ocrx_word' id='word_1_306' title='bbox 2741 2025 2774 2092; x_wconf 82' lang='grc' dir='ltr'>ἡ</span> <span class='ocrx_word' id='word_1_307' title='bbox 2816 2021 2940 2086; x_wconf 78' lang='grc' dir='ltr'>δόξα</span> <span class='ocrx_word' id='word_1_308' title='bbox 2966 2023 3043 2086; x_wconf 82' lang='grc' dir='ltr'><strong>είς</strong></span> <span class='ocrx_word' id='word_1_309' title='bbox 3074 2021 3216 2085; x_wconf 51' lang='grc' dir='ltr'>’τοὺς</span> <span class='ocrx_word' id='word_1_310' title='bbox 3255 2021 3458 2084; x_wconf 84' lang='grc' dir='ltr'>αίῶνας</span> 
     </span>
    </p>
   </div>
   <div class='ocr_carea' id='block_1_38' title="bbox 1899 2109 2486 2184">
    <p class='ocr_par' dir='ltr' id='par_1_38' title="bbox 1899 2109 2486 2184">
     <span class='ocr_line' id='line_1_38' title="bbox 1899 2109 2486 2184; baseline 0.009 -23"><span class='ocrx_word' id='word_1_311' title='bbox 1899 2109 2002 2163; x_wconf 83' lang='grc' dir='ltr'>τῶν</span> <span class='ocrx_word' id='word_1_312' title='bbox 2028 2110 2255 2166; x_wconf 87' lang='grc' dir='ltr'>αίώνων.</span> <span class='ocrx_word' id='word_1_313' title='bbox 2294 2112 2486 2184; x_wconf 78' lang='grc' dir='ltr'>Ἀμήν.</span> 
     </span>
    </p>
   </div>
   <div class='ocr_carea' id='block_1_39' title="bbox 251 2403 3447 2447">
    <p class='ocr_par' dir='ltr' id='par_1_39' title="bbox 251 2403 3447 2447">
     <span class='ocr_line' id='line_1_39' title="bbox 251 2403 3447 2447; baseline 0.003 -9"><span class='ocrx_word' id='word_1_314' title='bbox 251 2403 3447 2447; x_wconf 57' lang='lat' dir='ltr'>M</span> 
     </span>
    </p>
   </div>
   <div class='ocr_carea' id='block_1_40' title="bbox 2599 2452 3439 2462">
    <p class='ocr_par' dir='ltr' id='par_1_40' title="bbox 2599 2452 3439 2462">
     <span class='ocr_line' id='line_1_40' title="bbox 2599 2452 3439 2462; baseline 0.005 -4"><span class='ocrx_word' id='word_1_315' title='bbox 2599 2452 3439 2462; x_wconf 57' lang='grc' dir='ltr'><strong>“-..-.ο-.------ε</strong></span> 
     </span>
    </p>
   </div>
   <div class='ocr_carea' id='block_1_41' title="bbox 1463 2618 2222 2736">
    <p class='ocr_par' dir='ltr' id='par_1_41' title="bbox 1463 2618 2222 2736">
     <span class='ocr_line' id='line_1_41' title="bbox 1463 2618 2222 2736; baseline 0.008 -8"><span class='ocrx_word' id='word_1_316' title='bbox 1463 2618 2222 2736; x_wconf 87' lang='lat' dir='ltr'><strong>APPENDIX.</strong></span> 
     </span>
    </p>
   </div>
   <div class='ocr_carea' id='block_1_42' title="bbox 339 3057 3340 3240">
    <p class='ocr_par' dir='ltr' id='par_1_42' title="bbox 339 3057 3340 3240">
     <span class='ocr_line' id='line_1_42' title="bbox 339 3057 3340 3240; baseline 0.004 -15"><span class='ocrx_word' id='word_1_317' title='bbox 339 3059 1206 3230; x_wconf 77' lang='lat' dir='ltr'><strong>SCHOLASTICI</strong></span> <span class='ocrx_word' id='word_1_318' title='bbox 1286 3061 1977 3240; x_wconf 76' lang='lat' dir='ltr'><strong>CUJUSDAM</strong></span> <span class='ocrx_word' id='word_1_319' title='bbox 2059 3057 2712 3236; x_wconf 70' lang='lat' dir='ltr'><strong>DlALoGUS</strong></span> <span class='ocrx_word' id='word_1_320' title='bbox 2788 3061 2960 3227; x_wconf 81' lang='lat' dir='ltr'><strong>DE</strong></span> <span class='ocrx_word' id='word_1_321' title='bbox 3042 3063 3340 3240; x_wconf 73' lang='lat' dir='ltr'><strong>0E0.</strong></span> 
     </span>
    </p>
   </div>
   <div class='ocr_carea' id='block_1_43' title="bbox 1274 3385 2416 3449">
    <p class='ocr_par' dir='ltr' id='par_1_43' title="bbox 1274 3385 2416 3449">
     <span class='ocr_line' id='line_1_43' title="bbox 1274 3385 2416 3449; baseline 0.003 -3"><span class='ocrx_word' id='word_1_322' title='bbox 1274 3389 1370 3448; x_wconf 84' lang='lat' dir='ltr'><strong>AD</strong></span> <span class='ocrx_word' id='word_1_323' title='bbox 1438 3386 1850 3448; x_wconf 83' lang='lat' dir='ltr'><strong>SYMEONEM</strong></span> <span class='ocrx_word' id='word_1_324' title='bbox 1912 3385 2416 3449; x_wconf 83' lang='lat' dir='ltr'><strong>THEOLOGUM.</strong></span> 
     </span>
    </p>
   </div>
   <div class='ocr_carea' id='block_1_44' title="bbox 1797 3565 1864 3575">
    <p class='ocr_par' dir='ltr' id='par_1_44' title="bbox 1797 3565 1864 3575">
     <span class='ocr_line' id='line_1_44' title="bbox 1797 3565 1864 3575; baseline -0.015 0"><span class='ocrx_word' id='word_1_325' title='bbox 1797 3565 1864 3575; x_wconf 70' lang='lat'><strong>.—</strong></span> 
     </span>
    </p>
   </div>
   <div class='ocr_carea' id='block_1_45' title="bbox 307 3695 3457 3773">
    <p class='ocr_par' dir='ltr' id='par_1_45' title="bbox 307 3695 3457 3773">
     <span class='ocr_line' id='line_1_45' title="bbox 307 3695 3457 3773; baseline -0.004 -15"><span class='ocrx_word' id='word_1_326' title='bbox 307 3705 730 3762; x_wconf 72' lang='lat' dir='ltr'><strong>lmsnaocuto.</strong></span> <span class='ocrx_word' id='word_1_327' title='bbox 783 3707 921 3772; x_wconf 86' lang='lat' dir='ltr'><strong>Quid</strong></span> <span class='ocrx_word' id='word_1_328' title='bbox 970 3716 1086 3760; x_wconf 84' lang='lat' dir='ltr'><strong>erat</strong></span> <span class='ocrx_word' id='word_1_329' title='bbox 1129 3712 1181 3760; x_wconf 92' lang='lat' dir='ltr'><strong>in</strong></span> <span class='ocrx_word' id='word_1_330' title='bbox 1232 3708 1458 3771; x_wconf 86' lang='lat' dir='ltr'><strong>mundo,</strong></span> <span class='ocrx_word' id='word_1_331' title='bbox 1515 3717 1797 3773; x_wconf 78' lang='lat' dir='ltr'><strong>antequam</strong></span> <span class='ocrx_word' id='word_1_332' title='bbox 1829 3705 1871 3764; x_wconf 84' lang='lat' dir='ltr'><strong>C</strong></span> <span class='ocrx_word' id='word_1_333' title='bbox 1909 3717 2011 3765; x_wconf 87' lang='lat' dir='ltr'><strong>que</strong></span> <span class='ocrx_word' id='word_1_334' title='bbox 2044 3715 2284 3769; x_wconf 66' lang='lat' dir='ltr'><strong>pi&#39;msens</strong></span> <span class='ocrx_word' id='word_1_335' title='bbox 2315 3702 2404 3762; x_wconf 86' lang='lat' dir='ltr'><strong>sit,</strong></span> <span class='ocrx_word' id='word_1_336' title='bbox 2435 3700 2886 3769; x_wconf 85' lang='lat' dir='ltr'><strong>quemadmodum</strong></span> <span class='ocrx_word' id='word_1_337' title='bbox 2916 3697 3212 3756; x_wconf 86' lang='lat' dir='ltr'><strong>allirmasli,</strong></span> <span class='ocrx_word' id='word_1_338' title='bbox 3251 3695 3318 3747; x_wconf 87' lang='lat' dir='ltr'><strong>ab</strong></span> <span class='ocrx_word' id='word_1_339' title='bbox 3347 3709 3457 3746; x_wconf 91' lang='lat' dir='ltr'><strong>om-</strong></span> 
     </span>
    </p>
   </div>
   <div class='ocr_carea' id='block_1_46' title="bbox 234 3798 558 3852">
    <p class='ocr_par' dir='ltr' id='par_1_46' title="bbox 234 3798 558 3852">
     <span class='ocr_line' id='line_1_46' title="bbox 234 3798 558 3852; baseline -0.009 0"><span class='ocrx_word' id='word_1_340' title='bbox 234 3813 296 3852; x_wconf 76' lang='lat' dir='ltr'><strong>ex</strong></span> <span class='ocrx_word' id='word_1_341' title='bbox 306 3798 558 3852; x_wconf 84' lang='lat' dir='ltr'><strong>sisteret?</strong></span> 
     </span>
    </p>
   </div>
   <div class='ocr_carea' id='block_1_47' title="bbox 312 3882 1798 3951">
    <p class='ocr_par' dir='ltr' id='par_1_47' title="bbox 312 3882 1798 3951">
     <span class='ocr_line' id='line_1_47' title="bbox 312 3882 1798 3951; baseline 0.001 -13"><span class='ocrx_word' id='word_1_342' title='bbox 312 3883 632 3942; x_wconf 71' lang='lat' dir='ltr'><strong>Rasrousro.</strong></span> <span class='ocrx_word' id='word_1_343' title='bbox 691 3887 855 3949; x_wconf 88' lang='lat' dir='ltr'><strong>Deus,</strong></span> <span class='ocrx_word' id='word_1_344' title='bbox 916 3889 1087 3948; x_wconf 84' lang='lat' dir='ltr'><strong>ipsius</strong></span> <span class='ocrx_word' id='word_1_345' title='bbox 1139 3886 1316 3939; x_wconf 82' lang='lat' dir='ltr'><strong>mundi</strong></span> <span class='ocrx_word' id='word_1_346' title='bbox 1358 3882 1551 3951; x_wconf 85' lang='lat' dir='ltr'><strong>parcns</strong></span> <span class='ocrx_word' id='word_1_347' title='bbox 1583 3895 1635 3940; x_wconf 91' lang='lat' dir='ltr'><strong>et</strong></span> <span class='ocrx_word' id='word_1_348' title='bbox 1669 3901 1798 3940; x_wconf 90' lang='lat' dir='ltr'><strong>con-</strong></span> 
     </span>
    </p>
   </div>
   <div class='ocr_carea' id='block_1_48' title="bbox 241 3977 406 4033">
    <p class='ocr_par' dir='ltr' id='par_1_48' title="bbox 241 3977 406 4033">
     <span class='ocr_line' id='line_1_48' title="bbox 241 3977 406 4033; baseline 0.012 -2"><span class='ocrx_word' id='word_1_349' title='bbox 241 3977 406 4033; x_wconf 91' lang='lat' dir='ltr'><strong>ditor.</strong></span> 
     </span>
    </p>
   </div>
   <div class='ocr_carea' id='block_1_49' title="bbox 311 4067 1794 4138">
    <p class='ocr_par' dir='ltr' id='par_1_49' title="bbox 311 4067 1794 4138">
     <span class='ocr_line' id='line_1_49' title="bbox 311 4067 1794 4138; baseline 0.001 -19"><span class='ocrx_word' id='word_1_350' title='bbox 311 4067 422 4122; x_wconf 69' lang='lat' dir='ltr'><strong>lar.</strong></span> <span class='ocrx_word' id='word_1_351' title='bbox 457 4068 592 4120; x_wconf 83' lang='lat' dir='ltr'><strong>Cum</strong></span> <span class='ocrx_word' id='word_1_352' title='bbox 623 4067 860 4120; x_wconf 88' lang='lat' dir='ltr'><strong>nondum</strong></span> <span class='ocrx_word' id='word_1_353' title='bbox 893 4078 1129 4122; x_wconf 80' lang='lat' dir='ltr'><strong>exstaret</strong></span> <span class='ocrx_word' id='word_1_354' title='bbox 1153 4069 1406 4136; x_wconf 89' lang='lat' dir='ltr'><strong>mundus,</strong></span> <span class='ocrx_word' id='word_1_355' title='bbox 1446 4083 1552 4138; x_wconf 92' lang='lat' dir='ltr'><strong>quo</strong></span> <span class='ocrx_word' id='word_1_356' title='bbox 1583 4069 1794 4122; x_wconf 80' lang='lat' dir='ltr'><strong>tandem</strong></span> 
     </span>
    </p>
   </div>
   <div class='ocr_carea' id='block_1_50' title="bbox 236 4159 910 4227">
    <p class='ocr_par' dir='ltr' id='par_1_50' title="bbox 236 4159 910 4227">
     <span class='ocr_line' id='line_1_50' title="bbox 236 4159 910 4227; baseline 0.003 -17"><span class='ocrx_word' id='word_1_357' title='bbox 236 4167 396 4227; x_wconf 86' lang='lat' dir='ltr'><strong>pacto</strong></span> <span class='ocrx_word' id='word_1_358' title='bbox 429 4160 481 4211; x_wconf 93' lang='lat' dir='ltr'><strong>in</strong></span> <span class='ocrx_word' id='word_1_359' title='bbox 519 4159 718 4213; x_wconf 84' lang='lat' dir='ltr'><strong>muado</strong></span> <span class='ocrx_word' id='word_1_360' title='bbox 752 4161 910 4214; x_wconf 86' lang='lat' dir='ltr'><strong>erat?</strong></span> 
     </span>
    </p>
   </div>
   <div class='ocr_carea' id='block_1_51' title="bbox 310 4249 1792 4324">
    <p class='ocr_par' dir='ltr' id='par_1_51' title="bbox 310 4249 1792 4324">
     <span class='ocr_line' id='line_1_51' title="bbox 310 4249 1792 4324; baseline 0.005 -24"><span class='ocrx_word' id='word_1_361' title='bbox 310 4249 465 4304; x_wconf 64' lang='lat' dir='ltr'><strong>Resp.</strong></span> <span class='ocrx_word' id='word_1_362' title='bbox 505 4250 771 4316; x_wconf 83' lang='lat' dir='ltr'><strong>Quoniam</strong></span> <span class='ocrx_word' id='word_1_363' title='bbox 807 4253 1061 4314; x_wconf 86' lang='lat' dir='ltr'><strong>mundus,</strong></span> <span class='ocrx_word' id='word_1_364' title='bbox 1089 4255 1250 4306; x_wconf 85' lang='lat' dir='ltr'><strong>etiam</strong></span> <span class='ocrx_word' id='word_1_365' title='bbox 1283 4256 1594 4324; x_wconf 78' lang='lat' dir='ltr'><strong>priusquam</strong></span> <span class='ocrx_word' id='word_1_366' title='bbox 1625 4255 1792 4318; x_wconf 80' lang='lat' dir='ltr'><strong>ﬁeret,</strong></span> 
     </span>
    </p>
   </div>
   <div class='ocr_carea' id='block_1_52' title="bbox 239 4342 1796 4413">
    <p class='ocr_par' dir='ltr' id='par_1_52' title="bbox 239 4342 1796 4413">
     <span class='ocr_line' id='line_1_52' title="bbox 239 4342 1796 4413; baseline 0.001 -19"><span class='ocrx_word' id='word_1_367' title='bbox 239 4344 294 4396; x_wconf 90' lang='lat' dir='ltr'><strong>in</strong></span> <span class='ocrx_word' id='word_1_368' title='bbox 327 4342 433 4397; x_wconf 87' lang='lat' dir='ltr'><strong>Deo</strong></span> <span class='ocrx_word' id='word_1_369' title='bbox 464 4345 624 4410; x_wconf 78' lang='lat' dir='ltr'><strong>plane</strong></span> <span class='ocrx_word' id='word_1_370' title='bbox 669 4351 926 4413; x_wconf 83' lang='lat' dir='ltr'><strong>tanquam</strong></span> <span class='ocrx_word' id='word_1_371' title='bbox 971 4344 1144 4399; x_wconf 82' lang='lat' dir='ltr'><strong>factus</strong></span> <span class='ocrx_word' id='word_1_372' title='bbox 1180 4348 1349 4400; x_wconf 87' lang='lat' dir='ltr'><strong>inerat</strong></span> <span class='ocrx_word' id='word_1_373' title='bbox 1386 4361 1398 4398; x_wconf 90' lang='lat'><strong>:</strong></span> <span class='ocrx_word' id='word_1_374' title='bbox 1444 4348 1796 4413; x_wconf 84' lang='lat' dir='ltr'><strong>quemadmo-</strong></span> 
     </span>
    </p>
   </div>
   <div class='ocr_carea' id='block_1_53' title="bbox 236 4434 1792 4504">
    <p class='ocr_par' dir='ltr' id='par_1_53' title="bbox 236 4434 1792 4504">
     <span class='ocr_line' id='line_1_53' title="bbox 236 4434 1792 4504; baseline 0.001 -16"><span class='ocrx_word' id='word_1_375' title='bbox 236 4435 364 4488; x_wconf 86' lang='lat' dir='ltr'><strong>dum</strong></span> <span class='ocrx_word' id='word_1_376' title='bbox 397 4434 644 4487; x_wconf 87' lang='lat' dir='ltr'><strong>lmmines</strong></span> <span class='ocrx_word' id='word_1_377' title='bbox 677 4449 912 4502; x_wconf 85' lang='lat' dir='ltr'><strong>quoque,</strong></span> <span class='ocrx_word' id='word_1_378' title='bbox 948 4437 1171 4490; x_wconf 89' lang='lat' dir='ltr'><strong>necdum</strong></span> <span class='ocrx_word' id='word_1_379' title='bbox 1203 4436 1253 4488; x_wconf 91' lang='lat' dir='ltr'><strong>in</strong></span> <span class='ocrx_word' id='word_1_380' title='bbox 1293 4437 1426 4490; x_wconf 91' lang='lat' dir='ltr'><strong>hanc</strong></span> <span class='ocrx_word' id='word_1_381' title='bbox 1458 4439 1630 4492; x_wconf 88' lang='lat' dir='ltr'><strong>lucem</strong></span> <span class='ocrx_word' id='word_1_382' title='bbox 1661 4440 1792 4504; x_wconf 84' lang='lat' dir='ltr'><strong>nati,</strong></span> 
     </span>
    </p>
   </div>
   <div class='ocr_carea' id='block_1_54' title="bbox 238 4521 1794 4598">
    <p class='ocr_par' dir='ltr' id='par_1_54' title="bbox 238 4521 1794 4598">
     <span class='ocr_line' id='line_1_54' title="bbox 238 4521 1794 4598; baseline 0.002 -19"><span class='ocrx_word' id='word_1_383' title='bbox 238 4537 297 4579; x_wconf 93' lang='lat' dir='ltr'><strong>nt</strong></span> <span class='ocrx_word' id='word_1_384' title='bbox 325 4527 440 4593; x_wconf 89' lang='lat' dir='ltr'><strong>jam</strong></span> <span class='ocrx_word' id='word_1_385' title='bbox 473 4526 583 4579; x_wconf 89' lang='lat' dir='ltr'><strong>nati</strong></span> <span class='ocrx_word' id='word_1_386' title='bbox 616 4526 754 4594; x_wconf 89' lang='lat' dir='ltr'><strong>apud</strong></span> <span class='ocrx_word' id='word_1_387' title='bbox 794 4525 960 4579; x_wconf 76' lang='lat' dir='ltr'><strong>Deum</strong></span> <span class='ocrx_word' id='word_1_388' title='bbox 994 4536 1139 4582; x_wconf 92' lang='lat' dir='ltr'><strong>sunt.</strong></span> <span class='ocrx_word' id='word_1_389' title='bbox 1167 4521 1356 4582; x_wconf 82' lang='lat' dir='ltr'><strong>Omnia</strong></span> <span class='ocrx_word' id='word_1_390' title='bbox 1389 4530 1603 4598; x_wconf 80' lang='lat' dir='ltr'><strong>quippe,</strong></span> <span class='ocrx_word' id='word_1_391' title='bbox 1635 4531 1794 4585; x_wconf 85' lang='lat' dir='ltr'><strong>etiam</strong></span> 
     </span>
    </p>
   </div>
   <div class='ocr_carea' id='block_1_55' title="bbox 239 4621 1798 4689">
    <p class='ocr_par' dir='ltr' id='par_1_55' title="bbox 239 4621 1798 4689">
     <span class='ocr_line' id='line_1_55' title="bbox 239 4621 1798 4689; baseline 0.003 -17"><span class='ocrx_word' id='word_1_392' title='bbox 239 4621 477 4673; x_wconf 81' lang='lat' dir='ltr'><strong>nondum</strong></span> <span class='ocrx_word' id='word_1_393' title='bbox 515 4628 817 4688; x_wconf 80' lang='lat' dir='ltr'><strong>procreata,</strong></span> <span class='ocrx_word' id='word_1_394' title='bbox 855 4621 906 4673; x_wconf 94' lang='lat' dir='ltr'><strong>in</strong></span> <span class='ocrx_word' id='word_1_395' title='bbox 935 4636 991 4674; x_wconf 86' lang='lat' dir='ltr'><strong>se</strong></span> <span class='ocrx_word' id='word_1_396' title='bbox 1019 4621 1138 4689; x_wconf 92' lang='lat' dir='ltr'><strong>ipso</strong></span> <span class='ocrx_word' id='word_1_397' title='bbox 1160 4623 1464 4687; x_wconf 89' lang='lat' dir='ltr'><strong>constituit,</strong></span> <span class='ocrx_word' id='word_1_398' title='bbox 1496 4624 1596 4678; x_wconf 88' lang='lat' dir='ltr'><strong>etsi</strong></span> <span class='ocrx_word' id='word_1_399' title='bbox 1632 4623 1680 4677; x_wconf 91' lang='lat' dir='ltr'><strong>id</strong></span> <span class='ocrx_word' id='word_1_400' title='bbox 1714 4624 1798 4677; x_wconf 89' lang='lat' dir='ltr'><strong>in-</strong></span> 
     </span>
    </p>
   </div>
   <div class='ocr_carea' id='block_1_56' title="bbox 239 4713 1513 4782">
    <p class='ocr_par' dir='ltr' id='par_1_56' title="bbox 239 4713 1513 4782">
     <span class='ocr_line' id='line_1_56' title="bbox 239 4713 1513 4782; baseline 0.004 -18"><span class='ocrx_word' id='word_1_401' title='bbox 239 4713 548 4780; x_wconf 70' lang='lat' dir='ltr'><strong>telligentia:</strong></span> <span class='ocrx_word' id='word_1_402' title='bbox 583 4720 781 4766; x_wconf 72' lang='lat' dir='ltr'><strong>nostra:</strong></span> <span class='ocrx_word' id='word_1_403' title='bbox 812 4713 1232 4767; x_wconf 61' lang='lat' dir='ltr'><strong>imbecillitatem</strong></span> <span class='ocrx_word' id='word_1_404' title='bbox 1273 4713 1513 4782; x_wconf 70' lang='lat' dir='ltr'><strong>effugiat.</strong></span> 
     </span>
    </p>
   </div>
   <div class='ocr_carea' id='block_1_57' title="bbox 311 4803 1792 4873">
    <p class='ocr_par' dir='ltr' id='par_1_57' title="bbox 311 4803 1792 4873">
     <span class='ocr_line' id='line_1_57' title="bbox 311 4803 1792 4873; baseline 0.001 -19"><span class='ocrx_word' id='word_1_405' title='bbox 311 4803 421 4860; x_wconf 70' lang='lat' dir='ltr'><strong>ls&#39;r.</strong></span> <span class='ocrx_word' id='word_1_406' title='bbox 454 4803 508 4858; x_wconf 90' lang='lat' dir='ltr'><strong>Si</strong></span> <span class='ocrx_word' id='word_1_407' title='bbox 572 4804 731 4871; x_wconf 91' lang='lat' dir='ltr'><strong>igitur</strong></span> <span class='ocrx_word' id='word_1_408' title='bbox 783 4807 835 4857; x_wconf 92' lang='lat' dir='ltr'><strong>in</strong></span> <span class='ocrx_word' id='word_1_409' title='bbox 884 4807 1086 4858; x_wconf 86' lang='lat' dir='ltr'><strong>mundo</strong></span> <span class='ocrx_word' id='word_1_410' title='bbox 1129 4818 1245 4858; x_wconf 89' lang='lat' dir='ltr'><strong>erat</strong></span> <span class='ocrx_word' id='word_1_411' title='bbox 1293 4807 1792 4873; x_wconf 78' lang='lat' dir='ltr'><strong>lleus,‘anleqnam</strong></span> 
     </span>
    </p>
   </div>
   <div class='ocr_carea' id='block_1_58' title="bbox 239 4897 1791 4966">
    <p class='ocr_par' dir='ltr' id='par_1_58' title="bbox 239 4897 1791 4966">
     <span class='ocr_line' id='line_1_58' title="bbox 239 4897 1791 4966; baseline -0.001 -18"><span class='ocrx_word' id='word_1_412' title='bbox 239 4897 496 4949; x_wconf 85' lang='lat' dir='ltr'><strong>mundum</strong></span> <span class='ocrx_word' id='word_1_413' title='bbox 530 4897 837 4960; x_wconf 65' lang='lat' dir='ltr'><strong>ardilicaret,</strong></span> <span class='ocrx_word' id='word_1_414' title='bbox 873 4907 928 4948; x_wconf 90' lang='lat' dir='ltr'><strong>nt</strong></span> <span class='ocrx_word' id='word_1_415' title='bbox 964 4897 1064 4957; x_wconf 85' lang='lat' dir='ltr'><strong>ais,</strong></span> <span class='ocrx_word' id='word_1_416' title='bbox 1099 4899 1225 4966; x_wconf 91' lang='lat' dir='ltr'><strong>quid</strong></span> <span class='ocrx_word' id='word_1_417' title='bbox 1253 4914 1315 4950; x_wconf 91' lang='lat' dir='ltr'><strong>eo</strong></span> <span class='ocrx_word' id='word_1_418' title='bbox 1347 4898 1542 4950; x_wconf 80' lang='lat' dir='ltr'><strong>factum</strong></span> <span class='ocrx_word' id='word_1_419' title='bbox 1571 4907 1671 4959; x_wconf 86' lang='lat' dir='ltr'><strong>est,</strong></span> <span class='ocrx_word' id='word_1_420' title='bbox 1704 4900 1791 4950; x_wconf 83' lang='lat' dir='ltr'><strong>ubi</strong></span> 
     </span>
    </p>
   </div>
   <div class='ocr_carea' id='block_1_59' title="bbox 238 4988 1790 5056">
    <p class='ocr_par' dir='ltr' id='par_1_59' title="bbox 238 4988 1790 5056">
     <span class='ocr_line' id='line_1_59' title="bbox 238 4988 1790 5056; baseline 0.002 -18"><span class='ocrx_word' id='word_1_421' title='bbox 238 4989 385 5041; x_wconf 82' lang='lat' dir='ltr'><strong>illum</strong></span> <span class='ocrx_word' id='word_1_422' title='bbox 429 4988 726 5056; x_wconf 81' lang='lat' dir='ltr'><strong>produxit?</strong></span> <span class='ocrx_word' id='word_1_423' title='bbox 757 4989 895 5044; x_wconf 86' lang='lat' dir='ltr'><strong>Num</strong></span> <span class='ocrx_word' id='word_1_424' title='bbox 923 4989 990 5043; x_wconf 89' lang='lat' dir='ltr'><strong>ab</strong></span> <span class='ocrx_word' id='word_1_425' title='bbox 1021 5005 1084 5044; x_wconf 87' lang='lat' dir='ltr'><strong>co</strong></span> <span class='ocrx_word' id='word_1_426' title='bbox 1120 4989 1377 5054; x_wconf 52' lang='grc' dir='ltr'><strong>διαθείη</strong></span> <span class='ocrx_word' id='word_1_427' title='bbox 1419 5006 1486 5043; x_wconf 89' lang='lat' dir='ltr'><strong>an</strong></span> <span class='ocrx_word' id='word_1_428' title='bbox 1516 4989 1694 5043; x_wconf 89' lang='lat' dir='ltr'><strong>adhuc</strong></span> <span class='ocrx_word' id='word_1_429' title='bbox 1739 4991 1790 5042; x_wconf 88' lang='lat' dir='ltr'><strong>in</strong></span> 
     </span>
    </p>
   </div>
   <div class='ocr_carea' id='block_1_60' title="bbox 235 5077 551 5130">
    <p class='ocr_par' dir='ltr' id='par_1_60' title="bbox 235 5077 551 5130">
     <span class='ocr_line' id='line_1_60' title="bbox 235 5077 551 5130; baseline -0.006 0"><span class='ocrx_word' id='word_1_430' title='bbox 235 5091 302 5130; x_wconf 89' lang='lat' dir='ltr'><strong>eo</strong></span> <span class='ocrx_word' id='word_1_431' title='bbox 334 5077 551 5130; x_wconf 89' lang='lat' dir='ltr'><strong>manet?</strong></span> 
     </span>
    </p>
   </div>
   <div class='ocr_carea' id='block_1_61' title="bbox 307 5166 1791 5239">
    <p class='ocr_par' dir='ltr' id='par_1_61' title="bbox 307 5166 1791 5239">
     <span class='ocr_line' id='line_1_61' title="bbox 307 5166 1791 5239; baseline 0.003 -20"><span class='ocrx_word' id='word_1_432' title='bbox 307 5166 473 5222; x_wconf 75' lang='lat' dir='ltr'><strong>Resp.</strong></span> <span class='ocrx_word' id='word_1_433' title='bbox 522 5166 667 5221; x_wconf 87' lang='lat' dir='ltr'><strong>Loco</strong></span> <span class='ocrx_word' id='word_1_434' title='bbox 720 5169 937 5236; x_wconf 87' lang='lat' dir='ltr'><strong>quidem</strong></span> <span class='ocrx_word' id='word_1_435' title='bbox 991 5183 1019 5223; x_wconf 90' lang='lat' dir='ltr'><strong>a</strong></span> <span class='ocrx_word' id='word_1_436' title='bbox 1069 5171 1340 5225; x_wconf 86' lang='lat' dir='ltr'><strong>creaturis</strong></span> <span class='ocrx_word' id='word_1_437' title='bbox 1392 5173 1505 5225; x_wconf 85' lang='lat' dir='ltr'><strong>suis</strong></span> <span class='ocrx_word' id='word_1_438' title='bbox 1556 5173 1791 5239; x_wconf 85' lang='lat' dir='ltr'><strong>ipsarum</strong></span> 
     </span>
    </p>
   </div>
   <div class='ocr_carea' id='block_1_62' title="bbox 238 5259 1794 5329">
    <p class='ocr_par' dir='ltr' id='par_1_62' title="bbox 238 5259 1794 5329">
     <span class='ocr_line' id='line_1_62' title="bbox 238 5259 1794 5329; baseline 0.002 -15"><span class='ocrx_word' id='word_1_439' title='bbox 238 5269 449 5314; x_wconf 82' lang='lat' dir='ltr'><strong>creator</strong></span> <span class='ocrx_word' id='word_1_440' title='bbox 477 5259 618 5314; x_wconf 89' lang='lat' dir='ltr'><strong>Dens</strong></span> <span class='ocrx_word' id='word_1_441' title='bbox 645 5271 927 5329; x_wconf 85' lang='lat' dir='ltr'><strong>separatus</strong></span> <span class='ocrx_word' id='word_1_442' title='bbox 959 5277 1068 5314; x_wconf 92' lang='lat' dir='ltr'><strong>non</strong></span> <span class='ocrx_word' id='word_1_443' title='bbox 1097 5273 1196 5316; x_wconf 88' lang='lat' dir='ltr'><strong>est.</strong></span> <span class='ocrx_word' id='word_1_444' title='bbox 1221 5263 1336 5327; x_wconf 89' lang='lat' dir='ltr'><strong>Quo</strong></span> <span class='ocrx_word' id='word_1_445' title='bbox 1363 5264 1504 5315; x_wconf 86' lang='lat' dir='ltr'><strong>enim</strong></span> <span class='ocrx_word' id='word_1_446' title='bbox 1531 5279 1586 5316; x_wconf 91' lang='lat' dir='ltr'><strong>se</strong></span> <span class='ocrx_word' id='word_1_447' title='bbox 1619 5273 1794 5317; x_wconf 89' lang='lat' dir='ltr'><strong>trans-</strong></span> 
     </span>
    </p>
   </div>
   <div class='ocr_carea' id='block_1_63' title="bbox 239 5351 1793 5422">
    <p class='ocr_par' dir='ltr' id='par_1_63' title="bbox 239 5351 1793 5422">
     <span class='ocr_line' id='line_1_63' title="bbox 239 5351 1793 5422; baseline 0.001 -18"><span class='ocrx_word' id='word_1_448' title='bbox 239 5351 424 5414; x_wconf 79' lang='lat' dir='ltr'><strong>ferret,</strong></span> <span class='ocrx_word' id='word_1_449' title='bbox 458 5366 664 5418; x_wconf 76' lang='lat' dir='ltr'><strong>quzeso,</strong></span> <span class='ocrx_word' id='word_1_450' title='bbox 690 5353 780 5419; x_wconf 88' lang='lat' dir='ltr'><strong>qui</strong></span> <span class='ocrx_word' id='word_1_451' title='bbox 814 5354 1012 5422; x_wconf 91' lang='lat' dir='ltr'><strong>ubique</strong></span> <span class='ocrx_word' id='word_1_452' title='bbox 1041 5369 1284 5421; x_wconf 68' lang='lat' dir='ltr'><strong>praesens</strong></span> <span class='ocrx_word' id='word_1_453' title='bbox 1312 5355 1482 5418; x_wconf 83' lang='lat' dir='ltr'><strong>adest,</strong></span> <span class='ocrx_word' id='word_1_454' title='bbox 1518 5364 1569 5408; x_wconf 93' lang='lat' dir='ltr'><strong>ct</strong></span> <span class='ocrx_word' id='word_1_455' title='bbox 1594 5355 1793 5410; x_wconf 78' lang='lat' dir='ltr'><strong>divini-</strong></span> 
     </span>
    </p>
   </div>
   <div class='ocr_carea' id='block_1_64' title="bbox 238 5441 1790 5512">
    <p class='ocr_par' dir='ltr' id='par_1_64' title="bbox 238 5441 1790 5512">
     <span class='ocr_line' id='line_1_64' title="bbox 238 5441 1790 5512; baseline 0.004 -21"><span class='ocrx_word' id='word_1_456' title='bbox 238 5447 350 5493; x_wconf 83' lang='lat' dir='ltr'><strong>tate</strong></span> <span class='ocrx_word' id='word_1_457' title='bbox 396 5455 491 5493; x_wconf 91' lang='lat' dir='ltr'><strong>sua</strong></span> <span class='ocrx_word' id='word_1_458' title='bbox 550 5441 734 5507; x_wconf 86' lang='lat' dir='ltr'><strong>implet</strong></span> <span class='ocrx_word' id='word_1_459' title='bbox 774 5443 1050 5506; x_wconf 85' lang='lat' dir='ltr'><strong>universa,</strong></span> <span class='ocrx_word' id='word_1_460' title='bbox 1081 5455 1403 5512; x_wconf 86' lang='lat' dir='ltr'><strong>naturaque.</strong></span> <span class='ocrx_word' id='word_1_461' title='bbox 1438 5453 1489 5497; x_wconf 87' lang='lat' dir='ltr'><strong>et</strong></span> <span class='ocrx_word' id='word_1_462' title='bbox 1536 5447 1790 5509; x_wconf 89' lang='lat' dir='ltr'><strong>essentia,</strong></span> 
     </span>
    </p>
   </div>
   <div class='ocr_carea' id='block_1_65' title="bbox 243 5529 1791 5600">
    <p class='ocr_par' dir='ltr' id='par_1_65' title="bbox 243 5529 1791 5600">
     <span class='ocr_line' id='line_1_65' title="bbox 243 5529 1791 5600; baseline 0 -17"><span class='ocrx_word' id='word_1_463' title='bbox 243 5540 294 5583; x_wconf 86' lang='lat' dir='ltr'><strong>et</strong></span> <span class='ocrx_word' id='word_1_464' title='bbox 325 5529 703 5590; x_wconf 80' lang='lat' dir='ltr'><strong>subsistentia,</strong></span> <span class='ocrx_word' id='word_1_465' title='bbox 736 5531 1062 5599; x_wconf 69' lang='lat' dir='ltr'><strong>cazterisque</strong></span> <span class='ocrx_word' id='word_1_466' title='bbox 1099 5531 1524 5600; x_wconf 88' lang='lat' dir='ltr'><strong>proprietatibus</strong></span> <span class='ocrx_word' id='word_1_467' title='bbox 1579 5546 1791 5584; x_wconf 89' lang='lat' dir='ltr'><strong>omnem</strong></span> 
     </span>
    </p>
   </div>
   <div class='ocr_carea' id='block_1_66' title="bbox 255 5622 1796 5690">
    <p class='ocr_par' dir='ltr' id='par_1_66' title="bbox 255 5622 1796 5690">
     <span class='ocr_line' id='line_1_66' title="bbox 255 5622 1796 5690; baseline 0.002 -18"><span class='ocrx_word' id='word_1_468' title='bbox 255 5631 489 5674; x_wconf 75' lang='lat' dir='ltr'><strong>iatnram</strong></span> <span class='ocrx_word' id='word_1_469' title='bbox 527 5622 798 5675; x_wconf 78' lang='lat' dir='ltr'><strong>conditam</strong></span> <span class='ocrx_word' id='word_1_470' title='bbox 848 5624 1080 5684; x_wconf 78' lang='lat' dir='ltr'><strong>excedit,</strong></span> <span class='ocrx_word' id='word_1_471' title='bbox 1126 5625 1192 5676; x_wconf 89' lang='lat' dir='ltr'><strong>ab</strong></span> <span class='ocrx_word' id='word_1_472' title='bbox 1225 5637 1395 5690; x_wconf 85' lang='lat' dir='ltr'><strong>eaque</strong></span> <span class='ocrx_word' id='word_1_473' title='bbox 1445 5625 1708 5678; x_wconf 90' lang='lat' dir='ltr'><strong>immenso</strong></span> <span class='ocrx_word' id='word_1_474' title='bbox 1742 5630 1796 5677; x_wconf 92' lang='lat' dir='ltr'><strong>ct</strong></span> 
     </span>
    </p>
   </div>
   <div class='ocr_carea' id='block_1_67' title="bbox 263 5709 1392 5776">
    <p class='ocr_par' dir='ltr' id='par_1_67' title="bbox 263 5709 1392 5776">
     <span class='ocr_line' id='line_1_67' title="bbox 263 5709 1392 5776; baseline 0 -15"><span class='ocrx_word' id='word_1_475' title='bbox 263 5709 693 5776; x_wconf 85' lang='lat' dir='ltr'><strong>ncomprehcnso</strong></span> <span class='ocrx_word' id='word_1_476' title='bbox 724 5709 1042 5763; x_wconf 85' lang='lat' dir='ltr'><strong>discrimine</strong></span> <span class='ocrx_word' id='word_1_477' title='bbox 1069 5711 1392 5763; x_wconf 84' lang='lat' dir='ltr'><strong>secernitur.</strong></span> 
     </span>
    </p>
   </div>
   <div class='ocr_carea' id='block_1_68' title="bbox 319 5798 1786 5864">
    <p class='ocr_par' dir='ltr' id='par_1_68' title="bbox 319 5798 1786 5864">
     <span class='ocr_line' id='line_1_68' title="bbox 319 5798 1786 5864; baseline 0.003 -14"><span class='ocrx_word' id='word_1_478' title='bbox 319 5798 427 5852; x_wconf 66' lang='lat' dir='ltr'><strong>lar.</strong></span> <span class='ocrx_word' id='word_1_479' title='bbox 469 5799 580 5864; x_wconf 82' lang='lat' dir='ltr'><strong>Qua</strong></span> <span class='ocrx_word' id='word_1_480' title='bbox 614 5801 849 5863; x_wconf 86' lang='lat' dir='ltr'><strong>ratione,</strong></span> <span class='ocrx_word' id='word_1_481' title='bbox 882 5814 1005 5854; x_wconf 89' lang='lat' dir='ltr'><strong>cum</strong></span> <span class='ocrx_word' id='word_1_482' title='bbox 1037 5802 1154 5854; x_wconf 91' lang='lat' dir='ltr'><strong>loco</strong></span> <span class='ocrx_word' id='word_1_483' title='bbox 1187 5817 1290 5855; x_wconf 88' lang='lat' dir='ltr'><strong>nou</strong></span> <span class='ocrx_word' id='word_1_484' title='bbox 1324 5803 1504 5863; x_wconf 84' lang='lat' dir='ltr'><strong>distet.</strong></span> <span class='ocrx_word' id='word_1_485' title='bbox 1545 5802 1636 5858; x_wconf 85' lang='lat' dir='ltr'><strong>sed</strong></span> <span class='ocrx_word' id='word_1_486' title='bbox 1675 5802 1786 5855; x_wconf 91' lang='lat' dir='ltr'><strong>ubi-</strong></span> 
     </span>
    </p>
   </div>
   <div class='ocr_carea' id='block_1_69' title="bbox 1908 3791 2651 3861">
    <p class='ocr_par' dir='ltr' id='par_1_69' title="bbox 1908 3791 2651 3861">
     <span class='ocr_line' id='line_1_69' title="bbox 1908 3791 2651 3861; baseline -0.001 -17"><span class='ocrx_word' id='word_1_487' title='bbox 1908 3793 2068 3846; x_wconf 87' lang='lat' dir='ltr'><strong>nihus</strong></span> <span class='ocrx_word' id='word_1_488' title='bbox 2100 3801 2278 3846; x_wconf 80' lang='lat' dir='ltr'><strong>tamen</strong></span> <span class='ocrx_word' id='word_1_489' title='bbox 2312 3791 2651 3861; x_wconf 76' lang='lat' dir='ltr'><strong>seiungitur?</strong></span> 
     </span>
    </p>
   </div>
   <div class='ocr_carea' id='block_1_70' title="bbox 1976 3879 3455 3952">
    <p class='ocr_par' dir='ltr' id='par_1_70' title="bbox 1976 3879 3455 3952">
     <span class='ocr_line' id='line_1_70' title="bbox 1976 3879 3455 3952; baseline -0.001 -18"><span class='ocrx_word' id='word_1_490' title='bbox 1976 3881 2136 3936; x_wconf 64' lang='lat' dir='ltr'><strong>lisse.</strong></span> <span class='ocrx_word' id='word_1_491' title='bbox 2167 3885 2290 3938; x_wconf 67' lang='lat' dir='ltr'><strong>llaec</strong></span> <span class='ocrx_word' id='word_1_492' title='bbox 2316 3884 2542 3952; x_wconf 59' lang='lat' dir='ltr'><strong>quastio</strong></span> <span class='ocrx_word' id='word_1_493' title='bbox 2579 3882 2844 3936; x_wconf 71' lang='lat' dir='ltr'><strong>diliitilem</strong></span> <span class='ocrx_word' id='word_1_494' title='bbox 2878 3879 3312 3947; x_wconf 76' lang='lat' dir='ltr'><strong>intelligentiam,</strong></span> <span class='ocrx_word' id='word_1_495' title='bbox 3347 3893 3455 3932; x_wconf 90' lang='lat' dir='ltr'><strong>non</strong></span> 
     </span>
    </p>
   </div>
   <div class='ocr_carea' id='block_1_71' title="bbox 1905 3971 3452 4043">
    <p class='ocr_par' dir='ltr' id='par_1_71' title="bbox 1905 3971 3452 4043">
     <span class='ocr_line' id='line_1_71' title="bbox 1905 3971 3452 4043; baseline -0.002 -16"><span class='ocrx_word' id='word_1_496' title='bbox 1905 3975 2031 4028; x_wconf 87' lang='lat' dir='ltr'><strong>item</strong></span> <span class='ocrx_word' id='word_1_497' title='bbox 2085 3974 2350 4028; x_wconf 74' lang='lat' dir='ltr'><strong>difﬁcilem</strong></span> <span class='ocrx_word' id='word_1_498' title='bbox 2401 3975 2815 4043; x_wconf 81' lang='lat' dir='ltr'><strong>explicationem</strong></span> <span class='ocrx_word' id='word_1_499' title='bbox 2871 3972 3054 4024; x_wconf 87' lang='lat' dir='ltr'><strong>habet.</strong></span> <span class='ocrx_word' id='word_1_500' title='bbox 3109 3971 3214 4025; x_wconf 87' lang='lat' dir='ltr'><strong>Deo</strong></span> <span class='ocrx_word' id='word_1_501' title='bbox 3272 3981 3452 4042; x_wconf 88' lang='lat' dir='ltr'><strong>autem</strong></span> 
     </span>
    </p>
   </div>
   <div class='ocr_carea' id='block_1_72' title="bbox 1904 4063 3455 4133">
    <p class='ocr_par' dir='ltr' id='par_1_72' title="bbox 1904 4063 3455 4133">
     <span class='ocr_line' id='line_1_72' title="bbox 1904 4063 3455 4133; baseline 0.001 -18"><span class='ocrx_word' id='word_1_502' title='bbox 1904 4065 2037 4118; x_wconf 85' lang='lat' dir='ltr'><strong>nihil</strong></span> <span class='ocrx_word' id='word_1_503' title='bbox 2077 4077 2156 4118; x_wconf 87' lang='lat' dir='ltr'><strong>est</strong></span> <span class='ocrx_word' id='word_1_504' title='bbox 2185 4065 2539 4133; x_wconf 86' lang='lat' dir='ltr'><strong>impossibile.</strong></span> <span class='ocrx_word' id='word_1_505' title='bbox 2570 4063 2750 4133; x_wconf 88' lang='lat' dir='ltr'><strong>Itaque</strong></span> <span class='ocrx_word' id='word_1_506' title='bbox 2779 4071 2958 4131; x_wconf 83' lang='lat' dir='ltr'><strong>potest</strong></span> <span class='ocrx_word' id='word_1_507' title='bbox 2989 4063 3080 4116; x_wconf 85' lang='lat' dir='ltr'><strong>tibi</strong></span> <span class='ocrx_word' id='word_1_508' title='bbox 3126 4063 3286 4131; x_wconf 82' lang='lat' dir='ltr'><strong>hujus</strong></span> <span class='ocrx_word' id='word_1_509' title='bbox 3319 4079 3455 4131; x_wconf 78' lang='lat' dir='ltr'><strong>quo-</strong></span> 
     </span>
    </p>
   </div>
   <div class='ocr_carea' id='block_1_73' title="bbox 1901 4153 3450 4225">
    <p class='ocr_par' dir='ltr' id='par_1_73' title="bbox 1901 4153 3450 4225">
     <span class='ocr_line' id='line_1_73' title="bbox 1901 4153 3450 4225; baseline -0.001 -18"><span class='ocrx_word' id='word_1_510' title='bbox 1901 4173 2005 4225; x_wconf 87' lang='lat' dir='ltr'><strong>que</strong></span> <span class='ocrx_word' id='word_1_511' title='bbox 2035 4157 2109 4211; x_wconf 91' lang='lat' dir='ltr'><strong>rei</strong></span> <span class='ocrx_word' id='word_1_512' title='bbox 2137 4159 2348 4224; x_wconf 78' lang='lat' dir='ltr'><strong>pienam</strong></span> <span class='ocrx_word' id='word_1_513' title='bbox 2385 4156 2542 4210; x_wconf 82' lang='lat' dir='ltr'><strong>ﬁdem</strong></span> <span class='ocrx_word' id='word_1_514' title='bbox 2585 4155 2782 4209; x_wconf 77' lang='lat' dir='ltr'><strong>facere.</strong></span> <span class='ocrx_word' id='word_1_515' title='bbox 2809 4154 2936 4221; x_wconf 80' lang='lat' dir='ltr'><strong>Age,</strong></span> <span class='ocrx_word' id='word_1_516' title='bbox 2967 4153 3329 4220; x_wconf 82' lang='lat' dir='ltr'><strong>intclligenter</strong></span> <span class='ocrx_word' id='word_1_517' title='bbox 3361 4169 3450 4206; x_wconf 88' lang='lat' dir='ltr'><strong>au-</strong></span> 
     </span>
    </p>
   </div>
   <div class='ocr_carea' id='block_1_74' title="bbox 1902 4243 3448 4305">
    <p class='ocr_par' dir='ltr' id='par_1_74' title="bbox 1902 4243 3448 4305">
     <span class='ocr_line' id='line_1_74' title="bbox 1902 4243 3448 4305; baseline -0.003 -6"><span class='ocrx_word' id='word_1_518' title='bbox 1902 4249 2096 4300; x_wconf 78' lang='lat' dir='ltr'><strong>sculta.</strong></span> <span class='ocrx_word' id='word_1_519' title='bbox 2140 4246 2308 4300; x_wconf 88' lang='lat' dir='ltr'><strong>Sicuti</strong></span> <span class='ocrx_word' id='word_1_520' title='bbox 2365 4261 2518 4299; x_wconf 90' lang='lat' dir='ltr'><strong>mens</strong></span> <span class='ocrx_word' id='word_1_521' title='bbox 2557 4245 2788 4298; x_wconf 88' lang='lat' dir='ltr'><strong>humana</strong></span> <span class='ocrx_word' id='word_1_522' title='bbox 2816 4258 2913 4296; x_wconf 91' lang='lat' dir='ltr'><strong>nec</strong></span> <span class='ocrx_word' id='word_1_523' title='bbox 2947 4243 3230 4296; x_wconf 86' lang='lat' dir='ltr'><strong>cohibetur</strong></span> <span class='ocrx_word' id='word_1_524' title='bbox 3259 4244 3448 4305; x_wconf 83' lang='lat' dir='ltr'><strong>muris,</strong></span> 
     </span>
    </p>
   </div>
   <div class='ocr_carea' id='block_1_75' title="bbox 1903 4332 3451 4400">
    <p class='ocr_par' dir='ltr' id='par_1_75' title="bbox 1903 4332 3451 4400">
     <span class='ocr_line' id='line_1_75' title="bbox 1903 4332 3451 4400; baseline -0.001 -12"><span class='ocrx_word' id='word_1_525' title='bbox 1903 4354 1999 4391; x_wconf 89' lang='lat' dir='ltr'><strong>nec</strong></span> <span class='ocrx_word' id='word_1_526' title='bbox 2034 4339 2154 4391; x_wconf 92' lang='lat' dir='ltr'><strong>loco</strong></span> <span class='ocrx_word' id='word_1_527' title='bbox 2187 4336 2659 4391; x_wconf 89' lang='lat' dir='ltr'><strong>circumscribitur</strong></span> <span class='ocrx_word' id='word_1_528' title='bbox 2703 4351 2715 4386; x_wconf 93' lang='lat'>:</span> <span class='ocrx_word' id='word_1_529' title='bbox 2755 4332 2846 4387; x_wconf 89' lang='lat' dir='ltr'><strong>sed</strong></span> <span class='ocrx_word' id='word_1_530' title='bbox 2883 4347 3083 4400; x_wconf 84' lang='lat' dir='ltr'><strong>corpus</strong></span> <span class='ocrx_word' id='word_1_531' title='bbox 3119 4341 3324 4384; x_wconf 88' lang='lat' dir='ltr'><strong>tantum</strong></span> <span class='ocrx_word' id='word_1_532' title='bbox 3354 4332 3451 4386; x_wconf 82' lang='lat' dir='ltr'><strong>do-</strong></span> 
     </span>
    </p>
   </div>
   <div class='ocr_carea' id='block_1_76' title="bbox 1902 4424 3448 4491">
    <p class='ocr_par' dir='ltr' id='par_1_76' title="bbox 1902 4424 3448 4491">
     <span class='ocr_line' id='line_1_76' title="bbox 1902 4424 3448 4491; baseline -0.005 -9"><span class='ocrx_word' id='word_1_533' title='bbox 1902 4429 2164 4483; x_wconf 74' lang='lat' dir='ltr'><strong>miracula:</strong></span> <span class='ocrx_word' id='word_1_534' title='bbox 2189 4427 2505 4488; x_wconf 88' lang='lat' dir='ltr'><strong>includitur,</strong></span> <span class='ocrx_word' id='word_1_535' title='bbox 2543 4436 2596 4480; x_wconf 88' lang='lat' dir='ltr'><strong>et</strong></span> <span class='ocrx_word' id='word_1_536' title='bbox 2628 4425 2863 4480; x_wconf 84' lang='lat' dir='ltr'><strong>vinculis</strong></span> <span class='ocrx_word' id='word_1_537' title='bbox 2893 4424 3300 4491; x_wconf 76' lang='lat' dir='ltr'><strong>constringitur,</strong></span> <span class='ocrx_word' id='word_1_538' title='bbox 3332 4424 3448 4491; x_wconf 88' lang='lat' dir='ltr'><strong>ipsa</strong></span> 
     </span>
    </p>
   </div>
   <div class='ocr_carea' id='block_1_77' title="bbox 1899 4516 3450 4588">
    <p class='ocr_par' dir='ltr' id='par_1_77' title="bbox 1899 4516 3450 4588">
     <span class='ocr_line' id='line_1_77' title="bbox 1899 4516 3450 4588; baseline -0.005 -14"><span class='ocrx_word' id='word_1_539' title='bbox 1899 4530 2047 4574; x_wconf 78' lang='lat' dir='ltr'><strong>extra</strong></span> <span class='ocrx_word' id='word_1_540' title='bbox 2074 4535 2272 4588; x_wconf 83' lang='lat' dir='ltr'><strong>corpus</strong></span> <span class='ocrx_word' id='word_1_541' title='bbox 2303 4518 2468 4572; x_wconf 86' lang='lat' dir='ltr'><strong>libere</strong></span> <span class='ocrx_word' id='word_1_542' title='bbox 2505 4517 2704 4587; x_wconf 82' lang='lat' dir='ltr'><strong>ubique</strong></span> <span class='ocrx_word' id='word_1_543' title='bbox 2735 4525 2960 4586; x_wconf 81' lang='lat' dir='ltr'><strong>vagatur</strong></span> <span class='ocrx_word' id='word_1_544' title='bbox 2995 4531 3007 4565; x_wconf 90' lang='lat'><strong>:</strong></span> <span class='ocrx_word' id='word_1_545' title='bbox 3036 4529 3133 4569; x_wconf 87' lang='lat' dir='ltr'><strong>nec</strong></span> <span class='ocrx_word' id='word_1_546' title='bbox 3175 4516 3388 4569; x_wconf 83' lang='lat' dir='ltr'><strong>interim</strong></span> <span class='ocrx_word' id='word_1_547' title='bbox 3422 4530 3450 4567; x_wconf 89' lang='lat' dir='ltr'><strong>a</strong></span> 
     </span>
    </p>
   </div>
   <div class='ocr_carea' id='block_1_78' title="bbox 1900 4605 3451 4679">
    <p class='ocr_par' dir='ltr' id='par_1_78' title="bbox 1900 4605 3451 4679">
     <span class='ocr_line' id='line_1_78' title="bbox 1900 4605 3451 4679; baseline -0.006 -14"><span class='ocrx_word' id='word_1_548' title='bbox 1900 4626 2126 4678; x_wconf 81' lang='lat' dir='ltr'><strong>corpore</strong></span> <span class='ocrx_word' id='word_1_549' title='bbox 2157 4619 2459 4679; x_wconf 88' lang='lat' dir='ltr'><strong>separatur,</strong></span> <span class='ocrx_word' id='word_1_550' title='bbox 2497 4625 2594 4664; x_wconf 93' lang='lat' dir='ltr'><strong>nec</strong></span> <span class='ocrx_word' id='word_1_551' title='bbox 2643 4624 2672 4662; x_wconf 90' lang='lat' dir='ltr'><strong>a</strong></span> <span class='ocrx_word' id='word_1_552' title='bbox 2726 4609 3003 4664; x_wconf 90' lang='lat' dir='ltr'><strong>domicilio</strong></span> <span class='ocrx_word' id='word_1_553' title='bbox 3048 4606 3232 4674; x_wconf 89' lang='lat' dir='ltr'><strong>procul</strong></span> <span class='ocrx_word' id='word_1_554' title='bbox 3267 4605 3451 4668; x_wconf 83' lang='lat' dir='ltr'><strong>distat,</strong></span> 
     </span>
    </p>
   </div>
   <div class='ocr_carea' id='block_1_79' title="bbox 1900 4699 3452 4770">
    <p class='ocr_par' dir='ltr' id='par_1_79' title="bbox 1900 4699 3452 4770">
     <span class='ocr_line' id='line_1_79' title="bbox 1900 4699 3452 4770; baseline -0.001 -18"><span class='ocrx_word' id='word_1_555' title='bbox 1900 4718 2084 4756; x_wconf 78' lang='lat' dir='ltr'><strong>verum</strong></span> <span class='ocrx_word' id='word_1_556' title='bbox 2123 4711 2178 4756; x_wconf 92' lang='lat' dir='ltr'><strong>ct</strong></span> <span class='ocrx_word' id='word_1_557' title='bbox 2206 4703 2403 4757; x_wconf 80' lang='lat' dir='ltr'><strong>absens</strong></span> <span class='ocrx_word' id='word_1_558' title='bbox 2447 4701 2870 4770; x_wconf 84' lang='lat' dir='ltr'><strong>quodammodo,</strong></span> <span class='ocrx_word' id='word_1_559' title='bbox 2903 4701 2987 4754; x_wconf 90' lang='lat' dir='ltr'><strong>his</strong></span> <span class='ocrx_word' id='word_1_560' title='bbox 3027 4699 3201 4760; x_wconf 88' lang='lat' dir='ltr'><strong>adest,</strong></span> <span class='ocrx_word' id='word_1_561' title='bbox 3244 4708 3297 4751; x_wconf 90' lang='lat' dir='ltr'><strong>et</strong></span> <span class='ocrx_word' id='word_1_562' title='bbox 3329 4713 3452 4751; x_wconf 90' lang='lat' dir='ltr'><strong>eum</strong></span> 
     </span>
    </p>
   </div>
   <div class='ocr_carea' id='block_1_80' title="bbox 1901 4790 3456 4861">
    <p class='ocr_par' dir='ltr' id='par_1_80' title="bbox 1901 4790 3456 4861">
     <span class='ocr_line' id='line_1_80' title="bbox 1901 4790 3456 4861; baseline -0.003 -17"><span class='ocrx_word' id='word_1_563' title='bbox 1901 4795 2004 4848; x_wconf 90' lang='lat' dir='ltr'><strong>illis</strong></span> <span class='ocrx_word' id='word_1_564' title='bbox 2035 4794 2187 4848; x_wconf 89' lang='lat' dir='ltr'><strong>adest</strong></span> <span class='ocrx_word' id='word_1_565' title='bbox 2218 4794 2388 4857; x_wconf 81' lang='lat' dir='ltr'><strong>abest,</strong></span> <span class='ocrx_word' id='word_1_566' title='bbox 2415 4792 2865 4861; x_wconf 55' lang='lat' dir='ltr'><strong>prtesentiamque</strong></span> <span class='ocrx_word' id='word_1_567' title='bbox 2897 4805 3017 4845; x_wconf 92' lang='lat' dir='ltr'><strong>cum</strong></span> <span class='ocrx_word' id='word_1_568' title='bbox 3051 4790 3296 4855; x_wconf 63' lang='lat' dir='ltr'><strong>absentia</strong></span> <span class='ocrx_word' id='word_1_569' title='bbox 3322 4803 3456 4842; x_wconf 85' lang='lat' dir='ltr'><strong>cou-</strong></span> 
     </span>
    </p>
   </div>
   <div class='ocr_carea' id='block_1_81' title="bbox 1895 4882 3444 4950">
    <p class='ocr_par' dir='ltr' id='par_1_81' title="bbox 1895 4882 3444 4950">
     <span class='ocr_line' id='line_1_81' title="bbox 1895 4882 3444 4950; baseline -0.002 -16"><span class='ocrx_word' id='word_1_570' title='bbox 1895 4887 2070 4950; x_wconf 71' lang='lat' dir='ltr'><strong>Jungit</strong></span> <span class='ocrx_word' id='word_1_571' title='bbox 2101 4900 2115 4936; x_wconf 88' lang='lat'><strong>:</strong></span> <span class='ocrx_word' id='word_1_572' title='bbox 2149 4885 2220 4937; x_wconf 87' lang='lat' dir='ltr'><strong>ita</strong></span> <span class='ocrx_word' id='word_1_573' title='bbox 2269 4883 2409 4937; x_wconf 84' lang='lat' dir='ltr'><strong>Dens</strong></span> <span class='ocrx_word' id='word_1_574' title='bbox 2459 4883 2680 4950; x_wconf 82' lang='lat' dir='ltr'><strong>ubique,</strong></span> <span class='ocrx_word' id='word_1_575' title='bbox 2716 4890 2770 4935; x_wconf 90' lang='lat' dir='ltr'><strong>et</strong></span> <span class='ocrx_word' id='word_1_576' title='bbox 2805 4884 2859 4934; x_wconf 88' lang='lat' dir='ltr'><strong>in</strong></span> <span class='ocrx_word' id='word_1_577' title='bbox 2900 4882 3174 4940; x_wconf 87' lang='lat' dir='ltr'><strong>omnibus,</strong></span> <span class='ocrx_word' id='word_1_578' title='bbox 3208 4888 3262 4932; x_wconf 87' lang='lat' dir='ltr'><strong>et</strong></span> <span class='ocrx_word' id='word_1_579' title='bbox 3291 4888 3444 4932; x_wconf 83' lang='lat' dir='ltr'><strong>extra</strong></span> 
     </span>
    </p>
   </div>
   <div class='ocr_carea' id='block_1_82' title="bbox 1901 4968 3444 5041">
    <p class='ocr_par' dir='ltr' id='par_1_82' title="bbox 1901 4968 3444 5041">
     <span class='ocr_line' id='line_1_82' title="bbox 1901 4968 3444 5041; baseline -0.004 -15"><span class='ocrx_word' id='word_1_580' title='bbox 1901 4977 2101 5036; x_wconf 83' lang='lat' dir='ltr'><strong>munia,</strong></span> <span class='ocrx_word' id='word_1_581' title='bbox 2133 4983 2187 5028; x_wconf 93' lang='lat' dir='ltr'><strong>et</strong></span> <span class='ocrx_word' id='word_1_582' title='bbox 2216 4988 2482 5041; x_wconf 82' lang='lat' dir='ltr'><strong>nusquam</strong></span> <span class='ocrx_word' id='word_1_583' title='bbox 2510 4982 2589 5026; x_wconf 85' lang='lat' dir='ltr'><strong>est</strong></span> <span class='ocrx_word' id='word_1_584' title='bbox 2621 4980 2830 5034; x_wconf 89' lang='lat' dir='ltr'><strong>natura,</strong></span> <span class='ocrx_word' id='word_1_585' title='bbox 2863 4971 3122 5033; x_wconf 89' lang='lat' dir='ltr'><strong>essentia,</strong></span> <span class='ocrx_word' id='word_1_586' title='bbox 3157 4975 3210 5022; x_wconf 89' lang='lat' dir='ltr'><strong>et</strong></span> <span class='ocrx_word' id='word_1_587' title='bbox 3249 4968 3444 5038; x_wconf 85' lang='lat' dir='ltr'><strong>gloria,</strong></span> 
     </span>
    </p>
   </div>
   <div class='ocr_carea' id='block_1_83' title="bbox 1904 5063 3136 5135">
    <p class='ocr_par' dir='ltr' id='par_1_83' title="bbox 1904 5063 3136 5135">
     <span class='ocr_line' id='line_1_83' title="bbox 1904 5063 3136 5135; baseline -0.002 -16"><span class='ocrx_word' id='word_1_588' title='bbox 1904 5068 2028 5135; x_wconf 72' lang='lat' dir='ltr'><strong>quia</strong></span> <span class='ocrx_word' id='word_1_589' title='bbox 2061 5065 2436 5121; x_wconf 87' lang='lat' dir='ltr'><strong>circumscribi</strong></span> <span class='ocrx_word' id='word_1_590' title='bbox 2472 5064 2734 5118; x_wconf 85' lang='lat' dir='ltr'><strong>limitibus</strong></span> <span class='ocrx_word' id='word_1_591' title='bbox 2765 5063 2904 5117; x_wconf 86' lang='lat' dir='ltr'><strong>haud</strong></span> <span class='ocrx_word' id='word_1_592' title='bbox 2941 5073 3136 5131; x_wconf 90' lang='lat' dir='ltr'><strong>potest.</strong></span> 
     </span>
    </p>
   </div>
   <div class='ocr_carea' id='block_1_84' title="bbox 1972 5155 3450 5225">
    <p class='ocr_par' dir='ltr' id='par_1_84' title="bbox 1972 5155 3450 5225">
     <span class='ocr_line' id='line_1_84' title="bbox 1972 5155 3450 5225; baseline -0.003 -13"><span class='ocrx_word' id='word_1_593' title='bbox 1972 5160 2085 5212; x_wconf 70' lang='lat' dir='ltr'><strong>lar.</strong></span> <span class='ocrx_word' id='word_1_594' title='bbox 2140 5157 2240 5223; x_wconf 87' lang='lat' dir='ltr'><strong>Qui</strong></span> <span class='ocrx_word' id='word_1_595' title='bbox 2293 5173 2420 5223; x_wconf 87' lang='lat' dir='ltr'><strong>ergo</strong></span> <span class='ocrx_word' id='word_1_596' title='bbox 2477 5172 2584 5210; x_wconf 93' lang='lat' dir='ltr'><strong>non</strong></span> <span class='ocrx_word' id='word_1_597' title='bbox 2634 5157 3130 5220; x_wconf 87' lang='lat' dir='ltr'><strong>circumscribitur,</strong></span> <span class='ocrx_word' id='word_1_598' title='bbox 3180 5155 3450 5225; x_wconf 88' lang='lat' dir='ltr'><strong>quomodo</strong></span> 
     </span>
    </p>
   </div>
   <div class='ocr_carea' id='block_1_85' title="bbox 1900 5248 3449 5323">
    <p class='ocr_par' dir='ltr' id='par_1_85' title="bbox 1900 5248 3449 5323">
     <span class='ocr_line' id='line_1_85' title="bbox 1900 5248 3449 5323; baseline -0.003 -18"><span class='ocrx_word' id='word_1_599' title='bbox 1900 5252 2084 5320; x_wconf 85' lang='lat' dir='ltr'><strong>implet</strong></span> <span class='ocrx_word' id='word_1_600' title='bbox 2124 5250 2345 5323; x_wconf 78' lang='lat' dir='ltr'><strong>omnia?</strong></span> <span class='ocrx_word' id='word_1_601' title='bbox 2379 5249 2481 5314; x_wconf 86' lang='lat' dir='ltr'><strong>Qui</strong></span> <span class='ocrx_word' id='word_1_602' title='bbox 2515 5249 2697 5318; x_wconf 88' lang='lat' dir='ltr'><strong>implet</strong></span> <span class='ocrx_word' id='word_1_603' title='bbox 2731 5248 2911 5301; x_wconf 86' lang='lat' dir='ltr'><strong>omnia</strong></span> <span class='ocrx_word' id='word_1_604' title='bbox 2937 5287 2951 5311; x_wconf 91' lang='lat'><strong>,</strong></span> <span class='ocrx_word' id='word_1_605' title='bbox 2986 5249 3256 5318; x_wconf 88' lang='lat' dir='ltr'><strong>quomodo</strong></span> <span class='ocrx_word' id='word_1_606' title='bbox 3285 5248 3449 5302; x_wconf 87' lang='lat' dir='ltr'><strong>incir-</strong></span> 
     </span>
    </p>
   </div>
   <div class='ocr_carea' id='block_1_86' title="bbox 1892 5341 2911 5409">
    <p class='ocr_par' dir='ltr' id='par_1_86' title="bbox 1892 5341 2911 5409">
     <span class='ocr_line' id='line_1_86' title="bbox 1892 5341 2911 5409; baseline -0.004 -14"><span class='ocrx_word' id='word_1_607' title='bbox 1892 5341 2254 5409; x_wconf 88' lang='lat' dir='ltr'><strong>cumscriptus</strong></span> <span class='ocrx_word' id='word_1_608' title='bbox 2283 5350 2388 5404; x_wconf 90' lang='lat' dir='ltr'><strong>est,</strong></span> <span class='ocrx_word' id='word_1_609' title='bbox 2419 5349 2472 5394; x_wconf 90' lang='lat' dir='ltr'><strong>et</strong></span> <span class='ocrx_word' id='word_1_610' title='bbox 2500 5354 2762 5408; x_wconf 84' lang='lat' dir='ltr'><strong>nusquam</strong></span> <span class='ocrx_word' id='word_1_611' title='bbox 2790 5341 2911 5393; x_wconf 88' lang='lat' dir='ltr'><strong>est?</strong></span> 
     </span>
    </p>
   </div>
   <div class='ocr_carea' id='block_1_87' title="bbox 1967 5429 3447 5499">
    <p class='ocr_par' dir='ltr' id='par_1_87' title="bbox 1967 5429 3447 5499">
     <span class='ocr_line' id='line_1_87' title="bbox 1967 5429 3447 5499; baseline -0.001 -14"><span class='ocrx_word' id='word_1_612' title='bbox 1967 5434 2128 5486; x_wconf 63' lang='lat' dir='ltr'><strong>llr-:59.</strong></span> <span class='ocrx_word' id='word_1_613' title='bbox 2159 5431 2300 5486; x_wconf 87' lang='lat' dir='ltr'><strong>Sane</strong></span> <span class='ocrx_word' id='word_1_614' title='bbox 2332 5431 2546 5499; x_wconf 87' lang='lat' dir='ltr'><strong>quidem</strong></span> <span class='ocrx_word' id='word_1_615' title='bbox 2577 5446 2843 5484; x_wconf 83' lang='lat' dir='ltr'><strong>concessu</strong></span> <span class='ocrx_word' id='word_1_616' title='bbox 2879 5431 3119 5484; x_wconf 88' lang='lat' dir='ltr'><strong>omnium</strong></span> <span class='ocrx_word' id='word_1_617' title='bbox 3153 5429 3293 5485; x_wconf 86' lang='lat' dir='ltr'><strong>Deus</strong></span> <span class='ocrx_word' id='word_1_618' title='bbox 3327 5430 3447 5483; x_wconf 53' lang='lat' dir='ltr'><strong>ubi:</strong></span> 
     </span>
    </p>
   </div>
   <div class='ocr_carea' id='block_1_88' title="bbox 1893 5522 3436 5595">
    <p class='ocr_par' dir='ltr' id='par_1_88' title="bbox 1893 5522 3436 5595">
     <span class='ocr_line' id='line_1_88' title="bbox 1893 5522 3436 5595; baseline 0 -21"><span class='ocrx_word' id='word_1_619' title='bbox 1893 5541 1998 5595; x_wconf 82' lang='lat' dir='ltr'><strong>que</strong></span> <span class='ocrx_word' id='word_1_620' title='bbox 2038 5532 2155 5588; x_wconf 82' lang='lat' dir='ltr'><strong>est;</strong></span> <span class='ocrx_word' id='word_1_621' title='bbox 2189 5532 2240 5576; x_wconf 85' lang='lat' dir='ltr'><strong>et</strong></span> <span class='ocrx_word' id='word_1_622' title='bbox 2271 5529 2393 5576; x_wconf 86' lang='lat' dir='ltr'><strong>eum</strong></span> <span class='ocrx_word' id='word_1_623' title='bbox 2427 5522 2648 5590; x_wconf 88' lang='lat' dir='ltr'><strong>impleat</strong></span> <span class='ocrx_word' id='word_1_624' title='bbox 2677 5522 2857 5575; x_wconf 85' lang='lat' dir='ltr'><strong>omnia</strong></span> <span class='ocrx_word' id='word_1_625' title='bbox 2886 5562 2898 5585; x_wconf 90' lang='lat'><strong>,</strong></span> <span class='ocrx_word' id='word_1_626' title='bbox 2929 5522 3012 5576; x_wconf 89' lang='lat' dir='ltr'><strong>his</strong></span> <span class='ocrx_word' id='word_1_627' title='bbox 3043 5538 3161 5590; x_wconf 69' lang='lat' dir='ltr'><strong>qua:</strong></span> <span class='ocrx_word' id='word_1_628' title='bbox 3191 5523 3436 5575; x_wconf 80' lang='lat' dir='ltr'><strong>videmus</strong></span> 
     </span>
    </p>
   </div>
   <div class='ocr_carea' id='block_1_89' title="bbox 1893 5610 3450 5682">
    <p class='ocr_par' dir='ltr' id='par_1_89' title="bbox 1893 5610 3450 5682">
     <span class='ocr_line' id='line_1_89' title="bbox 1893 5610 3450 5682; baseline -0.004 -13"><span class='ocrx_word' id='word_1_629' title='bbox 1893 5618 2113 5669; x_wconf 91' lang='lat' dir='ltr'><strong>omnino</strong></span> <span class='ocrx_word' id='word_1_630' title='bbox 2149 5630 2253 5669; x_wconf 90' lang='lat' dir='ltr'><strong>non</strong></span> <span class='ocrx_word' id='word_1_631' title='bbox 2297 5613 2655 5682; x_wconf 85' lang='lat' dir='ltr'><strong>permiscetur</strong></span> <span class='ocrx_word' id='word_1_632' title='bbox 2694 5629 2705 5664; x_wconf 93' lang='lat'><strong>:</strong></span> <span class='ocrx_word' id='word_1_633' title='bbox 2741 5612 2833 5666; x_wconf 86' lang='lat' dir='ltr'><strong>sed</strong></span> <span class='ocrx_word' id='word_1_634' title='bbox 2884 5628 2948 5665; x_wconf 88' lang='lat' dir='ltr'><strong>eo</strong></span> <span class='ocrx_word' id='word_1_635' title='bbox 2981 5611 3140 5665; x_wconf 88' lang='lat' dir='ltr'><strong>modo</strong></span> <span class='ocrx_word' id='word_1_636' title='bbox 3163 5625 3270 5679; x_wconf 90' lang='lat' dir='ltr'><strong>quo</strong></span> <span class='ocrx_word' id='word_1_637' title='bbox 3310 5610 3450 5662; x_wconf 77' lang='lat' dir='ltr'><strong>dixi-</strong></span> 
     </span>
    </p>
   </div>
   <div class='ocr_carea' id='block_1_90' title="bbox 1901 5699 3451 5772">
    <p class='ocr_par' dir='ltr' id='par_1_90' title="bbox 1901 5699 3451 5772">
     <span class='ocr_line' id='line_1_90' title="bbox 1901 5699 3451 5772; baseline -0.005 -12"><span class='ocrx_word' id='word_1_638' title='bbox 1901 5724 2021 5760; x_wconf 90' lang='lat' dir='ltr'><strong>mus</strong></span> <span class='ocrx_word' id='word_1_639' title='bbox 2052 5706 2374 5760; x_wconf 82' lang='lat' dir='ltr'><strong>secernitur.</strong></span> <span class='ocrx_word' id='word_1_640' title='bbox 2405 5702 2681 5772; x_wconf 81' lang='lat' dir='ltr'><strong>Nusquam</strong></span> <span class='ocrx_word' id='word_1_641' title='bbox 2710 5715 2885 5757; x_wconf 84' lang='lat' dir='ltr'><strong>autem</strong></span> <span class='ocrx_word' id='word_1_642' title='bbox 2918 5711 3000 5758; x_wconf 79' lang='lat' dir='ltr'><strong>est</strong></span> <span class='ocrx_word' id='word_1_643' title='bbox 3025 5743 3038 5764; x_wconf 87' lang='lat'><strong>,</strong></span> <span class='ocrx_word' id='word_1_644' title='bbox 3075 5702 3217 5771; x_wconf 88' lang='lat' dir='ltr'><strong>quod</strong></span> <span class='ocrx_word' id='word_1_645' title='bbox 3263 5699 3326 5754; x_wconf 88' lang='lat' dir='ltr'><strong>ad</strong></span> <span class='ocrx_word' id='word_1_646' title='bbox 3363 5715 3451 5753; x_wconf 89' lang='lat' dir='ltr'><strong>ca-</strong></span> 
     </span>
    </p>
   </div>
   <div class='ocr_carea' id='block_1_91' title="bbox 1903 5791 3445 5866">
    <p class='ocr_par' dir='ltr' id='par_1_91' title="bbox 1903 5791 3445 5866">
     <span class='ocr_line' id='line_1_91' title="bbox 1903 5791 3445 5866; baseline -0.005 -14"><span class='ocrx_word' id='word_1_647' title='bbox 1903 5811 2047 5866; x_wconf 86' lang='lat' dir='ltr'><strong>ptum</strong></span> <span class='ocrx_word' id='word_1_648' title='bbox 2083 5809 2326 5853; x_wconf 80' lang='lat' dir='ltr'><strong>nostrum</strong></span> <span class='ocrx_word' id='word_1_649' title='bbox 2361 5796 2575 5850; x_wconf 82' lang='lat' dir='ltr'><strong>attinet.</strong></span> <span class='ocrx_word' id='word_1_650' title='bbox 2610 5794 2774 5850; x_wconf 84' lang='lat' dir='ltr'><strong>Nemo</strong></span> <span class='ocrx_word' id='word_1_651' title='bbox 2801 5795 2942 5848; x_wconf 86' lang='lat' dir='ltr'><strong>enim</strong></span> <span class='ocrx_word' id='word_1_652' title='bbox 2981 5794 3148 5858; x_wconf 80' lang='lat' dir='ltr'><strong>norit,</strong></span> <span class='ocrx_word' id='word_1_653' title='bbox 3183 5807 3248 5846; x_wconf 90' lang='lat' dir='ltr'><strong>ne</strong></span> <span class='ocrx_word' id='word_1_654' title='bbox 3273 5791 3445 5860; x_wconf 77' lang='lat' dir='ltr'><strong>angeli</strong></span> 
     </span>
    </p>
   </div>
  </div>
