4136 6338
715 394 817 460 711
1497 391 1976 456 SCIIOIASTICI
2020 388 2417 452 CL'JUSDAM
2462 387 2838 447 MALOGUS
2872 389 2968 449 DE
3011 389 3178 448 ΒΕΘ.
3849 384 3941 443 “il?

718 507 962 572 quidem,
1001 507 1089 561 ubi
1119 508 1188 562 sit
1224 508 1386 562 Deus.
1431 507 1541 563 Etsi
1574 508 1719 562 enim
1754 509 1876 563 illos
1904 509 2158 563 asSistere
2184 523 2279 558 au-
2312 502 2354 556 A
2388 501 2684 564 intuentes,
2743 504 2794 554 ῐη
2837 503 2950 571 ipsa
2988 512 3042 557 el
3080 503 3301 565 Filium.
3337 509 3390 557 ει
3423 499 3638 556 Patrem
3688 510 3939 553 00mm"-

719 599 828 660 dis.
873 599 964 654 sed
999 599 1198 654 throno
1232 601 1420 668 gloria:
1450 617 1464 654 :
1502 610 1555 653 et
1589 615 1710 653 cum
1741 600 2121 668 procedentem
2155 599 2279 651 inde

713 692 1017 745 claritatem
1042 702 1234 746 contra
1274 691 1523 759 aspicere
1557 698 1850 758 nequeant,
1883 689 2076 743 timore
2115 687 2278 741 facies

713 797 841 836 suas
873 783 1077 847 velant,
1110 792 1448 849 stuporeque
1480 782 1718 842 attoniti,
1747 783 2004 848 hymnum
2035 779 2276 834 divinum

715 889 992 944 nunquam
1073 874 1413 926 conticentes
1489 871 1859 926 modulantur.
1940 869 2272 924 lntolerahili

712 979 950 1033 namque
983 963 1265 1030 majestate
1299 965 1556 1032 perculsi.
1583 979 1682 1017 nec
1715 965 2000 1032 concipere
2030 970 2278 1029 possunt,

713 1071 814 1108 nec
847 1054 1088 1123 cogitare
1121 1055 1210 1108 ubi
1245 1054 1507 1109 Dominus
1539 1057 1608 1110 sit
1638 1093 1654 1116 .
1690 1067 1781 1110 aut
1825 1056 2004 1124 qualis
2053 1054 2142 1108 sit.
2189 1053 2280 1106 Et-

723 1147 869 1199 enim
903 1147 948 1200 si
981 1147 1168 1201 rculos
1196 1147 1248 1200 in
1283 1161 1572 1201 coruscum
1620 1147 1963 1214 splendorem
2002 1147 2281 1200 intendere

713 1251 822 1289 non
840 1236 1019 1289 valent
1061 1237 1334 1304 quomodo
1361 1235 1506 1289 ultro
1541 1237 1758 1290 curiose
1785 1234 2280 1303 inquirantiDcum

716 1327 880 1391 igitur
911 1341 1054 1387 esse,
1083 1335 1138 1381 et
1175 1327 1374 1394 ultique
1403 1341 1546 1389 esse,
1595 1335 1650 1380 et
1683 1326 1908 1394 implere
1936 1325 2116 1378 omnia
2166 1334 2277 1377 tum

713 1419 913 1482 augt-li,
958 1426 1069 1470 tum
1105 1417 1298 1478 sancti,
1342 1417 1434 1485 qui
1464 1432 1522 1470 se
1553 1417 1699 1484 ipsos
1735 1425 2124 1485 purgavcrunl,
2167 1423 2220 1470 et
2249 1429 2277 1465 a

716 1508 902 1561 divino
928 1506 1132 1576 Spiritu
1161 1507 1447 1560 illuminati
1485 1505 1849 1582 illustratique
1879 1517 2026 1568 sunt,
2068 1507 2284 1558 sciunt:

718 1598 806 1650 ubi
845 1609 1050 1661 autem,
1077 1584 1168 1651 au't
1195 1598 1491 1664 quomodo,
1527 1606 1620 1651 aut
1652 1597 1830 1666 qualis
1861 1598 1952 1659 sit,
1983 1610 2140 1650 nemo
2166 1611 2284 1650 om-

714 1689 863 1742 nium
906 1691 1190 1760 cognoscit
1230 1707 1243 1742 :
1276 1689 1369 1744 sed
1400 1686 1555 1743 Pater
1592 1692 1740 1742 novit
1769 1689 1986 1746 Filium,
2020 1695 2074 1741 et
2109 1687 2278 1742 Filius

717 1777 954 1838 Patrem,
982 1785 1034 1832 ct
1071 1776 1306 1846 Spiritus
1341 1787 1562 1832 sanctus
1594 1775 1830 1838 Patrem,
1864 1785 1915 1828 et
1939 1774 2156 1840 Filium,
2197 1785 2282 1828 ut-

2385 591 2501 644 Non
2555 593 2625 645 ita
2671 603 2989 660 peccatores
3019 606 3070 647 et
3108 595 3388 647 immundi.
3441 594 3523 647 illi
3586 593 3732 647 enim
3773 605 3938 643 θερί-(ι-

2382 699 2502 736 rum
2539 693 2591 736 ct
2624 685 2757 737 nihil
2793 686 3145 738 sentientium
3177 685 3383 739 similes
3401 692 3548 738 sunt.
3569 683 3700 736 Nam
3737 692 3793 733 ut
3825 685 3940 735 ca-ri

2383 773 2660 829 sensibilis
2709 776 2872 843 hujus
2903 776 3029 830 solis
3061 777 3239 830 lumen
3274 776 3483 844 fulgens
3509 791 3612 828 non
3646 776 3855 837 vident,
3881 774 3941 825 ita

2382 866 2485 932 ipsi
2523 864 2765 918 divinum
2815 867 2995 919 lumen
3037 880 3253 933 semper
3287 867 3475 919 lucens
3530 865 3754 917 minime
3808 864 3941 931 aspi-

2385 956 2556 1020 ciunt,
2587 971 2684 1010 nec
2717 957 2950 1010 calorem
2981 957 3105 1024 ejus
3148 957 3414 1010 sentiunt.

2453 1047 2566 1100 lar.
2607 1046 2746 1111 Quid
2779 1063 2906 1116 ergo
2932 1047 3096 1101 corde
3127 1057 3178 1098 et
3210 1047 3392 1100 animo
3421 1047 3539 1116 pttri
3573 1047 3794 1100 rident?

2457 1136 2618 1192 Raso.
2650 1138 2788 1204 Quia
2826 1137 2967 1192 Deus
2997 1138 3083 1192 lux
3115 1146 3197 1192 est
3221 1181 3235 1199 ,
3263 1148 3318 1206 et
3347 1138 3435 1192 lux
3477 1153 3724 1206 suprema
3759 1155 3822 1192 ac
3853 1154 3916 1191 nn

2387 1228 2674 1295 ltilissitna,
2708 1231 2854 1284 aliud
2889 1230 3024 1284 nihil
3060 1230 3164 1284 nisi
3196 1228 3367 1284 luce'm
3404 1231 3614 1294 vident,
3644 1231 3735 1298 qui
3777 1232 3942 1299 ipsum

2388 1319 2575 1372 vident
2609 1337 2622 1372 :
2652 1321 2970 1388 qttod‘patet
2996 1335 3184 1376 eorum
3216 1321 3552 1387 testimonio,
3581 1322 3672 1390 qui
3701 1325 3944 1377 viderunt

2389 1408 2578 1462 faciem
2597 1410 2716 1476 ejus
2743 1410 3087 1478 resplendcre
3116 1421 3168 1465 ut
3194 1412 3382 1476 solem,
3411 1423 3462 1466 et
3487 1415 3806 1466 \iestimentt
3835 1415 3942 1480 «ἠως

2388 1500 2510 1553 alba
2541 1500 2682 1554 facta
2725 1509 2780 1554 ut
2817 1503 2989 1555 nivem
3020 1503 3060 1556 ⁸.
3088 1502 3152 1554 Et
3179 1503 3488 1557 testimonio
3510 1504 3661 1556 Pauli
3692 1506 3940 1570 apostoli,

2389 1591 2480 1658 qui
2518 1591 2682 1644 Deum
2721 1592 2891 1645 lucem
2922 1572 3094 1652 vidit,
3130 1602 3295 1661 atque
3335 1594 3401 1645 ad
3447 1593 3564 1661 ejus
3607 1592 3935 1661 agnitionem

2390 1694 2688 1734 c0nversus
2716 1689 2798 1735 est
2826 1682 2880 1745 ';
2913 1691 2966 1735 et
2997 1697 3059 1737 ex
3101 1683 3223 1736 aliis
3260 1685 3405 1737 mille
3437 1686 3664 1738 sanctis.

2461 1771 2570 1824 iur.
2605 1772 2714 1825 Cur
2744 1773 2924 1843 igitur,
2966 1789 3087 1826 cum
3117 1776 3188 1827 sit
3216 1784 3417 1828 aterna
3469 1778 3557 1829 lux
3597 1777 3772 1840 Deus,
3808 1792 3941 1829 sctu-

716 1884 750 1935 p
791 1877 841 1921 te
882 1868 985 1921 illis
1021 1869 1505 1922 consubstantialis
1563 1878 1617 1923 et
1661 1879 1988 1923 coaeternus.
2052 1867 2173 1920 lltcc
2209 1868 2282 1920 si-
2314 1839 2360 1897 Β
2391 1878 2591 1932 ρίτηυυ
2623 1861 2821 1929 luceat,
2852 1879 2956 1916 non
2988 1864 3198 1918 videtur
3223 1867 3290 1918 ab
3314 1866 3602 1921 omnibus?

721 1975 790 2025 qu
818 1958 938 2012 dum
969 1960 1071 2011 tria
1099 1975 1217 2012 cum
1245 1975 1413 2026 unum
1446 1960 1574 2023 sint,
1607 1970 1660 2014 et
1690 1968 2026 2027 cognoscunt
2058 1973 2113 2012 se
2138 1959 2273 2026 ipsa,

722 2057 775 2100 et
806 2057 1215 2117 cognoscuntur
1249 2049 1499 2114 invicem,
1534 2051 1678 2118 quod
1711 2051 1827 2119 ipse
1875 2042 2072 2104 natura
2111 2051 2270 2110 Deus,

718 2147 772 2190 tt
814 2139 902 2191 Dei
939 2138 1109 2192 Filius
1139 2139 1415 2208 prodidit:
1444 2139 1610 2192 Nemo
1645 2142 1782 2192 novit
1817 2138 2051 2203 Patrem,
2083 2141 2275 2205 inquit,

719 2230 824 2282 nisi
858 2226 1055 2293 Filius,
1099 2246 1192 2282 nec
1231 2227 1427 2282 Filium
1462 2230 1576 2296 quis
1614 2233 1773 2292 novit,
1809 2232 1909 2283 nisi
1949 2230 2109 2284 Pater
2134 2232 2170 2286 ⁸.
2216 2230 2279 2282 Et

719 2337 934 2374 rutsutu
966 2321 1259 2388 Apostolus
1295 2338 1307 2372 :
1344 2321 1472 2385 Quis
1516 2322 1650 2374 enim
1701 2323 1964 2374 hominum
2019 2325 2118 2374 scit
2165 2338 2279 2390 qtuv

723 2421 845 2463 sunt
876 2411 1124 2474 hominis,
1167 2413 1268 2465 nisi
1289 2413 1514 2479 spiritus
1546 2412 1770 2465 hominis
1804 2414 1892 2480 qui
1917 2413 1970 2465 in
1995 2413 2104 2479 ipso
2127 2423 2199 2466 est
2223 2412 2280 2464 ’?

718 2501 793 2553 sic
831 2516 945 2568 qua:
981 2500 1079 2571 Dei
1108 2510 1229 2554 sunt
1277 2518 1367 2554 seu
1399 2502 1574 2555 divina
1597 2541 1609 2564 ,
1655 2512 1845 2568 praeter
1877 2501 2132 2572 Spiritum
2187 2501 2278 2554 Dei

721 2604 868 2641 nemo
909 2589 1048 2639 novit
1074 2588 1095 2618 '

788 2677 903 2730 lar.
935 2675 1075 2742 Quid
1123 2693 1252 2746 ergo
1281 2687 1386 2743 est,
1420 2679 1855 2747 qttod.(‘.ltristtts
1885 2681 2014 2736 dicit
2042 2700 2056 2737 :
2099 2680 2280 2735 Videte

713 2784 775 2820 ne
802 2771 1150 2822 contemnatis
1183 2785 1344 2822 unum
1375 2785 1439 2822 ea:
1469 2771 1547 2822 his
1575 2772 1804 2838 pusillis,
1834 2774 2082 2840 quoniam
2106 2774 2278 2843 angeli

711 2872 890 2910 eorum
918 2873 1118 2925 semper
1147 2859 1316 2912 rident
1345 2859 1535 2928 facient
1569 2857 1748 2913 Patris
1772 2863 1873 2914 mei
1909 2863 1970 2915 a?
2006 2864 2068 2917 Et
2100 2867 2226 2918 alibi
2260 2885 2272 2919 :

715 2946 865 2999 Beati
901 2951 1094 2999 mundo
1121 2947 1277 3000 corde
1304 2985 1320 3010 ,
1349 2950 1596 3016 quoniam
1621 2949 1732 3015 ipsi
1764 2949 1929 3002 Deum
1952 2952 2193 3006 videbunt
2231 2955 2272 3008 δ.

713 3035 929 3091 Τυκηοο
957 3038 1178 3107 angelos
1207 3051 1367 3092 nosse
1395 3045 1672 3100 autumas,
1705 3039 1902 3107 qualis,
1938 3047 2032 3093 aut
2073 3041 2162 3095 ubi
2198 3044 2273 3096 sit

715 3127 878 3181 Deus.

787 3217 943 3271 Resp.
985 3215 1456 3282 Quemadmodum
1506 3218 1620 3272 sole
1668 3218 1884 3274 lucente
1930 3223 1982 3274 in
2025 3222 2270 3287 meridie,

713 3309 856 3377 quod
886 3308 1010 3363 imle
1040 3309 1306 3362 emittitur
1339 3308 1542 3374 lumen,
1578 3309 1724 3364 clare
1781 3324 1844 3363 ac
1871 3312 2160 3369 manifeste
2189 3315 2274 3366 vi-

713 3400 925 3460 duuus.
966 3398 1143 3466 ipsum
1183 3398 1350 3454 solem
1385 3399 1566 3453 videre
1621 3415 1684 3453 ac
1750 3414 1975 3456 noscere
2005 3418 2105 3458 nec
2134 3419 2273 3473 quo-

716 3491 1093 3560 modocunque
1124 3506 1433 3560 possumus,
1490 3500 1543 3548 et
1588 3504 1764 3549 tamen
1800 3511 1899 3551 nos
1935 3511 2057 3552 cum
2090 3498 2274 3554 videro

715 3582 858 3636 haud
914 3582 1054 3637 falso
1099 3583 1414 3639 dictitamus
1449 3601 1462 3638 :
1495 3587 1614 3654 pari
1653 3586 1818 3642 modo
1855 3597 1906 3643 et
1957 3591 2132 3660 angeli
2159 3629 2174 3653 ,
2208 3598 2273 3660 _et

714 3671 888 3728 sancti
936 3673 1164 3743 fulguris
1213 3673 1388 3729 instar
1434 3674 1723 3732 micantem
1776 3677 2010 3748 Spiritus
2033 3654 2267 3751 gloriam

786 3847 805 3880 ⁸
840 3849 973 3903 Luc.
1012 3867 1066 3915 κ,
1098 3850 1188 3904 22.

712 3917 731 3948 ⁷
770 3917 874 3973 lsa.
918 3935 1030 3984 ιιι,
1066 3923 1120 3976 ‘2.

1261 3855 1281 3885 ’
1319 3852 1483 3909 lCor.
1521 3871 1582 3917 tt,
1622 3855 1713 3909 ll.

1196 3922 1217 3952 "
1243 3920 1398 3978 Joau.
1442 3940 1551 3990 xw,
1582 3926 1637 3978 9..

1789 3857 1808 3888 ³
1831 3856 2017 3911 Matth.
2050 3874 2199 3922 xvut,
2230 3859 2314 3913 10.
2374 3861 2394 3892 ⁸
2429 3861 2615 3916 Matth.
2643 3877 2696 3928 ν,
2731 3863 2783 3916 8.

2460 1951 2619 2008 Rue.
2673 1953 2936 2018 Quoniam
2990 1969 3018 2007 a
3078 1956 3345 2026 principio
3403 1960 3472 2009 ita
3531 1974 3641 2011 rem
3705 1959 3936 2013 inStituit

2392 2042 2529 2096 Deus
2562 2085 2576 2108 ,
2612 2053 2669 2098 ut
2702 2045 2902 2097 nullam
2935 2046 3195 2099 haberent
3224 2047 3662 2101 communionem
3705 2049 3934 2104 tenebrae

2386 2147 2506 2184 Ctttu
2539 2133 2763 2198 lumine,
2800 2149 2899 2188 nec
2937 2136 3178 2201 impurus
3229 2144 3282 2189 et
3322 2137 3583 2203 profanus
3638 2153 3763 2190 cum
3800 2155 3929 2207 puro

2389 2236 2440 2279 et
2469 2235 2677 2277 sancto.
2712 2226 3002 2290 Quocirca,
3028 2228 3190 2281 etiam
3226 2228 3369 2281 velut
3401 2244 3628 2297 magnus
3683 2231 3860 2284 hiatus
3892 2241 3940 2284 et

2391 2332 2607 2381 murus,
2645 2327 2860 2386 peccata
2893 2329 3079 2374 nosua
3106 2333 3134 2372 a
3171 2321 3277 2372 Deo
3305 2334 3405 2374 nos
3436 2330 3691 2385 separant
3721 2323 3739 2352 '
3767 2340 3781 2384 ;
3815 2339 3942 2390 pra:-

2387 2408 2542 2474 cipue
2571 2408 2930 2478 cogitationes
2961 2425 3247 2476 perversae,
3289 2421 3338 2465 et
3377 2412 3824 2466 ratiocinationes
3855 2429 3939 2464 va-

2389 2515 2468 2552 me
2523 2507 2686 2568 atque
2757 2503 2977 2556 inutiles
3029 2505 3182 2572 quasi
3231 2518 3422 2558 murus
3476 2506 3730 2561 excelsus
3786 2506 3936 2559 nobis

2387 2589 2546 2652 tiunt.
2580 2607 2790 2661 nosque
2836 2608 2865 2646 a
2903 2595 3104 2648 lumine
3135 2594 3258 2649 vita:
3305 2596 3601 2651 dissociant
3652 2612 3717 2650 ac
3771 2599 3942 2650 seclu-

2384 2679 2541 2734 dunt.
2579 2681 2715 2736 Deus
2744 2684 2887 2736 enim
2921 2684 3010 2736 lux
3034 2721 3048 2744 .
3083 2695 3134 2738 et
3164 2687 3274 2740 vita
3304 2693 3389 2740 est
3421 2700 3437 2739 τ
3468 2702 3574 2753 quo
3604 2689 3697 2754 qui
3747 2688 3936 2751 privati

2385 2782 2532 2835 sunt,
2563 2774 2760 2827 mortui
2792 2782 2916 2828 sunt
2949 2775 3245 2830 secundum
3275 2777 3508 2830 animam
3537 2792 3551 2828 :
3587 2777 3787 2846 quibus
3822 2794 3937 2831 cum

2385 2865 2508 2918 aliis
2549 2866 2736 2918 aeterni
2772 2865 2914 2935 ignis
2946 2866 3254 2928 haereditas,
3307 2883 3371 2922 ac
3414 2867 3647 2923 societas
3692 2868 3935 2923 debetur.

2455 2953 2570 3006 iur.
2604 2951 2809 3022 Ecquid
2840 2954 2953 3018 illi,
2995 2955 3085 3023 qui
3123 2955 3188 3008 ad
3218 2955 3358 3010 hanc
3387 2966 3584 3011 metam
3617 2971 3725 3012 non
3754 2972 3940 3026 perre-

2384 3045 2484 3107 nit,
2520 3045 2666 3098 salus
2701 3045 3039 3114 desperanda
3068 3046 3191 3102 est?

2455 3135 2620 3189 Resp.
2653 3136 2790 3191 Cum
2822 3136 3086 3191 Dominus
3117 3137 3263 3192 dicat
3301 3153 3314 3190 :
3349 3137 3416 3192 In
3444 3139 3595 3192 domo
3624 3138 3806 3192 Patris
3842 3138 3936 3192 mei

2383 3227 2676 3281 mansiones
2712 3229 2890 3283 multa:
2932 3240 3053 3285 sunt
3075 3228 3119 3295 ⁸,
3149 3233 3368 3302 planum
3407 3231 3485 3295 fit,
3512 3231 3674 3284 etiam
3707 3233 3825 3285 vias
3857 3247 3938 3285 sa-

2381 3318 2506 3373 lutis
2535 3321 2730 3373 multas
2752 3335 2888 3385 esse,
2915 3338 3035 3391 qua:
3060 3331 3247 3378 Omnes
3276 3323 3328 3376 in
3360 3338 3463 3376 una
3494 3323 3576 3375 via
3604 3323 3938 3390 paenitentia:

2380 3420 2852 3476 consummantur,
2883 3422 2936 3465 et
2964 3427 3060 3481 per
3096 3412 3477 3467 abstinentiam
3500 3427 3525 3463 a
3554 3422 3793 3480 peccato;
3826 3411 3937 3464 sive

2378 3499 2800 3571 cleemosyuam,
2847 3504 2961 3557 sive
2993 3504 3521 3573 peregrinationem,
3557 3504 3669 3557 sive
3711 3502 3940 3571 quodvis

2379 3590 2526 3644 aliud
2563 3607 2736 3660 genus
2778 3593 3189 3656 sanctimoniae,
3228 3609 3335 3664 quo
3375 3595 3440 3647 ad
3476 3595 3565 3646 illa
3606 3593 3935 3661 sempiterna

2378 3687 2777 3752 contendimus,
2813 3688 2942 3741 mihi
2985 3689 3254 3743 nomines.

2860 3863 2880 3893 '
2912 3861 3108 3915 Matth:
3141 3877 3270 3927 xvu,
3307 3861 3358 3914 2.
3438 3862 3457 3892 ⁸
3479 3864 3599 3917 Act.
3632 3862 3932 3931 tx,Sseqq.
