4136 6338
205 383 313 449 717

1250 388 1351 449 DE
1400 389 1736 453 SCHISMA
1748 391 1844 454 TE
1883 393 2354 460 GR/ECORUM.

3343 408 3447 466 7IR

204 500 434 571 πέμπτῃ
479 499 534 552 δὲ
588 498 680 552 καὶ
719 499 1070 569 οἱκονμενικῇ
1127 504 1328 571 συνόδῳ
1383 507 1635 578 συνῄνεσε
1684 509 1778 562 Βι-

1888 511 2345 586 ριιὶιιιωίηδυροι·
2370 518 2717 573 oecumenicae
2767 521 2975 592 synodo
3023 528 3301 581 consensit
3349 527 3449 583 Vi-

203 590 429 658 γίλλιος.

288 690 375 736 ια’.
414 683 540 737 Ἐπὶ
576 685 983 740 Κωνσταντίνου
1028 687 1122 741 τοῦ
1163 690 1498 759 Πωγωνάτου
1551 689 1690 763 ἦσαν
1734 697 1781 749 ot

218 771 482 844 Ῥωμαῖοι
521 776 952 846 ὑποτεταγμένοι
976 796 989 808 ·
1028 780 1320 851 ἀναγαγὼν
1349 787 1456 855 γὰρ
1479 785 1569 836 τὸν
1595 787 1783 841 πάπαν

203 859 360 928 οὗτος
387 867 683 934 Μαρτῖνον,
715 868 975 937 ἐξώρισεν
1003 872 1086 935 είς
1115 874 1396 944 Χερσῶνα.
1434 878 1560 929 Ἐπὶ
1602 880 1656 930 δὲ
1687 876 1781 930 τοῦ

205 956 323 1008 υἱοῦ
361 956 526 1009 αὐτοῦ
579 963 880 1033 γενομένης
927 966 1026 1034 τῆς
1080 972 1135 1029 ς’
1168 967 1411 1030 συνόδου,
1465 969 1492 1020 ὁ
1538 970 1782 1036 Ἀγάθων

207 1045 467 1116 συνῄνεσε
510 1049 596 1101 διὰ
621 1055 1044 1124 τοποτηρητῶν·
1105 1057 1198 1108 καὶ
1245 1058 1513 1129 τότεομὲν
1565 1061 1785 1126 κανόνες

203 1136 304 1188 οὐκ
327 1137 652 1208 ὲξετέθησαν
691 1158 704 1173 ⁶
738 1145 988 1198 ἀπόντων
1023 1147 1077 1199 δὲ
1106 1147 1214 1201 τῶν
1261 1148 1567 1218 Ῥωμαίων,
1597 1153 1645 1204 οξ
1697 1153 1784 1205 λε-

203 1227 429 1296 γόμενοι
485 1232 712 1295 κανόνες
754 1236 853 1304 τῆς
910 1235 963 1300 ς’
1001 1239 1221 1291 συνόδου
1291 1242 1614 1310 ἐγράφησαν
1667 1245 1784 1312 μετ’

203 1318 267 1372 οὐ
296 1320 428 1373 πολὺ
460 1324 548 1374 ἐπὶ
581 1324 672 1377 τοῦ
712 1326 1072 1400 Ῥινοτμήτου
1113 1347 1126 1362 ·
1167 1332 1227 1395 ἐξ
1253 1333 1457 1387 ἐκείνου
1486 1336 1507 1366 ⁸
1555 1335 1785 1406 ἤρξαντο

203 1412 302 1462 καὶ
354 1412 420 1464 τὰ
489 1414 778 1485 Ῥωμαίων
838 1423 1138 1490 αἰτιάματα
1202 1424 1596 1495 διελέγχεσθαι,
1642 1428 1785 1500 ἅπερ

203 1505 448 1572 παριστᾷ
477 1506 495 1536 ⁹
522 1508 547 1557 ὁ
572 1514 660 1572 ιγ’,
684 1510 710 1558 ό
740 1509 850 1573 λς’,
883 1510 909 1561 ό
938 1519 1008 1564 νε¹
1038 1513 1082 1543 ¹⁰
1105 1554 1120 1578 ,
1159 1497 1257 1583 τῆς
1318 1516 1490 1585 αὐτῆς
1563 1519 1784 1574 συνόδου

203 1593 386 1645 κανών
408 1609 422 1622 ⁸
446 1596 643 1659 οἵτινες
667 1600 889 1662 κανόνες
914 1602 1036 1654 οὐδὲ
1058 1603 1335 1672 φαίνονται
1367 1606 1622 1678 δεχθῆναι
1651 1609 1787 1679 μετὰ

201 1682 378 1737 ταῦτα
411 1687 562 1756 παρὰ
600 1688 888 1760 Ῥωμαίων
920 1693 953 1762 ἢ
985 1696 1435 1767 τρακταῖσθῆναι.

278 1775 366 1844 ιβ’.
397 1776 520 1830 Ἐπὶ
547 1779 776 1844 Λέοντος
802 1782 897 1835 τοῦ
927 1786 1310 1857 είκονομάχου,
1341 1791 1501 1842 πάλιν
1526 1792 1770 1862 ἐσχίσθη-

205 1882 306 1921 σαν
331 1868 380 1920 oi
420 1869 683 1940 Ῥωμαίοι
707 1875 803 1926 καὶ
831 1875 931 1946 τῆς
971 1877 1249 1946 βασιλείας
1279 1881 1378 1950 τῆς
1438 1883 1786 1938 Κωνσταντι-

203 1958 538 2013 νουπολιτῶν
574 1965 666 2014 καὶ
703 1964 802 2032 τῆς
843 1966 1188 2039 Ἐκκλησίας,
1220 1971 1658 2040 ἐκτειναξάμενοι
1688 1976 1786 2044 τὴν

201 2049 485 2123 ὑποταγὴν
511 2054 604 2106 καὶ
625 2054 840 2120 ἕνωσιν,
875 2059 971 2110 καὶ
1011 2060 1243 2123 σπονδὰς
1277 2063 1412 2131 πρὸς
1435 2064 1558 2126 τοὺς
1604 2066 1787 2135 Φράγο

203 2158 338 2210 γους
371 2145 731 2214 ποιησάμενοι
789 2149 886 2200 σὺν
927 2149 1073 2218 πάσῃ
1132 2153 1196 2222 τῇ
1264 2153 1465 2225 Ἰταλίᾳ
1509 2155 1789 2210 ἐκώλυσαν

204 2233 302 2285 καὶ
335 2235 456 2296 τοὺς
485 2235 701 2304 φόρους,
739 2239 832 2292 καὶ
873 2240 962 2292 τὸν
995 2241 1506 2315 ψευδοπατριάρχην
1534 2246 1578 2278 ¹¹
1633 2249 1788 2302 Ἀνα-

204 2324 425 2378 στάσιοι
450 2327 840 2398 όινεθεμάτισεν
867 2333 894 2384 ὁ
924 2332 1079 2401 ἅγιος
1109 2333 1430 2406 Γρηγόριος.

296 2422 382 2482 ιγ’.
421 2417 588 2471 Πάλιν
623 2421 713 2473 ἐπὶ
756 2422 1170 2476 Κωνσταντίνου
1198 2427 1291 2477 καὶ
1324 2427 1557 2497 Εἰρήνης
1617 2435 1715 2503 τῆς
1743 2432 1790 2493 ζ’

205 2509 430 2563 συνόδου
469 2515 953 2588 συγκροτηθείσης,
987 2521 1016 2572 ό
1060 2521 1250 2581 πὰπας
1285 2519 1566 2590 Ἀδριανὸς
1623 2527 1786 2595 συνῄ‹

204 2617 386 2656 νεσεν.

281 2692 363 2748 ιδ’.
391 2694 513 2748 Ἐπὶ
533 2697 738 2750 Φωτίου
767 2700 858 2753 τοῦ
889 2702 1511 2769 Κωνσταντινουπόλεως
1551 2709 1692 2775 μέγα
1717 2702 1784 2778 ἦν

207 2784 438 2853 σχίσμα,
494 2789 588 2839 καὶ
640 2789 808 2842 πολλά
844 2793 911 2844 τὰ
972 2795 1271 2864 αἰτιάματα
1301 2798 1408 2852 τῶν
1471 2799 1781 2868 Ῥωμαίων,

200 2875 286 2936 ὡς
328 2877 361 2945 ἡ
390 2876 678 2944 ὲγκύκλιος
709 2880 874 2934 αὐτοῦ
912 2884 1172 2955 ἐπιστολὴ
1217 2889 1498 2958 παριστᾷ·
1557 2893 1785 2959 γενομέ-

205 2971 306 3037 νης
331 2967 386 3020 δὲ
410 2968 656 3034 ἑνώσεως
685 2972 793 3025 τῶν
839 2974 1197 3046 Ἐκκλησιῶν,
1229 2980 1408 3042 καθὼς
1439 2981 1471 3050 ἡ
1507 2981 1659 3052 παρὰ
1687 2983 1781 3035 τοῦ

203 3055 376 3107 αὑτοῦ
407 3059 614 3110 Φωτίου
648 3063 892 3114 συστᾶσα
921 3064 1135 3144 σύνοδρς
1169 3067 1340 3138 δηλοῖ,
1365 3071 1455 3121 καὶ
1491 3070 1780 3134 ἐνωθέντος

1887 605 2071 673 gilius.

1959 697 2042 751 ll.
2097 699 2380 768 Regnante
2434 699 2789 755 Constantino
2846 703 3167 774 Pogonato,
3213 705 3445 761 Romani

1886 789 2094 843 subacti
2124 801 2283 845 erant
2309 807 2322 856 ;
2353 790 2397 846 is
2427 794 2572 847 enim
2600 792 2888 848 Martinum
2926 812 3115 866 papam
3150 799 3447 853 abductum

1884 884 2219 942 Chersonem
2253 889 2530 957 relegavit.
2559 888 2694 943 Exin
2728 892 2830 945 sub
2855 891 3000 947 illius
3027 895 3131 948 lilio
3163 897 3448 950 celebratae

1886 989 2055 1033 sextae
2087 981 2297 1050 synodo
2329 981 2542 1050 Agatho
2574 997 2668 1049 per
2695 997 2825 1036 suos
2866 981 3073 1052 legatos
3100 985 3440 1055 subscripsit.

1889 1071 1952 1124 Et
2002 1079 2136 1125 tunc
2181 1072 2400 1139 quidem
2457 1072 2588 1125 nulli
2643 1089 2880 1128 canones
2933 1076 3138 1130 conditi
3190 1077 3448 1144 fuerunt;

1888 1177 2076 1216 verum
2112 1165 2275 1231 paulo
2310 1173 2454 1233 post,
2488 1165 2802 1220 absentibus
2832 1167 2938 1232 jam
2985 1166 3248 1223 Romanis
3275 1211 3290 1236 ,
3357 1187 3452 1225 ca-

1890 1268 2061 1308 nones
2097 1254 2172 1308 illi
2199 1256 2289 1322 qui
2329 1263 2496 1309 sextae
2528 1256 2719 1326 synodi
2751 1259 3030 1319 dit-untur,
3059 1263 3245 1329 scripti
3279 1262 3450 1326 fuere,

1890 1357 2152 1410 regnante
2181 1345 2554 1401 Rliinotmeto.
2597 1350 2773 1417 Atque
2797 1349 2865 1403 ab
2891 1366 2955 1404 eo
2987 1359 3233 1420 tempore
3273 1370 3453 1424 cmpe-

1888 1443 2015 1488 runt
2040 1436 2448 1493 criminationes
2485 1439 2586 1494 illae
2629 1440 2741 1496 ﬁeri
2773 1439 3033 1494 Romanis
3059 1481 3075 1506 ,
3110 1459 3246 1512 quas
3287 1461 3453 1500 cano-

1890 1545 1988 1584 nes
2021 1529 2106 1595 15,
2139 1527 2232 1596 56,
2265 1530 2334 1584 55
2363 1571 2378 1596 ,
2409 1543 2834 1600 repraesentant;
2867 1533 2957 1602 qui
3013 1538 3307 1607 ceteroqui
3368 1554 3456 1592 ca-

1887 1635 2060 1674 nones
2092 1636 2199 1676 non
2250 1621 2502 1677 videntur
2535 1632 2719 1692 postea
2747 1639 2776 1677 a
2808 1623 3068 1680 Romanis
3101 1631 3334 1696 recepti,
3361 1647 3456 1685 ne-

1890 1726 1998 1779 que
2026 1711 2094 1766 ad
2133 1713 2395 1766 trutinam
2433 1715 2692 1769 revocati.

1963 1803 2051 1856 12.
2082 1801 2197 1859 Sub
2222 1803 2403 1860 Leone
2432 1805 2816 1873 lconomacho,
2859 1824 3050 1866 rursus
3086 1813 3366 1868 sciderunt
3396 1829 3456 1870 se

1890 1895 2148 1959 Romani,
2184 1905 2240 1950 et
2268 1896 2334 1950 ab
2367 1896 2599 1967 imperio
2648 1898 3249 1970 Constantinopolitano
3292 1913 3346 1958 et
3385 1906 3455 1961 ab

1890 1986 2011 2051 ejus
2053 1988 2320 2052 Ecclesia,
2351 1989 2564 2057 abiecta
2606 1991 2952 2057 subiectione
3000 2003 3166 2062 atque
3219 1997 3454 2062 unione,

1891 2077 2176 2147 fmdusque
2207 2079 2448 2135 inierunt
2484 2095 2612 2135 cum
2640 2080 2863 2138 Francis
2887 2120 2903 2146 ,
2959 2082 3246 2140 deﬁciente
3294 2087 3458 2142 simul

1891 2171 2146 2226 universa
2176 2170 2352 2225 Italia.
2382 2170 2610 2225 'fributa
2642 2187 2860 2242 quoque
2887 2175 3005 2227 dari
3039 2177 3454 2243 prohibuerunt.

1891 2264 2136 2333 Denique
2181 2264 2760 2333 pseudOpatriarcliam
2831 2266 3180 2321 Ana‘stasium
3232 2269 3458 2322 anathe-

1891 2358 2018 2411 mati
2049 2357 2284 2426 subjecit
2313 2357 2636 2425 Gregorius.

1963 2449 2048 2503 13.
2083 2449 2272 2505 Denuo
2307 2450 2409 2504 sub
2439 2449 2799 2506 Constantino
2826 2461 2877 2506 et
2906 2451 3066 2507 lrene
3097 2453 3344 2523 septima:
3369 2469 3456 2527 sy-

1890 2540 2032 2593 nodo
2065 2551 2406 2611 congregatae
2437 2542 2716 2596 consensit
2750 2543 3043 2599 Adrianus.

1962 2719 2047 2773 H.
2114 2717 2228 2773 Sub
2286 2717 2482 2774 Pliotio
2543 2719 3093 2792 ConstantinOpoleos
3147 2725 3458 2794 patriarcha

1888 2824 2142 2878 magnum
2175 2819 2293 2863 erat
2321 2811 2557 2866 schisma
2580 2851 2597 2877 ,
2631 2814 2922 2882 multaeque
2974 2812 3236 2871 Romanis
3269 2818 3460 2871 crimi-

1890 2900 2136 2956 nationes
2173 2900 2388 2956 inﬂictae
2415 2903 2657 2964 fuerunt.
2695 2913 2753 2958 ut
2789 2905 2841 2958 in
2890 2905 3163 2976 encyclica
3216 2908 3459 2977 praedicti

1885 2997 2113 3060 epistona
2194 2995 2375 3047 viuere
2428 3003 2532 3048 est.
2595 2994 2762 3049 Facta
2822 2999 3016 3052 deinue
3089 2997 3458 3054 Ecclesiarum

1891 3081 2110 3144 unione,
2135 3092 2298 3150 prout
2331 3084 2574 3152 synodus
2605 3099 2632 3136 a
2668 3084 2863 3138 Pliotio
2909 3087 3180 3141 celebrata
3234 3091 3460 3144 demon-

220 3148 473 3202 '[wiwou
499 3149 592 3202 τοῦ
637 3153 877 3224 Ῥώμης,
917 3156 1011 3210 καὶ
1074 3159 1330 3222 λαϐόντος
1377 3163 1675 3226 κανονικῶς
1718 3165 1784 3216 τὰ

1890 3181 2027 3226 strat
2054 3188 2068 3235 ;
2104 3174 2357 3241 cepulato
2388 3175 2675 3228 nobiseum
2705 3174 2911 3230 Joanne
2960 3177 3145 3234 Romae
3180 3181 3458 3250 pontifice,

207 3241 548 3308 ἀρχαιότατα
576 3246 865 3314 προνόμια,
908 3247 974 3299 τὰ
1010 3250 1295 3320 Ῥωμαῖκά
1317 3254 1614 3323 αἰτιάματα
1645 3255 1786 3324 ειπερ

209 3335 306 3384 καὶ
334 3333 464 3406 ἕκτη
498 3337 736 3403 σύνοδος,
771 3339 845 3401 ὡς
884 3342 1125 3413 εἴρηται,
1164 3347 1258 3399 καὶ
1307 3347 1468 3410 αὐτὸς
1513 3350 1540 3400 ό
1584 3347 1789 3414 Φώτιος

207 3427 676 3496 καταμέμφεται,
737 3431 1034 3502 είάσθησαν
1087 3437 1367 3500 παντελῶς
1432 3438 1784 3504 ἀνεξέταστα.

222 3516 357 3570 Ἀπὸ
383 3519 514 3584 γοῦν
541 3519 641 3588 τῆς
676 3520 728 3584 ς’
755 3524 1170 3596 συνόδου·μέχρι
1208 3529 1308 3596 τῆς
1355 3529 1400 3592 ζ’
1434 3531 1786 3601 παρέδραμον

207 3606 306 3677 ἔτη
341 3615 426 3677 ρη¹
457 3610 529 3640 ⁸³·
558 3614 651 3664 καὶ
685 3607 827 3682 ἦσαν
867 3615 920 3666 αἱ
986 3615 1302 3686 Ἐκκλησίαι
1345 3622 1644 3690 ἡνωμέναι,
1693 3625 1789 3676 κα).

207 3701 388 3764 οὐδεὶς
417 3702 573 3770 λόγος
606 3707 737 3776 περὶ
792 3708 901 3760 τῶν
948 3709 1283 3778 σφαλμάτων
1333 3713 1438 3764 τῶν
1504 3714 1788 3783 Ῥωμαίων

208 3794 454 3860 γέγονεν,
484 3796 533 3846 εί
566 3796 639 3865 μὴ
673 3799 875 3870 συνέϐη
924 3802 956 3869 ή
1007 3802 1397 3875 είκονομαχικὴ
1443 3804 1676 3875 αἵρεσις,
1719 3807 1786 3858 δι’

209 3889 280 3957 ἢν
317 3890 413 3941 καὶ
457 3889 610 3954 αὖθις
656 3892 988 3964 ἐσχίσθησαν
1013 3911 1028 3925 ⁸
1059 3897 1165 3949 ἀπὸ
1194 3898 1249 3950 δὲ
1273 3903 1371 3961 τῆς
1409 3899 1454 3962 ζ’
1477 3901 1570 3952 καὶ
1597 3901 1690 3952 ἐπὶ
1719 3901 1787 3954 τὰ

209 3980 523 4050 ἔμπροσθεν
559 3985 724 4055 μέχρι
749 3988 842 4038 καὶ
874 3987 1081 4041 Φωτίου
1118 3990 1238 4042 οὐδὲ
1278 3990 1448 4053 οὕτως
1484 3992 1646 4058 λόγος
1701 4010 1785 4057 τις

208 4073 436 4146 ἐκινήθη
459 4076 586 4146 περὶ
615 4076 723 4130 τῶν
766 4079 1090 4148 Ῥωμαϊκῶν
1140 4082 1493 4152 σφαλμάτων,
1523 4078 1599 4138 ὧν
1639 4088 1732 4138 καὶ
1759 4089 1786 4140 ό

207 4163 413 4225 Φώτιος
442 4166 536 4219 καὶ
565 4169 598 4237 ἡ
631 4173 683 4231 ς’
741 4169 986 4241 ἐμνήσθη
1031 4171 1248 4234 σύνοδος
1273 4189 1286 4203 ·
1332 4173 1425 4226 τοῦ
1484 4176 1537 4228 δὲ
1579 4177 1783 4230 Φωτίου

212 4257 357 4325 μετὰ
383 4259 583 4330 πολλὴν
609 4263 884 4333 καταϐοὴν
927 4267 1022 4318 καὶ
1058 4269 1305 4337 ταραχὴν
1357 4269 1785 4339 ἀπολυπραγμο-

208 4365 318 4414 νως
347 4352 507 4404 πάλιν
539 4353 828 4416 ἑνωθέντος
864 4359 975 4419 τοῖς
1037 4358 1359 4428 Ῥωμαίοις,
1394 4362 1502 4414 τῶν
1567 4379 1626 4414 τε
1666 4364 1786 4417 Ἐκ-

211 4439 452 4510 κλησιῶν
479 4437 726 4514 ὗῖτῆρχεν
756 4438 956 4507 όαοίως
990 4444 1204 4509 ἓνωσις.

290 4703 375 4759 ιε’.
402 4708 512 4760 Καὶ
556 4709 653 4763 ἐπὶ
693 4712 943 4782 Σεργίου,
970 4712 1064 4766 τοῦ
1118 4715 1211 4768 ἐπὶ
1259 4716 1348 4768 τοῦ
1384 4716 1785 4790 Βουλγαροκτό-

210 4815 327 4862 νου,
358 4805 1168 4874 πατριαρχεόσαντος,λέγεται
1211 4808 1371 4862 πάλιν
1437 4812 1644 4880 σχίσμα
1693 4831 1785 4880 γε·

209 4889 398 4943 νὲσθαι
426 4907 439 4922 ο
464 4893 605 4946 κατὰ
627 4895 786 4946 ποίαν
819 4897 874 4948 δὲ
901 4898 1097 4961 αίτίαν,
1119 4900 1300 4966 ἀγνοῶ
1342 4902 1439 4968 (2)'
1471 4902 1620 4955 δοκεῖ
1674 4907 1781 4975 γὰρ

193 4981 303 5035 ’διὰ
333 4986 459 5047 τοὺς
492 4985 714 5063 θρόνους
746 5002 759 5016 ·
788 4987 903 5040 ἀλλ’
935 4992 984 5042 εί
1013 4992 1111 5058 μὲν
1142 4991 1334 5059 ἄγνοια
1361 4989 1428 5063 ἦν
1474 4994 1582 5048 τῶν
1648 4997 1782 5049 Ῥω-

212 5075 429 5146 μαῖκῶν
497 5062 869 5149 σφαλμάτων,
922 5081 1020 5152 τὴν
1070 5083 1356 5137 κοινωνίαν
1417 5085 1546 5147 ἴσως
1607 5088 1783 5151 οὐδεὶς

209 5169 595 5238 κατεμέμφετο
617 5189 629 5201 ·
654 5173 777 5224 ἐπεὶ
805 5171 858 5226 δὲ
889 5174 994 5226 ἀπὸ
1013 5175 1110 5244 τῆς
1145 5181 1198 5238 ς’
1231 5176 1450 5229 σῦνόδου
1484 5178 1516 5247 ή
1544 5177 1777 5245 διαγνω-

1892 3270 1947 3315 et
1976 3262 2378 3330 antiquissimis
2408 3264 2458 3316 vi
2489 3265 2755 3317 canonica
2806 3266 3106 3333 privilegiis
3153 3267 3220 3320 ab
3262 3284 3326 3323 eo
3375 3284 3462 3322 re-

1889 3355 2206 3422 cuperatis;
2259 3352 2672 3410 criminationes
2714 3365 2905 3409 contra
2953 3355 3267 3421 Romanos,
3321 3375 3458 3428 quas

1891 3456 2044 3502 scuta
2077 3452 2136 3498 ut
2176 3445 2412 3502 diximus
2445 3443 2686 3516 synodus
2721 3455 2774 3500 et
2801 3448 2916 3517 ipse
2947 3448 3171 3504 Photius
3219 3451 3454 3504 intorse~

1891 3544 2037 3596 rant,
2072 3536 2190 3590 sine
2239 3537 2349 3590 ullo
2380 3550 2609 3604 prorsus
2654 3535 2903 3591 examine
2955 3538 3170 3591 omissae
3211 3538 3452 3593 fuerunt.

1891 3626 2008 3680 Jam
2044 3640 2173 3680 vero
2196 3642 2225 3679 a
2252 3635 2405 3681 sexta
2437 3629 2646 3697 synodo
2673 3627 2739 3680 ad
2770 3629 3052 3695 septimam
3078 3630 3207 3682 anni
3236 3638 3454 3683 centum

1891 3729 1942 3771 et
1970 3728 2094 3774 octo
2151 3718 2317 3788 elapsi
2369 3726 2532 3783 sunt;
2599 3728 2865 3789 erantque
2912 3718 3172 3775 Ecclesia:
3223 3723 3454 3776 invicem

1891 3812 2079 3876 unitw,
2110 3811 2399 3878 nullusque
2433 3811 2502 3863 (le
2543 3810 2912 3865 Romanorum
2962 3813 3238 3867 erroribus
3271 3829 3456 3868 sermu

1892 3905 1993 3959 fuit
2024 3921 2037 3969 ;
2067 3905 2170 3957 nisi
2196 3902 2339 3972 quod
2359 3902 2841 3956 lconomachorum
2872 3907 3183 3972 supervenit
3206 3905 3452 3967 ᾔδει-σεῖε,

1891 3993 2049 4063 cujus
2076 4009 2240 4048 causa
2267 3994 2462 4047 iterum
2520 3992 2762 4045 schisma
2790 3991 3057 4048 fecerunt.
3106 3993 3232 4047 Post
3280 3996 3452 4063 septi-

1892 4100 2035 4138 mam
2066 4082 2355 4154 synodum,
2392 4083 2500 4135 imo
2531 4089 2584 4135 et
2622 4083 2849 4136 ulterius
2881 4098 3050 4152 usque
3084 4084 3148 4137 ad
3179 4083 3453 4148 Plintium,

1889 4179 2072 4231 nullus
2106 4191 2259 4245 atque
2285 4185 2592 4230 commotus
2623 4190 2806 4230 sermo
2836 4176 2935 4229 fuit
2981 4178 3043 4230 de
3085 4176 3452 4231 Romanorum

1892 4268 2192 4331 erroribus,
2223 4267 2329 4322 illis
2361 4266 2611 4320 videlicet
2645 4282 2780 4334 quos
2814 4264 3038 4320 PhOtius
3071 4274 3125 4321 et
3167 4269 3319 4322 sexta
3365 4284 3458 4336 sy.

1890 4358 2066 4412 nodus
2091 4362 2546 4410 memoraverant.
2574 4354 2745 4409 Porro
2769 4354 2984 4418 Pliotio,
3010 4363 3133 4424 post
3156 4355 3453 4410 clamorem

1899 4461 2098 4501 .autum
2134 4462 2198 4500 ac
2231 4446 2694 4515 perturbationem
2726 4485 2739 4506 ,
2797 4445 2938 4499 facili
2997 4447 3211 4521 negotio
3260 4461 3452 4499 rursus

1815 4525 1861 4579 Ῐ)
1892 4537 2146 4590 Romanis
2199 4537 2548 4591 rcconciliato
2579 4575 2592 4596 .
2651 4536 3019 4589 Ecclesiuruin
3072 4535 3274 4602 pariter
3324 4536 3452 4588 nnio

1895 4631 2160 4684 constitit.

1963 4723 2049 4776 15.
2089 4720 2473 4776 Verumtamen
2513 4720 2703 4792 Sergio
2730 4761 2744 4783 ,
2787 4719 2879 4787 qui
2935 4719 3035 4773 Sub
3060 4719 3452 4787 Bulgaroctono

1891 4815 2127 4885 (Basilio
2169 4811 2250 4882 l!)
2305 4808 2618 4881 patriarcha
2653 4810 2771 4873 fuit,
2803 4812 2983 4865 denuo
3016 4809 3219 4866 dicitur
3247 4810 3449 4864 factum

1889 4909 2152 4968 schisma,
2185 4905 2342 4974 cujus
2382 4919 2606 4958 causam
2643 4903 2868 4972 ignoro,
2901 4902 2994 4955 sed
3029 4909 3210 4955 tamen
3245 4902 3312 4955 de
3366 4917 3453 4956 se-

1889 5003 2052 5057 dibus
2079 4999 2358 5053 contentio
2390 4993 2562 5050 fuisse
2600 4995 2836 5048 videtur.
2882 4992 3002 5047 Jam
3060 5010 3189 5048 vero
3239 4995 3284 5046 si
3343 4993 3452 5045 Ro.—

1892 5106 2175 5148 manorum
2200 5103 2418 5148 errores
2446 5087 2708 5155 incogniti
2740 5085 2992 5151 fuissent,
3028 5100 3188 5140 nemo
3218 5085 3452 5141 fortasse

1892 5179 2333 5239 communionem
2389 5175 2534 5229 illam
2588 5174 2964 5242 vituperaret;
3016 5187 3161 5226 nunc
3211 5173 3338 5236 quia
3397 5172 3452 5224 iu

1545 5322 1746 5385 Variae
1779 5326 2110 5389 lectiones.

282 5434 304 5464 ⁸
337 5436 422 5488 Al.
448 5438 570 5490 cod.
602 5434 693 5504 ἀφ’
729 5434 812 5493 οὗ.

895 5442 914 5471 ⁹
941 5441 1026 5494 AI.
1059 5440 1180 5496 cod.
1208 5441 1415 5514 ἐλέγχει
1443 5475 1446 5479 ι

209 5510 306 5577 par
321 5504 413 5560 ‘8.

1525 5445 1567 5475 "
1590 5446 1720 5502 Cod.
1753 5456 1822 5516 ιγ’
1841 5451 1920 5518 νβ’
1950 5449 2021 5503 νε’
2056 5451 2124 5514 ξε¹
2145 5449 2222 5504 vel
2247 5445 2342 5512 5;".

2425 5446 2465 5476 “
2504 5443 2587 5497 Al.
2629 5443 2750 5513 god.
2776 5440 3180 5514 φρατριάρχην.
3244 5441 3285 5470 ¹²
3310 5438 3446 5493 Cod.

1740 5611 1936 5672 Neue.

1741 5631 1784 5670 ιη

281 5701 362 5772 (2)
398 5684 624 5784 Sergius
656 5704 749 5784 hic
791 5703 1260 5784 l’lmtlauu‘sierat.
1294 5705 1438 5784 _1’um
1464 5707 1547 5784 _t_le
1595 5707 1696 5784 boc
1731 5720 1784 5766 et

1888 5632 1936 5675 e.

1888 5738 1890 5764 ξ
1926 5714 2295 5784 subsequente
2323 5711 2623 5780 Cerulario,
2689 5712 2893 5769 utiliter
2932 5708 3136 5780 legetur
3203 5708 3437 5777 Cuperui

208 5771 270 5828 ln
295 5771 537 5828 tractatu
574 5774 641 5829 de
669 5776 996 5840 patriarcliis
1023 5775 1666 5848 Constantinopolitanis.
