4106 6336
198 425 311 487 725

915 429 1242 494 IIOMILIA
1289 435 1368 494 ΙΝ
1394 435 2254 499 FESTO'RES’HTUTIONIS
2295 439 2713 502 IMAGINUM.

3322 450 3424 507 715i}

198 543 345 596 θεῖον
378 540 570 610 ὕμνοις
610 540 701 594 καὶ
740 517 1072 610 δοῇλογίαις
1117 547 1537 614 θεραπεύουσιν.
1615 551 1671 604 '0
1719 553 1775 605 δὲ

1884 549 2086 607 Numen
2122 552 2330 608 colunt.
2362 552 2648 622 Apostolus
2677 562 2852 609 autem
2884 556 2946 609 ad
2977 557 3208 628 idipsum
3242 559 3428 613 adhor-

196 635 256 688 Ἀ
270 633 527 696 πόστολος
554 634 683 687 αὐτὸ
712 635 868 688 τοῦτο
901 640 1184 707 παραινῶν
1215 642 1272 692 ἐν
1307 644 1582 714 καινότητι
1624 644 1768 714 ζωῆς

199 727 574 797 περιπατῆσαι
602 727 995 790 διακελεύεται,
1031 731 1125 783 καὶ
1179 733 1252 786 Et
1286 752 1375 800 τις
1424 734 1494 788 ἐν
1541 735 1770 803 Χριστῷ

197 819 378 886 καινὴ
434 820 652 885 κτίσις,
686 823 1154 884 ἁνακαινίζεο-θε.
1191 826 1271 879 Τὰ
1316 828 1372 880 δέ
1422 845 1485 896 γε
1520 830 1772 898 Κυριακὰ

199 905 359 976 λόγια
389 911 488 981 τὴν
522 914 860 985 προφητικὴν
889 917 1170 971 δεικνύντα
1195 919 1524 973 κατάστασιν
1555 934 1571 952 ·
1616 920 1773 988 Ἐ’γέ-

200 1020 372 1066 vero,
439 1007 640 1074 φησιν,
709 1008 1014 1076 Ἐγνιαίνια
1063 1010 1133 1060 ἐν
1187 1010 1615 1077 Ἰεροσολύμοις
1673 1013 1772 1065 καὶ

200 1095 424 1162 χειμὼν
477 1092 585 1164 ἦν·
635 1096 747 1148 εἴτε
785 1099 972 1163 νοητὸς
1011 1099 1131 1150 καθ’
1157 1099 1215 1149 ὃν
1260 1099 1468 1170 τὸθτῶν
1508 1100 1774 1153 Ἰουδαίων

203 1185 355 1250 ἔθνος
382 1190 524 1241 κατά
544 1189 636 1241 τοῦ
677 1189 853 1242 κοινοῦ
904 1190 1156 1260 Σωτῆρος
1201 1191 1298 1253 τὰς
1337 1192 1436 1259 τῆς
1467 1194 1775 1260 μιαιφονίας

201 1280 372 1333 ἐκίνει
393 1281 712 1347 καταιγίδας
735 1283 828 1334 καὶ
855 1283 944 1352 τὸν
976 1283 1207 1353 τάραχον
1232 1299 1244 1312 ·
1269 1283 1377 1337 εἴτε
1397 1287 1490 1340 καὶ
1514 1287 1540 1339 ὁ
1556 1285 1652 1350 τὰς
1672 1303 1775 1341 σω-

205 1371 438 1438 ματικὰς
456 1372 735 1441 αἰσθήσεις
754 1376 816 1444 τῇ
837 1373 928 1425 τοῦ
949 1373 1105 1445 ἀέρος
1122 1377 1212 1428 ἐπὶ
1225 1376 1286 1430 τὸ
1304 1372 1586 1448 κρυμῶδες
1603 1399 1778 1453 παρα-

202 1464 388 1516 λυπῶν
437 1466 726 1536 μεταϐολῇ.
777 1467 971 1534 Γέγονε
998 1470 1106 1536 γὰρ
1151 1470 1235 1539 δὴ,
1295 1471 1484 1539 γέγονε
1533 1474 1625 1525 καὶ
1655 1473 1774 1525 καθ’

202 1555 350 1626 ἡμᾶς
377 1555 581 1623 χειμὼν
605 1558 704 1626 οὐχ
732 1559 760 1610 6
790 1556 989 1626 τυχὼν,
1013 1559 1146 1611 ἀλλά
1172 1559 1248 1628 τῷ
1269 1560 1379 1613 ὄντι
1401 1562 1502 1630 τῆς
1538 1563 1780 1632 μεγάλης

203 1651 402 1713 κακίας
429 1651 630 1718 ἐκχέων
659 1652 756 1720 τὴν
781 1651 1059 1721 ὠμότητα.
1089 1653 1228 1704 Ἀλλ’
1257 1655 1487 1724 ἤνθησεν
1514 1659 1643 1724 ἡμῖν
1673 1659 1780 1711 τῶν

1877 653 2019 704 tans,
2051 645 2104 699 in
2129 645 2367 700 novitate
2392 647 2509 701 vitae
2535 649 2809 703 ambulare
2841 651 3078 720 praecipit
3107 670 3120 705 :
3149 660 3220 710 et,
3247 649 3305 705 Si
3329 669 3430 722 qua

1877 733 1930 785 in
1963 731 2172 788 Christo
2211 752 2344 790 nova
2386 745 2650 801 creatura,
2698 741 3020 794 renovamini
3048 742 3091 794 ’.
3145 742 3426 795 Doutinica

1879 833 2058 880 autem
2101 829 2318 898 eloquia
2352 830 2669 898 prophetico
2712 847 2860 886 more
2893 833 3173 888 declarant
3207 853 3220 888 :
3267 831 3433 886 Facta

1879 929 1999 971 sunt
2033 917 2282 974 Encwne’a
2327 922 2709 994 Hierosolymis
2731 963 2745 983 .
2785 934 2831 978 et
2884 927 3045 980 hiems
3088 937 3199 980 erat
3229 927 3247 958 ³
3277 945 3289 988 ;
3324 929 3435 982 sive

1879 1009 2053 1064 hiems
2080 1011 2400 1079 spiritualis,
2433 1031 2534 1085 qua
2563 1031 2694 1084 gens
2724 1015 3029 1072 Iudaeorum
3059 1018 3435 1087 sanguinarias

1879 1109 2227 1169 tempestates
2264 1111 2317 1158 et
2365 1107 2651 1160 tumultum
2697 1117 2885 1163 contra
2925 1124 3264 1164 communem
3312 1110 3435 1187 Sai-

1880 1202 2120 1247 vatorem
2173 1199 2586 1264 commovebat;
2638 1201 2752 1255 sive
2796 1202 2969 1255 hiems
3019 1201 3128 1266 illa,
3173 1217 3292 1271 quae
3348 1216 3438 1269 per

1881 1289 2357 1341 commutationem
2397 1291 2541 1345 aeris
2583 1291 2636 1345 in
2694 1291 2862 1362 frigus
2907 1308 3200 1362 corporeos
3247 1308 3440 1347 sensus

1849 1375 2066 1432 udolore
2095 1379 2273 1435 atﬁcit.
2314 1374 2436 1437 Fuit
2482 1383 2689 1454 utique,
2743 1385 2842 1439 fuit
2888 1394 2941 1439 et
2971 1398 3154 1440 nostro
3205 1397 3443 1454 tcmpme

1883 1472 2056 1530 hiems
2079 1490 2184 1529 non
2212 1478 2522 1541 mediocris.
2558 1482 2648 1534 sed
2677 1497 2794 1550 quae
2818 1481 3049 1550 ingentis
3074 1482 3289 1535 malitia:
3315 1495 3440 1533 cru-

1882 1565 2156 1622 delitatem
2185 1568 2429 1624 effundit.
2469 1570 2572 1626 Sed
2599 1571 2831 1626 cmoruit
2859 1573 3015 1627 nobis
3058 1588 3151 1642 per
3196 1572 3286 1626 Dei
3315 1587 3443 1641 gra-

1885 1659 2012 1711 tiam
2066 1661 2299 1728 primum
2353 1677 2530 1716 verna:
2577 1663 2914 1733 tempestatis
2961 1673 3194 1727 tempus,
3237 1665 3289 1714 in
3337 1677 3445 1713 mm

202 1741 444 1809 χαρίτων
474 1740 566 1792 τοῦ
593 1741 726 1793 Θεοῦ
755 1742 814 1793 τὸ
835 1743 1236 1812 πρωτοκαίριον
1270 1745 1391 1814 ἔαρ,
1426 1748 1482 1800 ὲν
1517 1741 1560 1815 ᾧ
1589 1749 1648 1800 τὸ
1688 1751 1780 1803 εὐ-

1884 1746 1950 1800 ad
1978 1749 2268 1815 gratiarum
2295 1752 2562 1806 actionem
2591 1752 2697 1806 Deo
2724 1769 2821 1824 pro
2852 1755 3238 1810 beneﬁciorum
3270 1768 3446 1806 messe

204 1833 562 1902 χαριστήριον
582 1834 690 1885 τῶν
720 1834 804 1891 ἐπ’
826 1835 1048 1900 ἀγαθοῖς
1078 1835 1351 1905 θερισμῶν
1368 1841 1446 1908 τῷ
1473 1840 1593 1912 Θεῷ
1624 1859 1778 1897 συνε-

205 1923 516 1992 ληλύθαμεν
547 1926 898 1994 ποιήσασθαι,
930 1927 1004 1989 ὡς
1033 1926 1098 1981 ἂν
1147 1936 1390 1999 φαίημεν
1424 1934 1777 2002 ψαλμικώτε-

207 2031 300 2079 ρον
332 2033 345 2046 ο
373 2016 550 2085 Θέρος
591 2020 690 2070 καὶ
721 2019 826 2086 ἔαρ
863 2018 944 2071 σὺ
973 2021 1250 2089 ἔπλασας
1275 2025 1448 2089 αὐτὰ,
1477 2027 1780 2093 μνήσθητι

201 2109 451 2172 ταύτης.
490 2109 598 2160 Καὶ
629 2108 737 2176 γὰρ
775 2110 902 2170 τοὺς
925 2110 1287 2176 ὀνειδίσαντας
1325 2117 1526 2185 Κύριον
1557 2117 1780 2189 ἐχθροὺς

203 2201 302 2251 καὶ
335 2201 429 2268 τὴν
462 2200 652 2253 τούτου
678 2203 841 2268 ἁγίαν
869 2204 1242 2274 προσκύνησιν
1269 2207 1326 2258 ἐν
1358 2209 1543 2275 ἁγίαις
1575 2212 1780 2264 εἰκόσιν

203 2291 670 2359 ὲξατιμάσαντας,
715 2293 1051 2361 ἐπαρθέντας
1075 2314 1131 2348 τε
1165 2300 1260 2350 καὶ
1310 2300 1624 2368 ύψωθέντας
1667 2309 1781 2367 τοῖς

203 2382 613 2450 δυσσεϐήμασιν
648 2383 985 2452 κατέρραξεν
1008 2389 1202 2449 αὐτοὺς
1227 2392 1252 2441 6
1307 2391 1414 2442 τῶν
1463 2392 1780 2461 Θαυμασίων

206 2474 340 2535 Θεὸς
369 2475 576 2527 καὶτοῦ
605 2477 701 2542 τῆς
740 2479 1081 2545 ἀποστασίας
1127 2485 1482 2552 φρυάγματος
1547 2489 1780 2555 κατηδά-

208 2582 387 2632 φισεν,
423 2568 542 2619 οὐδὲ
592 2573 811 2638 παρεῖδε
858 2573 957 2639 τῆς
997 2577 1180 2642 φωνῆς
1221 2577 1328 2628 τῶν
1371 2577 1616 2644 βοώντων
1649 2581 1783 2647 πρὸς

208 2658 413 2709 αὐτόν’
455 2661 788 2726 Μνήσθητι,
857 2664 1051 2730 Κύριε,
1108 2666 1214 2718 τοῦ
1273 2667 1615 2735 ὀνειδινσμοῦ
1666 2669 1785 2735 ,τῶν

209 2748 448 2800 δούλων
479 2765 614 2814 σου,
652 2748 722 2808 οὗ
756 2753 1030 2820 ὑπέσχον
1067 2756 1135 2806 ἐν
1162 2756 1239 2819 τῷ
1266 2759 1469 2820 κόλπῳ
1493 2777 1612 2825 μου
1634 2764 1784 2813 πολ-

208 2847 338 2900 λῶν
367 2848 574 2912 ἐθνῶν,
602 2843 672 2902 οὗ
707 2846 1027 2899 ὠνείδισαν
1051 2850 1104 2900 οἱ
1157 2849 1358 2915 ἐχθροί
1401 2866 1537 2914 σου,
1585 2854 1780 2920 Κύριε,

211 2933 286 2992 οὗ
314 2939 633 2990 ὠνείδισαν·
663 2939 726 2990 τὸ
752 2935 1145 3003 ἀντάλλαγμα
1198 2939 1303 2992 τοῦ
1338 2943 1594 3004 Χριστοῦ
1642 2960 1780 2996 σου.

213 3029 599 3095 Ἀντάλλαγμα
624 3029 666 3080 δ’
707 3029 772 3081 ἂν
800 3027 907 3081 εἷεν
939 3031 1033 3084 τοῦ
1058 3033 1296 3100 Χριστοῦ
1344 3035 1392 3084 ot
1445 3033 1522 3101 τῷ
1571 3036 1786 3103 θανάτῳ

212 3119 377 3170 αὺτοῦ
407 3119 860 3188 ὲξαγορασθέντες
903 3123 996 3174 καὶ
1023 3125 1448 3186 πεπιστευκότες
1501 3125 1648 3190 αύτῷ
1702 3126 1788 3178 διά
1815 3102 1858 3158 c‘

210 3226 271 3260 τε
303 3209 462 3274 λόγου
486 3212 872 3280 ἀνακηρύξεως
905 3213 998 3263 καὶ
1033 3213 1305 3281 εἰκονικῆς
1353 3214 1753 3277 ἀνατυπώσεως

212 3299 282 3352 δι’
311 3295 384 3351 ὧν
416 3302 472 3350 τὸ
506 3303 646 3368 μέγα
679 3301 777 3369 τῆς
803 3302 1118 3368 οἰκονομίας
1149 3302 1309 3371 ἔργον
1357 3307 1468 3366 τοῖς
1519 3305 1789 3374 λελυτρω-

219 3397 400 3458 μένοις
425 3394 867 3459 ἐπιγινώσκεται,
900 3393 986 3445 διὰ
1017 3395 1249 3464 σταυροῦ
1292 3413 1352 3447 τε
1389 3399 1481 3448 καὶ
1531 3397 1636 3449 τῶν
1684 3403 1789 3466 πρὸ

214 3483 311 3534 τοῦ
358 3483 593 3552 σταυροῦ
630 3483 722 3535 καὶ
757 3485 891 3552 μετὰ
928 3485 1019 3535 τὸν
1074 3486 1305 3553 σταυρὸν
1351 3488 1540 3538 παθῶν
1596 3506 1654 3540 τε
1697 3491 1786 3540 καὶ

215 3574 510 3642 θαυμάτων
532 3591 547 3602 ·
578 3573 635 3638 ἐξ
663 3570 736 3627 ὧν
758 3575 850 3628 καὶ
879 3577 910 3645 ἡ
941 3575 1047 3626 τῶν
1099 3575 1265 3628 αὐτοῦ
1319 3578 1660 3646 παθημάτων
1701 3581 1786 3648 μί-

219 3681 385 3732 μησις
426 3666 507 3724 είς
542 3665 872 3727 ἀποστόλους
904 3668 1114 3720 ἐκεῖθέν
1150 3685 1209 3718 τε
1239 3672 1318 3730 είς
1353 3671 1639 3741 μάρτυρας
1670 3672 1788 3723 δια-

217 3755 412 3815 ϐαίνει,
444 3756 538 3806 καὶ
561 3755 627 3806 δι’
663 3754 844 3815 αὐτῶν
877 3757 1067 3825 μέχρις
1097 3757 1449 3827 ὁμολογητῶν
1497 3760 1589 3812 καὶ
1615 3761 1788 3824 ἀσκη-

214 3842 323 3896 τῶν
354 3845 612 3896 κάτεισιν.

289 3934 490 3986 Τούτου
519 3937 696 3988 τοίνυν
722 3936 828 3988 τοῦ
855 3937 1221 4004 ὀνειδισμοῦ,
1264 3938 1336 3991 δν
1383 3939 1707 3992 ὼνείδισαν
1732 3943 1787 3993 ot

215 4026 417 4093 ἐχθροὶ
441 4028 680 4093 Κυρίου,
709 4027 775 4078 ὃν
812 4027 1134 4080 ὼνείδισαν
1166 4027 1232 4078 τὸ
1261 4027 1653 4096 ἀντάλλαγμα
1683 4029 1786 4081 τοῦ

217 4118 476 4185 Χριστοῦ
527 4119 713 4171 αὐτοῦ
748 4118 1102 4186 ἐπιμνησθεὶς
1135 4120 1162 4170 6
1193 4118 1323 4179 Θεὸς
1377 4119 1552 4186 ἡμῶν,
1598 4121 1624 4170 δ
1675 4122 1788 4181 τοῖς

220 4209 374 4269 ἰδίοις
417 4210 745 4277 σπλάγχνοις
779 4209 874 4260 καὶ
935 4212 1056 4270 ταῖς
1110 4211 1405 4278 μητρικαῖς
1443 4208 1605 4260 αὐτοῦ
1663 4209 1787 4278 δεή-

219 4317 374 4352 σεσιν
396 4300 904 4366 ὲπικαμπτόμενος,
943 4298 1019 4349 ἔτι
1051 4297 1106 4350 δὲ
1149 4299 1243 4351 καὶ
1276 4298 1663 4360 ἁποστολικαῖς
1691 4299 1785 4351 καὶ

217 4389 440 4441 πάντων
470 4388 661 4454 ἁγίων,
715 4390 762 4440 οἳ
797 4387 1299 4457 συνεξυῆρῐσθησαν
1330 4387 1479 4456 αὑτῷ
1514 4389 1608 4441 καὶ
1661 4405 1786 4440 συν-

218 4477 654 4545 εξουδενώθησαν
687 4479 806 4538 ταῖς
840 4477 1067 4540 εἰκόσιν,
1121 4479 1206 4529 ἵνα
1264 4477 1451 4548 ὥσπερ
1488 4473 1788 4530 συνέπαθον

217 4569 408 4638 σαρκὶ,
442 4568 613 4631 οὕτως
651 4568 760 4635 ἄρα
788 4567 860 4630 ὡς
891 4568 1069 4618 ἔοικεν
1096 4569 1187 4620 καὶ
1216 4571 1335 4630 ταῖς
1365 4571 1504 4622 κατὰ
1554 4569 1662 4621 τῶν
1708 4569 1788 4620 εἰ·

219 4663 394 4715 κόνων
428 4660 575 4726 αύτῷ
623 4660 1136 4728 συγκοινωνὴσωσιν
1177 4656 1424 4730 ὕϐρεσιν,
1483 4661 1787 4730 ἐνήργησεν

219 4752 450 4819 ὕστερον
507 4751 534 4803 δ
593 4767 651 4802 τε
710 4749 1030 4819 βεϐούληται
1082 4751 1343 4819 σήμερον,
1401 4753 1492 4804 καὶ
1537 4751 1787 4820 πέπραχε

219 4843 470 4910 δεύτερον
531 4843 669 4911 ὅπερ
735 4841 945 4894 ἐτέλεσε
999 4841 1282 4911 πρότερον.
1351 4843 1621 4910 Πρότερον
1677 4844 1786 4911 γὰρ

224 4935 364 5003 μετά
399 4934 628 5000 πολυετῆ
655 4950 776 4985 τινα
804 4933 996 5001 χρόνον
1043 4935 1140 5002 τῆς
1192 4932 1300 4985 τῶν
1343 4933 1513 5000 ἁγίων
1564 4935 1788 4986 εἰκόνων

220 5024 593 5090 ὲκφαυλίσεως
636 5023 731 5076 καὶ
762 5024 1010 5091 ἀτιμίας,
1040 5023 1416 5093 ὲπανέστρεψε,
1482 5025 1581 5093 τὴν
1629 5024 1786 5075 εύσέ-

221 5114 375 5166 δειαν
409 5116 488 5175 είς
529 5114 718 5167 ἑαυτόν
749 5131 762 5146 ’
797 5115 911 5166 νυνὶ
947 5115 1022 5174 δὲ,
1059 5115 1194 5182 ὅπερ
1229 5115 1347 5167 ἐστὶ
1377 5115 1653 5184 δεύτερον,
1693 5133 1786 5184 μι-

223 5203 357 5271 κροῦ
395 5204 530 5268 μετά
551 5204 1070 5274 τριακονταετηρίδα
1105 5203 1398 5266 κακώσεως
1421 5207 1788 5275 κατηρτίσατο

221 5299 335 5356 τοῖς
360 5295 596 5359 ἀναξίοις
625 5297 758 5364 ἡμῖν
804 5295 901 5364 τὴν
957 5296 1064 5348 τῶν
1111 5296 1388 5366 δυσχερῶν
1444 5297 1784 5366 ἀπαλλαγὴν,

223 5387 321 5438 καὶ
344 5387 450 5435 τῶν
478 5384 788 5436 λυπούντων
819 5387 916 5449 τὴν
954 5387 1353 5454 ἀπολύτρωσιν,
1398 5387 1492 5439 καὶ
1537 5390 1634 5457 τῆς
1693 5387 1786 5439 εὐ-

226 5473 446 5535 σεϐείας
499 5476 595 5544 τὴν
628 5474 1100 5544 ἁνακήρυξιν,καὶ
1131 5479 1228 5544 τῆς
1281 5476 1555 5544 εἰκονικῆς
1618 5493 1788 5541 προσ-

226 5568 510 5634 κυνήσεως
533 5567 629 5634 τὴν
661 5567 981 5632 ἀσφάλειαν,
1013 5567 1106 5617 καὶ
1147 5567 1244 5636 τὴν
1291 5568 1464 5620 πάντα
1516 5567 1787 5637 φέρουσαν

225 5658 358 5728 ἡμῖν
380 5660 449 5711 τὰ
481 5658 727 5726 σωτήρια
749 5659 960 5728 ἑορτήν.
994 5656 1084 5710 Ἐν
1123 5658 1232 5728 γὰρ
1254 5661 1371 5721 ταῖς
1403 5659 1602 5712 είκόσιν
1648 5657 1787 5729 ὁρῶ-

299 5841 317 5868 ¹
346 5839 389 5892 ll
417 5840 543 5895 Cor.
589 5855 638 5903 γ,
684 5839 761 5890 Π.
842 5838 858 5866 ³
891 5836 1048 5891 Joan.
1078 5853 1128 5905 χ,
1156 5839 1242 5892 2:2.

1324 5839 1340 5869 ⁵
1372 5838 1516 5894 I’sal.
1551 5853 1741 5905 tum,
1775 5837 1861 5890 l7.

1880 1840 2202 1894 reddendam
2253 1844 2563 1913 eongregati
2632 1861 2845 1909 sumus,
2909 1854 2967 1899 ut
3024 1846 3444 1914 congruentiore

1883 1930 2041 1984 modo
2071 1929 2409 1987 Psatmorum
2460 1934 2590 1987 illud
2645 1934 3012 2003 proferremus
3043 1952 3056 1988 :
3086 1933 3355 1988 Αἲκιαιρηι
3393 1944 3441 1987 et

1881 2038 1973 2075 ver
2011 2033 2064 2075 tu
2119 2023 2398 2088 plasmasti
2434 2042 2516 2089 ra,
2553 2042 2748 2080 memor
2800 2036 2909 2080 esto
2958 2027 3113 2094 hujus
3145 2035 3183 2079 ··.
3236 2027 3442 2080 Etenim

1882 2110 2134 2167 inimicos
2179 2111 2409 2167 Domino
2437 2116 2847 2184 exprobrantes,
2880 2125 2934 2170 ct
2968 2128 3210 2169 sanctam
3245 2125 3443 2170 adorn-

1885 2202 2086 2257 tionem
2123 2205 2222 2273 ipsi
2255 2206 2307 2259 in
2344 2209 2516 2261 sacris
2563 2208 2892 2278 imaginibus
2945 2208 3310 2263 exhibendam
3363 2207 3445 2259 in-

1887 2294 2233 2357 honorantes.
2268 2297 2357 2366 qui
2385 2297 2438 2351 in
2469 2298 2838 2367 impietatibus
2871 2300 2984 2353 suis
3009 2315 3125 2354 sese
3155 2297 3448 2354 effer-ebant

1882 2396 1938 2438 ot
1981 2387 2386 2456 superbiebant,
2439 2390 2706 2460 confregit
2745 2389 2835 2444 ille
2885 2390 3213 2444 mirabilium
3266 2390 3446 2457 opifex

1886 2476 2030 2532 Deus
2071 2486 2124 2532 et
2170 2493 2198 2530 a
2233 2478 2554 2534 defectionis
2601 2477 2822 2535 fremitu
2880 2481 3222 2542 deturbavit,
3273 2496 3448 2549 neque

1885 2569 2127 2635 despexit
2164 2585 2346 2624 vocem
2383 2571 2736 2624 clamantium
2789 2573 2855 2625 ad
2910 2587 2966 2627 se
3017 2592 3027 2625 ε
3072 2573 3270 2627 Memor
3315 2583 3446 2637 esto,

1885 2663 2124 2724 Domine,
2159 2665 2424 2732 opprobrii
2471 2682 2736 2719 servorum
2785 2677 2992 2720 tuorum
3015 2708 3026 2730 ,
3057 2669 3194 2735 quod
3220 2671 3455 2722 continui

1885 2755 1936 2806 in
1969 2755 2085 2806 sinu
2116 2770 2246 2817 meo,
2268 2756 2549 2807 multarum
2575 2759 2825 2825 gentium;
2850 2756 2986 2826 quod
3015 2760 3454 2825 exprobrauerunt

1886 2845 2090 2896 inimici
2121 2846 2217 2904 tui,
2256 2846 2490 2900 Domine.
2517 2847 2652 2915 quod
2677 2849 3119 2915 exprobrauerunt
3163 2861 3453 2903 commuta-

1891 2937 2078 2989 tionem
2137 2936 2333 2991 Christi
2381 2939 2457 2990 tui
2490 2939 2532 2990 '.
2587 2939 2952 2993 Commutatio
3014 2948 3195 2994 autem
3249 2941 3453 2995 Christi

1889 3028 2088 3080 fuerint
2120 3029 2153 3080 ii
2196 3029 2284 3097 qui
2319 3038 2491 3083 morte
2533 3029 2652 3097 ejus
2688 3029 2950 3098 redempti
2984 3039 3132 3096 sunt,
3175 3041 3227 3084 et
3264 3033 3440 3085 credi-

1891 3121 2085 3171 derunt
2108 3120 2154 3170 ei
2185 3135 2279 3186 per
2309 3121 2527 3173 verbum
2558 3121 2962 3187 praedicationis
2992 3134 3044 3176 et
3077 3140 3170 3191 per
3202 3125 3451 3194 imaginis

1890 3210 2008 3276 ejus
2055 3213 2630 3277 repraesentationem;
2672 3226 2765 3279 per
2799 3227 2918 3281 qua:
2955 3228 3206 3282 magnum
3236 3229 3448 3267 meone-

1894 3302 2011 3354 miae
2053 3317 2187 3369 epus
2232 3317 2259 3354 a
2304 3303 2595 3371 redemptis
2663 3305 3032 3374 cognoScitur,
3089 3320 3185 3372 per
3238 3320 3451 3358 crucem

1890 3392 2095 3447 Scilicet
2123 3408 2184 3446 ac
2219 3410 2312 3462 per
2341 3395 2621 3462 passiones
2650 3404 2703 3447 et
2732 3395 2993 3448 miracula
3030 3412 3150 3463 qua:
3177 3403 3227 3448 ct
3261 3404 3381 3449 ante
3403 3401 3456 3448 ct

1889 3491 2010 3549 post
2049 3498 2264 3536 crucem
2296 3484 2531 3538 exhibita
2566 3493 2724 3550 sunt;
2761 3499 2825 3538 ex
2857 3485 3054 3553 quibus
3095 3485 3213 3554 ejus
3245 3486 3457 3553 passio.

1891 3585 2018 3622 num
2055 3570 2287 3622 imitatio
2323 3571 2387 3623 ad
2427 3571 2721 3640 apostolos,
2751 3571 3059 3639 deindeqne
3091 3572 3154 3623 ad
3190 3581 3456 3640 martyres

1893 3661 2160 3724 transivit,
2188 3669 2240 3715 et
2271 3660 2364 3729 per
2394 3677 2484 3716 eos
2517 3678 2690 3732 usque
2723 3663 2788 3717 ad
2822 3662 3163 3717 confessor-cs
3214 3674 3266 3715 et
3296 3678 3451 3717 asce-

1893 3761 1974 3804 tas
2001 3734 2251 3805 devoluta
2281 3760 2387 3806 est.

1962 3929 2134 3998 Hujus
2165 3931 2349 3998 itaque
2387 3928 2837 3998 opprobrii,'quod
2859 3931 3304 3996 exprobrauerunt
3351 3934 3421 3986 in!

1888 4021 2010 4073 mici
2052 4020 2258 4073 Domini
2282 4061 2306 4095 ,Ι
2326 4022 2463 4088 quod
2495 4020 2935 4087 exprobrauerunt
2993 4024 3454 4076 commutationem

1890 4107 2088 4163 Christi
2131 4110 2242 4177 ejus
2266 4151 2279 4174 ,
2330 4109 2651 4164 recordatus
2683 4108 2828 4162 Deus
2861 4119 3068 4180 noster,
3103 4111 3338 4180 propriis
3373 4113 3452 4164 vi-

1888 4199 2132 4254 sceribus
2162 4207 2213 4253 et
2242 4199 2503 4254 maternis
2531 4187 2762 4253 inﬂexus
2789 4179 3298 4257 sunnii'cationilms.
3331 4216 3456 4257 nec-

1893 4300 2002 4343 non
2063 4291 2378 4360 apostolicis
2430 4300 2483 4345 et
2526 4306 2768 4346 omnium
2819 4306 3132 4345 sancwrum
3181 4305 3453 4361 precibus,

1819 4425 1862 4479 ὓ
1890 4383 1982 4453 qui
2009 4399 2114 4437 una
2140 4400 2261 4436 cum
2289 4385 2380 4437 illo
2409 4386 2753 4439 contumeliis
2781 4384 2952 4439 affecti
2974 4393 3028 4439 et
3059 4384 3298 4454 despecti
3327 4394 3454 4438 sunt

1893 4476 1946 4528 in
1985 4474 2309 4543 imaginibus
2339 4476 2475 4537 suis,
2504 4486 2560 4530 ut
2601 4477 2743 4530 sicut
2775 4493 2940 4530 carne
2972 4477 3242 4545 compa'ssi
3291 4487 3449 4539 sunt,

1890 4563 1963 4616 ita
1998 4571 2054 4615 ut
2084 4578 2178 4630 par
2204 4572 2321 4617 erat
2350 4565 2402 4618 in
2445 4568 2900 4637 contumeliarum
2933 4583 3074 4635 quas
3107 4567 3160 4619 in
3200 4567 3450 4635 imagini-

1891 4656 1991 4707 hus
2023 4669 2215 4722 passus
2245 4663 2363 4708 erat
2408 4657 2741 4710 consortium
2794 4658 3080 4719 venirent,
3136 4659 3350 4710 demum
3400 4659 3452 4710 id

1889 4755 2144 4814 operatus
2184 4755 2265 4801 est
2302 4747 2442 4815 quod
2484 4749 2642 4801 hodie
2687 4749 2960 4814 decrevit;
3007 4750 3166 4818 idque
3214 4751 3453 4802 secundo

1892 4840 2018 4893 fecit
2063 4839 2204 4908 quod
2247 4840 2397 4909 prius
2421 4849 2913 4894 consummaverat.
2949 4839 3102 4892 Prius
3142 4840 3453 4907 enimpost--

1885 4947 2044 5000 quam
2097 4932 2263 4983 multo
2303 4947 2568 4983 annorum
2604 4931 2878 4985 curriculo
2925 4938 3130 4984 sancta:
3183 4930 3451 4998 imagines

1890 5023 2158 5090 despecta:
2182 5031 2234 5074 et
2266 5021 2602 5073 inhonoratae
2629 5020 2862 5085 fuerant,
2894 5019 3144 5089 pit-tatem
3181 5036 3301 5094 erga
3339 5022 3449 5073 sei.

1890 5129 2045 5184 psunt
2079 5113 2292 5167 reduxit
2323 5130 2338 5167 :
2373 5127 2515 5165 nunc
2543 5121 2719 5165 autem
2743 5153 2754 5173 ,
2792 5112 2842 5163 id
2883 5121 2963 5165 est
2995 5112 3249 5176 secundo,
3295 5113 3451 5188 paulo

1889 5213 2013 5273 post
2047 5204 2270 5271 triginta
2319 5201 2625 5259 amictionis
2652 5217 2824 5255 annos
2864 5203 3019 5256 nobis
3062 5196 3294 5270 indignis
3326 5217 3451 5270 pro-

1890 5295 2098 5349 curavit
2146 5307 2507 5345 aerumnarum
2543 5291 2937 5354 liberationem,
2979 5301 3032 5342 et
3086 5290 3448 5357 amigentibus

1890 5384 2310 5452 redemptionem
2341 5422 2354 5446 ,
2388 5383 2486 5450 pia:
2520 5381 2780 5434 doctrinae
2811 5381 3276 5454 praedicationem,
3313 5381 3444 5431 ado-

1888 5475 2116 5529 rationis
2144 5473 2432 5540 imaginum
2466 5473 2835 5535 securitatem,
2875 5481 2925 5522 et
2957 5470 3136 5524 omnia
3171 5469 3324 5524 nobis
3359 5484 3440 5522 sa-

1892 5566 2086 5620 lutaria
2125 5566 2384 5619 ferentem
2415 5564 2835 5617 solemnitatem.
2866 5561 2923 5615 In
2953 5560 3276 5630 imaginibus
3302 5561 3444 5612 enim

1892 5659 2139 5711 videmus
2172 5657 2370 5710 Christi
2403 5658 2706 5720 cruciatus,
2733 5670 2868 5724 quos
2908 5669 3006 5723 pro
3047 5653 3202 5707 nobis
3244 5651 3448 5714 subiit,

1939 5837 1958 5868 ⁸
1982 5837 2127 5892 Psal.
2150 5853 2409 5898 Lxxxvnt.
2445 5836 2529 5898 51,
2559 5837 2646 5894 52.
