4156 6344
684 313 788 374 727

1493 319 1908 380 MICIIAELIS
1947 315 2370 380 CERULARII
2413 317 2521 380 CP.
2556 320 3062 383 PATRIARCH£

3795 316 3907 380 723

684 443 928 491 crucem,
960 430 1312 498 sepniernm,
1350 430 1623 486 infernum
1669 431 2007 488 destructum
2043 439 2097 486 et
2146 430 2239 485 de-
2265 425 2313 485 Δ

2354 446 2446 498 μεν
2472 432 2540 484 τά
2566 432 2705 503 ὑπὲρ
2741 433 2902 502 ἡμῶν
2929 431 3023 484 τοῦ
3060 429 3330 484 Δεσπότου
3363 426 3530 500 πάθη.
3597 427 3692 482 τὸν
3740 445 3902 483 σταυ-

687 527 954 573 vastatum
980 559 994 583 ,
1029 532 1328 593 martyrum
1369 525 1697 590 certamina,
1735 539 1988 588 coronas,
2040 525 2242 592 ipsam-

685 624 793 676 que
832 611 1060 666 salutem
1097 629 1257 682 quam
1297 614 1501 683 primus
1536 625 1722 670 noster
1754 615 2096 684 praemiorum
2145 629 2240 667 eo-

688 713 1054 770 ronarumque
1087 702 1310 772 largitor
1340 704 1392 758 in
1431 705 1608 760 medio
1653 714 1810 761 terrae
1856 713 2110 776 operatus
2137 711 2240 757 est.

758 874 909 933 lianc
935 879 1200 948 hodieque
1227 882 1623 939 solemnitatem
1655 885 2012 940 celebramus.
2057 883 2114 937 In
2144 882 2245 937 liae

689 967 943 1036 precibus
968 977 1019 1022 et
1047 972 1533 1040 supplicationibus
1563 989 1665 1029 una
1699 976 1941 1029 laetantes
1973 981 2026 1028 et
2055 973 2246 1026 exsul-

687 1069 890 1124 tantes,
920 1062 1140 1129 psalmis
1172 1064 1540 1119 exclamamus
1567 1073 1622 1119 et
1648 1067 1878 1120 canticis
1907 1081 1922 1117 :
1950 1064 2080 1130 Quis
2107 1064 2244 1118 Deus

687 1164 906 1218 magnus
952 1152 1086 1203 sicut
1123 1151 1260 1205 Deus
1299 1156 1506 1208 noster?
1555 1154 1631 1208 Tu
1680 1173 1732 1210 es
1770 1156 1908 1210 Deus
1940 1167 2120 1210 noster
2154 1157 2243 1224 qui

687 1238 822 1305 facis
853 1239 1116 1292 mirabilia
1148 1245 1292 1294 solus
1319 1243 1363 1296 ⁸⁵.
1393 1243 1523 1296 Nam
1557 1246 1740 1314 gloria
1771 1254 1874 1300 tua:
1902 1255 2245 1314 contempto-

690 1342 779 1382 res
808 1329 1183 1394 subsannasti,
1221 1333 1452 1388 audaces
1484 1335 1607 1389 illos
1640 1345 1691 1390 ct
1721 1345 1909 1391 contra
1958 1337 2242 1406 imaginem

692 1427 842 1472 tuam
873 1419 1100 1485 feroces,
1135 1423 1354 1479 timidos
1385 1424 1748 1495 fugitivosque
1780 1429 2094 1482 exbibuisti.
2141 1428 2245 1483 Sed

691 1511 954 1567 hactenus
983 1514 1050 1567 de
1077 1515 1371 1584 gratiarum
1401 1520 1613 1572 actione
1648 1517 1756 1574 Deo
1792 1519 2068 1574 referenda
2093 1561 2107 1582 ,
2148 1521 2244 1575 de-

691 1617 798 1669 que
831 1603 1060 1659 Domino
1089 1616 1277 1661 contra
1315 1609 1655 1665 adversarios
1687 1620 1905 1679 tropaeo.
1939 1611 2091 1676 Quod
2126 1626 2249 1680 spc-

694 1703 806 1748 ctat
832 1707 1012 1751 autem
1050 1701 1114 1751 ad
1151 1701 1450 1755 certamina
1485 1709 1539 1756 et
1586 1703 1767 1770 prrelia
1815 1713 2004 1757 contra
2055 1704 2248 1758 lcono-

691 1787 913 1841 mat-bos
945 1789 1096 1854 inita,
1125 1791 1260 1844 alius
1295 1807 1476 1848 sermo
1512 1794 1723 1862 aliaque
1749 1793 2044 1864 descriptio
2073 1796 2248 1850 fusius

694 1879 1012 1934 declarabit.
1055 1881 1253 1936 Verum
1302 1885 1455 1952 quasi
1509 1884 1561 1938 in
1613 1888 1799 1954 requie
1842 1886 2077 1955 quadam
2128 1895 2250 1955 post

693 1969 981 2023 transitum
1023 1970 1221 2025 deserti
1266 1973 1333 2026 ad
1381 1974 1780 2042 possessionem
1815 1975 2112 2044 spiritualis
2158 1972 2251 2030 Je-

692 2061 928 2114 rusalem
984 2049 1312 2127 constituti,
1354 2063 1590 2120 Mosaico
1631 2067 1759 2122 moti
1808 2068 2082 2137 exemplo,
2140 2068 2251 2122 imo

693 2153 873 2220 potius
909 2152 1090 2206 divina
1127 2154 1398 2220 jussione,
1441 2156 1596 2225 quasi
1630 2158 1683 2210 in
1715 2157 1872 2226 cippo
1899 2159 2132 2224 quodam
2185 2172 2252 2211 ex

694 2245 906 2312 magnis
956 2245 1226 2312 lapidibus
1278 2249 1606 2302 concinnato
1653 2258 1707 2302 et
1759 2249 1824 2303 ad
1878 2249 2250 2318 recipiendam

694 2335 1022 2402 scripturam
1073 2337 1380 2404 dispositio,
1419 2339 1471 2392 in
1506 2339 1735 2392 fratrum
1787 2340 2047 2394 cordibus
2087 2340 2254 2394 bene-

694 2426 959 2482 dictiones
1004 2444 1123 2494 qua:
1166 2429 1299 2498 legis
1330 2431 1594 2484 ultoribus
1623 2431 1911 2494 debentur,
1942 2441 1994 2488 et
2025 2434 2252 2486 maledi-

693 2518 900 2573 rtiones
920 2519 1117 2589 quibus
1139 2536 1197 2575 se
1217 2523 1481 2576 obnoxios
1503 2531 1760 2589 praestant
1783 2525 2250 2592 prmvaricatores,

689 2609 894 2675 justum
935 2619 988 2662 ct
1033 2625 1245 2678 :eqnnm
1281 2611 1597 2668 censuimus
1633 2612 1964 2668 describere.
2017 2612 2255 2679 Quamo-

694 2700 844 2756 brem
878 2700 996 2755 haec
1035 2700 1273 2757 dicimus
1303 2716 1320 2755 :

763 2879 964 2935 Eorum
1003 2881 1097 2948 qui
1125 2881 1392 2936 carnalem
1425 2881 1516 2936 Dei
1544 2880 1702 2936 Verbi
1740 2883 2028 2936 adventum
2063 2885 2252 2947 verbo,

695 2989 811 3035 ore.
849 2974 1012 3026 corde
1050 2988 1112 3025 ac
1149 2982 1351 3038 mente,
1389 2975 1659 3043 scriptura
1687 2975 1749 3044 (f.
1779 2975 2011 3044 pictura)
2041 2987 2093 3029 et
2120 2977 2254 3028 inia-

696 3064 913 3131 ginibus
949 3063 1300 3126 conlitentur,
1328 3075 1528 3118 a-terna
1563 3065 1845 3119 memoria.

713 3186 718 3192 -
769 3154 966 3209 Eorum
1021 3156 1112 3223 qui
1155 3166 1456 3225 agnoscunt
1500 3155 1659 3210 unius
1689 3165 1740 3210 et
1775 3156 2016 3223 ejusdem
2048 3156 2250 3210 Christi

698 3244 1050 3313 bypostaseos
1082 3244 1134 3298 in
1171 3243 1496 3298 substantiis
1530 3244 1908 3310 dill‘erentiam,
1936 3254 1989 3300 et
2020 3247 2163 3313 quod
2199 3246 2252 3300 in

695 3349 760 3388 ea
795 3341 876 3387 est
909 3341 1149 3388 creatum
1184 3345 1237 3388 et
1269 3335 1594 3395 increalum,
1631 3334 1843 3388 visibile
1875 3344 1928 3388 et
1959 3335 2251 3398 invisibile,

699 3425 954 3494 passibile
986 3433 1040 3479 et
1072 3427 1421 3496 impassibile,
1465 3427 1944 3496 circumscriptum
1994 3435 2047 3480 et
2091 3428 2255 3480 incir-

697 3518 1125 3586 cnmscriptum;
1171 3527 1225 3572 ct
1266 3517 1360 3586 qui
1415 3517 1611 3571 divinae
1660 3518 1977 3572 substantia:
2027 3519 2253 3574 increati

698 3612 964 3665 rationem
993 3619 1046 3664 et
1075 3610 1273 3666 similia
1314 3609 1640 3672 attribuunt,
1671 3611 1919 3663 humanm
1954 3621 2132 3665 autem
2162 3627 2256 3663 na-

702 3716 836 3758 tura:
867 3713 978 3756 tum
1027 3711 1221 3757 caetera
1263 3712 1375 3755 tum
1423 3702 1980 3770 circumscriptionem
2035 3716 2256 3769 compe-

702 3809 812 3851 tere
843 3804 947 3849 tam
968 3794 1132 3849 verbo
1155 3807 1318 3862 quam
1339 3793 1662 3864 imaginibus
1687 3793 2032 3863 proﬁtentur,
2056 3801 2256 3849 azterna

703 3891 986 3941 memoria.

777 3975 971 4029 Eorum
996 3976 1084 4044 qui
1117 3976 1346 4030 credunt
1378 3981 1431 4029 et
1465 3974 1760 4044 praedicant
1791 3972 1903 4028 sive
1936 3975 2262 4030 annuntiant

701 4067 864 4120 verba
902 4067 954 4119 in
979 4066 1217 4134 scriptis,
1254 4081 1342 4120 res
1371 4066 1424 4118 in
1461 4065 1691 4133 ﬁguris;
1727 4073 1780 4118 et
1820 4073 2107 4132 utrumque
2158 4081 2258 4132 pn-

705 4168 817 4212 tant
868 4159 1110 4215 eamdem
1155 4137 1441 4211 utilitatem
1483 4157 1777 4210 conciliare
1803 4194 1817 4218 ,
1857 4157 2067 4210 scilicet
2099 4157 2261 4210 verba

705 4249 1165 4315 pnedicationem,
1205 4255 1258 4301 et
1299 4246 1561 4311 imagines
1602 4244 1848 4300 veritatis
1894 4245 2260 4300 conﬁrmatio-

707 4355 850 4403 nem,
878 4349 1077 4392 aeterna
1120 4336 1398 4390 memoria.

780 4517 979 4570 Eorum
1020 4514 1112 4583 qui
1163 4513 1326 4569 verbo
1373 4514 1717 4569 sanetiﬁcant
1768 4516 1929 4578 labia,
1963 4514 2266 4584 deindeque

711 4611 991 4664 auditores
1015 4624 1109 4679 per
1138 4609 1312 4678 ipsum
1338 4607 1560 4662 verbum
1586 4625 1601 4672 ;
1632 4622 1694 4662 ac
1724 4609 1815 4678 qui
1845 4609 2024 4664 sciunt
2048 4619 2103 4664 et
2130 4626 2266 4679 prat-

711 4701 894 4754 dicant
927 4715 1020 4768 per
1057 4698 1394 4754 venerandus
1434 4697 1698 4768 imagines
1731 4701 1980 4754 similiter
2022 4703 2265 4756 sanctiﬁ-

711 4792 821 4844 cari
858 4791 1044 4844 oculos
1077 4788 1395 4853 videntium,
1432 4798 1780 4858 mentemque
1807 4804 1994 4843 eorum
2027 4793 2159 4859 erigi
2196 4794 2264 4846 ad

717 4883 806 4936 Dei
863 4881 1270 4952 cognitionem,
1321 4880 1778 4951 quemadmodum
1829 4890 1883 4934 et
1940 4896 2034 4951 per
2089 4885 2268 4938 divina

716 4973 938 5040 templa,
969 4983 1158 5026 sancta
1198 4987 1341 5033 vasa,
1380 4970 1594 5039 aliaque
1624 4984 1774 5025 sacra
1805 4970 2038 5036 cimclia,
2067 4982 2264 5026 {eterna

718 5060 1005 5115 memoria.

792 5151 987 5203 lion-nm
1034 5149 1125 5218 qui
1166 5149 1350 5203 sciunt
1402 5149 1605 5218 virgam
1641 5157 1694 5203 et
1735 5149 1964 5215 tabulas,
2011 5164 2193 5204 arcam
2217 5161 2271 5206 et

719 5242 1127 5304 candelabrum,
1153 5255 1394 5295 mensam
1432 5248 1486 5294 et
1531 5239 1703 5294 altare
1746 5239 1954 5294 incensi
2001 5257 2270 5310 prannon-

723 5345 924 5386 strasse
951 5339 1003 5384 ct
1035 5331 1407 5400 praelignrassc
1432 5331 1828 5385 sanctissimam
1856 5329 2125 5400 Virginem
2154 5333 2272 5387 Dci-

726 5438 909 5491 param
945 5421 1196 5486 Mariam;
1226 5430 1278 5474 et
1309 5421 1396 5474 illa
1433 5421 1646 5490 quidem
1691 5421 1830 5475 hanc
1871 5423 2265 5492 ptmﬁgtlrasse,

726 5527 845 5581 qua:
872 5521 1048 5565 tamen
1081 5526 1189 5563 non
1209 5509 1384 5565 fuerit
1419 5510 1649 5580 idipsum
1675 5510 1815 5579 quod
1841 5512 1925 5565 illa
1955 5511 2267 5580 (symbolam

799 5695 816 5721 ‘
851 5692 984 5746 i‘sal.
1022 5690 1302 5748 “nuli.

2347 522 2458 592 ρον,
2488 523 2577 575 τὸν
2602 524 2790 589 τάφον,
2826 523 2917 576 τὸν
2951 523 3083 594 ᾇδην
3105 521 3469 591 νεκροῦμενον
3527 523 3622 574 καὶ
3667 520 3905 574 σκυλευ-

2343 612 2552 682 όμενον,
2583 613 2691 667 τῶν
2723 614 3013 683 μαρτύρων
3033 612 3158 675 τοὺς
3187 610 3400 676 ἄθλους,
3431 611 3556 675 τοὺς
3581 609 3904 678 στεφάνους,

2345 703 2516 773 αὐτὴν
2549 702 2647 773 τὴν
2673 703 2945 772 σωτηρίαν
2970 702 3036 774 ἢν
3067 705 3096 755 6
3126 701 3343 772 πρῶτος
3399 701 3557 772 ἡμῶν
3604 699 3910 770 ἀθλοθέτης

2344 797 2439 851 καὶ
2460 797 2784 866 στεφανίτης
2816 799 2872 850 ὲν
2896 801 3045 868 μέσῳ
3074 797 3172 867 τῆς
3197 797 3300 864 γῆς
3333 795 3760 865 κατειργάσατο.

2415 887 2634 957 Ταύτην
2666 889 2904 959 σήμερον
2930 888 3029 958 τὴν
3055 888 3366 956 πανήγυριν
3398 885 3748 956 ἑορτάζομεν.
3813 884 3906 937 Ἑν

2344 981 2512 1052 ταύτῃ
2532 980 2717 1050 εὐχαῖς
2744 981 2838 1032 καὶ
2866 979 3161 1043 λιτανείαις
3185 977 3702 1047 συνευφραινόμενοί
3717 994 3776 1030 τε
3811 977 3907 1030 καὶ

2349 1072 2829 1140 συναγαλλόμενοι,
2884 1071 3119 1140 ψαλμοῖς
3162 1057 3442 1137 ὲκὸοῗῦμεν
3490 1067 3583 1120 καὶ
3635 1067 3902 1140 ᾅσμασιν·

2353 1164 2448 1230 Τίς
2476 1164 2619 1228 Θεὸς
2643 1163 2822 1232 μέγας
2849 1163 2982 1228 ὡςό
3019 1160 3162 1226 Θεὸς
3209 1159 3413 1227 ήμῶν-ς
3447 1158 3529 1213 σὺ
3578 1154 3637 1212 εἷ
3677 1161 3711 1212 ὁ
3761 1157 3908 1223 Θεὸς

2346 1254 2515 1325 ἡμῶν
2551 1259 2583 1308 0'
2621 1253 2807 1307 ποιῶν
2837 1251 3140 1321 θαυμάσια
3163 1252 3366 1321 μόνος.
3405 1250 3542 1313 Τοὺς
3608 1248 3907 1318 φαυλιστάς

2348 1346 2455 1415 γὰρ
2481 1346 2581 1414 τῆς
2636 1345 2732 1412 σῆς
2771 1344 2929 1413 δόξης
2975 1341 3414 1411 ὲξεμυκτήρισας
3437 1355 3452 1370 '
3478 1337 3606 1404 τοὺς
3633 1338 3908 1408 τολμητὰς

2349 1437 2488 1491 κατά
2517 1441 2614 1506 τῆς
2646 1439 2744 1506 σῆς
2771 1437 2975 1497 εἰκόνος
3031 1433 3126 1485 καὶ
3171 1431 3413 1500 θρασεῖς,
3449 1429 3655 1492 δειλοὺς
3685 1431 3779 1483 καὶ
3809 1446 3910 1481 πε-

2349 1533 2616 1599 φευγότας
2641 1526 2947 1592 ἀπέδειξας.
3016 1523 3154 1578 Ἀλλ’
3202 1523 3375 1596 ἡμὲν
3419 1523 3498 1584 είς
3564 1521 3696 1574 Θεὸν
3746 1521 3910 1590 εὔχα-

2353 1620 2555 1688 ριστία,
2614 1622 2708 1672 καὶ
2764 1619 2823 1669 τὸ
2875 1615 3203 1668 Δεσποτικδν
3259 1613 3400 1666 κατὰ
3448 1612 3557 1665 τῶν
3604 1609 3912 1664 ἀντιπάλων

2349 1711 2610 1780 τρόπαιον
2640 1711 2699 1763 ὲν
2723 1707 2932 1770 τούτοις
2960 1723 2972 1736 ·
3001 1707 3068 1760 τὰ
3111 1706 3166 1758 δέ
3201 1721 3264 1772 γε
3296 1704 3437 1758 κατά
3473 1702 3581 1755 τῶν
3624 1703 3912 1768 είκονομα-

2353 1801 2588 1871 χούντων
2619 1797 2757 1854 ἆθλά
2800 1815 2858 1852 τε
2916 1797 3013 1851 καὶ
3075 1795 3428 1863 παλαίσματα
3468 1791 3653 1861 ἕτερος
3685 1792 3715 1844 ὁ
3755 1791 3915 1856 λόγος

2352 1895 2445 1948 καὶ
2475 1890 2810 1963 λογογραφία
2827 1888 3237 1956 διεξοδικωτέρα
3259 1884 3508 1966 δηλώσρί
3549 1883 3634 1944 ’ος
3662 1886 3719 1935 ὲν
3746 1896 3918 1934 κατα-

2354 1983 2552 2037 παύσει
2579 1983 2636 2035 δέ
2673 2000 2777 2036 τινι
2807 1984 2870 2050 τῇ
2905 1981 3023 2050 (sic)
3053 1979 3196 2048 μετὰ
3223 1979 3322 2047 τὴν
3367 1977 3639 2048 ὲρημιχὴν
3681 1989 3914 2046 παροδον

2352 2074 2431 2136 είς
2456 2074 2786 2141 κατάσχεσιν
2819 2072 2915 2140 τῆς
2940 2071 3132 2139 νοητῆς
3173 2069 3524 2138 Ἰερουσαλὴμ
3549 2068 3915 2127 καθεστῶτες.

2353 2165 2620 2233 Μωσαῖκῇ
2675 2180 2779 2215 τινι
2829 2163 3083 2230 μιμήσει,
3125 2160 3323 2229 μᾶλλον
3365 2158 3420 2211 δὲ
3459 2159 3610 2228 θεῖκῇ
3641 2156 3915 2211 διακελεύ-

2355 2268 2458 2312 σει,
2517 2246 2602 2303 οἵα
2644 2251 2811 2321 στήλῃ
2853 2251 2959 2301 τινὶ
2989 2251 3052 2301 ἐκ
3085 2248 3354 2317 μεγίστων
3423 2249 3584 2301 λίθων
3629 2245 3912 2316 συνηρμο-

2357 2343 2528 2412 σμένῃ
2577 2342 2671 2395 καὶ
2719 2335 2861 2408 ’πρὸς
2912 2340 3178 2409 ὑποδοχὴν
3227 2340 3446 2409 γραφῆς
3486 2337 3914 2409 διευθετισμένῃ,

2353 2438 2472 2496 ταῖς
2535 2432 2642 2486 τῶν
2694 2429 2936 2500 ἀδελφῶν
2991 2429 3241 2502 καρδίαις
3296 2429 3395 2492 τάς
3441 2427 3800 2495 τεέὒλογίας
3859 2429 3916 2480 αι

2353 2525 2655 2593 ὀρείλονται
2681 2527 2792 2585 τοῖς
2821 2521 3274 2589 νομοφυλακοΰσι,
3299 2521 3391 2573 καὶ
3427 2521 3526 2582 τὰς
3577 2519 3713 2588 ἀρὰς
3741 2519 3798 2571 δὲ
3829 2513 3918 2580 αἷς

2354 2617 2448 2669 καὶ
2492 2615 2718 2676 ἑαυτοὺς
2769 2613 3164 2666 ὑποϐάλλουσιν
3225 2612 3273 2664 οε
3329 2610 3792 2680 παρανομοῦντες,
3839 2610 3921 2661 δί-

2357 2709 2510 2760 καιόν
2540 2723 2598 2759 τε
2629 2706 2729 2758 καὶ
2756 2703 3106 2774 ὀφειλόμενον
3135 2703 3244 2756 δεῖν
3278 2702 3540 2773 ᾠήθημεν
3582 2701 3916 2770 ἀναγράψαι.

2356 2796 2446 2848 Διό
2467 2811 2646 2863 φαμεν
2673 2793 2799 2848 τάδε
2835 2809 2852 2824 ⁸

2426 2883 2546 2936 Τῶν
2593 2881 2692 2950 τὴν
2749 2879 3016 2950 ἔνσαρκον
3059 2877 3154 2933 τοῦ
3198 2879 3334 2932 Θεοῦ
3393 2878 3568 2946 Λόγου
3608 2875 3916 2946 παρουσίαν

2358 2974 2520 3042 λόγῳ,
2555 2973 2807 3039 στόματι,
2835 2973 3034 3043 καρδίᾳ
3066 2973 3162 3026 καὶ
3183 2971 3284 3034 νοῒ,
3316 2972 3502 3040 γραφῇ
3525 2987 3584 3022 τε
3628 2971 3724 3023 καὶ
3774 2968 3918 3022 εἰκδ·

2279 3057 2321 3115 C
2358 3081 2440 3116 σιν
2468 3063 2898 3131 ὁμολογούντων,
2926 3062 3117 3114 αἰωνία
3141 3063 3172 3130 ἡ
3207 3063 3416 3130 μνήμη.

2428 3155 2546 3206 Τῶν
2573 3153 2905 3221 εἰδότων-σῆς
2949 3153 3041 3205 τοῦ
3071 3152 3304 3221 Χριστοῦ
3336 3153 3461 3221 μιᾶς
3494 3151 3589 3205 καὶ
3615 3150 3712 3219 τῆς
3748 3149 3921 3217 αὐτῆς

2357 3246 2707 3308 ὑποστάσεως
2733 3245 2792 3298 τὸ
2817 3246 2875 3298 ὲν
2907 3244 3115 3307 οὑσέαις
3142 3246 3414 3315 διάφορον,
3479 3243 3575 3296 καλ⁸
3626 3242 3801 3314 ταύτῃ
3859 3242 3920 3294 τὸ

2359 3343 2576 3394 κτιστὸν
2611 3343 2704 3394 καὶ
2737 3341 3012 3404 ἄκτιστον,
3044 3340 3104 3391 τὸ
3136 3338 3328 3408 ὁρατὸν
3357 3339 3452 3389 καὶ
3483 3336 3543 3387 τὸ
3576 3336 3826 3403 ἀόρατον,
3857 3333 3920 3384 τὸ

2360 3434 2598 3499 παθητὸν
2629 3433 2724 3487 καὶ
2749 3433 2810 3484 τὸ
2842 3431 3072 3496 ἀπαθὲς,
3101 3430 3159 3482 τὸ
3189 3428 3563 3498 περίγραπτον
3609 3427 3701 3478 καὶ
3730 3423 3922 3489 amp?-

2358 3525 2838 3592 γραπτονοκαῖτῇ
2874 3521 2970 3589 μὲν
3017 3520 3166 3589 θεῖκῇ
3203 3518 3360 3587 οὐσίᾳ
3417 3518 3476 3568 τὸ
3531 3515 3784 3568 ἄκτιστον
3831 3515 3923 3566 καὶ

2359 3625 2424 3668 τα
2457 3617 2618 3684 ὅμοια
2651 3611 3165 3683 προσαρμοζόντων,
3189 3612 3255 3678 τῇ
3284 3609 3339 3660 δὲ
3385 3606 3703 3678 ἀνθρωπίνῃ
3763 3603 3922 3672 φύσει

2360 3707 2426 3758 τά
2479 3724 2538 3758 τε
2602 3705 2733 3758 ἄλλα
2777 3703 2874 3758 καὶ
2903 3704 2962 3756 τὸ
3009 3702 3378 3772 περιγραπτδν
3437 3699 3910 3767 ἁνομολογούντων

2361 3797 2452 3851 καὶ
2481 3796 2624 3864 λόγῳ
2661 3795 2754 3848 καὶ
2788 3795 3180 3863 είκονίσμασιν,
3232 3793 3425 3846 αἱωνία
3455 3795 3486 3862 ἡ
3517 3795 3725 3860 μνήμη.

2431 3970 2550 4024 Τῶν
2573 3969 2935 4022 πιστευόντων
2961 3967 3054 4019 καὶ
3081 3967 3646 4035 διακηρυκευομένων,
3674 3966 3792 4034 ἢτοι
3835 3966 3923 4018 εὖο

2363 4061 2804 4130 αγγελιζομένων
2860 4061 2986 4123 τοὺς
3030 4060 3222 4128 λόγους
3279 4059 3371 4110 ἐπὶ
3437 4060 3800 4125 γραμμάτων,
3857 4057 3924 4108 τὰ

2363 4155 2665 4222 πράγματα
2699 4152 2791 4205 ἐπὶ
2821 4151 3114 4220 σχημάτων
3141 4165 3155 4180 ο
3208 4148 3302 4200 καὶ
3345 4149 3422 4210 εἰς
3485 4147 3612 4214 μίαν
3663 4145 3924 4214 ἑκάτερον

2365 4245 2634 4298 συντελεῖν
2681 4242 2983 4309 ὠφέλειαν,
3033 4241 3130 4310 τήν
3176 4257 3232 4292 τε
3280 4239 3367 4290 διὰ
3421 4239 3593 4301 λόγων
3645 4237 3926 4304 ἀνακηρυ-

2373 4337 2451 4398 ξιν
2492 4335 2583 4386 καὶ
2620 4333 2717 4403 τὴν
2741 4333 2807 4385 δι’
2837 4332 3057 4385 είκόνων
3110 4332 3206 4398 τῆς
3279 4328 3532 4398 ἀληθείας
3601 4327 3919 4397 βεϐαίωσιν,

2373 4426 2616 4493 αἰωνίαή
2654 4426 2863 4493 μνήμη.

2442 4515 2562 4567 Τῶν
2618 4515 2695 4583 τῷ
2739 4514 2882 4583 λόγῳ
2936 4513 3265 4580 ἁγιαξόντων
3309 4512 3377 4564 τὰ
3435 4511 3610 4581 χείλη,
3656 4506 3773 4563 εἶτα
3802 4513 3924 4575 τοὺς

2372 4604 2645 4676 ἀκροατὰς
2675 4605 2762 4656 διὰ
2788 4604 2882 4656 τοῦ
2921 4605 3078 4670 λόγου
3113 4620 3128 4634 ο
3162 4603 3379 4654 εἰδότων
3408 4619 3465 4653 τε
3504 4603 3598 4654 καὶ
3628 4605 3927 4670 κηρυσσόν-

2371 4715 2479 4749 των
2500 4695 2573 4756 ὼς
2605 4695 2693 4747 διὰ
2723 4693 2831 4747 τῶν
2863 4694 3077 4746 σεπτῶν
3117 4692 3338 4744 εἰκόνων
3379 4691 3578 4760 ὁμοίως
3611 4690 3925 4756 ἁγιάζονται

2375 4789 2470 4857 μὲν
2495 4788 2560 4840 τὰ
2581 4787 2802 4854 ὄμματα
2831 4785 2935 4837 τῶν
2964 4785 3230 4852 ὁρώντων,
3260 4783 3516 4848 ἀνάγεται
3535 4783 3591 4836 δὲ
3609 4781 3676 4834 δι’
3701 4781 3880 4834 αὐτῶν
3897 4784 3927 4836 ὁ

2373 4877 2493 4938 νοῦς
2520 4878 2652 4944 πρὸς
2685 4872 3248 4942 θεογνωτῖαν,ὣσπερ
3307 4870 3398 4922 καὶ
3455 4869 3542 4921 διὰ
3602 4869 3710 4921 τῶν
3770 4869 3928 4922 θείων

2372 4965 2513 5017 ναῶν
2554 4965 2647 5015 καὶ
2679 4963 2790 5015 τῶν
2823 4963 2982 5032 ἱερῶν
3019 4959 3250 5021 σκευῶν,
3281 4958 3376 5010 καὶ
3411 4957 3518 5008 τῶν
3547 4956 3718 5010 ἄλλων
3758 4956 3931 5024 ἁγίων

2373 5055 2688 5123 κειμηλίων,
2722 5053 2912 5106 αἰωνία
2945 5054 2976 5122 η
3009 5052 3216 5121 μνήμη.

2444 5147 2562 5199 Τῶν
2610 5143 2990 5210 ἐπισταμένων
3035 5141 3170 5210 ὠςή
3220 5139 3412 5210 ῥάϐδος
3447 5140 3540 5192 καὶ
3591 5141 3647 5192 αἱ
3704 5140 3928 5204 πλάκες,

2379 5238 2411 5308 ἡ
2441 5235 2672 5296 κιϐωτὸς
2701 5235 2793 5286 καὶ
2821 5235 2853 5302 ἡ
2883 5233 3094 5301 λυχνία,
3126 5232 3222 5284 καὶ
3268 5234 3298 5301 ἡ
3333 5231 3580 5301 τράπεζα
3611 5231 3703 5282 καὶ
3742 5230 3803 5282 τὸ
3839 5231 3935 5282 ϐυ-

2386 5330 2668 5400 μιατήριον
2696 5325 2795 5394 τὴν
2837 5323 3109 5388 παναγίαν
3136 5321 3502 5389 προδιέγραφέ
3548 5336 3607 5371 τε
3661 5320 3756 5371 καὶ
3801 5335 3937 5386 προ-

2380 5421 2629 5474 διετύττου
2671 5415 2939 5485 Παρθένον
2968 5413 3065 5483 τὴν
3097 5411 3353 5464 Θεοτόκον
3407 5409 3670 5479 Μαριὰμ,
3709 5409 3802 5460 καὶ
3854 5409 3933 5470 ὡς

2380 5515 2547 5565 ταῦτα
2581 5509 2677 5580 μὲν
2702 5506 3005 5577 προετύπου
3037 5503 3258 5572 ταύτην,
3297 5501 3356 5553 οὐ
3399 5501 3586 5568 γέγονε
3636 5499 3692 5552 δὲ
3744 5497 3932 5558 ἐκείνη
