4106 6336
625 417 728 484 73'}

1439 416 1864 478 MICHAELIS
1899 409 2324 474 CERULARII
2373 407 2485 469 ΕΡ.
2530 407 3044 467 PATRlARCILE

3762 409 3874 472 732

703 531 989 601 Stephani,
1021 531 1243 587 Antanii
1289 538 1343 585 et
1372 530 1604 595 Nicolai,
1643 528 2113 584 sanctissimorum
2146 531 2200 579 et

2371 519 2664 588 Στεφάνου,
2715 519 3003 572 Ἀντωνίου
3063 519 3154 573 καὶ
3185 520 3476 587 Νικολάου,
3533 521 3644 576 τῶν
3706 524 3876 592 ἁγιω-

625 623 1062 680 orthodoxorum
1093 624 1544 693 patriarcharum,
1574 632 1778 676 eterna
1815 620 2094 676 memoria.

698 715 891 771 Omnia
944 731 1065 783 qua:
1117 725 1308 770 contra
1352 721 1572 768 sanctos
1628 712 1989 783 patriarchas,
2027 708 2199 764 Tara-

627 805 792 872 sium,
825 805 1215 876 Nicephorum,
1251 805 1604 868 Methodinm,
1644 806 1933 874 lgnatium,
1965 803 2197 873 Stepha-

627 912 783 958 num,
819 896 1095 959 Photium,
1130 897 1427 952 Antonium
1458 905 1512 952 et
1551 895 1834 951 Nicolaum
1867 895 2066 964 scripta
2105 903 2199 947 aut

621 987 766 1042 dicta
798 997 944 1052 sunt,
978 989 1264 1044 anathema
1291 988 1421 1043 sint.

695 1080 888 1135 Omnia
931 1096 1053 1148 qua:
1086 1089 1283 1150 prater
1334 1081 1766 1138 ecclesiasticam
1823 1082 2191 1141 traditionem,

625 1180 682 1225 et
713 1173 1020 1226 doctrinam
1048 1174 1602 1246 explanationemque
1636 1181 1951 1229 sanctorum
1981 1183 2034 1225 et
2058 1172 2199 1226 cele-

625 1263 804 1318 brium
840 1264 1058 1319 Patrum
1095 1267 1374 1332 innovate,
1409 1277 1502 1322 aut
1531 1277 1680 1339 gesta
1708 1267 1882 1321 autin
1921 1275 2196 1336 poetarum

624 1356 859 1422 gerenda
891 1366 1038 1420 sunt,
1077 1361 1367 1413 anathema
1401 1361 1526 1414 sint.

696 1447 995 1519 Euthymii,
1029 1451 1313 1521 Theophili
1336 1461 1389 1506 et
1415 1451 1717 1515 :‘Etniliani,
1741 1452 2035 1508 celebrium
2064 1468 2193 1506 con-

623 1535 895 1594 fessorum
931 1551 985 1596 et
1015 1543 1572 1613 archiepiscOporum,
1601 1554 1801 1600 teterna
1837 1547 2119 1601 memoria.

691 1715 1104 1792 Theophytacti,
1140 1722 1307 1792 Petri,
1343 1726 1625 1783 Michaelis
1659 1737 1714 1783 et
1743 1728 1965 1799 Ioseph,
2010 1732 2198 1785 beato-

618 1824 740 1863 rum
773 1811 1265 1884 Metr0politarum,
1291 1833 1490 1877 aeterna
1521 1825 1803 1878 memoria.

691 1900 943 1970 Joannis,
977 1906 1185 1961 Nicolai
1234 1919 1287 1963 et
1323 1911 1562 1984 Georgii,
1596 1924 1680 1970 ter
1709 1918 1946 1972 felicium
1981 1920 2198 1976 confes-

613 2007 802 2047 eorum
827 2003 881 2049 et
904 1997 1464 2071 archiepiscoporum,
1489 2017 1543 2061 et
1565 2011 1806 2064 omnium
1833 2013 1924 2081 qui
1949 2014 2119 2081 ejusdu
2144 2032 2192 2069 nt

614 2087 902 2142 sententia:
934 2090 1157 2147 fuerunt
1193 2097 1604 2167 episeoporum,
1661 2109 1862 2158 aeterna
1904 2109 2191 2163 memoria.

691 2175 964 2234 Theodori
1015 2189 1351 2241 sanctissimi
1408 2191 1698 2260 hegumeni
1732 2194 1932 2260 Studii,
1993 2207 2194 2253 mterna

618 2273 902 2324 memoria.
943 2272 1114 2330 lsaaei
1173 2277 1589 2351 Thaumaturgi,
1633 2297 1688 2341 et
1735 2286 2010 2342 Joannicii
2066 2306 2195 2359 pro-

617 2358 834 2425 phetico
866 2365 1062 2431 spiritu
1093 2369 1420 2437 plenissimi,
1453 2383 1654 2430 aeterna
1687 2381 1971 2434 memoria.

687 2451 983 2510 Hilarionis
1054 2464 1388 2543 sanctissimi
1456 2468 1897 2525 archimandritas
1945 2481 1998 2527 et
2025 2474 2195 2544 hcgu-

615 2547 761 2598 mcni
823 2549 1074 2615 Dalntati,
1140 2536 1344 2610 aeterna
1402 2561 1685 2615 memoria.
1725 2559 2013 2632 Symeonis
2069 2583 2197 2622 san-

611 2634 840 2691 ctissimi
884 2639 1110 2710 Stylitre,
1153 2657 1358 2702 aeterna
1387 2652 1671 2706 memoria.

684 2726 1035 2798 TheOphanis
1088 2738 1423 2794 sanctissimi
1480 2740 1767 2813 hcgumcni
1822 2747 2000 2818 Magni
2039 2753 2191 2822 Agri,

613 2826 812 2874 aeterna
845 2828 1128 2880 memoria.

681 2911 1059 2972 Conriliahulo
1095 2922 1246 2989 quod
1281 2934 1472 2980 contra
1509 2943 1694 2983 sacras
1727 2930 1993 3001 imagines
2026 2935 2194 2989 infre-

611 3003 773 3070 muit,
835 3013 1146 3066 anathema.
1204 3014 1272 3069 lis
1326 3018 1417 3085 qui
1484 3020 1628 3073 dicta
1679 3022 1975 3091 Scriptura:
2023 3043 2193 3082 saera}

609 3103 798 3146 contra
829 3096 991 3163 idola,
1021 3102 1283 3159 adversus
1311 3111 1648 3163 venerandas
1670 3112 1873 3169 Christi
1903 3117 1991 3170 Dei
2019 3120 2190 3172 nostri

2299 611 2480 665 τὰτων
2514 612 2610 664 καὶ
2643 609 2940 680 ὀρθοδόξων
2969 615 3348 688 πατριαρχῶν,
3371 615 3568 671 αἰωνία
3593 617 3624 685 ἡ
3656 618 3872 686 μνήμη.

2375 704 2624 756 Ἀπαντα
2655 703 2721 756 τὰ
2759 705 2903 758 κατά
2927 705 3035 756 τῶν
3090 707 3263 774 ἁγίων
3324 708 3700 778 πατριαρχῶν,
3760 709 3875 761 Τα-

2303 797 2512 866 ρασίου,
2549 797 2866 868 Νικηφόρου
2901 799 2994 850 καὶ
3041 797 3328 862 Μεθοδίου,
3406 798 3691 865 Ἰγνατίου,
3745 799 3874 851 Στε-

2302 891 2494 958 φάνου,
2533 890 2740 944 Φωτίου
2767 929 2782 955 ,
2840 889 3127 943 ’Δντωνίου
3156 891 3250 944 καὶ
3286 891 3562 944 Νικολάου
3591 893 3870 962 γραφέντα

2299 982 2332 1051 ἢ
2362 981 2686 1050 λαληθέντα.
2723 981 2995 1052 ἀνάθεμα.

2373 1072 2629 1127 Ἀπαντα
2651 1072 2720 1126 τὰ
2746 1073 2897 1142 παρά
2935 1073 3033 1143 τὴν
3060 1073 3524 1168 ὲκκλησιαστικὴν
3551 1079 3870 1148 παράδοσιν,

2300 1164 2396 1216 καὶ
2445 1165 2545 1234 τὴν
2581 1164 2934 1218 διδασκαλίαν
2984 1167 3078 1218 καὶ
3129 1164 3484 1221 ὑποτύπωσιν
3544 1169 3652 1223 τῶν
3697 1171 3867 1238 ἀγ-ίων

2299 1256 2394 1308 καὶ
2455 1254 2720 1325 ἀοιδίμων
2793 1257 3056 1325 Πατέρων
3125 1260 3680 1332 καινοτομηθέντα,ἢ
3726 1281 3866 1334 πρα-

2300 1343 2497 1414 χθέντα
2531 1345 2562 1414 ἦ
2599 1345 2736 1413 μετὰ
2791 1344 2953 1399 τοῦτο
2985 1349 3448 1418 πραχθησόμενα,
3487 1351 3761 1421 ἀνάθεμα.

2371 1435 2671 1504 Εὐθυμίου,
2703 1437 2968 1506 Θεοφίλου
3003 1439 3094 1492 καὶ
3133 1439 3488 1508 Αἰμιλιανοῦ,
3556 1442 3664 1495 τῶν
3704 1443 3869 1497 ἀοιδί-

2305 1545 2419 1597 μων
2473 1526 2824 1597 ὁμολογητῶν
2875 1531 2971 1583 καὶ
3047 1531 3519 1601 ἀρχιεπισκὸπων,
3599 1535 3792 1590 αίωνία
3845 1537 3875 1604 ή

2305 1620 2520 1688 μνήμη·

2371 1714 2776 1784 Θεοφυλάκτου,
2811 1718 3044 1787 Πέτρου,
3089 1719 3310 1790 Μιχαὴλ
3352 1720 3447 1775 καὶ
3507 1721 3732 1794 Ἰωσὴφ,
3771 1725 3866 1776 στῶ·⁸

2231 1855 2275 1910 Β
2302 1807 2591 1875 μακαρίων
2636 1809 3078 1878 μητροπολιτῶν,
3113 1812 3310 1865 αίωνία
3353 1815 3387 1882 ή
3424 1816 3632 1885 μνήμη.

2381 1899 2652 1968 Ἰωάννου,
2685 1900 2953 1956 Νικολάου
2987 1904 3080 1955 καὶ
3098 1903 3396 1974 Γεωργίου,
3416 1906 3526 1959 τῶν
3555 1910 3876 1976 τρισολϐίων

2304 1991 2654 2061 ὁμολογητῶν
2689 1992 2784 2047 καὶ
2813 1995 3291 2063 ἀρχιεπισκόπων,
3351 1996 3450 2051 καὶ
3489 1999 3708 2053 πάντων
3770 2001 3876 2054 τῶν

2299 2086 2988 2156 ὁμοφρονησάντωναὺτοῖς
3009 2079 3348 2155 ἐπισκόπων,
3369 2090 3564 2142 αἱωνία
3603 2093 3634 2161 ή
3667 2094 3872 2164 μνήμη.

2369 2177 2648 2248 Θεοδώρου
2676 2179 2769 2232 τοῦ
2802 2180 3060 2232 πανοσίου
3102 2183 3410 2251 ἡγουμένου
3452 2184 3560 2236 τῶν
3600 2186 3874 2244 Στουδίου.

2302 2271 2492 2323 sintan
2523 2272 2557 2340 ή
2597 2271 2804 2341 μνήμη.
2843 2272 3113 2325 Ἰσαακίου
3154 2271 3245 2323 τοῦ
3280 2272 3740 2344 Θαυματουργοῦ,
3783 2280 3874 2328 καὶ

2311 2363 2640 2416 Ἰωαννικίου
2676 2363 2767 2416 τοῦ
2817 2364 3330 2433 προφητικωτάτου,
3364 2367 3556 2419 αἰωνία
3592 2368 3626 2435 ή
3666 2369 3872 2438 μνήμη.

2379 2453 2689 2524 ἰλαρίωνος
2754 2456 2849 2508 τοῦ
2920 2457 3220 2510 ὁσιωτάτου
3282 2457 3713 2527 ἀρχιμανδρίτου
3786 2462 3876 2512 καὶ

2297 2545 2602 2614 ἡγουμένου
2649 2545 2760 2597 τῶν
2805 2547 3117 2615 Δαλμάτου,
3165 2549 3359 2600 αἱωνία
3401 2550 3434 2617 ἠ
3485 2550 3698 2619 μνήμη.
3775 2550 3874 2602 Συ-

2301 2637 2447 2704 μεὼν
2477 2635 2569 2688 τοῦ
2608 2638 2906 2689 ὁσιωτάτου
2941 2639 3221 2702 Στυλίτου,
3259 2639 3508 2707 αἰωνίαή
3550 2641 3770 2708 μνήμη.

2367 2727 2672 2792 Θεοφάνους
2715 2729 2811 2780 τοῦ
2843 2730 3138 2782 ὀσιωτάτου
3167 2731 3468 2800 ἡγουμένου
3507 2730 3600 2783 τοῦ
3624 2733 3874 2792 Μεγάλου

2308 2817 2526 2886 ’Λγροῦ,
2567 2820 2812 2888 αἱωνίαή
2842 2820 3056 2889 μνήμη,

2367 2909 2457 2976 Τῷ
2488 2909 2856 2979 φρυαξαμένῳ
2898 2913 3163 2983 συνεδρίῳ
3203 2915 3344 2968 κατά
3383 2916 3492 2970 τῶν
3527 2919 3744 2971 σεπτῶν
3796 2922 3875 2971 εἱ-

2296 2999 2488 3057 κόνων.
2528 3000 2796 3069 ἀνάθεμα.
2831 3002 2957 3062 Τοῖς
3002 3004 3412 3072 ὲκλαμὸἁνουσι
3445 3008 3543 3069 τὰς
3585 3009 3738 3078 παρὰ
3771 3011 3869 3079 τῆς

2296 3088 2448 3150 θείας
2485 3090 2710 3160 Γραφῆς
2769 3093 2958 3160 ῥήσεις
3017 3095 3158 3148 κατὰ
3208 3097 3320 3148 τῶν
3367 3097 3603 3154 εἰδώλων
3644 3104 3724 3164 εἰς
3776 3104 3872 3164 τὰς

604 3191 662 3236 et
693 3199 1006 3243 sanctorum
1053 3195 1174 3261 ejus
1212 3197 1481 3268 imagines
1534 3205 1834 3273 accipiunt,
1874 3210 2188 3265 anathema.

2296 3181 2502 3243 σεπτὰς
2559 3184 2774 3246 εἰκόνας
2820 3185 3057 3254 Χριστοῦ
3116 3189 3209 3240 τοῦ
3263 3189 3398 3241 Θεοῦ
3453 3192 3607 3257 ἡμῶν
3643 3195 3870 3246 καὶτῶν

676 3367 749 3422 lis
778 3370 870 3436 qui
928 3374 1168 3429 scienter
1223 3381 1553 3448 participant
1602 3398 1724 3438 cum
1769 3391 2183 3447 contumeliosis

607 3471 734 3527 erga
766 3475 954 3516 sacras
995 3467 1280 3534 imagines,
1337 3474 1647 3528 anathema.
1703 3475 1774 3531 iis
1823 3480 1914 3547 qui
1947 3479 2185 3537 dixerint

607 3553 775 3606 alium
811 3567 1007 3623 pra-ter
1040 3560 1318 3614 Christum
1355 3579 1454 3620 nos
1493 3565 1758 3622 liberasse
1786 3570 1853 3622 ab
1909 3572 2178 3620 idolorum

603 3657 811 3709 errore,
844 3649 1153 3703 anathema.
1603 3639 1615 3648 ’

678 3733 748 3789 lis
778 3739 867 3804 qui
911 3741 1025 3793 ausi
1064 3743 1263 3797 fuerint
1292 3745 1489 3809 dicere.
1522 3751 1846 3804 catholicam
1879 3752 2176 3810 Ecclesiam

601 3820 743 3876 idola
773 3827 1068 3895 aliquando
1097 3833 1403 3897 admisisse,
1434 3847 1618 3905 utpote
1651 3840 1739 3907 qui
1769 3849 1940 3896 totum
1973 3856 2178 3909 myste-

605 3915 741 3968 rium
773 3929 1042 3985 evertant,
1077 3934 1127 3975 et
1163 3925 1600 3983 Christianorum
1638 3932 1796 3986 fidem
1827 3937 2176 3993 contumeliis

600 4007 858 4068 alliciant.
889 4016 1195 4071 anathema.

674 4101 872 4157 Multos
909 4121 1079 4162 annos
1122 4126 1482 4178 apprecamur
1536 4116 1954 4185 imperatoribus
1985 4139 2000 4176 :
2033 4122 2177 4178 Deus

598 4195 872 4248 custodiat
924 4199 1209 4265 imperium
1245 4219 1469 4271 eorum;
1532 4207 1672 4263 Deus
1714 4210 1944 4279 imperio
1983 4229 2171 4269 eorum

599 4299 783 4350 pacem
819 4291 1102 4343 concedat.
1151 4294 1401 4350 lecstis
1439 4295 1759 4367 Imperator,
1793 4311 2044 4358 terrenos
2073 4320 2173 4359 cu-

599 4378 763 4430 stodi.
823 4379 1100 4437 Michaelis
1141 4387 1432 4442 orthodoxi
1488 4391 1835 4459 imperatoris
1887 4398 2061 4450 nostri
2119 4407 2173 4451 et

2301 3272 2472 3338 ἁγίων
2501 3275 2691 3337 αὑτοῦ,
2731 3276 3001 3345 ἀνάθεμα.

2370 3364 2498 3427 Τοῖς
2547 3369 2903 3422 κοινωνοῦσιν
2941 3370 3000 3421 ὲν
3043 3373 3244 3437 γνώσει
3303 3376 3418 3436 τοῖς
3452 3374 3736 3445 ὑϐρίζουσι
3777 3377 3870 3438 τὰς

2297 3457 2504 3519 σεπτὰς
2545 3458 2783 3522 εἰκόνας,
2826 3460 3098 3528 ἀνάθεμα.
3125 3465 3251 3526 Τοῖς
3282 3464 3536 3532 λέγουσιν
3587 3469 3670 3519 ὅτι
3728 3467 3865 3534 πλὴν

2294 3549 2536 3616 Χριστοῦ
2581 3549 2677 3602 τοῦ
2706 3551 2842 3604 Θεοῦ
2895 3554 3053 3622 ήμῶν
3087 3555 3247 3620 ἄλλος
3280 3558 3425 3625 ἡμᾶς
3459 3558 3730 3627 ἐρρύσατο
3771 3560 3868 3624 τῆς

2290 3641 2399 3692 τῶν
2428 3640 2668 3694 είδὼλων
2708 3643 2938 3714 πλάνης,
2974 3645 3243 3715 ἀνάθεμα.

2363 3735 2488 3794 Τοῖς
2520 3737 2760 3804 τολμῶσι
2801 3738 2982 3804 λέγειν
3037 3739 3136 3809 τὴν
3197 3740 3494 3812 καθολικὴν
3537 3743 3865 3811 Ἐκκλησίαν

2289 3828 2482 3879 εἴδωλά
2509 3844 2644 3881 ποτε
2679 3829 2951 3897 δεδέχθαι,
2992 3830 3068 3894 ὡς
3122 3832 3242 3883 ὅλον
3276 3833 3338 3883 τὸ
3383 3834 3686 3903 μυστήριον
3735 3836 3863 3885 ἀνα-

2288 3919 2576 3986 τρέπουσι,
2621 3923 2714 3972 καὶ
2746 3922 2844 3992 τήν
2869 3923 3216 3992 Χριστιανῶν
3251 3923 3594 3992 ἐνυϐρίζουσι
3658 3926 3859 3988 πίστιν,

2287 4011 2449 4064 ἀνάθε
2461 4031 2557 4082 μα.

2359 4103 2539 4158 Πολλὰ
2575 4104 2643 4157 τὰ
2689 4105 2784 4175 ἔτη
2826 4105 2934 4157 τῶν
2968 4106 3233 4172 βασιλέων
3268 4124 3281 4137 ·
3307 4109 3334 4162 ὀ
3363 4108 3496 4168 Θεὸς
3529 4109 3753 4175 φυλάξει
3802 4111 3860 4160 τὸ

2285 4197 2487 4266 κράτος
2538 4195 2720 4248 αὐτῶν
2755 4214 2768 4227 ο
2815 4200 2841 4249 ὁ
2881 4197 3013 4260 Θεὸς
3059 4196 3155 4267 τὴν
3207 4198 3486 4266 βασιλείαν
3544 4200 3722 4252 αὐτῶν
3783 4204 3858 4253 εί-⁹

2285 4283 2556 4362 ρηνέύσει.
2582 4291 2819 4360 Οὐράνιε
2855 4287 3113 4351 Βασιλεῦ,
3141 4291 3267 4352 τοὺς
3301 4293 3580 4356 ἐπιγείους
3604 4293 3858 4359 φύλαξον.

2285 4382 2502 4452 Μιχαὴλ
2533 4380 2623 4434 τοῦ
2655 4377 2937 4450 ὀρθοδόξου
2979 4380 3138 4450 ἡμῶν
3169 4377 3431 4448 βασιλέως
3460 4382 3555 4436 καὶ
3577 4382 3856 4454 Θεοδώρας

597 4465 900 4523 Theodorre
933 4476 1123 4528 matris
1159 4479 1298 4544 ejus,
1331 4491 1530 4535 atterna
1585 4487 1870 4540 memoria.
1904 4487 2087 4543 Basilii
2121 4499 2174 4543 et
2207 4523 2216 4577 1

2290 4475 2376 4543 τῆς
2403 4473 2569 4526 αὑτοῦ
2614 4473 2840 4542 μητρὸς,
2871 4472 3124 4541 αίωνίαή
3160 4473 3368 4541 μνήμη.
3420 4472 3703 4526 Βασιλείου
3767 4480 3858 4528 καὶ

596 4556 965 4625 Constantini,
1021 4566 1219 4622 Leonis
1248 4581 1302 4624 et
1339 4574 1631 4629 Alexandri
1681 4576 2085 4647 ChristOphori,
2121 4595 2172 4636 et

598 4648 852 4716 Ratnani,
882 4655 1226 4712 Constantini
1257 4659 1505 4725 Romani.
1531 4664 1818 4735 Nieephori
1851 4683 1900 4724 et
1923 4669 2171 4735 Joannis,

597 4739 804 4805 Basilii,
843 4745 1210 4814 Constantini,
1246 4751 1477 4809 Romani
1515 4766 1568 4811 et
1603 4758 1903 4826 Michaelis,
1936 4764 2026 4830 qui
2065 4778 2172 4819 ter-

599 4847 789 4888 renum
811 4836 1097 4906 imrerium
1124 4857 1243 4896 eum
1275 4845 1483 4901 caelesti
1511 4861 1942 4920 commntarunt,
1967 4868 2168 4909 aeterna

600 4927 882 4981 memoria.
921 4928 1054 4984 Zoes
1095 4934 1350 5000 piissimae
1393 4945 1447 4992 et
1501 4939 1833 4997 beatissima:
1889 4941 2166 5014 Augustae,

596 5024 799 5071 eterna
841 5023 1119 5078 memoria.

669 5194 947 5260 Germani,
979 5199 1210 5268 Tarasii,
1245 5204 1538 5274 Nicephori
1567 5218 1620 5265 et
1650 5211 1902 5266 Methodii
1941 5229 2169 5274 venera-

599 5281 787 5335 bilium
832 5288 1289 5368 patriarcharum,
1323 5305 1525 5350 aeterna
1565 5303 1849 5355 memoria.

671 5374 882 5442 lgnatii,
918 5378 1176 5448 Stephani
1201 5391 1253 5438 et
1281 5385 1520 5453 Antonii,
1555 5387 1759 5445 Nicolai
1787 5400 1839 5445 et
1870 5392 2168 5464 Enthymii,

603 5463 885 5555 Stephani,
965 5470 1294 5541 Tryphonis,
1373 5477 1794 5550 Theophylacti,
1843 5463 2166 5555 ~Polyeucti,

600 5554 841 5620 Antonii,
882 5557 1086 5616 Nicolai
1123 5575 1176 5619 ct
1220 5565 1444 5622 Sisinnii
1477 5572 1904 5627 orthodoxorum
1940 5554 2172 5644 patriar-

601 5649 851 5714 charum,
879 5662 1082 5710 acterna
1118 5661 1400 5714 memoria.

673 5742 1141 5806 Quemadmodum
1188 5751 1268 5803 ha°
1300 5751 1704 5812 benedictiones
1734 5757 1799 5811 ab
1829 5758 1958 5827 ipsis
1986 5760 2164 5814 Patri-

605 5839 706 5897 hu;
757 5839 812 5894 in
870 5857 966 5898 nos
1023 5844 1196 5912 ﬁlios,
1251 5862 1439 5903 eorum
1505 5850 1757 5920 pietatem
1824 5854 2140 5911 aemulantcs

2281 4568 2716 4628 Κωνσταντίνου,
2747 4565 2976 4626 Λέοντος
3003 4564 3096 4615 καὶ
3143 4563 3497 4632 Ἀλεξάνδρου
3547 4567 3857 4635 Χριστοφό-

2283 4674 2372 4726 ρου
2407 4657 2498 4709 καὶ
2552 4654 2855 4724 Ῥωμανοῦ,
2887 4655 3299 4706 Κωνσταντίνου
3339 4654 3641 4722 Ῥωμαικοῦ,
3684 4659 3857 4726 Νικη-

2279 4751 2448 4820 φόρου
2517 4752 2612 4802 καὶ
2687 4749 2954 4812 Ἰωάννου,
3023 4747 3346 4810 Βασιλείου,
3419 4749 3852 4817 Κωνσταντίνου,

2292 4847 2572 4914 Ῥωμανου
2615 4845 2707 4896 καὶ
2745 4842 2966 4912 Μιχαὴλ
2997 4841 3106 4893 τῶν
3141 4843 3238 4908 τὴν
3263 4842 3512 4910 οὐράνιον
3573 4845 3854 4912 βασιλείαν

2275 4941 2374 5009 τῆς
2409 4940 2650 5005 ἐπιγείου
2693 4935 3101 5001 ἀλλαξθιμένων,
3133 4933 3328 4986 αίωνία
3381 4935 3411 5003 ή
3449 4936 3660 5005 μνήμη.
3699 4939 3851 5007 Ζωῆς

2273 5032 2372 5101 τῆς
2413 5028 2814 5096 εὐσεϐεστάτης
2839 5025 3178 5094 Αὑγούστης,
3213 5025 3304 5076 καὶ
3347 5028 3847 5095 τρισμακαρίστου,

2272 5120 2464 5175 αἰωνία
2510 5122 2542 5188 ἡ
2580 5120 2790 5187 μνήμη.

2342 5211 2646 5281 Γερμανοῦ,
2693 5209 3008 5279 Ταρασίου,
3068 5208 3385 5278 Νικηφόρου
3419 5209 3527 5276 ζκαὶ
3577 5211 3844 5264 Μεθοδῐου

2267 5303 2373 5355 τῶν
2412 5302 2671 5369 ἀοιδίμων
2704 5299 3082 5369 πατριαρχῶν,
3110 5301 3302 5353 αίωνία
3343 5302 3374 5369 ή
3411 5302 3621 5370 μνήμη.

2354 5397 2640 5461 Ἰγνατίου,
2690 5395 2987 5460 Στεφάνου,
3051 5393 3144 5445 καὶ
3215 5393 3523 5456 Ἀντωνίου,
3573 5394 3841 5446 Νικολάου

2269 5487 2363 5537 καὶ
2394 5485 2690 5551 Εὐθυμίου,
2723 5482 3019 5550 Στεφάνου,
3094 5481 3409 5552 Τρύφωνος,
3436 5482 3838 5549 Θεοφυλάκτου.

2270 5576 2628 5638 Πολυεύκτου,
2668 5573 2978 5635 Ἀντωνίου,
3005 5573 3277 5626 Νικολάου
3302 5574 3398 5625 καὶ
3431 5573 3699 5626 Σισιννίου
3729 5574 3839 5625 τῶν

2270 5668 2567 5739 ὁρθοδὸξων
2604 5667 2978 5736 πατριαρχῶν,
3023 5664 3269 5734 αἱωνίαή
3306 5666 3517 5734 μνήμη.

2344 5753 2510 5812 lii-tat
2536 5759 2609 5820 ώς
2638 5759 2877 5824 εὐλογίαι
2911 5757 3170 5827 Πατέρων
3209 5755 3303 5809 ἀπ’
3355 5755 3534 5808 αὐτῶν
3570 5755 3647 5818 είς
3689 5757 3836 5825 qna;

2276 5852 2396 5916 ξονς
2453 5852 2598 5912 uio-'2;
2641 5850 2934 5919 ζηλοῦντας
2999 5848 3175 5903 αὐτῶν
3217 5848 3312 5918 τὴν
3357 5846 3659 5915 εὐσέϐειαν,
3723 5847 3835 5902 δια-
