4106 6336
229 404 334 468 ἿῙΠ

1435 411 1774 471 EDICTUM
1818 412 2236 474 SYNODALE.

3338 423 3444 485 738

230 524 329 577 καὶ
355 522 681 591 Συγκέλλου,
711 523 920 594 Νικήτα
945 524 1309 595 Χαλκηδόνος,
1342 527 1434 578 καὶ
1466 526 1785 593 Συγκέλλου,

1890 530 2045 596 eello,
2086 528 2269 585 Niceta
2315 531 2675 589 Chalcedonis
2717 542 2769 589 et
2824 534 3075 607 Syncello
3103 578 3115 601 ,
3151 538 3446 597 Laurentio

231 616 586 683 Δαυρεντίου,
651 615 953 683 Δυρραχίου
1002 616 1093 668 καὶ
1145 615 1471 684 Συγκέλλου,
1532 618 1787 687 Ἀνθίμου

233 707 423 774 Σίδης,
469 705 736 757 Νικολάου
795 705 1185 768 Πισινοῦντος,
1256 706 1481 768 Λέοντος
1546 706 1785 775 Μύρων,

222 803 447 859 Λέοντος
482 797 909 867 Τραπεζοῦντος,
934 797 1183 851 Ἰωάννου
1220 798 1494 869 Σμύρνης.
1527 799 1787 851 Εὐσεϐἰου

237 888 736 958 Αδριανουπόλεως,
769 890 1177 943 Κωνσταντίνου
1236 890 1571 960 Μιτυλήνης,
1624 892 1790 944 Νικο-

222 983 350 1034 λάου
380 981 603 1044 Χωνῶν,
648 980 912 1032 ’Υπατίου
957 981 1271 1049 Ἰδροῦντος,
1307 984 1399 1034 καὶ
1433 982 1786 1051 άρχιεπισκό-

223 1090 343 1124 πων
396 1073 625 1134 Λέοντος
672 1073 1052 1141 Καραϐιζύης,
1090 1070 1386 1143 Γρηγορίου
1428 1072 1789 1143 Μεσημϐρίας

223 1164 643 1233 παρισταμένων
668 1163 762 1215 καὶ
787 1164 895 1215 τῶν
929 1162 1344 1233 πατριαρχικῶν
1379 1163 1677 1233 ἀρχόντων.

296 1257 410 1307 Οὐκ
434 1252 498 1323 ἦν
534 1255 661 1323 ἄρα,
691 1254 765 1316 ὼς
793 1253 959 1317 ἔοικε,
986 1255 1143 1322 κόρος
1201 1252 1275 1321 τῷ
1303 1252 1524 1323 πονηρῷ
1562 1240 1670 1307 τῶν
1695 1271 1791 1307 χα-

225 1344 357 1397 κῶν.
384 1345 483 1395 Διὰ
513 1346 665 1397 τοῦτο
702 1345 809 1413 γὰρ
838 1345 898 1395 οὐ
934 1344 1164 1395 παύεται
1199 1346 1312 1405 τοῖς
1347 1343 1627 1397 εὐσεϐέσιν
1672 1345 1791 1395 ἐπι-

226 1435 517 1502 φυόμενος,
552 1433 645 1485 καὶ
675 1434 859 1485 καινόν
892 1452 942 1485 τι
974 1433 1116 1485 κατὰ
1172 1432 1427 1501 ἀληθείας
1488 1433 1577 1485 ἀεὶ
1635 1435 1790 1501 ἐφευ.

227 1524 435 1595 ρίσκειν
470 1525 951 1594 ἐκμηχανώμενος.
982 1523 1273 1594 Τοιγάρτοι
1304 1524 1397 1575 καὶ
1438 1524 1661 1593 μυρίαις
1692 1524 1790 1591 μὲν

229 1616 414 1677 τόσαις
469 1619 705 1676 ἀπάταις
765 1616 871 1684 πρὸ
922 1615 1018 1682 τῆς
1074 1617 1131 1667 ἐν
1186 1615 1349 1683 σαρκὶ
1386 1616 1481 1668 τοῦ
1520 1618 1789 1668 Δεσπότου

224 1706 529 1775 παρουσίας
580 1709 668 1758 τὸν
719 1706 1002 1776 ἄνθρωπον
1059 1704 1393 1777 ὑπηγάγετο.
1446 1708 1683 1777 Μυρίαις
1733 1708 1789 1760 δὲ

223 1802 319 1851 καὶ
350 1801 491 1868 μετὰ
526 1798 693 1851 ταῦτα
736 1798 961 1860 πλάναις
996 1802 1089 1852 καὶ
1129 1800 1493 1867 δελεάσμασιν
1552 1800 1789 1851 ὑποσκε-

220 1891 391 1951 λίζειν
426 1890 517 1941 καὶ
546 1888 884 1959 παρασύρειν
919 1891 1044 1951 τοὺς
1100 1889 1247 1959 αὐτῷ
1281 1889 1635 1958 πειθομένους
1683 1891 1784 1958 οὐχ
1820 1868 1857 1921 Β

222 1978 433 2045 ὑφῆκεν
461 1978 615 2040 ὅλως,
652 1976 772 2030 οὐδὲ
812 1978 1072 2033 διέλιπεν.
1116 1978 1276 2031 Ἀλλὰ
1314 1982 1409 2032 καὶ
1471 1979 1677 2039 τούτων
1724 1983 1787 2032 ἐκ

224 2068 397 2119 ποδῶν
420 2068 748 2135 γενομένων,
782 2070 873 2121 καὶ
905 2068 1156 2132 εὐσεϐοῦς
1196 2072 1289 2123 καὶ
1315 2070 1539 2139 βαθείας
1578 2072 1791 2138 ἐλπίδος

220 2161 333 2219 τοῖς
365 2159 609 2211 εὐσεϐεῖν
637 2160 1084 2228 ὐποτρεφομένης
1112 2160 1350 2213 ἐθέλουσι
1382 2162 1506 2229 μήτ’
1552 2160 1619 2212 ἂν
1660 2178 1787 2213 και-

218 2247 453 2315 νοτέρων
482 2248 904 2317 δυσσεϐημάτων
950 2248 1254 2317 ἐφευρετὰς
1303 2249 1557 2316 γενέσθαι
1624 2250 1782 2314 ποτε,

220 2339 279 2389 ἐν
316 2340 479 2391 πᾶσιν
503 2334 583 2401 οἷς
618 2341 757 2391 κατὰ
788 2339 881 2391 τοῦ
919 2340 1075 2410 ὀρθοῦ
1104 2340 1261 2407 λόγου
1301 2341 1328 2391 ὁ
1379 2342 1610 2412 πονηρὸς
1663 2358 1787 2393 πει-

222 2428 387 2496 ράσαι
418 2428 745 2478 ἐσπούδασεν
788 2445 801 2457 ·
834 2430 912 2488 είς
940 2430 1246 2481 τούναντίον
1277 2429 1426 2498 αὐτῷ
1460 2430 1567 2481 τῶν
1612 2446 1787 2498 μηχα-

219 2516 477 2586 νημάτων
501 2518 947 2586 περιτραπέντων
972 2532 984 2549 ν
1012 2517 1105 2570 νῦν
1128 2534 1273 2581 τινες
1294 2519 1571 2581 δυσσεϐεῖς
1598 2521 1786 2588 ἄνδρες

218 2609 319 2659 καὶ
346 2609 725 2677 ἀποτρόπαιοι,
758 2612 849 2662 καὶ
888 2607 939 2659 τί
978 2592 1085 2677 γὰρ
1136 2609 1235 2661 οὐκ
1286 2610 1351 2663 ἄν
1410 2626 1494 2671 τις
1547 2611 1786 2661 εὐσεϐῶν

214 2702 439 2759 τούτους
472 2700 807 2763 ὀνομάσειεν,
840 2702 1031 2770 ἄνδρες
1074 2704 1135 2755 ὲκ
1170 2700 1395 2764 σκότους
1451 2701 1740 2763 ἀναδύντες
1768 2738 1783 2763 ,

219 2792 340 2858 (τῆς
380 2792 488 2859 γὰρ
542 2789 827 2858 Ἐσπερξου
883 2792 1076 2860 μοίρας
1128 2791 1374 2861 ὑπῆρχον
1428 2792 1784 2861 γεννήματα),

220 2884 299 2943 είς
333 2881 430 2949 τὴν
460 2880 661 2950 εὐσεϐῆ
685 2882 887 2952 ταύτην
920 2883 1166 2946 ἐλθόντες
1235 2884 1393 2937 πόλιν
1455 2886 1547 2936 καὶ
1589 2884 1784 2952 θεοφύ-

216 2972 437 3036 λακτον,
473 2975 565 3041 ἀφ’
599 2968 687 3043 ἦς,
714 2973 902 3042 ὥσπερ
930 2974 1038 3027 ἀπό
1060 2992 1205 3038 τινος
1246 2974 1451 3043 ὑψηλοῦ
1489 2974 1580 3027 καὶ
1624 2990 1786 3043 μετε-

221 3064 364 3130 ώρου
391 3062 591 3131 χωρίου
627 3062 680 3113 ai
715 3062 811 3131 τῆς
857 3063 1166 3133 ὀρθοδοξίας
1196 3052 1391 3131 ’πηγαὶ
1441 3062 1782 3126 ἀναδύονται,

220 3157 316 3205 καὶ
345 3154 557 3223 καθαρὰ
601 3154 701 3222 τῆς
738 3155 1020 3217 εὐσεϐείας
1083 3154 1152 3207 τά
1197 3154 1414 3223 νάματα
1462 3156 1518 3217 ἐς
1562 3154 1629 3206 τὰ
1685 3155 1785 3221 τῆς

219 3242 546 3312 οἰκουμένης
584 3243 891 3313 διαρρέουσι
928 3245 1161 3312 πέρατα,
1210 3244 1308 3297 καὶ
1337 3244 1596 3313 ποταμῶν
1630 3245 1784 3313 δίκην

218 3334 315 3396 τὰς
348 3336 404 3386 ἐν
438 3334 629 3404 ἁπάσῃ
658 3337 723 3405 τῇ
767 3334 855 3402 ὑφ’
907 3334 1056 3395 ἥλιον
1106 3334 1304 3402 ψυχὰς,
1368 3338 1479 3396 τοῖς
1536 3318 1783 3388 εὐσεϐέσι

218 3423 449 3492 δόγμασι
485 3424 929 3492 καταρδεύουσιν,
949 3425 1026 3487 εἰς
1045 3424 1269 3494 ταύτην,
1291 3426 1477 3493 ὥσπερ
1499 3426 1780 3494 κεραυνὸς,

219 3514 253 3584 ἢ
303 3516 543 3583 σεισμὸς,
574 3516 606 3584 ἢ
640 3515 881 3583 χαλάζης
924 3516 1161 3583 πλῆθος
1222 3519 1269 3570 εί
1302 3510 1405 3587 χρῆ
1467 3516 1543 3570 δέ
1586 3508 1783 3585 μᾶλλον

221 3607 396 3657 εἰπεῖν
424 3607 770 3675 οίκειότερον,
798 3605 870 3667 ὼς
907 3608 1087 3675 μονιὸς
1115 3606 1303 3675 ἄγριος
1347 3606 1783 3678 εἰσπηδήσαντες

217 3694 310 3747 τὸν
341 3694 501 3764 ὀρθόν
530 3695 684 3761 λόγον
719 3698 783 3764 τῇ
810 3696 1045 3766 διαφορᾷ
1074 3696 1183 3749 τῶν
1214 3683 1503 3767 δογμάτων
1550 3701 1783 3752 καταλυ-

224 3785 496 3854 μήνασθαι
527 3786 911 3855 ἐπεχείρησαν,
954 3786 1027 3849 ὡς
1070 3788 1161 3838 καὶ
1214 3788 1440 3858 Γραφὴν
1483 3789 1782 3843 ἀποθέσθαι

220 3876 279 3927 ἐν
306 3878 369 3945 τῇ
407 3879 643 3945 μυστικῇ
669 3879 766 3946 τῆς
822 3875 1065 3944 μεγάλης
1097 3876 1191 3928 τοῦ
1252 3877 1387 3929 Θεοῦ
1458 3878 1784 3948 Ἐκκλησῖας

219 3968 489 4037 τραπέζῃ.
520 3966 588 4017 δι’
612 3962 676 4035 ἦς
700 3967 864 4034 ἡμᾶς,
903 3966 1103 4035 μᾶλλον
1136 3967 1192 4018 δέ
1227 3968 1325 4036 τὴν
1374 3966 1653 4038 ὀρθόδοξον
1688 3968 1781 4021 τοῦ

220 4058 356 4110 Θεοῦ
395 4058 741 4127 Ἐἠκλησίαν,
776 4059 869 4109 καὶ
897 4056 1105 4119 πάντας
1130 4058 1257 4121 τούς
1300 4059 1374 4128 μὴ
1406 4061 1784 4129 συνυπαγομέ-

221 4170 344 4215 νους
365 4154 477 4213 τοῖς
502 4150 682 4203 αὐτῶν
703 4136 1114 4220 δυσσεϐήμασιν
1140 4151 1454 4219 ὸρθοδὸξους
1482 4153 1784 4222 άναθέματι

220 4243 286 4295 δι’
327 4242 457 4295 αὐτὸ
484 4241 663 4303 τοῦτο,
697 4242 776 4293 ὅτι
807 4242 1052 4294 εὐσεϐεῖν
1083 4242 1177 4295 καὶ
1212 4242 1271 4293 τὸ
1318 4243 1600 4312 όρθόδοξον
1648 4261 1783 4312 προ-

223 4334 426 4387 ϐαίνειν
450 4333 722 4401 ἐθέλομεν,
754 4332 1152 4395 καθυπὲϐαλον,
1214 4333 1601 4400 ἐγκαλέσαντες
1652 4334 1785 4402 ἡμῖν

221 4425 355 4477 ἄλλα
389 4424 445 4475 τέ
487 4441 631 4485 τινα,
670 4425 763 4475 καὶ
793 4425 873 4475 ὅτι
904 4425 1032 4482 τοὺς
1068 4424 1334 4491 πώγωνας
1387 4424 1783 4494 παραπλησίως

221 4518 450 4579 ἐκείνοις
495 4516 681 4584 ξυρᾷν,
711 4515 805 4566 καὶ
830 4513 930 4583 τὴν
948 4514 1089 4567 κατὰ
1123 4515 1283 4582 φύσιν
1326 4516 1610 4585 ἀνθρώπου
1651 4532 1781 4584 μορο
1814 4537 1857 4590 ι)

221 4608 329 4678 φὴν
360 4608 510 4677 παρὰ
539 4608 699 4675 φύσιν
731 4604 1079 4669 ἐξαλλάσσειν
1112 4608 1211 4658 οὐκ
1264 4606 1565 4677 ἀνεχόμεθα
1586 4623 1605 4638 ο
1645 4609 1779 4675 πρὸς

220 4700 279 4752 δὲ
302 4698 396 4750 καὶ
429 4698 508 4750 ὅτι
544 4697 617 4766 μὴ
646 4698 1046 4766 διακρινόμενοι
1072 4697 1177 4749 ἀπὸ
1206 4698 1591 4767 πρεσϐυτέρων
1617 4716 1781 4766 μετα-

219 4790 519 4859 λαμϐάνειν
546 4788 969 4857 γεγαμηκότων.
995 4785 1136 4855 Πρὸς
1165 4788 1254 4837 ἐπὶ
1290 4789 1422 4839 πᾶσι
1465 4786 1521 4839 δὲ
1550 4788 1776 4851 τούτοις,

221 4882 319 4935 καὶ
346 4882 512 4933 ὅτιτὸ
542 4881 803 4951 ἱερὸνκαὶ
853 4878 1007 4945 ἅγιον
1060 4878 1345 4947 σύμϐολον,
1398 4878 1425 4929 ό
1483 4880 1614 4931 πᾶσι
1668 4882 1779 4941 τοῖς

222 4970 548 5033 συνοδικοῖς,
582 4969 676 5021 καὶ
732 4970 1137 5037 οίκουμενικοῖς
1185 4966 1533 5035 ψηφίσμασιν
1570 4968 1779 5038 ἄμαχον

218 5058 332 5129 εχει
363 5060 462 5131 τὴν
498 5059 671 5126 ἰσχὺν,
705 5057 880 5118 νόθοις
904 5056 1183 5123 λογισμοῖς
1211 5058 1303 5109 καὶ
1336 5058 1778 5126 παριγγράπτοις

219 5148 396 5217 λόγοις
428 5151 519 5201 καὶ
545 5148 781 5217 θράσους
813 5146 1089 5217 ὑπερϐολῇ
1125 5147 1198 5217 μὴ
1228 5146 1565 5216 κιϐδηλεύειν
1596 5148 1777 5200 ἐθέλο-

224 5258 350 5310 μεν,
390 5241 525 5309 μηδέ
555 5239 949 5310 παραπλησίως
975 5240 1197 5299 ἐκείνοις
1224 5242 1287 5290 ἐκ
1313 5237 1406 5289 τοῦ
1433 5238 1658 5307 Πατρδς,
1682 5240 1778 5291 καὶ

218 5332 314 5387 τοῦ
350 5331 480 5383 Υίοῦ
506 5331 567 5382 τὸ
598 5331 820 5399 Πνεῦμα
842 5331 901 5382 τὸ
926 5332 1099 5396 ἅγιον,
1152 5324 1196 5381 ὧ
1242 5329 1347 5380 τῶν
1401 5328 1492 5379 τοῦ
1538 5328 1775 5395 πονηροῦ

224 5423 658 5495 μηχανημάτων,
693 5423 805 5475 ἀλλ’
838 5424 902 5474 ἐκ
928 5421 1018 5475 τοῦ
1052 5422 1263 5488 Πατρός
1305 5436 1482 5487 φαμεν
1509 5419 1774 5489 ἐκπορεύ-

219 5515 375 5567 εσθαι
404 5532 417 5544 ·
473 5516 707 5583 μητετῇ
730 5513 919 5583 Γραφῇ
954 5512 1241 5581 προσέχειν
1261 5512 1555 5573 ἐθέλοντες,
1580 5513 1635 5579 ἢ,
1660 5513 1773 5563 Οὐκ

220 5605 691 5675 άκομαδαράσετε,
718 5604 878 5672 φησι,
907 5604 1027 5664 τοὺς
1052 5602 1315 5669 πώγωνας
1338 5604 1369 5671 ἡ
1378 5603 1512 5670 μῶν,
1530 5602 1649 5654 οὔτε
1671 5603 1774 5671 μὴν

218 5701 417 5753 ἐννοεῖν
459 5698 594 5760 ὅλως
664 5695 997 5765 βουλομενοι,
1051 5696 1129 5747 ὅτι
1197 5696 1440 5762 γυναιξὶν
1508 5693 1775 5763 εὐπρεπὲς

217 5791 376 5845 τοῦτο
404 5789 432 5843 ὁ
463 5789 655 5851 κτίσας
680 5787 899 5856 ἐποίησε
932 5787 1085 5852 Θεὸς,
1107 5787 1327 5857 ἀνδράσι
1360 5786 1412 5839 δὲ
1436 5787 1773 5853 ἀνάρμοστον

1894 618 2175 689 Dyrrachii
2215 632 2266 677 et
2304 622 2553 694 Syncello
2579 665 2592 685 ,
2633 627 2847 680 Antimo
2901 626 3078 690 Sides,
3108 628 3327 686 Nicolao
3354 631 3444 685 Pi-

1897 710 2159 773 sinuntis,
2220 712 2400 768 Leone
2458 713 2761 784 Myrorum.
2821 717 3000 773 Leone
3060 720 3445 787 Trapezuntis,

1889 802 2100 856 Joanne
2137 801 2403 873 Smyrnae,
2460 804 2698 862 Eusebio
2727 806 3135 877 Adrianopolis,
3172 815 3448 865 constan-

1895 894 2011 947 tino
2062 893 2369 965 Mitylenes,
2422 895 2652 951 Nicolao
2703 898 3035 966 Chonarum,
3067 902 3298 971 Hypatio
3348 900 3447 956 Hi-

1890 982 2108 1037 druntis
2155 989 2209 1035 et
2252 984 2681 1054 archiepiscopis
2715 984 2898 1040 Leone
2933 987 3265 1059 Carabyziar,
3306 990 3447 1045 Gre-

1888 1074 2048 1140 gorio
2082 1074 2417 1130 Mesembria:
2467 1079 2858 1133 assistentibus
2896 1090 2949 1135 et
2982 1082 3444 1149 patriarebalibus

1888 1165 2191 1220 nobilibus.

1957 1253 2205 1322 Nequam
2254 1269 2316 1309 ac
2354 1254 2605 1325 improbo
2645 1258 2877 1316 da'moni
2924 1275 3034 1315 non
3090 1269 3175 1315 sat
3230 1261 3352 1328 fuit,
3387 1270 3449 1316 ut

1887 1340 2125 1404 videtur,
2156 1345 2451 1399 malorum.
2482 1346 2777 1415 Propterea
2816 1364 3051 1419 namque
3091 1352 3303 1405 nullum
3343 1369 3448 1406 un-

1889 1448 2052 1500 quam
2108 1435 2267 1488 ﬁnem
2331 1436 2481 1502 fecit,
2527 1439 2580 1491 in
2613 1440 2735 1509 pios
2783 1440 3031 1496 homines
3077 1458 3359 1512 arrepens,
3392 1451 3448 1497 et

1892 1540 2093 1579 novum
2124 1528 2256 1594 quid
2315 1530 2579 1585 adversus
2628 1534 2915 1586 veritatem
2958 1548 3175 1601 semper
3226 1536 3449 1604 excogi-

1891 1624 2033 1669 tans.
2073 1621 2424 1688 Quapropter
2462 1620 2771 1678 innumeris
2835 1622 2951 1677 fere
3004 1624 3290 1678 lraudibus
3324 1634 3449 1679 ante

1888 1707 2104 1762 Domini
2135 1709 2188 1761 in
2214 1724 2377 1763 carne
2406 1712 2697 1765 adventum
2728 1728 2898 1781 genus
2929 1714 3224 1768 humanum
3255 1715 3449 1777 illusit,

1892 1799 2199 1853 innumeris
2231 1814 2360 1853 vero
2395 1804 2746 1870 postmodum
2780 1804 3061 1859 erroribus
3087 1814 3139 1858 et
3172 1804 3450 1861 illecebris

1890 1890 2244 1957 supplantare
2299 1898 2351 1942 et
2406 1889 2643 1957 dejicere
2697 1906 2792 1947 eos
2851 1893 2945 1962 qui
2999 1892 3077 1947 illi
3124 1896 3444 1958 credebant,

1890 1978 2117 2031 omnino
2175 1993 2282 2031 non
2342 1979 2580 2044 destitit,
2641 1996 2819 2050 neque
2886 1998 3126 2053 unquam
3187 1985 3445 2041 cessavit.

1891 2065 2287 2121 Verumtamen
2340 2070 2427 2123 his
2463 2086 2682 2139 quoque
2715 2070 2781 2126 de
2814 2072 2995 2127 medio
3021 2075 3277 2138 sublatis,
3321 2090 3446 2129 cum

1889 2158 1976 2225 pia
2014 2172 2321 2228 magnaque
2370 2174 2493 2241 spes
2550 2169 2695 2215 esset
2729 2164 2780 2215 in
2818 2164 2882 2217 iis
2914 2169 3006 2233 qul
3032 2167 3287 2233 pietatem
3330 2180 3451 2221 atu-

1890 2249 2223 2315 plectuntnr,
2267 2264 2549 2318 nunquam
2586 2252 2638 2305 in
2662 2262 2939 2321 posterum
2982 2271 3119 2308 nova
3151 2256 3447 2323 impietatis

1889 2339 2098 2392 semina
2152 2341 2476 2396 inventuros
2524 2343 2576 2395 io
2627 2344 2887 2398 omnibus
2942 2346 3026 2399 his
3082 2361 3202 2413 quae
3255 2356 3446 2399 contra

1888 2435 2097 2480 rectam
2116 2431 2385 2479 rationem
2404 2427 2688 2496 improbus
2716 2430 2806 2482 ille
2830 2429 3193 2483 dissetninare
3216 2432 3447 2495 studuit,

1889 2529 2012 2568 cum
2077 2524 2269 2567 contra
2326 2528 2390 2569 ac
2446 2519 2562 2585 ipse
2614 2530 2967 2587 speraverat,
3005 2523 3271 2575 machinae
3299 2522 3446 2574 illitis

1890 2606 2176 2674 dissipatae
2207 2606 2462 2669 fuissent,
2500 2624 2645 2679 nunc
2664 2610 2885 2678 quidam
2924 2612 3173 2665 homines
3204 2613 3351 2681 impii
3390 2622 3450 2666 et

1888 2697 2235 2761 essecrandi,
2269 2707 2321 2751 et
2360 2699 2491 2765 quid
2540 2714 2644 2751 non
2695 2702 3005 2769 quicunque
3033 2704 3286 2771 pietatem
3317 2702 3448 2756 colit

1886 2803 1980 2842 eos
2005 2804 2110 2840 non
2150 2789 2476 2852 nominaret,
2510 2790 2759 2845 homines
2802 2807 2832 2845 e
2882 2794 3121 2852 tenebris
3156 2809 3442 2863 erumpet»

1888 2887 1992 2941 tes,
2029 2895 2151 2933 cum
2190 2896 2253 2934 ex
2304 2880 2581 2949 Hesperia
2635 2894 2814 2935 ortum
2844 2884 3086 2949 ducant,
3118 2886 3168 2937 in
3224 2885 3445 2953 pietatis

1886 2968 2174 3022 cultricem
2217 2971 2357 3022 hanc
2381 2979 2431 3023 et
2466 2983 2495 3022 a
2534 2969 2642 3024 Deo
2688 2983 3077 3025 conservatam
3126 2973 3313 3027 urbem
3348 2975 3447 3026 ad»

1887 3059 2192 3131 venientes,
2227 3074 2296 3111 ex
2329 3074 2432 3127 qua
2479 3068 2742 3129 tanquam
2798 3076 2867 3114 ex
2916 3061 3022 3114 alta
3075 3070 3128 3115 et
3167 3061 3446 3116 eminente

1887 3148 2111 3217 Speeuia
2163 3148 2501 3202 orthodoxia:
2571 3149 2749 3202 fontes
2808 3158 3131 3219 erumpunt,
3188 3159 3242 3203 et
3307 3164 3443 3217 pura

1834 3238 1853 3261 ‘
1888 3238 2106 3305 pietatis
2146 3238 2350 3293 ﬂuenta
2384 3240 2437 3291 in
2476 3239 2631 3293 orbis
2663 3249 2937 3292 terrarum
2974 3240 3106 3292 lines
3140 3237 3443 3306 perﬂuunt,

1886 3340 1941 3383 et
1963 3328 2251 3383 ﬂuviorum
2306 3333 2483 3384 instar
2516 3334 2749 3392 animas,
2793 3346 2915 3399 qua:
2964 3329 3067 3384 sub
3092 3330 3208 3383 sole
3232 3330 3441 3397 degunt

1886 3436 2079 3475 omnes
2140 3424 2245 3490 piis
2315 3423 2660 3492 dogmatibus
2720 3423 2968 3489 irrigant,
3024 3422 3076 3473 in
3102 3421 3210 3473 hac
3275 3421 3441 3473 veluti

1887 3511 2091 3582 fulgur,
2128 3515 2241 3567 sive
2296 3520 2481 3576 turbo,
2510 3518 2625 3567 sive
2654 3513 2939 3581 grandinis
2986 3515 3165 3581 copia,
3208 3515 3347 3576 sive,
3383 3520 3443 3565 ut

1886 3604 2061 3671 magis
2108 3605 2326 3672 proprie
2386 3618 2499 3657 rem
2566 3604 2892 3667 indicemus,
2949 3603 3116 3657 veluti
3171 3603 3442 3657 silvestris

1885 3706 2090 3761 porcus
2148 3692 2463 3757 irruentes,
2518 3701 2727 3746 rectam
2784 3694 3053 3747 rationem
3120 3691 3440 3745 diversitate

1883 3784 2197 3854 dogmatum
2248 3793 2575 3851 praevertere
2606 3783 2793 3837 conati
2822 3792 2953 3837 sunt
2984 3782 3079 3848 ita,
3116 3791 3175 3836 ut
3209 3790 3262 3836 et
3288 3782 3442 3837 δεινᾶς

1884 3885 2099 3945 pturam
2148 3875 2207 3928 in
2259 3876 2491 3944 mystica
2520 3889 2727 3945 inagnte
2790 3875 2880 3929 Dei
2918 3876 3172 3929 Ecclesia:
3208 3888 3437 3943 repone-

1887 3976 2008 4020 rent
2040 3981 2249 4030 mensa,
2277 3983 2386 4036 qua
2436 3982 2561 4029 nos,
2592 3970 2697 4020 lmo
2724 3966 3085 4021 orthodoxam
3116 3965 3211 4019 Dei
3255 3965 3440 4020 Eccita.

1884 4055 2044 4119 siam,
2096 4070 2400 4126 omnesque
2442 4058 2535 4125 qui
2603 4056 2785 4125 impiis
2838 4070 3031 4109 eorum
3090 4055 3439 4124 dogmatibus

1884 4157 1991 4195 non
2032 4143 2246 4213 abrepti
2306 4150 2474 4209 sunt,
2520 4144 2864 4199 orthodoxae
2894 4144 2961 4197 ob
3007 4143 3061 4197 id
3102 4144 3267 4208 idem,
3293 4144 3437 4212 quod

1884 4224 1955 4301 pii
1980 4247 2107 4288 esse
2128 4242 2185 4287 et
2213 4234 2370 4287 (idem
2418 4233 2780 4287 orthodoxam
2814 4233 3030 4286 dilatari
3061 4235 3432 4301 praecupiunt,

1884 4324 2230 4377 anathemate
2256 4322 2482 4389 feriunt,
2517 4324 2834 4379 incusantes
2868 4339 2965 4377 nos
2990 4324 3043 4375 in
3074 4322 3260 4376 multis
3288 4321 3432 4387 alis,

1882 4422 1935 4465 et
1958 4422 2222 4480 praeterea
2278 4414 2423 4481 quod
2470 4416 2695 4468 iarbam
2727 4429 2879 4481 teque
2912 4428 2975 4465 ac
3026 4412 3103 4465 illi
3133 4412 3345 4475 radere,
3380 4422 3435 4465 et

1884 4518 2003 4556 eam
2041 4520 2161 4572 qua:
2186 4514 2269 4557 est
2312 4506 2607 4558 secundum
2638 4515 2913 4568 naturam,
2949 4504 3183 4558 hominis
3206 4504 3432 4572 ﬁguram

1882 4596 2171 4651 immutare
2224 4611 2332 4649 non
2377 4599 2731 4652 sustinemus.
2788 4595 2899 4650 Nec
2962 4610 3069 4649 non
3127 4598 3271 4665 quod
3322 4610 3431 4649 non

1880 4684 2039 4740 divisi
2070 4701 2097 4739 a
2134 4688 2473 4757 presbyteris
2519 4690 2867 4743 matrimonio
2914 4689 3144 4758 junctis,
3196 4705 3436 4745 commu-

1882 4778 2100 4831 nionem
2145 4780 2500 4845 suscipimus.
2532 4778 2612 4831 Ad
2655 4779 2769 4832 btec
2811 4780 2956 4848 quod
3013 4765 3431 4834 sacrosanctum

1883 4868 2221 4938 Symbolum,
2266 4872 2409 4935 quod
2471 4872 2727 4927 omnibus
2774 4872 3141 4941 synodalibus,
3175 4882 3226 4925 et
3280 4886 3433 4925 (ecit-

1882 4960 2110 5014 menieis
2144 4961 2376 5015 decretis
2406 4962 2795 5017 inconcussum
2822 4974 2987 5031 atque
3014 4962 3431 5031 inexpugnabile

1882 5050 2049 5103 robur
2079 5050 2261 5113 habet,
2308 5052 2512 5120 spuriis
2541 5055 2797 5119 cogitatis
2822 5061 2876 5105 et
2901 5055 3247 5113 sermonibus
3270 5054 3430 5104 adni-

1882 5140 2092 5205 terinis,
2126 5150 2179 5193 et
2226 5143 2467 5195 audacia:
2512 5156 2738 5196 excessu
2795 5142 3103 5195 adulterare
3154 5143 3426 5206 nolumus,

1880 5248 1979 5287 nec
2021 5242 2077 5284 ut
2118 5235 2215 5299 illi,
2245 5248 2310 5287 ex
2341 5234 2497 5286 Patre
2538 5242 2591 5287 et
2624 5233 2760 5286 Filio
2802 5234 3061 5299 Spiritum
3092 5244 3364 5298 sanctum,
3390 5246 3427 5286 ο

1882 5325 2110 5393 improbi
2142 5326 2403 5378 daemonis
2429 5326 2740 5378 machinas!
2776 5326 2867 5378 sed
2913 5341 2975 5379 ex
3014 5326 3171 5380 Patre
3194 5327 3426 5379 dicimus

1880 5415 2219 5483 procedere;
2269 5429 2445 5483 neque
2504 5414 2799 5483 Scriptura:
2848 5419 3089 5469 animum
3141 5417 3426 5470 advertere

1879 5508 2143 5572 volentes,
2178 5522 2297 5575 quae
2337 5507 2413 5559 Ne
2456 5505 2807 5574 deglabretis,
2849 5510 2945 5569 ait,
2987 5515 3167 5559 menta
3208 5516 3419 5573 vestra;

1878 5613 2057 5665 neque
2123 5599 2346 5651 omnino
2387 5599 2810 5652 animovolvere
2860 5599 3119 5661 volentes,
3165 5598 3421 5651 decorum

1877 5692 1929 5745 id
1976 5690 2293 5743 mulieribus
2348 5699 2643 5743 creatorem
2716 5690 2881 5742 Deum
2943 5690 3217 5753 statuisse,
3279 5687 3422 5754 quod

1878 5782 2197 5837 indecorum
2232 5790 2378 5837 esset
2412 5781 2763 5847 hominibus;
2798 5780 2888 5837 sed
2916 5791 2961 5837 et
2997 5783 3244 5851 quintum
3278 5777 3421 5834 ϐιη-
