4156 6344
597 414 705 479 7i3

1410 407 1834 468 MICIIAELIS
1870 397 2298 464 CEBULARII
2328 396 2439 457 ΕΡ.
2467 393 2985 455 ΡΑΤΒῙᾹΠΕΙΙᾸΞ

3741 385 3854 447 'iii

597 509 837 575 uirosque
872 504 934 557 ab
990 501 1177 556 iisdem
1229 498 1593 553 cohonestntos
1626 508 1670 550 et
1707 513 1840 549 cives
1879 496 2164 561 sapientes,
2196 494 2222 550 Α

2312 487 2371 541 ai
2428 490 2460 540 ὁ
2495 487 2643 553 λαὸς
2697 487 2917 551 ταύτης
2961 484 3072 551 τῆς
3128 480 3853 546 Κωνσταντινουπόλεως,

598 598 833 651 maxime
856 595 1089 648 omnium
1108 591 1443 650 Christiana,
1473 601 1519 643 et
1547 590 1844 642 orthodoxa
1882 587 2005 640 urbs
2034 594 2111 638 est
2151 600 2165 635 :

595 688 739 760 quod
791 687 859 740 ad
895 685 1228 747 Michaelem,
1271 684 1360 751 qui
1413 684 1786 749 patriarchatu
1836 679 2095 742 abutitur,
2121 685 2170 728 et

600 783 746 835 illius
780 780 1093 846 insipientia:
1127 776 1293 828 socios
1325 785 1372 827 et
1405 784 1690 838 consortes,
1736 775 1790 824 in
1820 770 1987 822 medio
2026 768 2169 820 illius

602 871 835 939 plurima
877 871 1143 923 han'eseon
1181 868 1398 919 zizania
1449 867 1682 935 quotidie
1739 864 2173 917 disseminantur.

606 964 1062 1028 Quemadmodum
1095 962 1231 1013 enim
1261 959 1553 1013 Simoniaci
1576 958 1771 1009 donum
1798 955 1893 1007 Dei
1916 954 2177 1007 vendunt:

605 1066 659 1109 stt
703 1054 921 1117 Valesii,
952 1054 1180 1121 huspi.‘es
1220 1069 1343 1105 suos
1386 1061 1646 1113 castraut,
1684 1059 1734 1102 et
1777 1065 1879 1101 non
1911 1047 2079 1100 solum
2114 1043 2182 1096 ad

606 1148 937 1209 clericatum,
974 1146 1061 1195 sed
1090 1145 1305 1209 insuper
1350 1144 1416 1193 ad
1448 1145 1808 1208 episcopatum
1837 1144 2138 1206 promorent
2165 1150 2182 1187 :

606 1247 663 1290 ut
707 1237 914 1302 Ariani,
958 1235 1279 1300 rebaptizant
1307 1235 1359 1286 in
1412 1235 1617 1285 nomine
1655 1244 1852 1284 sancta’
1905 1227 2183 1280 Trinftatis

609 1330 936 1399 baptizatos,
969 1337 1017 1381 et
1070 1326 1290 1379 Latinos
1340 1327 1677 1393 potissimum
1719 1340 1736 1375 :
1774 1331 1829 1373 ut
1866 1320 2181 1380 Donatista,

609 1422 917 1483 decernunt,
973 1428 1128 1471 extra
1168 1414 1471 1470 Crwcorum
1526 1415 1839 1473 Ecclesium,
1894 1410 2186 1463 Ecclesiam

609 1514 833 1581 Christi,
862 1522 909 1567 et
927 1530 1103 1567 rerum
1126 1512 1470 1578 sacriﬁcium,
1499 1519 1545 1562 et
1580 1508 1840 1576 baptisma
1868 1521 1931 1558 ex
1949 1504 2187 1557 universo

611 1604 733 1657 orbe
762 1604 1019 1671 periisse:
1050 1613 1104 1673 ut
1140 1602 1451 1663 Nicolaitar,
1484 1600 1726 1653 carnales
1753 1597 1968 1662 nuptias
2005 1610 2187 1646 conce-

610 1697 779 1759 dunt,
837 1696 1226 1763 defenduntque
1303 1695 1473 1746 sacris
1532 1694 1722 1745 altaris
1773 1689 2083 1741 ministris:
2133 1696 2189 1739 ut

616 1785 914 1849 Seueriani,
947 1784 1286 1836 maledictum
1328 1784 1487 1851 legem
1549 1782 1750 1850 Moysis
1779 1779 2129 1846 pronuntiant
2173 1792 2191 1829 .'

614 1889 671 1929 ut
710 1874 1213 1937 Pneutnatomachi,
1247 1885 1339 1927 aut
1383 1871 1722 1931 Theomachi,
1757 1870 1991 1937 Spiritus
2020 1868 2193 1921 sancti

615 1979 692 2019 ex
717 1962 861 2016 Filio
912 1965 1300 2031 processionem
1327 1972 1391 2016 et:
1437 1960 1689 2031 Symbolo
1723 1960 2105 2013 absciderunt:
2137 1966 2193 2009 ut

620 2053 917 2117 Nazareni,
944 2044 1211 2106 carnalem
1239 2052 1549 2106 Judworum
1581 2053 1887 2106 munditiem
1918 2050 2046 2104 adeo
2081 2067 2193 2103 ser-

2276 580 2371 632 καὶ
2402 578 2570 634 πᾶσα
2593 581 2630 645 ἠ
2668 576 2957 644 uallatam)
2988 576 3344 641 Ἐκκλησία,
3396 572 3546 641 ἡμᾶς
3589 571 3859 626 ἐνταῦθα

2279 672 2662 741 διεγνωκέναι
2704 670 2800 721 καὶ
2834 670 2972 720 ὅθεν
2996 666 3253 719 πλεῖστα
3280 666 3599 732 χαιρόμεθα
3626 662 3861 731 ἀγαθὸν

2280 765 2375 814 καὶ
2403 762 2712 829 μέγιστον,
2742 761 2881 812 ὅθεν
2916 756 3189 821 ἐλεεινῶς
3236 756 3587 823 λυπούμεθα
3639 752 3857 805 κακόν.

2281 855 2389 906 Καὶ
2439 853 2549 919 γὰρ
2599 852 2751 905 ὅσον
2804 850 2953 917 πρὸς
3003 848 3145 912 τοὺς
3184 850 3388 913 κίονας
3440 846 3545 899 τοῦ
3576 844 3860 913 κράτους,

2283 944 2379 996 καὶ
2409 944 2552 1008 τοὺς
2578 942 2762 995 αὐτοῦ
2788 941 3230 1009 τετιμημένους,
3262 939 3357 991 καὶ
3417 937 3558 1002 τοὺς
3605 936 3861 998 πολίτας

2285 1036 2535 1102 σοροὺς,
2567 1032 3137 1102 Χριστιανικώτατος
3172 1032 3267 1082 καὶ
3314 1030 3632 1097 ὀρθόδοξός
3685 1030 3863 1081 ἐστιν

2286 1127 2321 1193 ἠ
2364 1128 2577 1190 πόλεις’
2618 1125 2767 1177 ἴσον
2805 1124 2873 1176 δὲ
2899 1124 3048 1191 πρὸς
3083 1123 3190 1175 τόν
3221 1112 3465 1188 Μιχαὴλ
3523 1121 3630 1172 τὸν
3689 1136 3867 1173 κατα-

2288 1217 2629 1287 χρηστικῶς
2659 1220 2989 1285 λεγόμενον
3017 1214 3417 1282 πατριάρχην,
3466 1212 3563 1265 καὶ
3590 1211 3697 1279 τῆς
3758 1211 3868 1263 αὺ-

2289 1312 2394 1364 τοῦ
2424 1312 2633 1376 ἀνοίας
2663 1310 3018 1377 συνεργοὺς,
3060 1307 3317 1361 πλεῖστα
3356 1305 3573 1366 ζιζάνια
3603 1305 3723 1357 τῶν
3775 1305 3866 1356 al-

2287 1404 2514 1473 ρέσεων
2550 1402 2930 1468 καθεκάστην
2947 1400 3350 1467 διασπείρεται
3376 1395 3624 1465 ἐνμέσῳ
3650 1394 3867 1460 αὐτῆς,

2291 1496 2376 1547 ὅτι
2407 1494 2601 1556 καθὼς
2627 1496 2679 1546 cl
2719 1491 3069 1561 Σιμωνιακοὶ
3106 1490 3219 1557 τὴν
3266 1487 3495 1556 δωρεὰν
3554 1484 3660 1538 τοῦ
3716 1484 3870 1539 Θεοῦ

2291 1583 2725 1650 πιπράσκουσι,
2778 1582 2873 1633 καὶ
2910 1581 2987 1645 ώς
3014 1578 3292 1633 Βαλέσιοι
3354 1577 3495 1641 τοὺς
3542 1577 3872 1644 παροίκους

2292 1676 2491 1729 αὐτῶν
2529 1673 3045 1742 ἐξευνουχίζουσι,
3073 1672 3172 1725 καὶ
3199 1673 3269 1725 οὺ
3301 1673 3495 1740 μόνον
3523 1671 3676 1739 πριὲς
3693 1670 3875 1736 ’Κλη-

2287 1764 2523 1831 ρικιῖτα,
2564 1765 2721 1817 ἀλλὰ
2757 1768 2853 1817 καὶ
2885 1764 3034 1830 πρὸς
3059 1762 3439 1819 ἐπισκοπᾶτα
3491 1762 3826 1832 ἀνάγουσιν
3856 1779 3873 1793 ·

2295 1855 2372 1918 ώς
2412 1858 2463 1907 οἱ
2490 1852 2778 1922 Ἀρειανοὶ
2813 1852 3280 1913 ἀναϐαπτίζουσι
3316 1854 3456 1919 τοὺς
3499 1854 3569 1907 ὲν
3626 1854 3877 1919 ὀνόματι

2297 1944 2405 2011 τῆς
2432 1946 2603 2013 άγίας
2639 1944 2879 2012 Τριάδος
2901 1946 3447 2013 ,βεϐαπτισμένους.
3483 1946 3575 1998 καὶ
3603 1945 3879 2016 μάλιστα

2298 2036 2440 2101 τοὺς
2470 2036 2767 2100 Λατίνους
2798 2050 2811 2064 ’
2844 2037 2923 2100 ὡς
2970 2038 3024 2088 οἱ
3082 2036 3432 2088 Δονατισταὶ
3482 2036 3881 2102 ἐπικοροῦσιν

618 2156 767 2210 rant,
827 2156 881 2199 ut
930 2145 1177 2211 parvulos
1234 2147 1511 2198 morientes
1552 2154 1671 2198 ante
1722 2156 1960 2197 actarum
1992 2146 2127 2197 diem
2161 2161 2195 2196 ιι

2312 2130 2388 2183 ὅτι
2448 2130 2623 2196 ἐκτὸς
2680 2130 2791 2198 τῆς
2851 2132 3218 2199 Ἐκκλησιάς
3267 2131 3386 2184 τῶν
3429 2131 3704 2199 Γραικῶν
3759 2132 3879 2197 τὴν

620 2237 898 2289 nativitatc
920 2236 1184 2303 baptizari
1228 2237 1597 2289 contradicunt
1640 2246 1727 2289 :et
1755 2238 1998 2289 mulieres
2030 2234 2108 2288 rel
2141 2235 2195 2287 in

618 2328 931 2388 menstruis,
976 2328 1053 2379 uel
1111 2338 1271 2395 partu
1333 2327 1719 2394 periclitantes,
1780 2327 2193 2385 communicare,

622 2420 705 2473 uel
742 2421 787 2471 si
818 2419 1103 2487 baptizata:
1162 2434 1265 2471 non
1308 2417 1528 2485 fuerint,
1560 2418 1823 2483 baptizari
1859 2418 2133 2483 prohibent
2178 2431 2195 2468 :

623 2520 674 2566 et
696 2527 902 2563 comam
947 2511 1157 2576 capitis,
1205 2522 1249 2561 et
1288 2508 1524 2570 barbam,
1568 2508 1725 2560 veluti
1782 2506 2051 2561 Nazareni
2103 2524 2201 2559 uu-

628 2603 863 2664 trientes,
893 2618 980 2654 eos
1008 2602 1095 2670 qui
1116 2617 1293 2652 comas
1331 2600 1565 2659 tondent,
1595 2612 1641 2652 et
1680 2601 1966 2652 secundum
1992 2601 2203 2651 institu-

629 2694 824 2747 tionem
888 2691 1140 2745 Romanaz
1180 2691 1433 2744 Ecclesia:
1466 2692 1657 2743 barbas
1709 2692 1929 2749 radunt.
1979 2692 2028 2742 in
2062 2708 2204 2742 com-

628 2785 936 2837 munionem
992 2799 1094 2835 non
1158 2782 1441 2847 recipiunt.
1484 2781 1557 2833 De
1603 2782 1791 2848 quibus
1826 2783 2115 2839 erroribus.
2153 2789 2202 2833 et

628 2875 753 2929 aliis
792 2874 1033 2942 pluribus
1095 2874 1365 2940 operibus,
1398 2875 1509 2939 ipse
1566 2872 1792 2926 Michael
1862 2874 2055 2925 litteris
2106 2870 2204 2925 do-

631 2965 763 3019 mini
792 2965 961 3018 nastri
994 2963 1185 3017 Leonis
1239 2979 1387 3030 papa?
1421 2964 1744 3021 admonitus,
1779 2963 2080 3025 resipiscere
2113 2977 2202 3012 ne-

632 3053 818 3124 glexit.
884 3053 1235 3107 Postmodum
1292 3054 1439 3105 nobis
1472 3052 1647 3103 illius
1689 3052 1893 3104 nuntiis
1948 3051 2206 3103 similium

634 3147 903 3199 malorum
966 3152 1283 3209 argumenta
1349 3143 1736 3195 rationabiliter
1813 3142 2205 3208 opponentibus,

634 3235 973 3301 prtrsentiam
1000 3248 1178 3297 suam,
1216 3242 1372 3300 atque
1406 3232 1727 3300 colloquium
1758 3233 1963 3297 penitus
1986 3233 2210 3299 denega—

638 3325 736 3387 uit,
786 3339 949 3391 neque
994 3338 1205 3375 sacrum
1257 3324 1635 3390 imperatorum
1690 3322 1991 3383 consilium.
2021 3332 2069 3375 et
2125 3340 2211 3374 sa-

638 3416 873 3485 pientum
909 3430 1030 3469 eum
1088 3416 1482 3468 cohortantium
1513 3416 1581 3467 ad
1612 3431 1797 3469 sanam
1832 3425 2075 3479 mentem,
2110 3432 2211 3467 au-
2237 3440 2280 3501 ε

641 3508 744 3561 diit
784 3522 803 3561 .°
834 3506 1278 3577 quemadmodum
1322 3518 1367 3559 et
1421 3518 1576 3560 antea
1616 3494 1929 3560 Latinbrum
1963 3508 2209 3561 ecclesias

641 3600 860 3661 clausit,
892 3615 1082 3666 eosque
1117 3598 1393 3668 Azymitas
1420 3615 1754 3666 nuncupatis,
1784 3599 1949 3651 verbis
1980 3610 2025 3651 et
2054 3600 2212 3667 factis

642 3692 832 3760 ubique
870 3698 1177 3758 persecutus
1234 3700 1312 3742 est
1354 3692 1405 3742 in
1444 3698 1671 3754 tantum,
1714 3700 1770 3743 ut
1828 3692 1881 3743 in
1914 3692 2041 3759 ﬁliis
2101 3676 2212 3744 suis

644 3782 1125 3834 anathematizaret
1185 3782 1539 3849 apostolicam
1590 3783 1788 3845 sedem,
1839 3792 2024 3834 contra
2055 3798 2214 3850 quam

644 3876 871 3943 seipsum
910 3872 1083 3925 adhuc
1111 3874 1394 3929 subscribit
1426 3874 1800 3927 cecumenicum
1829 3873 2215 3940 patriarcham.

650 3966 825 4031 Quare
874 3982 969 4019 nos
1025 3966 1264 4033 ejusdem
1306 3976 1524 4027 sanctte,
1558 3976 1606 4019 et
1662 3968 1845 4033 prima:
1909 3966 2217 4034 apostolica

649 4057 787 4109 sedis
818 4057 1080 4123 insignem
1114 4056 1390 4123 injuriam,
1418 4068 1467 4109 et
1503 4058 1605 4109 vim
1646 4073 1749 4109 non
1777 4058 2022 4126 ferentes,
2048 4067 2097 4111 et
2127 4073 2221 4109 ca-

652 4144 901 4197 tholicam
936 4146 1095 4213 ﬁdem
1135 4145 1315 4197 multis
1349 4147 1517 4198 modis
1568 4147 1800 4216 demergi
1844 4162 1992 4213 posse
2043 4148 2224 4214 suspi-

653 4244 831 4289 cantes
864 4274 878 4297 ,
935 4236 1374 4304 praejudicatione
1404 4247 1603 4290 sancta:
1636 4246 1684 4290 et
1722 4238 2008 4291 individuo;
2048 4239 2224 4291 Trini-

656 4330 806 4391 tatis,
846 4336 895 4379 et
933 4328 1105 4379 throni
1140 4330 1441 4396 apostolici,
1485 4330 1636 4397 cujus
1668 4346 1761 4381 nos
1803 4347 1983 4382 sumus
2018 4333 2224 4397 apocri-

656 4420 831 4481 siarii.
866 4429 916 4471 et
948 4422 1185 4473 omnium
1229 4422 1644 4473 orthodomorum
1674 4421 1920 4485 Patrum,
1959 4432 2005 4475 et
2028 4432 2225 4490 septem

657 4511 1001 4578 synodorum,
1033 4524 1097 4561 ex
1142 4512 1390 4563 universa
1434 4512 1701 4563 catholica
1743 4511 1981 4565 Ecclesia
2008 4513 2229 4565 anatheo

661 4600 814 4665 muti,
848 4600 987 4668 quod
1042 4600 1292 4653 dominus
1347 4614 1522 4655 noster
1549 4604 1818 4671 piissimus
1878 4620 2015 4671 papa
2060 4604 2228 4657 eidem

663 4692 913 4747 Michaeli
978 4702 1029 4744 et
1095 4692 1243 4745 illius
1291 4693 1623 4762 sequacibus,
1666 4698 1711 4746 si
1764 4696 1979 4747 suaderi
2022 4694 2227 4755 nolunt,

2299 2226 2671 2288 Ἐκκλησίαν
2700 2224 2808 2277 τοῦ
2838 2225 3115 2291 Χριστοῦ,
3157 2224 3257 2277 καὶ
3295 2226 3331 2291 ἡ
3363 2224 3621 2291 ἀληθινὴ
3670 2226 3875 2291 θυσία,

2301 2315 2395 2368 καὶ
2438 2317 2501 2368 τὸ
2526 2316 2846 2382 ,βάπτισμα
2889 2316 2957 2379 ἐξ
2998 2315 3145 2370 ὅλου
3191 2316 3297 2368 τοῦ
3346 2318 3577 2384 κόσμου
3643 2317 3880 2370 ἀπολω-

2300 2408 2587 2460 λεκέναι·
2651 2411 2730 2473 ὠς
2800 2411 2854 2461 οί
2924 2410 3271 2461 Νικολαΐται
3338 2410 3481 2475 τοὺς
3546 2410 3878 2477 σαρκικοὺς

2303 2500 2527 2567 γάμους
2556 2498 3000 2566 παραχωροῦσι,
3032 2499 3131 2551 καὶ
3171 2498 3539 2555 διεκδικοῦσι
3597 2502 3723 2565 τοῖς
3763 2502 3878 2555 τοῦ

2304 2593 2461 2657 ἱεροῦ
2490 2591 2921 2656 θυσιαστηρίου
2950 2592 3275 2658 ὑπηρέταις
3299 2608 3310 2622 ⁸
3344 2594 3423 2659 ὠς
3452 2596 3505 2646 οἱ
3527 2596 3876 2661 Σεσηριανοὶ

2304 2680 2745 2748 ἐπικατάρατόν
2769 2696 2919 2748 φασι
2952 2680 3057 2732 τόν
3094 2685 3282 2749 νόμον
3312 2684 3417 2735 τοῦ
3444 2684 3701 2748 Μωσέως
3726 2699 3741 2715 ·
3798 2686 3881 2749 ὡς

2305 2776 2356 2826 οἱ
2390 2772 2882 2842 Πνευματομάχοι
2908 2774 2944 2841 ἢ
2974 2776 3255 2844 θεομάχοι
3277 2775 3597 2843 ἀπέκοψαν
3632 2776 3752 2829 ἀπὸ
3778 2775 3882 2828 τοῦ

2307 2865 2619 2931 συμϐόλου
2701 2866 2809 2919 τοῦ
2878 2868 3077 2935 ἁγίου)
3127 2868 3472 2935 Πνεύματος
3540 2866 3659 2934 τὴν
3707 2867 3887 2920 ἐκπό-

2300 2970 2517 3023 ρευσιν
2537 2956 2605 3007 ἐκ
2640 2956 2743 3007 τοῦ
2770 2957 2903 3010 Υίοῦ
2930 2973 2943 2987 ⁸
2977 2959 3055 3023 ὡς
3077 2960 3131 3010 οἱ
3154 2957 3491 3024 Ναζωρηνοὶ
3526 2958 3633 3011 τὸν
3670 2974 3885 3025 σαρκι-

2309 3046 2421 3099 κόν
2471 3046 2589 3099 τῶν
2644 3047 2951 3102 Ἰουδαίων
3020 3051 3391 3118 καθαρισμὸν
3427 3050 3526 3102 ἐπὶ
3589 3052 3887 3104 τοσοῦτον

2309 3139 2621 3205 τηροῦσιν,
2651 3139 2805 3191 ὥστε
2838 3139 2909 3192 τὰ
2944 3140 3145 3208 βρέφη
3213 3142 3285 3195 τὰ
3346 3142 3723 3210 θνησκόγενα
3770 3144 3887 3210 πρὸ

2311 3231 2419 3295 τῆς
2454 3231 2673 3299 ὀγδόης
2705 3232 2930 3299 ἡμέρας
2963 3232 3084 3285 ἀπὸ
3117 3231 3228 3299 τῆς
3277 3231 3621 3301 γεννήσεως
3670 3233 3890 3297 βαπτί-

2313 3322 2509 3381 ζεσθαι
2560 3324 2917 3392 ἀντιλέγειν,
2983 3325 3081 3378 καὶ
3136 3326 3243 3390 τὰς
3302 3324 3613 3393 γυναῖκας,
3654 3325 3763 3390 τὰς
3818 3324 3891 3377 ἐν

2312 3413 2436 3478 τοῖς
2469 3416 2857 3481 καταμηνίοις
2886 3414 3106 3477 αὐτῶν,
3136 3414 3256 3468 εἴτε
3293 3416 3361 3467 ἐν
3418 3414 3493 3482 τῇ
3535 3415 3719 3483 γέννᾳ
3766 3432 3891 3469 κιν-

2313 3508 2689 3573 δυνευούσας
2750 3509 3269 3575 κοινωνήσασθαι,
3340 3508 3459 3561 εἴτε
3533 3509 3892 3564 ἀΰάπτιστοι

2314 3602 2453 3663 εισι,
2476 3600 2865 3663 βαπτίζεσθαι
2894 3599 3275 3665 διακωλύειν,
3299 3602 3397 3653 καὶ
3418 3600 3532 3668 τὴν
3560 3603 3752 3669 κόμην
3780 3600 3894 3666 τῆς

2316 3690 2591 3758 κεφαλῆς
2646 3690 2746 3743 καὶ
2782 3691 2888 3744 τοῦ
2949 3690 3251 3768 πώγωνος,
3312 3693 3390 3758 ὡς
3447 3695 3503 3745 οἱ
3558 3692 3892 3759 Ναζωρηνοι

2316 3781 2655 3849 τρέφοντες,
2682 3780 2819 3845 τοὺς
2852 3782 2956 3847 τὰς
2981 3784 3166 3849 κόμας
3221 3784 3548 3849 κείροντας,
3586 3784 3685 3836 καὶ
3745 3787 3895 3837 κατὰ

2318 3874 2434 3939 τὴν
2454 3873 2731 3935 διάταξιν
2796 3872 2905 3939 τῆς
2964 3870 3293 3940 Ῥωμαϊκῆς
3338 3872 3698 3939 Ἐκκλησίας
3752 3874 3896 3940 τοὺς

2322 3964 2609 4033 πώγωνας
2643 3963 2988 4031 ξυρίζοντας
3018 3966 3106 4028 εἰς
3144 3963 3260 4029 τὴν
3288 3965 3704 4018 κοινωνίανοὺ
3725 3982 3899 4020 κατα-

2322 4057 2599 4124 δέχονται
2624 4070 2638 4082 ’
2669 4052 2820 4120 ὑπὲρ
2841 4048 2927 4105 ὧν
2956 4050 3333 4121 πλανισμῶν,
3364 4053 3461 4104 καὶ
3485 4053 3703 4119 ἐτέρων
3727 4056 3897 4106 πλεί-

2324 4162 2487 4200 στων
2518 4144 2709 4213 ἔργων
2743 4141 2949 4205 αὑτοῦ,
3000 4145 3032 4195 ό
3074 4142 3257 4206 αὐτὸς
3308 4141 3552 4210 Μιχαὴλ
3606 4144 3899 4212 γράμματι

2327 4238 2432 4289 τοῦ
2468 4236 2655 4302 κυροῦ
2689 4232 2856 4302 ὴμῶν
2878 4234 3137 4296 Λέοντος
3160 4232 3267 4285 τοῦ
3295 4234 3465 4284 πάπα
3494 4236 3897 4301 νουθετηθεὶς,

2328 4344 2527 4381 πα.....
2554 4327 3030 4392 κατεφρόνησεν.
3069 4325 3315 4377 Ἔπειτα
3368 4323 3516 4393 ἡμῖν
3561 4324 3685 4390 τοῖς
3724 4326 3901 4395 ἀγγέ-

2328 4424 2461 4482 λοις
2493 4415 2679 4469 αὑτοῦ
2708 4417 2813 4478 τὰς
2846 4416 3168 4479 ὑποθέσεις
3208 4402 3326 4467 τῶν
3376 4416 3746 4481 τηλικούτων
3806 4434 3904 4471 κα-

2330 4509 2455 4563 κῶν
2480 4507 2739 4576 λογικῶς
2776 4504 3134 4574 ἀντιστῆναι
3182 4506 3457 4575 λέγουσι,
3514 4505 3627 4573 τὴν
3677 4524 3905 4575 παρου-

2332 4602 2477 4654 σίαν
2505 4600 2715 4659 αὑτοῦ.
2754 4599 2853 4651 καὶ
2876 4599 2991 4664 τὴν
3018 4599 3359 4665 συντυχίαν
3386 4595 3695 4661 παντελῶς
3719 4599 3907 4667 ἀπηρι

2332 4693 2583 4757 νήσατο,
2624 4694 2761 4744 οὔτε
2790 4690 2868 4754 τῷ
2903 4690 3058 4757 ὑγιεῖ
3085 4690 3455 4757 ,βουλεύματι
3476 4688 3594 4741 τῶν
3628 4691 3906 4757 αὐτοκρα-

660 4784 908 4847 decrevit,
937 4784 1075 4837 hunc
1104 4786 1159 4836 in
1194 4760 1407 4837 modum
1436 4786 1839 4839 subscribimus.
1868 4786 2109 4849 Michael,
2141 4789 2222 4854 qui

2338 4785 2527 4851 τόρων
2543 4782 2640 4836 καὶ
2673 4781 2792 4835 τῶν
2822 4781 3030 4849 σοφῶν
3055 4783 3501 4833 νουθετούντων
3522 4779 3909 4833 κατασπάσα-

664 4876 1037 4945 patriarchatu
1091 4876 1353 4940 abutitur,
1406 4878 1719 4945 neophytus,
1773 4888 1823 4930 et
1872 4879 1962 4945 qui
2026 4888 2233 4930 tantum

666 4968 897 5019 humano
945 4968 1135 5021 timore
1174 4969 1527 5019 monasticum
1575 4969 1817 5020 habitum
1867 4970 2062 5033 induit,
2097 4985 2234 5021 nunc

669 5071 790 5109 vero
811 5056 1020 5110 delictis
1045 5056 1433 5111 incurabilibus
1460 5059 1604 5123 apud
1648 5061 1841 5113 multos
1868 5061 2232 5127 cii/formatus,

667 5154 717 5199 et
740 5162 851 5198 una
880 5162 999 5199 cum
1046 5162 1106 5199 eo
1145 5144 1271 5209 Leo,
1304 5148 1395 5215 qui
1428 5148 1638 5201 Acrida:
1662 5152 1879 5215 dicitur,
1912 5161 1961 5203 et
2001 5151 2234 5219 ejusdem

670 5237 940 5291 Hmhaelis
1000 5238 1314 5291 sacellarius
1367 5238 1737 5307 Nicephorus,
1781 5244 1870 5309 qui
1926 5242 2237 5294 Latinorum

674 5329 1000 5396 sacriﬁcium
1036 5330 1087 5381 in
1111 5341 1392 5397 conspectu
1442 5334 1676 5385 omnium
1714 5334 1930 5400 pedibus
1966 5334 2242 5387 conculca-

674 5419 768 5481 vit,
799 5419 1077 5486 caterique
1098 5434 1278 5475 omnes
1303 5423 1393 5491 qui
1422 5438 1508 5475 eos
1544 5434 1835 5491 sequuntur
1864 5426 1916 5476 in
1939 5426 2058 5491 jam
2086 5424 2241 5476 dictis

672 5510 940 5563 erroribus
958 5520 1004 5562 et
1024 5509 1451 5576 facinoribus,sit
1470 5512 2106 5579 anathema,maranatha
2123 5532 2242 5567 cum

676 5600 1021 5661 Simoniacis,
1052 5599 1304 5665 Valesiis,
1332 5604 1569 5670 Arianis,
1594 5605 1915 5671 Donatistis,
1943 5604 2243 5666 Nicolaitis,

681 5692 1459 5758 Seuerianis,Manichwis,cum
1478 5696 1663 5763 quibus
1699 5698 1949 5765 dogmata
1981 5706 2241 5759 statuunt,

678 5791 726 5835 et
748 5783 869 5837 aliis
888 5786 973 5851 qui
999 5784 1365 5851 fermentatum
1391 5787 1683 5841 animatum
1707 5804 1818 5841 esse
1838 5791 2039 5855 dicunt,
2062 5800 2107 5841 et
2132 5806 2245 5842 cum

2343 4880 2479 4930 σθαι
2498 4876 2703 4937 αὐτὸν,
2723 4876 2832 4941 οὐχ
2850 4874 3226 4940 ὑπήκουσεν,
3257 4872 3449 4937 καθὼς
3490 4872 3588 4924 καὶ
3622 4874 3913 4941 πρότερον

2342 4971 2450 5034 τὰς
2477 4968 2594 5021 τῶν
2629 4968 2900 5020 Λατίνων
2951 4964 3308 5028 Ἐκκλησίας
3341 4964 3749 5031 ἠσφαλίσατο,
3813 4965 3912 5019 καὶ

2344 5060 2563 5123 αὐτοὺς
2603 5056 2901 5125 Ἀξιιμίτας
2939 5054 3264 5109 ἀποκαλῶν
3301 5056 3525 5122 ῥήματι
3579 5055 3677 5108 καὶ
3720 5056 3914 5124 ἔργοις

2346 5150 2663 5218 ἁπανταχῆ
2718 5147 3112 5211 κατεδιώξατο
3162 5147 3261 5200 ἐπὶ
3311 5149 3628 5212 τοσοῦτον,
3661 5149 3913 5202 ῶστεὲν

2341 5244 2464 5306 τοῖς
2495 5240 2645 5304 υἱοῖς
2673 5238 2860 5291 αὐτοῦ
2890 5238 3336 5307 ἀναθεματίζειν
3360 5238 3472 5304 τὴν
3495 5240 3916 5307 ἀποστολικὴν

2343 5332 2657 5399 καθέδραν,
2684 5332 2813 5385 καθ’
2857 5327 2931 5400 ἧς
2968 5331 3187 5385 ἑαυτὸν
3214 5332 3301 5383 ἔτι
3342 5331 3671 5399 ὑπογράφει
3718 5335 3915 5386 οικου-

2340 5424 2582 5493 μενικὸν
2620 5419 2998 5489 πατριάρχην
3021 5436 3035 5451 ·
3070 5422 3207 5475 ὅθεν
3232 5422 3403 5489 ἡμεῖς
3440 5422 3552 5489 τῆς
3601 5422 3775 5490 ἁγίας
3806 5424 3917 5475 a0-

2345 5515 2477 5579 τῆς,
2530 5513 2631 5565 καὶ
2682 5511 2917 5580 πρώτης
2963 5513 3382 5579 ἀποστολικῆς
3447 5512 3739 5579 καθέδρας
3803 5513 3918 5580 τὴν

2348 5605 2722 5667 ἐξάκουστον
2765 5603 2917 5664 ,Βίαν
2960 5603 3057 5655 καὶ
3097 5604 3267 5671 ὓϐριν
3320 5606 3432 5670 οὐχ
3484 5606 3916 5671 ὑποφέροντες,

2352 5698 2465 5760 τήν
2485 5714 2545 5749 τε
2568 5695 2896 5761 καθολικὴν
2922 5696 3134 5748 πίστιν
3163 5696 3563 5750 καταδύεσθαι
3625 5699 3925 5764 πολυτρί-

2356 5804 2477 5854 πως
2554 5787 2945 5855 ὑφορώμενοι,
3013 5788 3322 5856 προκρίσει
3378 5788 3488 5857 τῆς
3547 5788 3757 5858 ἁγίας,
3817 5790 3919 5840 καὶ
