4106 6336
176 384 280 452 7ΕῙ

1584 412 1986 480 EPISTOLE.

3272 434 3382 493 752

170 500 228 611 ei
255 499 441 611 λοιπαλΣ
469 500 569 572 τῆς
589 504 752 576 ἀλλττς
777 506 905 579 [ΑΗ.
937 512 1093 589 ὅλης]
1119 515 1404 584 Ἀνατολῆς
1430 518 1688 590 ὲπαρχίαι
1712 540 1725 554 °

1831 529 2176 606 Romagyris,
2210 545 2322 596 “ire
2350 541 2652 609 Chorosan,
2688 557 2898 598 neCnon
2935 543 3153 611 reliquze
3185 541 3381 598 Orien-

169 593 229 644 ὲν
282 591 370 659 αἶς
414 598 839 667 ἀρχιεπίσκοποι
883 608 1014 677 παρ’
1055 611 1212 678 ήμῶν
1268 615 1576 682 πέμπονται
1633 617 1729 670 καὶ

168 685 467 752 καθολικοὶ,
526 697 958 762 χειροτονοῦντες
1000 701 1058 752 ὲν
1101 701 1331 765 ἐκείνοις
1382 706 1492 768 τοῖς
1543 706 1730 775 μέρεσι

168 781 595 846 μητροπ-λίτας,
634 786 856 855 ἔχοντας
884 792 974 844 ὑπ’
1013 794 1208 857 αὐτοὺς
1241 798 1576 858 ἐπισκόπους
1605 801 1730 852 πολ-

162 866 335 963 λούς·
395 873 506 963 ἀλλ’
557 872 636 938 εἷς
679 879 739 943 ἐξ
783 881 961 934 αὐτῶν
1010 873 1351 958 πατριάρχης
1397 893 1494 944 οὐκ
1528 892 1725 963 ἐκλήθη

163 960 319 1014 πατέ.
368 962 525 1016 Ἀλλὰ
548 968 674 1034 περὶ
711 971 807 1036 μὲν
831 973 1034 1026 τούτων
1066 977 1123 1026 ἐν
1163 977 1390 1040 τούτοις.

239 1055 668 1126 ς’.Διελάμ6ανε
699 1063 753 1113 δὲ
784 1064 1016 1133 ὴγραφὴ
1043 1067 1141 1135 τῆς
1161 1070 1468 1140 ἁγιωσύνης
1486 1089 1602 1133 σου,
1634 1073 1727 1125 καὶ

162 1146 295 1212 ’περὶ
328 1146 422 1198 τοῦ
453 1148 755 1212 ἀγιωτὰτου
780 1155 872 1206 καὶ
925 1161 1344 1225 μακαριωτάτου
1389 1165 1724 1233 πατριάρχου

162 1232 821 1304 κωνσταντινουπόλεως.
857 1244 938 1295 ὅτι
980 1245 1076 1314 τὴν
1105 1248 1424 1316 θεοτίμητον
1461 1310 1464 1312 _
1494 1232 1727 1320 Ῥωμαϊ-

161 1321 271 1386 κὴν
315 1321 643 1386 Ἐκκλησίαν
675 1327 945 1393 ἑξουθενεῖ
970 1335 1064 1385 καὶ
1112 1335 1386 1389 διαϐάλλει
1419 1341 1511 1391 καὶ
1566 1341 1727 1409 βλασ-

159 1412 338 1478 φημεῖ
377 1412 508 1484 [ΑΗ.
542 1416 691 1485 λέγει
721 1420 1084 1496 βλασφημεῖν]
1117 1427 1202 1478 διὰ
1226 1429 1293 1479 τὰ
1318 1429 1518 1498 ἄζυμα,
1566 1431 1725 1485 ἅτινα

157 1503 245 1561 είς
273 1503 442 1554 τύπον
465 1506 555 1559 τοῦ
586 1509 867 1580 Κυριακοῦ
902 1513 1151 1583 σώματος
1214 1519 1459 1586 συνήθως
1516 1523 1725 1590 λαμϐά-

158 1602 350 1653 νοντες
375 1596 654 1649 πιστεύετε
685 1600 1010 1667 ἀγιὰξεσθαι
1042 1620 1056 1636 ·
1093 1608 1186 1658 καὶ
1219 1608 1293 1668 ὡς
1348 1609 1724 1678 ἀλλοτριοῦσθε

160 1682 258 1733 ὑπ’
287 1684 451 1736 αὑτοῦ
484 1687 551 1737 δι’
591 1689 728 1743 αὐτὰ
778 1693 877 1762 τῆς
922 1695 1086 1763 ὀρθῆς
1144 1698 1236 1750 καὶ
1292 1700 1592 1769 ἀμωμήτου
1635 1702 1732 1752 πί-

157 1789 356 1835 στεως,
388 1777 480 1827 καὶ
506 1779 670 1831 αὐτοῦ
726 1781 818 1834 τοῦ
853 1785 1035 1852 τιμίου
1082 1788 1411 1841 Δεσποτικοῦ
1457 1790 1722 1859 σώματος,

157 1864 596 1936 ἀποτεμνόμενοι
635 1872 733 1939 τῆς
759 1874 1054 1946 καθολικῆς
1116 1878 1462 1949 Ἐκκλησίας,
1517 1877 1583 1953 ῆς
1649 1884 1726 1950 τῷ
1762 1865 1799 1916 Β

157 1955 351 2009 κανόνι
401 1960 738 2029 στοιχοῦντες
801 1966 938 2033 μετὰ
1018 1970 1209 2021 πασῶν
1269 1973 1376 2024 τῶν
1441 1975 1579 2028 κατά
1628 1975 1729 2045 τὴν

170 2042 450 2117 Ἑσπέραν
493 2051 846 2120 Ἐκκλησιῶν,
889 2055 1074 2127 ὥσπερ
1105 2061 1315 2130 κεφαλῇ
1379 2063 1537 2132 σῶμα
1591 2042 1726 2132 μετὰ

157 2137 350 2202 πάσης
372 2141 646 2210 ὑποταγῆς
670 2143 892 2199 ἕπεσθε.
928 2149 1257 2217 Προσέκειτο
1302 2151 1360 2204 δὲ
1421 2156 1487 2222 τῇ
1541 2157 1724 2224 γραφῇ

152 2228 245 2279 ὅτι
314 2230 409 2280 καὶ
459 2232 560 2300 τῆς
594 2233 830 2298 παλαιᾶς
878 2236 1228 2305 διδασκαλίας
1281 2243 1388 2296 τῶν
1416 2245 1727 2300 ἀποστόλων

157 2317 448 2406 ἀλλότριον
478 2323 743 2394 ποιοῦμεν
764 2343 778 2360 ο
808 2328 1003 2391 οἵτινες
1026 2332 1122 2396 τὴν
1159 2332 1270 2386 τῶν
1297 2335 1523 2404 ἀζύμων
1551 2339 1728 2406 παράρ-

153 2403 309 2465 8ὄσιν
341 2417 440 2467 οὔκ
469 2418 563 2468 ἀπ’
595 2421 775 2472 αὐτῶν
820 2419 928 2473 τῶν
989 2425 1302 2489 ἀποστόλων
1361 2403 1543 2498 μόνον,
1591 2403 1727 2484 ἀλλὰ

155 2505 261 2558 καὶ
308 2507 474 2559 αὐτοῦ
518 2509 611 2562 τοῦ
672 2511 944 2565 Δεσπότου
1000 2514 1233 2583 Χριστοῦ
1290 2519 1676 2588 παρελάϐομεν
1707 2537 1724 2552 ·

158 2598 263 2650 οὐκ
295 2599 612 2666 ἀγνοοῦντες
641 2604 723 2656 ’ότι
757 2604 958 2669 πάντες
1001 2607 1050 2660 οί
1083 2609 1224 2661 κατὰ
1277 2596 1376 2677 τὴν
1438 2612 1728 2683 Ἀνατολὴν

157 2688 401 2756 ἀοίδιμοι
427 2692 688 2760 Πατέρες,
725 2693 822 2760 τὴν
851 2696 943 2748 διὰ
984 2696 1076 2749 τοῦ
1107 2698 1337 2768 ζυμίτου
1364 2701 1530 2772 ἄρτου
1571 2705 1726 2756 ἀναί-

166 2804 377 2854 μακτον
406 2788 594 2840 θυσίαν
630 2790 925 2855 ἐγίνωσκον
945 2805 957 2816 ’
982 2793 1030 2844 οἱ
1061 2795 1155 2846 καὶ
1183 2795 1281 2862 βίῳ
1313 2797 1407 2847 καὶ
1447 2798 1587 2866 λόγῳ
1611 2799 1728 2852 δια-

159 2875 500 2944 πρὲψαντες,
541 2877 635 2928 καὶ
658 2881 776 2940 ταῖς
806 2880 1174 2944 διδασκαλίαις
1205 2885 1382 2936 πᾶσαν
1410 2886 1505 2949 τὴν
1538 2887 1726 2938 οίκου-

166 2971 339 3035 μένην
399 2968 948 3036 παιδαγωγήσαντες,
988 2972 1104 3024 καὶ
1172 2974 1253 3024 ὅτι
1303 2973 1512 3043 ταύτην
1567 2977 1726 3040 ἁγίαν

158 3056 501 3124 ἡγούμενοι,
563 3058 751 3127 ὥσπερ
804 3059 866 3129 δὴ
929 3060 1160 3112 καὶτῶν
1203 3059 1449 3129 ἀζύμων,
1505 3064 1596 3116 τὸν
1629 3065 1728 3132 μὲν

1838 622 1908 676 tis
1939 627 2249 694 provinciae,
2290 635 2352 683 ad
2394 649 2528 701 quas
2563 650 2591 686 a
2632 635 2784 689 nobis
2826 637 3111 688 mittuntur
3160 638 3377 690 archic-

1836 714 2040 785 piscopi
2079 728 2132 771 et
2165 723 2437 784 catholici,
2473 725 2563 791 qui
2606 726 2855 780 ordinant
2892 728 2942 778 in
2979 727 3087 778 illis
3137 727 3380 794 partibus

1834 798 2274 871 Metropolitanus
2305 809 2499 877 quibus
2523 812 2750 865 subsunt
2799 815 2948 866 multi
2979 815 3210 880 episcopi
3247 833 3261 868 :
3294 823 3380 866 at-

1835 898 2012 945 tamen
2073 896 2252 950 nullus
2295 914 2481 951 eorum
2527 915 2762 968 unquam
2810 906 3105 972 appellatus
3151 913 3236 958 est
3281 919 3377 973 pa-

1833 979 2090 1034 triarcha.
2126 985 2324 1038 Verum
2347 988 2522 1043 dehis
2563 991 2844 1045 hactenus.

1902 1071 1956 1123 6.
2001 1071 2310 1130 Disserebat
2358 1080 2521 1133 etiam
2561 1082 2790 1149 epistola
2834 1083 3141 1136 sanctitatis
3178 1093 3281 1136 tuae
3311 1082 3380 1138 de

1836 1162 2185 1218 sanctissimo
2227 1167 2663 1239 ibcatissimoque
2717 1173 3024 1240 patriarcha
3071 1173 3384 1227 Constanti-

1833 1255 2065 1320 n0polis,
2107 1256 2251 1324 quod
2283 1272 2312 1311 a
2346 1258 2452 1313 Deo
2481 1260 2799 1315 honoratam
2842 1261 3141 1315 Ecclesiam
3180 1263 3380 1315 Roma-

1833 1359 1952 1396 nam
1981 1355 2313 1410 contemnat,
2349 1360 2586 1413 accuset,
2623 1351 2864 1417 infamet,
2907 1361 3127 1421 pr0pter
3171 1367 3384 1421 azyma,

1832 1450 1950 1501 qua:
1979 1435 2030 1487 in
2064 1437 2232 1502 ﬁgura
2268 1438 2531 1494 Dominici
2559 1443 2802 1510 corporis
2837 1457 2902 1496 ex
2939 1457 3090 1496 more
3120 1457 3216 1495 vos
3254 1457 3382 1511 per-

1831 1526 2116 1594 cipientes,
2150 1529 2372 1582 creditis
2403 1531 2768 1598 sanctilicari;
2813 1534 3062 1601 quodque
3097 1540 3382 1600 propterea

1832 1633 1928 1686 per
1954 1621 2198 1671 eumdem
2236 1621 2610 1675 abalienemini
2648 1637 2675 1674 a
2707 1631 2853 1676 recta
2889 1629 2943 1676 et
2978 1622 3251 1690 inculpata
3277 1621 3378 1677 fide

1832 1708 2060 1775 ipsoque
2099 1711 2387 1762 venerabili
2434 1712 2779 1781 pretiosaque
2820 1713 3098 1766 Dominico
3126 1727 3375 1779 corpore,

1833 1801 2059 1855 abscissi
2089 1816 2116 1854 a
2144 1804 2410 1858 catholica
2443 1803 2713 1871 Ecclesia;
2746 1808 2903 1874 cujus
2929 1816 3090 1873 tame;
3139 1807 3378 1872 regulam

1832 1893 2040 1958 sectati,
2071 1909 2193 1948 cum
2243 1895 2653 1966 universisper
2692 1897 3038 1952 Occidentem
3093 1897 3148 1950 ι.
3177 1895 3381 1958 ιέιεεὶἰε,

1832 1996 2089 2058 tanquam
2143 1997 2304 2055 caput
2341 2005 2540 2059 corpus
2568 2005 2689 2044 cum
2735 1988 2880 2042 omni
2925 1985 3151 2054 subjecti
3179 2001 3262 2040 me
3294 1999 3382 2040 se-

1832 2080 2095 2150 quamini.
2147 2080 2515 2149 Adjiciebatur
2563 2081 2616 2132 in
2664 2079 2856 2152 litteris
2909 2080 3040 2142 tuis,
3099 2094 3198 2131 "es
3246 2093 3380 2131 con-

1832 2172 2057 2224 trarium
2095 2170 2260 2224 veteri
2302 2171 2665 2236 apostolorum
2715 2168 2978 2222 doctrina:
3027 2170 3207 2222 facere
3231 2208 3247 2231 ,
3287 2166 3383 2236 qui

1833 2277 2144 2334 azymorum
2180 2261 2550 2326 traditionem,
2601 2275 2709 2315 non
2736 2268 2947 2315 tantum
2983 2259 3052 2316 ab
3084 2259 3214 2329 ipsis
3251 2273 3386 2327 apo-

1832 2353 2007 2418 stolis,
2032 2354 2127 2408 sed
2155 2360 2208 2406 et
2238 2352 2305 2405 ab
2337 2351 2454 2421 ipso
2473 2349 2702 2406 Domino
2725 2350 2947 2405 Christo
2972 2351 3383 2417 acceperimus:

1832 2459 1942 2499 non
1983 2445 2300 2512 ignorantes
2339 2442 2489 2512 quod
2550 2441 2894 2495 incruentum
2948 2454 3017 2494 ex
3059 2438 3385 2493 fermentata

1831 2550 1973 2606 pane
2001 2535 2330 2589 sacriﬁcium
2368 2534 2690 2602 agnoverint
2718 2531 2900 2585 cuncti
2948 2531 3002 2584 in
3044 2530 3262 2585 Oriente
3296 2515 3391 2584 ce?

1834 2625 2010 2681 lebres
2041 2625 2249 2689 Patres,
2296 2625 2387 2691 qui
2421 2638 2543 2677 cum
2572 2623 2681 2675 vita
2743 2629 2855 2674 tum
2914 2633 3163 2674 Sermone
3212 2616 3389 2670 incla-

1833 2721 2057 2765 ruerunt
2083 2751 2098 2774 ,
2133 2720 2406 2780 totumque
2430 2712 2616 2764 orbem
2645 2693 2966 2764 erudierunt
2987 2706 3234 2760 doctrina
3259 2719 3382 2760 sua.

1831 2798 2119 2862 Praeterea,
2144 2817 2237 2855 vos
2259 2801 2359 2854 hoc
2387 2799 2710 2854 sacrilicium
2743 2806 2989 2852 sanctum
3045 2793 3379 2857 existimare,

1833 2902 1891 2945 ut
1935 2901 1988 2945 et
2034 2892 2167 2956 illud
2215 2894 2357 2961 quod
2421 2907 2486 2945 ex
2537 2891 2740 2960 azymis
2780 2889 3104 2951 coniicitur,
3171 2901 3232 2938 ac
3271 2882 3382 2938 fer-

1834 2993 2130 3038 mentatum
2174 2984 2387 3052 quidem
2436 2997 2629 3051 panem
2678 2989 2926 3050 reputare
2970 2980 3091 3031 loco
3136 2977 3255 3046 ejus
3289 2973 3383 3041 qui

1837 3091 1931 3144 pro
1967 3077 2123 3129 nobis
2157 3075 2327 3128 factus
2379 3084 2462 3126 est
2513 3075 2674 3126 homo
2714 3073 3008 3140 perfectus,
3058 3078 3240 3134 utpote
3287 3065 3380 3134 qui

159 3146 401 3215 ζυμίτην
425 3148 583 3215 ἄρτον
615 3149 726 3215 (14)
753 3149 1028 3216 λογίζεσθε
1061 3151 1151 3203 τὸν
1189 3151 1253 3202 δι’
1275 3155 1423 3221 ἡμᾶς
1453 3154 1726 3223 γεννώμε-

1834 3167 1904 3220 sit
1938 3173 2099 3220 etiam
2127 3166 2266 3220 Deus
2310 3165 2609 3234 perfectus;
2650 3163 3025 3233 mysteriorum
3073 3167 3249 3211 autem
3287 3172 3381 3224 per

160 3254 255 3290 νον
282 3236 408 3307 [ΑΗ.
444 3238 756 3310 γενόμενον]
814 3241 1018 3292 τέλειον
1044 3241 1350 3309 ἄνθρωπον,
1390 3243 1485 3295 ἅτε
1534 3245 1596 3311 δὴ
1639 3247 1732 3296 καὶ

160 3327 326 3381 αὐτὸν
353 3328 483 3380 ὅντα
515 3328 646 3380 Θεὸν
681 3330 886 3382 τέλειον
915 3345 928 3360 ·
955 3331 1053 3398 τὴν
1084 3332 1139 3383 δὲ
1193 3333 1280 3384 διὰ
1332 3334 1439 3385 τῶν
1505 3335 1732 3400 ἀζύμων

165 3419 578 3485 μυσταγωγίαν,
607 3419 668 3470 τὸ
694 3419 931 3490 καθαρὸν
957 3421 1055 3488 καὶ
1081 3421 1286 3486 ἀπαθὲς
1327 3423 1429 3492 τῆς
1465 3423 1559 3476 τοῦ
1596 3424 1730 3477 Θεοῦ

161 3508 338 3574 Λόγου
365 3507 686 3576 ὲνανθρωπή
697 3525 853 3569 σεως.

234 3595 300 3660 ζ’.
338 3597 524 3650 Ταῦτα
553 3599 655 3665 τῆς
682 3599 904 3666 γραφῆς
937 3598 1408 3673 ὑπαγορευούσης,
1455 3605 1729 3676 ὑπεραπο-

163 3690 473 3757 λογούμεθα
506 3689 641 3756 πρὸς
670 3691 769 3758 τὴν
797 3691 938 3744 κατά
961 3691 1091 3743 Θεὸν
1124 3694 1337 3747 σύνεσιν
1369 3698 1461 3749 καὶ
1505 3699 1729 3769 ἀγάπην

165 3799 263 3834 σου
290 3797 301 3809 ’
325 3780 405 3832 ὅτι
445 3781 543 3848 οὐχ
574 3779 745 3841 οὕτως
772 3783 799 3833 ό
834 3781 1133 3844 ἀγιὼτατος
1161 3786 1503 3856 πατριάρχης
1566 3790 1725 3842 Κων-

163 3871 656 3932 σταντινουπόλεως
687 3871 998 3937 ἀποτόμως.
1032 3872 1105 3934 ὡς
1137 3871 1405 3943 ἔγραψας,
1459 3879 1560 3946 τῆς
1587 3879 1725 3946 ὑμε-

160 3966 328 4031 τέρας
357 3961 672 4031 ὑπολήψεως
703 3963 1073 4030 καταγίνεται,
1111 3966 1202 4016 καὶ
1225 3968 1547 4032 κακοδόξους
1581 3970 1724 4036 ὑμᾶς

161 4053 445 4114 ἀποκαλεῖ,
479 4054 753 4119 ἐκτέμνων
783 4051 882 4119 τῆς
934 4053 1095 4119 ἁγίας
1142 4055 1438 4126 καθολικῆς
1497 4058 1726 4126 Ἐκκλη-

162 4147 288 4206 σίας
315 4160 329 4174 ·
355 4144 468 4196 ἀλλ’
507 4139 817 4211 όρθοδόξους
850 4143 942 4194 καὶ
977 4143 1286 4214 ὁμόφρονας
1323 4149 1454 4216 ήμῖν
1499 4151 1627 4218 περί
1667 4169 1723 4203 τε

162 4239 264 4306 τὴν
295 4234 512 4304 ἀσφαλῆ
543 4235 822 4300 θεολογίαν
876 4235 973 4301 τῆς
1014 4234 1329 4305 ζωαρχικῆς
1397 4240 1490 4292 καὶ
1532 4242 1728 4308 ὁμοου.

168 4330 286 4382 σίου
310 4329 469 4394 ἀγίας
498 4327 745 4396 Τριάδος,
807 4327 898 4379 καὶ
966 4326 1064 4396 τὴν
1112 4327 1373 4398 ένσαρκον
1414 4331 1726 4400 οίκονομίαν

158 4419 257 4472 τοῦ
304 4418 506 4486 Κυρίου
549 4418 642 4468 καὶ
693 4418 827 4468 Θεοῦ
871 4417 965 4468 καὶ
1015 4415 1269 4484 Σωτῆρος
1330 4419 1487 4488 ἡμῶν
1546 4421 1720 4490 Ἰησοῦ

1837 3272 2025 3327 azyma
2060 3257 2481 3310 celebrationem
2517 3256 2718 3308 habere
2745 3268 2839 3322 pro
2877 3266 3012 3321 pura
3047 3260 3097 3304 et
3127 3248 3386 3317 impassi-

1833 3347 1924 3403 bili
1959 3347 2053 3401 Dei
2086 3347 2251 3401 Verbi
2293 3346 2688 3400 incarnatione.

1904 3611 1956 3663 7.
1988 3609 2113 3663 Haec
2142 3607 2409 3675 scriptura
2473 3614 2566 3657 tua
2620 3600 2950 3666 declarante,
2994 3598 3383 3667 respondemus

1831 3707 1939 3754 tum
1965 3699 2262 3754 secundum
2296 3697 2460 3750 Deum
2498 3694 2795 3764 prudentiae
2832 3706 2895 3746 ac
2919 3689 3190 3745 dilectioni
3221 3706 3233 3742 :
3262 3686 3380 3740 Non

1832 3793 1964 3847 adeo
2017 3790 2322 3859 praefracte,
2384 3802 2446 3841 ac
2496 3783 2791 3851 scripsisti,
2852 3781 3232 3834 sanctissimus
3287 3792 3385 3844 pa—

1832 3880 2068 3934 triarcha
2095 3875 2730 3943 Constantinopolitanus
2751 3881 2784 3936 ,ί
2817 3871 3051 3924 vestram
3105 3868 3384 3921 exiStima-

1831 3970 2026 4023 tionem
2092 3967 2316 4030 iuvadit,
2357 3979 2558 4033 vosque
2623 3962 2856 4030 appellat
2913 3959 3216 4013 cacodoxos
3284 3971 3380 4009 seu

1831 4062 1985 4115 malm
2011 4058 2298 4114 sententiae
2351 4057 2618 4115 homines,
2675 4051 3058 4116 ahscinditque
3112 4065 3138 4101 a
3190 4060 3379 4101 sancta

1830 4151 2095 4207 catholica
2127 4147 2408 4202 Ecclesia:
2443 4146 2535 4199 sed
2589 4145 2754 4213 probe
2802 4155 3141 4210 cognoscens
3192 4139 3381 4190 ortho-

1828 4241 2002 4296 dox’os
2036 4255 2178 4302 esse,
2223 4239 2474 4305 idemque
2514 4237 2795 4290 nobiscum
2849 4233 3055 4287 sentire
3102 4232 3248 4284 circa
3289 4244 3382 4282 so-

1828 4329 1986 4383 lidam
2009 4328 2327 4397 theologiam
2353 4326 2579 4380 vivific:e
2597 4336 2650 4378 et
2675 4321 3152 4378 consubstantialis
3176 4324 3376 4372 Sanctae

1827 4418 2129 4482 Trinitatis,
2181 4431 2387 4470 necnon
2435 4415 2576 4467 circa
2638 4412 3079 4466 incarnationem
3142 4405 3375 4468 Domini,

161 4507 422 4576 Χριστοῦ,
472 4506 652 4568 καλῶς
696 4507 1093 4573 ἐπιστάμενοςο
1151 4508 1231 4559 ἑνὶ
1269 4508 1324 4560 δὲ
1361 4509 1506 4578 μόνῳ
1550 4511 1723 4581 τούτῳ

1833 4509 1949 4575 Dei,
2003 4507 2413 4574 Servatorisque
2467 4504 2638 4558 noetri
2689 4502 2815 4556 Jesu
2867 4500 3070 4556 Christi
3112 4518 3125 4553 :
3165 4499 3217 4551 in
3269 4511 3379 4550 uno

164 4597 493 4660 σκάζοντας,
557 4598 623 4666 τῇ
674 4595 782 4647 τῶν
837 4596 1060 4664 ἀζύμων
1117 4599 1385 4669 ἀναφορᾷ,
1431 4599 1726 4655 δεινοπαθεῖ

1835 4614 2013 4655 autem
2047 4601 2162 4654 solo
2201 4599 2300 4651 hoc
2333 4594 2937 4658 claudicare,nimirum
2973 4593 3026 4646 in
3061 4604 3375 4660 azymorum

161 4691 260 4743 καὶ
282 4689 530 4741 λυπεῖται
565 4687 660 4740 καὶ
682 4687 986 4754 ἀγανακτεῖ
1009 4703 1023 4719 ·
1061 4687 1142 4739 ὅτι
1185 4689 1259 4757 μὴ
1301 4690 1429 4758 περὶ
1452 4690 1549 4761 τὴν
1582 4692 1726 4747 θείαν

1834 4691 2128 4753 oblatione,
2162 4687 2394 4758 graviter
2447 4684 2572 4749 fert,
2627 4683 2794 4747 dolet,
2848 4682 3180 4751 indignatur,
3233 4677 3377 4748 quod

1278 4803 1457 4863 Joan.
1496 4805 1670 4880 Bapt.
1711 4803 2010 4867 Cotelerii
2042 4811 2228 4864 notae.

159 4941 318 4989 nnm,
352 4925 616 4989 Curasan,
649 4924 931 4996 Corasmia
981 4924 1288 4996 diciturque
1319 4941 1345 4978 a
1382 4925 1714 4996 Theophane

160 5011 288 5048 esse
325 4996 500 5049 Persis
536 4997 779 5048 interior.
813 4992 964 5046 Unde
995 4995 1172 5060 populi
1200 4995 1508 5054 Chorasmi,
1535 4992 1549 4996 ⁷
1575 4995 1723 5048 Cho-

165 5067 442 5126 rusanitze,
517 5064 909 5125 Chorasanitar,
991 5062 1318 5126 Chorasmii,
1386 5062 1718 5124 Corasmini,

159 5134 530 5195 Cliorasuiiui,
557 5133 926 5193 Chorosmini,
957 5132 1363 5195 Choraisanitm,
1397 5133 1722 5186 Chorasme-

161 5204 218 5254 ni
271 5213 319 5254 et
368 5202 732 5254 Choramnazi.
776 5199 884 5253 Nec
937 5200 1112 5254 omitti
1158 5201 1354 5254 debent
1390 5202 1550 5253 verba
1587 5203 1722 5255 Pro-

164 5273 330 5338 copii.
363 5269 430 5321 De
456 5272 588 5324 bello
621 5269 855 5338 Persico,
882 5270 971 5321 lih.
1006 5284 1064 5333 ιι,
1095 5284 1215 5338 cap.
1244 5269 1310 5322 Ἠ
1342 5287 1354 5320 :
1390 5270 1481 5330 Εἰς
1525 5272 1589 5321 τὰ
1628 5270 1721 5321 ἐπὶ

163 5336 541 5409 Χορζιανηνῆς
603 5338 778 5406 χωρία
829 5336 1014 5409 ἦλθον,
1068 5337 1191 5409 quia
1244 5338 1521 5409 emendari
1561 5340 1720 5392 debet

163 5407 591 5476 Χέροζιανηνῆς,
617 5423 681 5459 ex
715 5406 982 5475 scriptura
1023 5406 1224 5476 codicis
1256 5406 1428 5469 Boici,
1450 5407 1720 5474 Χορυζια-

163 5476 356 5544 νηνῆς.
387 5473 606 5543 Legitur
658 5473 838 5528 tamen
870 5477 921 5528 in
964 5476 1150 5528 eodem
1192 5473 1478 5544 Procopio,
1534 5473 1626 5530 lib.
1657 5493 1716 5529 ιιι

163 5540 238 5597 DL-
283 5540 545 5612 rrdiﬁciis,
596 5559 717 5612 cap.
767 5545 799 5597 5
832 5563 844 5596 :
880 5545 1132 5613 Χορζάνη
1184 5540 1383 5614 χώρα(
1415 5544 1579 5600 Forte
1619 5561 1715 5613 pro

161 5613 467 5667 Χοοοζάντι.

214 5613 467 5680 οροζάνη.

526 5680 642 5751 μὲν
655 5681 900 5748 ζυμίτην
916 5682 1115 5751 ἄρτον,
1144 5691 1248 5737 etc.
1273 5681 1446 5751 Supra
1472 5683 1712 5751 Epistoia

164 5753 452 5806 Dominici.
480 5751 592 5805 liuc
625 5749 754 5807 facit
785 5750 1067 5819 locus,qui
1098 5763 1353 5822 tanquam
1385 5749 1630 5821 Gregorii
1653 5755 1711 5808 in

1824 4929 2071 4993 Hegistro
2106 4928 2307 4980 citalur
2350 4941 2379 4979 a
2431 4924 2645 4993 Thema
2695 4922 3004 4990 Aquinate:
3039 4919 3373 4993 Soletnnon-

1823 4989 1996 5051 nullos
2034 5013 2252 5056 movere,
2313 4995 2448 5064 quod
2503 4997 2558 5044 in
2602 4989 2837 5044 Ecclesia
2874 4990 3113 5064 gonpuili
3148 4989 3373 5055 offerunt

1822 5083 1980 5132 panes
2035 5082 2270 5134 azymos,
2324 5059 2415 5115 nlii
2460 5065 2818 5132 fermentatos.
2865 5059 3099 5112 Ecctesia
3146 5073 3374 5134 namque

1822 5125 2062 5189 Romana
2082 5125 2232 5202 o77‘ert
2260 5125 2474 5201 argutos
2504 5146 2685 5196 panes,
2721 5139 2989 5202 propterea
3020 5127 3156 5194 quod
3188 5125 3372 5202 Demi-

1824 5222 1919 5258 nus
1954 5207 2065 5257 sine
2112 5194 2223 5257 ulla
2279 5194 2634 5255 covmmistionr
2686 5199 2907 5263 suscepit
2959 5211 3191 5248 carnem.
3233 5194 3374 5263 Illic

1828 5292 1944 5328 vero
1967 5274 2215 5326 Ecclesia!
2242 5273 2462 5338 offerunt
2492 5262 2838 5335 fermentum,
2859 5269 2954 5332 pro
2984 5281 3040 5316 eo
3069 5265 3205 5338 quod
3251 5262 3374 5315 Ver-

1830 5345 1949 5395 bum
1978 5343 2156 5395 Patris
2181 5331 2416 5394 indutum
2441 5331 2519 5391 est
2548 5353 2776 5397 carnem,
2805 5331 2960 5387 etest
2987 5331 3132 5385 verus
3156 5331 3292 5383 Deus
3320 5340 3374 5385 et

1827 5429 1976 5466 verus
1995 5416 2168 5464 homo.
2192 5410 2328 5463 Nam
2358 5419 2405 5462 et
2427 5408 2737 5475 fermentum
2772 5404 3137 5475 commiscetur‘
3155 5401 3369 5475 (arium.

1829 5481 1932 5535 Sed
1983 5492 2156 5534 tamen
2195 5489 2299 5531 tam
2350 5467 3200 5545 azymumguamfermentatum
3243 5467 3372 5544 dum

1824 5552 2100 5613 sumimus,
2142 5563 2303 5600 unum
2364 5539 3160 5613 corpushliominiSaluatoris
3205 5539 3368 5588 nostri

1855 5608 2096 5705 [)icimur.
2114 5611 2845 5705 ΔΡιίιεῑεξιόοτνξοιξξιΔΗιιιιιιιεξιιὶ
2869 5608 3158 5663 cardinalis
3179 5614 3374 5660 contra

1828 5635 2095 5705 aptamur.
2125 5635 2393 5670 rrwtereo
2430 5635 2543 5693 i008
2569 5635 2647 5664 nu

1827 5687 2046 5746 Graecos
2081 5697 2132 5742 et
2166 5695 2353 5742 contra
2387 5683 2648 5738 Nicetam.
