4152 6338
650 354 760 415 819

1893 346 2216 408 SAMONJE
2272 343 2641 406 GAZENSIS

3758 342 3878 406 820

652 462 932 523 venerint,
970 461 1374 530 responsionem
1421 459 1763 515 considerate
1809 461 1904 515 des
1933 501 1946 523 ,
1985 463 2197 530 dignam
2226 464 2268 522 Λ

2313 459 2396 527 τῆς
2425 459 2522 526 σῆς
2549 456 2989 527 μεγαλεπηϐόλου
3021 454 3113 510 καὶ
3142 454 3420 526 θειοτάτης
3440 455 3674 519 διανοῖας
3704 455 3872 520 ἀξίαν

653 553 1016 625 tnaguanima,
1048 551 1517 622 expcricutisslma
1555 564 1617 604 ac
1644 549 1982 605 divinissima
2025 559 2203 604 mente

654 655 764 698 tua.

727 736 778 788 7.
809 733 979 789 Porro
1014 734 1272 802 epistolas
1317 732 1450 787 istas
1496 731 1560 784 ad
1594 732 1940 788 beatissimos
1971 732 2201 802 patriar-

655 825 806 887 chas,
839 825 1060 880 omnino
1096 824 1408 878 consimiles
1437 824 1561 876 huic
1589 823 1653 876 ad
1685 825 2023 878 sanctitatem
2060 835 2204 878 tuam

656 915 873 973 missm.
937 914 1064 983 quia
1123 913 1386 967 nemiuem
1444 913 1811 980 religiosorum
1864 915 2207 983 ﬁdeliumque

655 1003 957 1056 inveni'uus
990 1003 1080 1071 qui
1113 1001 1348 1054 deferret
1394 1003 1459 1055 iis
1511 1003 1575 1054 ad
1625 1017 1760 1070 quos
1791 1003 2003 1068 scripta:
2045 1017 2205 1064 sunt.

656 1102 764 1148 tum
795 1093 1038 1146 misimus
1065 1091 1415 1162 pcrl’cctioni;
1449 1107 1558 1160 quo
1597 1093 1662 1145 ad
1696 1093 1815 1146 illos
1869 1093 2209 1149 transmittas

657 1201 752 1252 per
783 1185 1016 1252 aliquem
1070 1185 1216 1251 pium
1267 1182 1359 1251 qui
1410 1181 1474 1235 ad
1514 1182 1631 1235 loca
1678 1183 1766 1234 illa
1815 1182 2206 1245 proficiscetur.

657 1273 921 1325 Prmterea
957 1274 1191 1340 propriis
1225 1272 1423 1325 litteris
1468 1271 1788 1326 admonebis
1817 1282 1976 1340 atque
2009 1275 2210 1325 excita-

656 1363 741 1416 iiis
774 1379 886 1425 eos,
920 1373 975 1416 ut
1009 1365 1180 1415 zelum
1230 1363 1474 1416 divinum
1527 1378 1622 1431 pro
1661 1372 1808 1415 recto
1858 1362 2108 1429 dogmate
2157 1372 2212 1418 et

657 1454 929 1520 inculpata
960 1453 1276 1520 simeraque
1306 1463 1491 1506 ucstra
1542 1453 1645 1507 fide
1691 1464 1990 1516 assun'ant.
2049 1465 2213 1524 utque

661 1547 703 1598 si
747 1546 884 1599 forte
921 1547 984 1599 de
1032 1546 1097 1600 iis
1138 1561 1257 1614 qua}
1293 1545 1479 1599 Roma:
1522 1555 1669 1614 gesta
1719 1556 1847 1600 sunt
1894 1547 2211 1616 interrogati

661 1635 878 1694 fuerint.
912 1637 1241 1691 conveniens
1282 1639 1346 1691 ad
1381 1653 1472 1691 eos
1498 1677 1513 1702 ,
1545 1637 1858 1707 dictumque
1884 1681 1898 1705 ,
1945 1642 2085 1695 sicut
2121 1642 2210 1696 ιερ-
2244 1651 2251 1656 ’

658 1724 1007 1788 claravimus,
1037 1725 1164 1779 dent
1200 1740 1547 1795 responsum.

2309 545 2408 616 τὴν
2436 547 2726 617 ἀπόκρισιν
2759 544 2884 616 δῷς.

2381 726 2442 793 ζ’.
2483 728 2566 781 Τά
2588 728 2645 782 δὲ
2678 728 2813 798 πρὸς
2840 729 2966 787 τοὺς
3021 727 3470 797 μακαριωτάτους
3520 727 3870 797 πατριάρχας

2308 820 2468 872 ταυτὶ
2517 820 2843 888 γράμματα,
2903 818 3328 888 ἰσοδυναμοῦντα
3381 817 3521 870 κατὰ
3569 818 3743 870 πάντα
3783 816 3871 887 τῷ

2311 913 2448 982 πρὸς
2484 912 2581 982 τὴν
2619 911 2715 982 σὴν
2745 910 3053 979 ἁγιωσύνην
3098 908 3513 978 ἀπεσταλμένῳ,
3563 909 3634 978 μὴ
3679 909 3873 974 εὐρύν-

2311 1021 2402 1066 τες
2429 1004 2548 1057 τινὰ
2582 1005 2690 1056 τῶν
2726 1003 2968 1057 εύλαϐὦν
2998 1003 3090 1054 καὶ
3120 1001 3327 1053 πιστῶν
3356 1001 3424 1053 δι’
3456 995 3515 1053 οὗ
3549 1003 3719 1055 ταῦτα
3753 1005 3872 1064 τοῖς

2312 1096 2447 1163 πρὸς
2477 1095 2568 1158 οὓς
2616 1097 2935 1164 ἐγράφησαν
2979 1097 3215 1165 πέμψαι,
3245 1099 3329 1187 ιτῇ
3379 1100 3444 1166 σῇ
3501 1097 3870 1164 πεπόμφαμεν

2310 1186 2608 1252 τελειότητι
2643 1202 2656 1214 ·
2693 1186 2767 1247 ὼς
2802 1186 2868 1238 ἂν
2897 1185 3334 1258 διαπορθμεύσῃς
3364 1186 3431 1239 αὖ
3449 1189 3558 1248 τοῖς
3584 1186 3752 1238 ταῦτα
3775 1187 3869 1239 διά

2319 1292 2462 1337 τινος
2503 1276 2763 1339 εὖλαῦοὗς
2817 1278 2926 1329 τῶν
2990 1279 3124 1346 πρὸς
3171 1279 3296 1340 τοὺς
3350 1278 3550 1338 τόπους
3619 1279 3870 1339 ἐκείνους

2311 1367 2744 1436 ἀφικνουμένων,
2771 1369 2906 1436 πρὸς
2931 1367 3022 1431 οὓς
3053 1369 3460 1438 ἀπεστάλησαν.
3493 1370 3632 1437 Πρὸς
3661 1367 3737 1433 δὲ,
3769 1372 3868 1420 καὶ

2312 1458 2519 1518 οἰκείας
2582 1455 2646 1528 [ί.
2692 1457 2758 1510 δι’
2804 1456 3035 1527 οἰκείας]
3077 1458 3315 1528 γραφῆς,
3371 1458 3720 1526 παραινέσεις
3770 1459 3870 1508 καὶ

2313 1548 2651 1618 παραθήξεις
2683 1548 2878 1611 αὐτοὺς
2911 1549 3067 1617 ζῆλον
3096 1549 3274 1600 ἔνθεον
3307 1548 3592 1601 ἀναλαϐεῖν
3615 1548 3741 1617 περὶ
3770 1547 3867 1600 τοῦ

2313 1638 2472 1710 ὀρθοῦ
2504 1639 2771 1708 δόγματος
2811 1641 2903 1691 καὶ
2934 1639 3032 1709 τῆς
3064 1639 3369 1709 ἀμωμήτου
3417 1640 3508 1691 καὶ
3541 1637 3869 1707 εἰλικρινοῦς

2316 1732 2473 1800 ἡμῶν
2523 1733 2780 1797 πίστεως,
2811 1734 2907 1785 καὶ
2955 1733 3084 1794 ἴσως
3122 1732 3234 1800 εἴγε
3281 1732 3407 1802 περὶ
3431 1731 3537 1784 τῶν
3575 1731 3633 1782 ἐν
3680 1728 3868 1798 Ῥώμῃ

659 1816 1056 1883 πεπραγμένων
1085 1816 1426 1886 ἐρωτηθεῖεν,
1450 1817 1792 1886 ἁρμόζουσαν
1827 1820 1958 1889 πρδς
2003 1819 2197 1882 αὐτοὺς
2226 1821 2317 1872 καὶ
2347 1822 2664 1894 λεγομένην,
2695 1824 2771 1885 ὡς
2830 1823 3142 1892 δεδήλωται,
3203 1822 3529 1894 ποιήσασθαι
3583 1823 3680 1892 τὴν
3728 1821 3870 1875 ἀπό-

657 1927 856 1978 κρισιν.

727 2006 774 2053 δ.
815 2002 884 2054 De
913 2005 1110 2058 nosn-is
1133 2014 1310 2061 autem
1344 2010 1407 2060 ad
1438 2008 1841 2062 sanctissimum
1871 2009 2212 2063 Alexandria:
2248 2015 2286 2069 Β

659 2094 1020 2160 patriarcham
1054 2097 1268 2157 litteris.
1304 2100 1465 2152 etiam
1496 2099 1560 2151 ad
1590 2100 1990 2153 sanctissimum
2023 2103 2212 2154 Hiero-

658 2184 989 2252 solymorum
1039 2189 1402 2253 patriarciiam
1459 2190 1817 2257 scripsimus;
1852 2207 1961 2258 quo
2013 2193 2054 2244 si
2097 2192 2212 2257 ipse

659 2274 899 2328 nancisci
935 2292 1042 2328 non
1096 2280 1336 2344 potueris
1395 2279 1709 2334 facilitatem
1745 2280 1865 2334 illas
1923 2281 2211 2345 mittendi,

660 2364 776 2432 ipse
807 2367 867 2417 ad
896 2366 1012 2434 ejus
1041 2368 1427 2424 beatitudinem
1463 2372 1678 2440 dirigat.
1717 2373 1778 2425 Et
1811 2388 1955 2425 nunc
1991 2373 2212 2440 quidem

661 2467 887 2524 urgente
919 2459 1302 2528 profectionem
1338 2478 1490 2516 suam
1532 2465 1834 2518 sanctitatis
1858 2473 1962 2518 tua:
1988 2480 2208 2533 genero,

662 2548 850 2611 paucis
891 2550 1068 2604 verbis
1106 2566 1169 2603 ac
1216 2551 1391 2605 obiter
1432 2567 1551 2621 qum
1597 2563 1892 2608 evenerunt
1937 2556 2214 2608 enarravi-

664 2651 804 2690 mus.
849 2636 1036 2691 Postea
1074 2655 1220 2704 vero,
1273 2642 1316 2696 si
1350 2658 1573 2697 necesse
1602 2644 1796 2712 fuerit,
1835 2644 2009 2698 fusius
2058 2661 2213 2714 aper.

664 2728 880 2795 liusque
920 2732 1220 2785 scribemus
1254 2734 1318 2787 iis
1350 2734 1415 2788 de
1445 2735 1610 2789 rebus
1646 2753 1659 2788 :
1695 2751 1905 2790 necnon
1939 2740 2214 2792 mittemus

665 2820 924 2887 scriptum
982 2823 1122 2889 quod
1184 2824 1450 2877 adversus
1501 2839 1600 2878 nos
1646 2823 1950 2893 depositum
2009 2826 2109 2878 fuit
2160 2827 2212 2879 in

665 2913 886 2981 mystica
921 2914 1204 2982 divinaque
1233 2932 1438 2970 mensa.
1487 2916 1558 2969 Ex
1591 2933 1699 2985 quo
1752 2917 1929 2970 disces
1985 2918 2214 2970 istorum

665 3001 718 3054 iu
752 3002 853 3056 fide
896 3005 1304 3071 perversitatem
1333 3021 1347 3069 ;
1377 3008 1628 3076 quodque
1658 3009 1802 3062 omni
1847 3009 2115 3078 imperitia
2165 3018 2217 3062 et

666 3091 991 3156 rusticitate,
1027 3095 1158 3158 imo,
1188 3105 1242 3148 ut
1276 3096 1453 3149 verius
1488 3098 1722 3160 dicatur,
1757 3107 1980 3166 stupore
2013 3112 2075 3152 ac
2124 3098 2219 3153 dc—

666 3181 889 3247 mcntia,
926 3183 1154 3239 conferti
1185 3186 1314 3240 sint.

736 3444 996 3500 Dominus
1038 3445 1091 3500 in
1124 3446 1396 3517 'prospera
1434 3449 1740 3504 valetudine
1774 3457 2059 3506 conservet
2091 3463 2213 3519 per-

669 3528 952 3586 fectionem
989 3541 1157 3597 tuam,
1195 3543 1439 3590 orantem
1476 3551 1572 3606 pro
1600 3538 1777 3593 nobis.

672 3698 1714 3743 M

2389 2014 2458 2075 η’.
2497 2005 2632 2075 Περὶ
2665 2005 2722 2058 δὲ
2757 2004 2851 2058 τοῦ
2884 2004 3016 2073 πρὸς
3060 2003 3151 2058 τὸν
3187 2003 3485 2072 ἁγιώτατον
3528 2004 3874 2073 πατριάρχην

2327 2097 2732 2166 Ἀλεξανδρείας
2768 2099 3044 2167 ἡμετέρου
3111 2096 3435 2164 γράμματος
3467 2097 3557 2148 καὶ
3602 2095 3676 2162 τῷ
3705 2095 3876 2162 ἁγιω-

2312 2188 2458 2256 τάτῳ
2483 2187 2788 2259 πατριάρχῃ
2819 2185 3207 2254 Ἱεροσολύμων
3235 2185 3567 2254 ἐγράψαμεν·
3594 2185 3666 2245 ὡς
3684 2184 3769 2250 ἂν,
3798 2185 3876 2236 εἷ·-

2317 2295 2422 2347 περ
2459 2279 2620 2339 αὐτὸς
2648 2277 2926 2346 δυσχερῶς
2949 2280 3132 2346 τυχεῖν
3161 2278 3346 2345 σχοίης
3378 2278 3512 2345 πρὸς
3540 2277 3700 2330 αὑτὸν
3739 2281 3878 2330 ἀπο-

2316 2371 2517 2422 στεῖλαι
2550 2369 2646 2436 τὴν
2670 2368 2905 2436 γραφὴν,
2941 2367 3104 2430 αὐτὸς
3129 2368 3332 2435 ταύτην
3365 2367 3503 2437 πρὸς
3529 2367 3629 2436 τὴν
3659 2367 3873 2419 ἐκείνου

2317 2459 2604 2530 διαϐιϐάσῃ
2641 2460 3034 2528 μακαριότητα.
3088 2460 3196 2510 Καὶ
3234 2457 3328 2508 νῦν
3380 2458 3498 2526 μὲν,
3553 2473 3875 2521 κατεπειγο-

2317 2552 2476 2619 μένου
2519 2551 2612 2604 τοῦ
2650 2550 2899 2620 γαμϐροῦ
2955 2553 3052 2618 τῆς
3097 2547 3408 2616 ἁγιωσύνης
3454 2565 3548 2599 σου
3597 2547 3731 2616 πρὸς
3770 2545 3875 2612 τὴν

2313 2642 2602 2706 ὲξέλευσιν,
2635 2644 2692 2691 ὲν
2721 2641 2962 2708 ἐπιτὸμῳ
2989 2640 3080 2692 καὶ
3106 2638 3241 2691 κατὰ
3273 2636 3500 2706 πάροδον
3527 2636 3591 2688 τά
3619 2651 3876 2705 πεπραγ-

2317 2733 2454 2802 μένα
2482 2730 2854 2799 διεξήλθομεν.
2907 2730 3058 2782 Μετὰ
3103 2728 3156 2780 δὲ
3189 2727 3345 2779 τοῦτο
3395 2728 3722 2795 πλατύτερον
3776 2728 3874 2779 καὶ

2315 2825 2669 2892 σαφέστερον,
2697 2822 2808 2888 εἴγε
2836 2820 3035 2889 δεήσει,
3068 2818 3350 2872 ὲπιστελοῦ
3363 2837 3459 2887 μεν
3494 2820 3628 2887 πρὶς
3652 2820 3708 2869 σὲ
3741 2817 3875 2886 περὶ

2316 2914 2519 2967 τούτων
2549 2929 2561 2942 ·
2593 2912 3012 2971 ἀποστείλαντες
3041 2911 3134 2963 καὶ
3161 2911 3290 2963 αὐτὸ
3314 2910 3373 2960 τὸ
3407 2910 3527 2961 καθ’
3559 2908 3709 2978 ἡμῶν
3737 2910 3876 2958 ἀπο-

2316 3006 2470 3059 τεθὲν
2501 3005 2795 3073 ἔγγραφον,
2834 3005 2890 3054 ὲν
2923 3005 2987 3071 τῇ
3029 3005 3261 3070 μυστικῇ
3299 3003 3394 3054 κοιλ⁸
3438 3001 3557 3070 θείᾳ
3585 3001 3867 3070 τραπέζῃ.

2316 3092 2426 3146 Καὶ
2488 3091 2702 3162 μαθήσῃ
2767 3091 2831 3142 ὲκ
2903 3089 3091 3142 τούτου
3157 3089 3217 3140 τὸ
3294 3088 3616 3158 διάστροφον
3668 3087 3875 3140 τούτων

2317 3181 2447 3250 περὶ
2500 3179 2599 3250 τὴν
2652 3181 2837 3232 πίστιν
2889 3196 2902 3210 ·
2961 3179 3054 3232 καὶ
3107 3177 3181 3240 ὡς
3232 3176 3474 3246 ἀμαθίας
3538 3179 3718 3245 πάσης
3777 3177 3876 3228 καὶ

2317 3272 2648 3342 ἀγροικίας,
2735 3271 2915 3340 πολλῷ
2967 3271 3024 3324 δὲ
3085 3272 3298 3332 εἰπεῖν,
3363 3268 3721 3338 ἀναισθησίας
3781 3268 3877 3320 καὶ

2243 3339 2286 3400 C
2319 3339 2630 3429 ἀφροσύνης
2655 3339 3068 3431 πεπλήρωνται.

2395 3451 2454 3502 Ὀ
2484 3450 2688 3518 Κύριος
2717 3451 2774 3502 ἐν
2808 3429 2964 3523 ύγείᾳ
3014 3449 3333 3518 διαφυλάξαι
3376 3452 3474 3520 τὴν
3511 3449 3610 3519 σὴν
3667 3429 3876 3501 τελειό-

2311 3555 2470 3608 τητα,
2510 3541 2808 3613 εὐχομένην
2833 3543 2970 3613 ὑπὲρ
3007 3542 3185 3612 ἡμῶν.

1673 3700 3872 3744 9W

3032 3756 3058 3773 Α

1960 3856 2040 3900 ΔΝ
2051 3857 2130 3902 N0
2157 3857 2380 3903 DOHIN!
2409 3859 2563 3903 MLVI

1659 4016 2896 4226 SAMONAS

1067 4358 1748 4477 GAZENSIS
1893 4359 2626 4476 CIVITATIS
2725 4360 3482 4477 EPISCO'PUS

2024 4705 2528 4796 NOTITIA

1314 4906 1556 4967 (Galland.
1597 4904 1831 4957 Veterum
1868 4905 2062 4955 Patrum
2085 4903 2323 4955 Biblioth.
2358 4909 2392 4954 t.
2419 4905 2543 4967 XIV,
2577 4905 2770 4969 proles.
2788 4919 2835 4968 p.
2859 4904 3012 4969 Vliet
3036 4918 3083 4966 p.
3103 4901 3238 4962 225.)

757 5161 882 5216 Fuit
904 5161 1094 5213 beatus
1128 5158 1391 5212 Samonas
1422 5158 1685 5213 Gazensis
1717 5159 1769 5212 in
1800 5159 2085 5214 Palaestina
2117 5163 2402 5231 episcopus
2433 5163 2575 5218 circa
2606 5164 2670 5219 A.
2708 5162 2770 5216 C.
2806 5161 2965 5222 1056,
2993 5161 3150 5229 cujus
3180 5168 3353 5212 exstat
3383 5156 3585 5226 passim
3613 5154 3797 5208 Graece
3826 5165 3883 5210 et

686 5247 876 5301 Latine
918 5245 1208 5313 disputatio
1255 5243 1498 5310 quaedam
1547 5245 1808 5300 adversus
1892 5247 2206 5300 Achmetem
2239 5247 2589 5317 {Saraceniqu
2625 5251 2692 5304 de
2741 5249 3103 5302 Eucharistia.
3136 5248 3178 5298 Α
3215 5244 3502 5297 Saracenis
3554 5241 3878 5297 interfectus

688 5336 790 5388 fuit
818 5331 1090 5400 religionis
1119 5343 1305 5383 causa.
1342 5328 1520 5393 Quare
1559 5330 1699 5384 inter
1730 5333 1911 5386 beatos
1943 5341 2202 5402 martyres
2231 5344 2474 5389 recenset
2512 5336 2658 5389 illum
2718 5334 2836 5388 Nic.
2867 5334 3176 5388 Comnenus
3205 5331 3302 5399 (a).
3330 5328 3496 5382 Tutus
3534 5329 3587 5380 in
3640 5342 3702 5380 eo
3748 5339 3834 5380 est
3863 5368 3880 5391 ,

689 5428 748 5474 ut
789 5419 976 5486 probet
1008 5430 1196 5484 panem
1229 5429 1291 5467 ac
1314 5416 1496 5467 vinum
1532 5432 1625 5483 p--r
1655 5420 1954 5471 sacerdotis
1980 5418 2440 5474 consecrationem
2467 5437 2647 5475 verum
2695 5436 2814 5474 esse
2845 5429 2899 5474 et
2931 5421 3194 5486 integrum
3246 5431 3442 5482 corpus
3465 5429 3526 5468 ac
3557 5414 3877 5481 sanguinem

685 5505 915 5560 Domini.
945 5503 1022 5555 Ad
1053 5501 1190 5569 quod
1221 5501 1555 5554 suadendum
1581 5503 1952 5558 Mahometano
1981 5506 2186 5560 homini
2222 5505 2400 5562 hebeti
2439 5520 2500 5561 ac
2532 5508 2673 5573 rudi,
2711 5506 2970 5575 exemplis
3005 5506 3173 5559 utitur
3233 5503 3477 5571 apprime
3530 5500 3884 5568 congruenti-

686 5595 803 5646 bus.
837 5592 964 5643 Eam
996 5585 1414 5656 disputationem
1447 5602 1508 5640 ex
1547 5590 1740 5644 itinere
1771 5589 1978 5644 habuit.

754 5706 829 5755 (at
860 5702 1087 5757 Praenot.
1119 5708 1344 5760 mvstag.
1383 5716 1499 5761 pag.
1535 5701 1657 5756 407.
