4152 6338
359 411 462 473 S25

1513 404 1610 465 DE
1635 394 2131 461 SACRAMENTO
2156 400 2508 461 ALTARIS.

3464 397 3567 460 826

352 521 595 591 ἐσχάτης
620 520 684 572 ἂν
714 518 800 585 εἴη
852 515 1271 585 ἀγνωμοσύνης,
1320 512 1434 566 ἐκεῖ
1478 508 1748 577 τοσαύτην
1776 503 1913 571 Θεοῦ

2047 510 2163 581 [ιιοὰ
2201 519 2424 580 apparet
2477 512 2529 566 in
2570 518 2819 566 naturam
2870 509 3140 571 hominis.
3187 519 3442 565 extrema:
3484 521 3568 565 est

356 607 922 682 προσμαρτυροῦντας
969 602 1219 676 δύναμιν,
1276 604 1485 657 ἀτονεῖν
1539 602 1595 653 ἐν
1646 597 1721 665 τῷ
1765 598 1923 666 μέρει

358 703 538 771 τούτῳ
568 700 629 753 τὸ
658 698 815 752 Θεῖον
865 696 1099 761 οἴεσθαι,
1132 694 1268 762 πρὸς
1320 694 1417 763 τήν
1451 690 1795 759 ἐκπλήρωσιν
1830 685 1923 739 τοῦ

362 794 694 860 θελήματος.

437 885 550 936 AX.
568 880 728 933 Ἀλλά
758 878 808 932 τί
835 878 1013 931 κοινὸν
1042 877 1190 946 ἄρτῳ
1217 874 1311 928 καὶ
1351 886 1554 942 σαρκι;

438 972 545 1025 ΣᾹ.
579 970 687 1022 Καὶ
709 969 761 1020 τί
789 966 992 1029 κοινὸν,
1012 964 1164 1027 λέξον
1194 980 1306 1032 μοι,
1341 960 1599 1028 ὑγρότητι
1630 958 1722 1008 καὶ
1752 954 1916 1007 εἰκόνι

363 1060 539 1128 θεοῦ;
576 1059 715 1111 Ἀλλ’
744 1057 933 1127 ὥσπερ
955 1056 1105 1110 οὐδὲν
1136 1056 1251 1107 ἐκεῖ
1272 1052 1333 1105 τὸ
1356 1048 1673 1120 παράδοξον,
1699 1048 1770 1111 εἰ,
1792 1044 1925 1098 Θεοῦ

370 1150 721 1221 βουλομένου,
756 1138 907 1217 πρὸς
961 1144 1021 1199 τὸ
1076 1144 1404 1214 τιμιώτατον
1472 1134 1609 1205 ζῶον
1658 1139 1718 1191 τὸ
1764 1137 1929 1207 ὑγρὸν

372 1242 709 1311 μεταϐαίνει,
743 1238 885 1293 οὕτω
906 1237 1000 1290 καὶ
1023 1236 1115 1289 ἐπὶ
1142 1237 1317 1305 τούτῳ
1344 1234 1403 1285 τὸ
1434 1232 1546 1285 ἴσον
1590 1227 1922 1289 πιστευτέον,

373 1333 542 1403 μηδὲν
578 1328 718 1385 εἶναι
753 1328 1086 1399 θαυμαστὸν,
1113 1328 1162 1379 εἰ
1195 1324 1637 1393 θείαςδυνάμεως
1661 1317 1931 1389 παρουσίᾳ

373 1425 510 1495 πρὸς
548 1422 857 1494 ἀφθαρσίαν
921 1418 1393 1490 μετασκευάξεται
1427 1418 1454 1470 6
1482 1417 1663 1485 ἄρτος,
1695 1412 1788 1466 καὶ
1851 1410 1932 1471 είς

374 1513 535 1581 σῶμα
563 1510 801 1580 Χριστοῦ
863 1508 1279 1577 μεταόἀλλεται.

443 1603 558 1655 AX.
600 1599 741 1654 Ἀλλ’
784 1599 811 1652 6
867 1597 1101 1668 Χριστὸς
1145 1597 1233 1649 ὅτε
1280 1592 1441 1647 τοῦτο
1500 1593 1612 1655 τοῖς
1668 1588 1935 1660 μαθηταῖς

374 1688 541 1744 αὐτοῦ
605 1689 889 1759 παρέδωκε
920 1728 934 1753 ,
985 1686 1098 1740 οὔτ’
1140 1686 1303 1749 αὐτὸς
1349 1684 1545 1746 πολλὰς
1596 1682 1760 1752 εὐχὰς
1792 1677 1934 1743 εἷπε,

372 1778 489 1833 οὗθ’
549 1780 677 1848 ὑμῖν
735 1780 879 1832 οὕτω
926 1776 1306 1849 προεπέτρεψε
1368 1776 1567 1843 λέγειν.
1604 1774 1729 1837 Πῶς
1757 1772 1937 1825 τοίνυν

376 1870 535 1939 ὑμεῖς
555 1871 653 1939 οὐχ
688 1868 832 1922 οὕτω
866 1871 1094 1933 ποιεῖτε,
1125 1868 1240 1934 ἀλλ’
1271 1867 1445 1937 εὐχῶν
1476 1865 1686 1917 πολλῶν
1716 1862 1891 1916 δεῖσθε
1916 1878 1933 1927 ;

450 1960 555 2014 EA.
602 1960 661 2011 '0
700 1956 953 2027 Χριστὸς,
1010 1959 1146 2012 καθὸ
1191 1959 1345 2023 Θεὸς,
1399 1958 1587 2026 κύριος
1617 1952 1682 2027 ἧν
1723 1956 1816 2007 καὶ
1842 1952 1936 2006 τοῦ

378 2051 573 2106 ἑαυτοῦ
638 2051 888 2119 σώματος
926 2051 1019 2103 καὶ
1066 2050 1166 2119 τῆς
1216 2050 1414 2121 ψυχῆς,
1536 2065 1703 2117 φησιν
1754 2046 1936 2109 αὐτὸς,

377 2143 462 2195 ὅτι
500 2141 825 2205 Ἐξουσίαν
871 2140 988 2209 ἔχω
1020 2142 1136 2207 τὴν
1187 2140 1403 2209 ψυχήν
1443 2157 1562 2208 μου
1591 2137 1817 2200 δοῦναι,
1843 2137 1941 2190 καὶ

379 2232 571 2286 πάλιν
596 2232 805 2287 λαϐεῖν
837 2232 1049 2297 αὐτήν.
1100 2232 1209 2285 Καὶ
1266 2231 1428 2293 αὐτὸς
1468 2232 1628 2300 φύσει
1682 2230 1813 2291 Θεὸς
1841 2229 1938 2293 ὢν,

385 2322 609 2392 ἡγίασεν
656 2322 817 2384 εὐθὺς
845 2324 913 2390 τῇ
943 2322 1107 2374 αὑτοῦ
1167 2322 1286 2391 θείᾳ
1348 2322 1575 2390 δυνάμει
1636 2322 1728 2374 καὶ
1760 2321 1941 2389 χάριτι

379 2412 503 2463 τότε
537 2412 626 2463 τὸν
672 2412 855 2481 ἄρτον,
894 2410 1075 2464 Τοῦτό
1124 2412 1251 2465 ἐστι
1280 2413 1346 2464 τὸ
1375 2410 1545 2479 σῶμά
1572 2429 1713 2479 μου,
1750 2411 1937 2474 εἰπὼν,

384 2500 527 2571 ἔχων
552 2504 647 2555 καὶ
677 2502 765 2554 τὸν
795 2501 1017 2572 Πατέρα
1048 2504 1142 2555 καὶ
1168 2503 1226 2555 τὸ
1258 2503 1572 2571 Πνεῦμαγὲν
1604 2502 1780 2569 ἐαυτῷ
1803 2516 1816 2530 ·
1847 2503 1941 2553 καὶ

383 2590 557 2653 οὕτως
603 2590 692 2643 τὸν
745 2589 905 2659 ἄρτον
966 2594 1164 2643 οἰκεῖον
1215 2592 1374 2658 σῶμα
1430 2590 1815 2657 ἐποίιλσε·κα“ι
1845 2591 1943 2643 οὐκ

383 2678 555 2731 ἐδεῖτο
618 2679 805 2747 ἑτέρον
848 2681 992 2743 τινος
1060 2682 1441 2749 ὑπερέχοντος,
1498 2682 1590 2731 καὶ
1637 2679 1726 2731 τδν
1778 2680 1942 2747 ἄρτον

386 2768 704 2835 ἀγιάσοντος
724 2785 739 2800 ·
814 2768 889 2821 Τὸ
919 2767 1027 2835 γὰρ
1056 2769 1307 2821 ἔλαττον
1333 2768 1448 2821 ὑπὸ
1473 2768 1577 2820 τοῦ
1608 2768 1943 2832 κρείττονος

383 2858 735 2924 εὐλογεῖται.
793 2859 961 2920 Αὐτὸς
1020 2859 1073 2911 δὲ
1099 2862 1125 2910 6
1155 2859 1409 2927 Χριστὸς,
1441 2860 1541 2911 οὐκ
1602 2860 1837 2910 ἐλάττων
1869 2857 1943 2910 ὣν

383 2946 483 2999 τοῦ
513 2948 724 3015 [ἰατρὸς
748 2950 846 3001 καὶ
881 2948 973 3001 τοῦ
1007 2949 1345 3017 [Iustitia-tog,
1383 2949 1747 3014 αὐτεξουσίως
1770 2949 1943 3001 ἐποίει

386 3038 489 3089 ὅσα
552 3037 824 3091 ἐϐούλετο.
858 3038 925 3090 Ὀ
964 3039 1019 3091 δέ
1046 3056 1107 3105 γε
1170 3040 1301 3108 παρ’
1351 3042 1481 3107 ἡμῖν
1545 3041 1739 3106 ἱερεὺς,
1771 3042 1818 3092 εἰ
1854 3039 1944 3091 καὶ

2026 603 2276 663 inscitiae,
2318 604 2427 659 illic
2459 612 2665 659 tantam
2701 612 2918 672 tamque
2960 604 3282 656 immensam
3331 601 3420 655 Dei
3477 618 3573 670 po-

2026 700 2246 752 tentiam
2281 706 2621 760 attestantes,
2656 696 3004 759 existimare,
3056 695 3146 749 hic
3181 694 3343 747 Deum
3396 693 3573 761 impo-

2028 799 2227 845 tentem
2256 806 2397 854 esse,
2439 799 2497 844 ut
2524 788 2815 857 adimpleat
2844 802 2996 841 suam
3044 787 3399 841 voluntatem.

2098 884 2253 939 ACll.
2290 883 2395 937 Sed
2436 881 2565 950 quid
2598 881 2722 950 pani
2748 894 3037 934 commune
3074 888 3158 933 est
3203 890 3325 932 cum
3373 874 3577 928 carne?

2101 972 2254 1028 SAM.
2284 974 2376 1027 Dic
2408 973 2563 1034 mihi,
2606 985 2790 1039 quaeso
2816 1009 2830 1032 ,
2854 970 2981 1038 quid
3031 982 3315 1022 commune
3360 966 3575 1019 humori

2030 1080 2153 1119 cum
2189 1065 2419 1131 imagine
2452 1062 2590 1115 Dei?
2624 1060 2822 1115 Verum
2872 1057 3330 1129 quemadmodum
3367 1058 3439 1110 nil
3495 1064 3578 1109 est

2032 1153 2143 1206 illic
2168 1166 2363 1205 novum
2390 1158 2445 1204 et
2476 1150 2799 1211 inauditum,
2830 1149 2873 1204 si
2907 1148 3121 1203 volente
3151 1147 3258 1199 Deo
3301 1145 3575 1197 humidum

2032 1246 2275 1295 transeat
2302 1239 2355 1292 in
2388 1238 2586 1291 animal
2624 1238 3026 1293 nobilissimum
3078 1253 3093 1291 :
3153 1236 3223 1287 ita
3284 1236 3440 1288 etiam
3492 1232 3579 1286 hic

2033 1331 2230 1398 pariter
2260 1329 2587 1383 credendum
2617 1339 2720 1391 est,
2748 1342 2855 1380 non
2886 1343 3007 1381 esse
3036 1328 3254 1389 mirum,
3286 1326 3329 1378 si
3366 1325 3581 1378 virtutis

2034 1421 2233 1475 divinae
2256 1436 2477 1475 accessu
2504 1419 2567 1473 ad
2611 1418 3071 1472 immortalitatem
3106 1416 3258 1487 panis
3301 1424 3539 1470 transeat
3566 1453 3581 1479 ,

2036 1521 2089 1568 et
2121 1513 2175 1565 in
2209 1527 2407 1580 corpus
2439 1511 2640 1566 Christi
2678 1517 3050 1565 convertatur.

2107 1602 2265 1657 ΑΕΗ.
2303 1603 2366 1655 At
2392 1617 2521 1655 vero
2546 1617 2666 1655 cum
2698 1602 2949 1655 Christus
2984 1603 3085 1654 hoc
3141 1598 3422 1666 discipulis
3472 1598 3586 1653 suis

2038 1694 2282 1755 tradidit,
2325 1708 2430 1745 non
2466 1692 2665 1745 multas
2700 1692 3037 1761 precationes
3066 1691 3277 1746 ell‘udit.
3311 1704 3481 1756 neque
3512 1688 3590 1742 sic

2037 1803 2133 1842 vos
2164 1784 2444 1839 admonuit
2479 1785 2680 1837 dicere.
2711 1782 2993 1848 Quomodo
3015 1781 3178 1849 igitur
3230 1796 3323 1833 vos
3359 1794 3465 1831 non
3519 1781 3591 1829 ita

2039 1877 2218 1933 facitis
2248 1894 2265 1943 ;
2298 1878 2408 1931 imo
2447 1875 2701 1945 precibus
2742 1875 2929 1929 multis
2958 1874 3113 1927 vobis
3150 1888 3289 1939 opus
3317 1871 3442 1925 est?

2107 1967 2263 2023 SAM.
2291 1967 2541 2021 Christus
2569 1978 2840 2034 quatenus
2870 1964 3032 2025 Deus,
3064 1965 3318 2017 dominus
3358 1973 3470 2015 erat
3507 1963 3589 2015 sui

2039 2059 2284 2127 corporis
2313 2066 2367 2110 et
2396 2057 2589 2111 animae
2614 2095 2629 2119 ,
2666 2067 2727 2108 ut
2764 2054 2880 2123 ipse
2916 2056 2991 2107 ait
3024 2071 3037 2105 :
3077 2053 3387 2105 Potestatent
3432 2051 3591 2103 habeo

2041 2151 2203 2205 dandi
2234 2150 2468 2201 animum
2507 2161 2697 2205 meam,
2728 2154 2775 2198 et
2805 2158 3015 2196 rursum
3061 2142 3344 2208 accipiendi
3396 2156 3508 2192 eam
3543 2141 3588 2191 ‘.

2042 2246 2179 2299 Cum
2218 2242 2383 2310 igitur
2416 2239 2529 2307 ipse
2558 2247 2749 2291 natura
2783 2244 2923 2289 esset
2955 2234 3127 2295 Deus,
3156 2234 3299 2285 illico
3334 2242 3459 2283 tunc
3494 2245 3589 2296 pa-

2044 2349 2163 2387 nem
2198 2332 2345 2384 illum
2384 2345 2479 2383 sua
2517 2327 2755 2394 potentia
2783 2324 2963 2377 divina
2993 2332 3045 2375 et
3078 2323 3247 2391 gratia
3284 2321 3591 2375 sanctiﬁca-

2042 2425 2117 2478 vit
2148 2440 2163 2476 :
2202 2421 2315 2474 Hoc
2340 2430 2414 2472 est
2442 2434 2629 2485 corpus
2657 2432 2820 2469 meum
2846 2415 2886 2476 ³,
2912 2415 3115 2476 dicens,
3148 2412 3353 2465 habens
3384 2410 3589 2463 Patrem
3616 2406 3619 2409 ’

2046 2530 2109 2567 ae
2146 2514 2406 2581 Spiritum
2447 2521 2694 2563 sanctum
2728 2509 2780 2559 in
2816 2507 3128 2571 semetipso,
3170 2505 3356 2571 sicque
3390 2518 3579 2570 panem

2046 2609 2098 2662 in
2132 2621 2328 2674 carpus
2360 2605 2637 2673 proprium
2672 2602 2940 2655 convertit
2980 2618 2992 2652 :
3029 2613 3127 2652 nec
3187 2599 3292 2649 alio
3342 2596 3594 2663 quopiam

2046 2716 2104 2772 s,e
2147 2698 2526 2766 prmstantiore
2576 2711 2711 2758 opus
2743 2694 2949 2755 habuit,
2976 2691 3065 2758 qui
3099 2688 3463 2741 sanctiﬁcaret
3505 2701 3599 2750 pa-

2050 2808 2191 2844 nem.
2228 2789 2358 2842 Nam
2393 2787 2527 2856 quod
2568 2786 2787 2853 inferius
2830 2792 2905 2835 est
2936 2821 2949 2846 ,
3012 2780 3333 2833 benedieitur
3363 2794 3394 2829 α
3453 2790 3602 2837 supe-

2048 2887 2184 2937 riore
2214 2884 2255 2934 δ.
2292 2880 2571 2946 Siquidem
2607 2879 2719 2945 ipse
2757 2876 3029 2936 Christus,
3065 2887 3185 2926 cum
3234 2886 3341 2923 non
3397 2868 3467 2921 sit
3517 2866 3603 2918 in-

2050 2973 2215 3027 ferior
2245 2971 2401 3025 Patre
2440 2981 2493 3023 et
2535 2968 2738 3034 Spiritu
2776 2972 2986 3026 sancto,
3018 2977 3113 3017 sua
3160 2960 3396 3029 potentia
3446 2956 3603 3025 quie-

2050 3064 2177 3131 quid
2219 3062 2418 3122 vellet,
2472 3058 2757 3112 eﬂiciebat.
2815 3054 3084 3108 Sacerdos
3149 3058 3327 3103 autem
3380 3049 3468 3117 qui
3517 3053 3604 3099 est

384 3126 557 3179 τύπον
608 3126 763 3196 φέρει
814 3128 1072 3196 Χριστοῦ,
1118 3129 1232 3182 ἀλλ’
1288 3128 1576 3199 ἄνθρωπός
1618 3131 1733 3181 ἑστι
1779 3132 1937 3181 παντὶ

2047 3126 2182 3213 apud
2214 3168 2337 3213 nos,
2372 3150 2475 3205 etsi
2500 3148 2701 3202 Christi
2767 3155 2947 3215 typum
2986 3152 3155 3212 gerat,
3210 3149 3389 3193 tamen
3440 3138 3601 3190 homo

385 3214 574 3282 τρόπῳ
642 3218 997 3286 ὑποκείμενος
1078 3219 1379 3285 ἁμαρτίαις
1434 3223 1525 3270 καὶ
1555 3220 1935 3287 κατεχόμενος-

392 3306 627 3376 (Οιῖιδεὶς
663 3310 767 3377 γὰρ
787 3309 1219 3377 ἀναμάρτητος,
1253 3311 1327 3369 ὠς
1351 3311 1408 3361 τὸ
1440 3310 1579 3361 θεῖον
1633 3312 1810 3376 λόγιον
1831 3312 1943 3364 κᾶν

384 3398 497 3465 μία
515 3397 636 3464 ὥρα
660 3399 830 3452 ἐστὶν
853 3401 906 3478 ἡ.
948 3400 1057 3467 ξ’ωὴ
1088 3402 1295 3463 αὐτοῦ,
1327 3404 1373 3453 εἰ
1413 3402 1484 3471 μὴ
1511 3403 1664 3471 μόνος
1702 3406 1727 3455 ὁ
1756 3404 1939 3472 Θεόςο)

387 3488 488 3541 διὰ
517 3489 692 3543 τοῦτο
730 3489 911 3542 δεῖται
946 3490 1193 3543 πολλῶν
1228 3492 1444 3559 εὐχῶν,
1510 3493 1603 3544 καὶ
1659 3494 1946 3559 πρότερον

381 3580 502 3648 μὲν
527 3579 685 3657 ὑπὲρ,
700 3579 817 3639 τῶν
862 3582 1093 3633 οἰκείων
1130 3581 1536 3648 ἀγνοημάτων,
1570 3584 1772 3635 ἔπειτα
1826 3583 1945 3636 τῶν

389 3668 499 3722 τοῦ
522 3668 698 3731 λαοῦ,
730 3669 804 3735 ᾥς
839 3687 1002 3739 φησιν
1048 3670 1075 3722 6
1103 3670 1399 3732 ἀπόστολος
1432 3673 1659 3735 Παῦλος.
1712 3674 1801 3725 Διὸ
1849 3677 1945 3727 καὶ

390 3762 501 3823 πᾶς
520 3760 548 3810 6
579 3760 705 3823 λαὸς
730 3762 1129 3831 παριστάμενος
1155 3761 1259 3825 ἔξω
1292 3764 1385 3813 τοῦ
1433 3762 1647 3827 ἀδύτου,
1678 3768 1946 3831 συμπονεῖ

388 3849 486 3903 καὶ
514 3849 987 3920 συμπροσεύχεται
1008 3851 1084 3919 τῷ
1113 3852 1266 3919 ἱερεῖ.
1295 3854 1487 3903 Δέεται
1513 3853 1690 3904 τοίνυν
1724 3855 1749 3904 6
1769 3855 1947 3919 ἱερεὺς

392 3940 485 3993 τοῦ
512 3941 648 3994 Θεοῦ
668 3944 760 3994 καὶ
790 3942 1023 4010 Πατρὸς,
1055 3942 1129 4002 ὼς
1163 3943 1325 4011 μέσον
1354 3943 1487 3995 Θεοῦ
1522 3946 1613 3995 καὶ
1649 3944 1947 4011 ἀνθρώπων

392 4033 680 4101 ἱστάμενος
711 4032 969 4102 πρέσϐυς,
1008 4035 1094 4086 ἵνα
1128 4034 1199 4101 μὴ
1230 4034 1456 4102 κώλυμα
1477 4035 1699 4101 γένηται
1726 4036 1822 4102 τῆς
1851 4033 1944 4087 τοῦ

394 4124 663 4190 παναγίου
711 4110 1027 4197 [Ινεύματος
1076 4123 1431 4187 ὲπελεύσεως,
1457 4126 1589 4176 ἀλλά
1615 4125 1947 4195 καταπέμψῃ

391 4214 486 4267 καὶ
514 4215 669 4276 αὖθις
696 4215 756 4267 τὸ
784 4213 1056 4282 πανταχοῦ
1089 4215 1259 4282 παρὺν
1293 4214 1429 4266 θεῖον
1452 4217 1542 4267 καὶ
1561 4216 1946 4285 τελεταρχικὺν

392 4308 489 4360 καὶ
512 4307 824 4374 ἀγιαστικὸν
851 4307 1086 4375 πνεῦμα,
1113 4308 1180 4359 δι’
1218 4301 1277 4359 οὗ
1311 4308 1375 4366 τὰ
1402 4308 1574 4361 πάντα
1606 4310 1673 4361 τά
1699 4326 1757 4360 τε
1790 4311 1844 4361 ἐν
1867 4310 1952 4360 οὑ-

398 4398 564 4467 ρανῷ,
604 4399 673 4450 τά
700 4416 757 4451 τε
784 4400 875 4451 ἐπὶ
905 4399 1009 4467 γῆς
1046 4398 1313 4467 λεγόμενα
1340 4399 1489 4465 ἆγια,
1528 4402 1591 4467 τῇ
1624 4402 1821 4467 μετοχῇ
1854 4400 1949 4467 τῆς

392 4490 721 4559 ἀγιαστικῆς
762 4488 926 4543 αὑτοῦ
974 4490 1196 4559 χάριτος
1247 4489 1557 4557 ἁγιάζεται,
1584 4492 1663 4550 εἰς
1708 4490 1769 4539 τὸ
1796 4489 1948 4539 τελε-

396 4580 835 4649 σιουργῆσαιτδν
869 4582 1223 4649 προκείμενον
1278 4583 1356 4641 εἰς
1400 4580 1590 4634 θυσίαν
1646 4581 1807 4649 ἄρτον
1860 4583 1952 4633 καὶ

398 4672 460 4725 τὸ
489 4672 765 4741 ποτήριον,
814 4672 907 4725 καὶ
929 4672 1149 4740 ποιῆσαι
1175 4670 1332 4735 αὐτὰ,
1362 4672 1492 4723 αὐτὸ
1522 4673 1698 4722 ἐκεῖνο
1737 4674 1795 4722 τὸ
1842 4674 1953 4724 Κυ-

403 4764 591 4832 ριακδν
620 4764 776 4831 σῶμα
814 4765 905 4816 καὶ
936 4758 1074 4831 αἷμα
1108 4764 1199 4817 τοῦ
1225 4763 1485 4832 Χριστοῦ.
1518 4764 1573 4815 Ὀ
1632 4763 1814 4830 Πατὴρ
1845 4763 1953 4831 γὰρ

398 4854 678 4924 εὐδόκησε,
710 4856 841 4923 φασὶ
870 4855 934 4906 τὰ
965 4858 1091 4922 παρ’
1122 4856 1253 4923 ἡμῖν
1280 4854 1451 4920 λόγια,
1478 4856 1568 4905 καὶ
1591 4856 1618 4904 6
1644 4854 1767 4913 Υἱὸς
1789 4855 1952 4920 ἐσκή-

397 4962 558 5004 νωσε,
588 4946 681 4997 καὶ
720 4948 749 5012 ἡ
783 4945 1055 5013 Παρθένος
1088 4946 1240 4997 ἔτεκε
1271 4945 1399 4997 Θεὸν
1439 4945 1951 5012 ἐνανθρωπήσαντα,

396 5033 575 5087 καὶτὸ
603 5033 757 5099 ἀγιον
810 5032 1033 5101 Πνεῦμα
1092 5034 1454 5101 συνήργησεν·
1516 5032 1543 5083 ὃ
1576 5032 1669 5083 καὶ
1726 5034 1788 5083 ὲκ
1844 5032 1951 5084 τῶν

397 5122 743 5189 παρθενικῶν
771 5124 1018 5190 αἱμάτων
1068 5124 1232 5190 μέρος
1290 5122 1455 5173 λαϐὸν
1498 5122 1815 5191 ᾠκοδόμησε
1864 5124 1951 5174 τὸν

401 5212 719 5279 σωματικὸν
750 5214 877 5265 ναὸν
903 5213 996 5264 τοῦ
1032 5212 1291 5281 Χριστοῦ.
1340 5212 1647 5265 Κάντεῦθεν
1686 5212 1949 5280 δηλοῦμεν

397 5302 493 5353 καὶ
519 5300 579 5354 τὸ
603 5303 900 5372 ἀχώριστον
930 5304 1025 5355 καὶ
1090 5303 1426 5372 ίσοδύναμον,
1456 5305 1549 5355 καὶ
1584 5304 1822 5371 ὁμοφυὲς
1854 5302 1948 5354 καὶ

396 5392 807 5462 παντοδύναμον
869 5394 968 5464 τῆς
1000 5395 1161 5462 ἁγίας
1213 5395 1463 5463 Τριάδος,
1493 5397 1539 5446 εί
1565 5397 1660 5445 καὶ
1682 5397 1799 5455 ταῖς
1818 5395 1949 5446 ὑπο-

398 5481 619 5533 στάσεσι
640 5482 888 5553 διῄρηται
918 5500 932 5515 ο
981 5484 1072 5536 καὶ
1100 5485 1179 5536 ὅτι
1211 5484 1339 5537 ἔνθα
1370 5485 1485 5535 ἐστὶ
1518 5485 1614 5552 μία
1653 5483 1758 5535 τῶν
1784 5484 1949 5552 τριῶν

397 5568 773 5637 ὑποστάσεων,
804 5571 1116 5641 ὁχωρίστως
1141 5573 1231 5624 καὶ
1272 5574 1327 5626 αἱ
1376 5574 1558 5624 λοιπαὶ
1612 5573 1705 5624 δύο
1732 5576 1795 5641 τῇ
1851 5573 1946 5640 φύε

477 5745 677 5798 ‘Joan.
711 5760 762 5812 κ,
800 5746 877 5799 l8.
958 5749 977 5777 '
1013 5744 1199 5801 Matth.
1226 5763 1372 5811 xxvt,
1400 5748 1487 5800 26.

1567 5751 1583 5776 ³
1608 5748 1649 5801 ll
1676 5750 1815 5803 Pctr.
1856 5763 1910 5809 tt,
1955 5746 2033 5801 ιυ.

2049 3253 2181 3301 est.
2235 3239 2457 3295 omnino
2526 3237 2794 3291 obnoxius
2866 3233 3103 3303 peccatis
3177 3239 3229 3285 et
3293 3228 3597 3281 ohvinctus.

2046 3336 2062 3401 (
2100 3332 2267 3384 Nemo
2297 3330 2439 3384 enim
2486 3340 2667 3393 expers
2696 3324 2920 3391 peccati,
2955 3330 3014 3374 ut
3046 3320 3262 3373 divinus
3293 3330 3471 3371 sermo
3499 3315 3598 3367 ha-

2047 3426 2153 3484 ιιι-ι,
2182 3423 2299 3475 licet
2335 3421 2487 3471 unius
2520 3417 2662 3469 horae
2701 3417 2767 3467 sit
2793 3414 2896 3466 vita
2921 3412 3031 3479 ejus
3054 3411 3098 3477 ⁸,
3125 3409 3228 3463 nisi
3248 3409 3392 3461 solus
3415 3404 3598 3471 Deus);

2044 3522 2313 3582 promeret:
2353 3509 2549 3574 indiget
2576 3504 2757 3557 multis
2787 3503 3044 3571 precibus,
3068 3509 3114 3553 et
3144 3500 3371 3566 primum
3398 3496 3606 3563 quidem

2044 3620 2136 3669 pro
2164 3598 2474 3667 ignorantiis
2509 3595 2755 3665 propriis,
2787 3594 2972 3645 deinde
3014 3608 3106 3658 pro
3132 3591 3357 3657 peccatis
3402 3587 3583 3653 populi

2046 3700 2104 3744 ut
2137 3690 2209 3741 ait
2243 3687 2519 3755 apostolus
2559 3683 2762 3738 Paulus
2794 3683 2835 3736 ⁸.
2868 3682 3139 3747 Quocirca
3173 3687 3224 3732 et
3273 3680 3451 3730 omnis
3503 3691 3605 3744 po-

2048 3782 2203 3850 pulus
2229 3788 2417 3833 astans
2447 3787 2600 3831 extra
2631 3777 2850 3846 adytum
2877 3814 2891 3835 ,
2952 3790 3072 3827 cum
3136 3771 3411 3825 sacerdote
3459 3784 3609 3822 com-

2051 3878 2325 3939 precatur,
2360 3883 2598 3935 eumque
2624 3866 2863 3933 adjuvat.
2904 3862 3169 3917 Sacerdos
3228 3861 3392 3929 igitur
3440 3859 3605 3909 Deum

2050 3962 2265 4015 Patrem
2303 3964 2445 4019 orat,
2483 3962 2668 4023 utpote
2695 3954 2786 4024 qui
2817 3954 2882 4005 sit
2923 3954 3061 4004 inter
3090 3950 3252 4003 Deum
3280 3957 3331 4000 et
3361 3946 3608 3998 homines

2048 4049 2377 4104 constitutus
2397 4049 2620 4117 legatus,
2646 4060 2712 4098 ne
2751 4043 2877 4112 quid
2901 4040 3197 4094 intercedat
3220 4036 3609 4105 impedimenti,

2049 4139 2341 4208 quominus
2379 4143 2762 4191 sacrosanctus
2788 4132 3022 4200 Spiritus
3053 4130 3301 4183 adveniat
3328 4144 3342 4193 ;
3371 4125 3465 4179 sed
3494 4141 3608 4176 rur-

2051 4246 2143 4285 sus
2178 4229 2427 4283 demittat
2469 4226 2729 4294 Spiritum
2760 4223 3026 4283 divinum,
3074 4235 3241 4275 sacrae
3275 4218 3435 4283 hujus
3474 4230 3609 4281 ope~

2052 4317 2623 4373 rationisinitiatorem
2656 4322 2815 4381 atque
2850 4310 3320 4369 sanetiﬂcatorem,
3342 4306 3431 4375 qui
3462 4304 3610 4357 nullo

2050 4423 2158 4461 non
2201 4407 2318 4459 loco
2349 4418 2585 4473 praesens
2620 4408 2746 4463 est,
2790 4416 2882 4467 per
2927 4412 3082 4465 quem
3126 4396 3307 4450 omnia
3378 4410 3496 4461 quas
3551 4393 3605 4445 in

2056 4500 2194 4552 emlo
2225 4505 2277 4551 et
2304 4497 2358 4549 in
2384 4506 2528 4549 terra
2556 4534 2569 4557 ,
2624 4502 2809 4547 sancta
2857 4490 3111 4543 dicuntur
3138 4530 3151 4551 ,
3201 4484 3609 4555 participatione

2059 4590 2179 4658 ejus
2220 4582 2615 4641 sanetiticantis
2646 4581 2830 4649 gratim
2864 4577 3295 4636 sanctiﬁcantur,
3330 4584 3387 4627 ut
3420 4588 3614 4639 propo-

2062 4679 2227 4733 situm
2265 4690 2455 4744 panem
2488 4680 2541 4727 et
2578 4671 2799 4725 calicem
2842 4670 2895 4722 in
2947 4666 3271 4720 sacriﬁcium
3326 4663 3607 4733 perficiat,

2058 4778 2111 4823 et
2141 4782 2203 4822 ea
2242 4746 2539 4819 commutet
2575 4761 2629 4813 in
2663 4759 2795 4813 illud
2831 4759 3007 4827 ipsum
3041 4756 3378 4809 Dominicum
3414 4767 3610 4819 corpus

2060 4868 2113 4913 et
2135 4856 2456 4925 sanguinem
2496 4850 2722 4906 Christi.
2762 4849 2890 4902 Nam
2920 4846 3065 4900 Patri
3093 4844 3476 4912 complacitum
3507 4850 3610 4901 est,

2057 4955 2116 5003 ut
2144 4947 2296 5000 aiunt
2324 4943 2541 4996 oracula
2572 4951 2775 5000 nostra,
2802 4947 2854 4991 et
2882 4936 3050 4990 Filius
3073 4935 3353 4996 habitavit,
3380 4930 3612 4997 etVirgo

2061 5036 2266 5105 peperit
2323 5033 2490 5086 Deum
2558 5032 2896 5083 incarnatum
2927 5066 2941 5089 ,
2988 5034 3039 5079 et
3086 5025 3328 5092 Spiritus
3392 5031 3611 5075 sanctus

2058 5132 2381 5194 cooperatus
2419 5130 2544 5183 est,
2582 5119 2676 5186 qui
2732 5134 2795 5170 ex
2853 5114 3097 5183 virgineo
3145 5110 3408 5180 sanguine
3460 5114 3611 5175 parte

2057 5224 2292 5284 sumpta,
2322 5212 2606 5266 aediﬁcavit
2638 5206 2915 5275 corporale
2942 5204 3197 5272 templum
3222 5200 3444 5255 Christi.
3472 5198 3606 5249 Hinc

2055 5318 2270 5374 quoque
2302 5303 2740 5355 demonstramus
2794 5292 3309 5360 inscparabilitatem
3349 5287 3603 5355 potentiae

2057 5395 2220 5449 simul
2248 5402 2300 5447 et
2324 5400 2529 5445 naturm
2560 5386 2941 5455 mqualitatem,
2992 5383 3213 5448 insuper
3261 5378 3589 5444 onnipotcn-

2056 5484 2182 5536 tiam
2219 5491 2420 5535 sanctae
2451 5477 2773 5536 Trinitatis,
2833 5475 2955 5527 licet
3009 5474 3184 5524 trilms
3235 5469 3607 5535 distinguatur

2060 5573 2304 5642 personis
2334 5589 2347 5624 :
2383 5572 2630 5639 quodque
2662 5569 2751 5623 ubi
2790 5584 2893 5621 una
2925 5575 3005 5620 est
3041 5564 3199 5617 trium
3230 5571 3601 5629 personarum.

2118 5745 2134 5774 ⁵
2163 5743 2259 5798 Job
2298 5758 2403 5809 xlv,
2430 5741 2462 5794 4
2492 5758 2602 5798 ser.
2634 5741 2795 5795 LXX.
2886 5735 2905 5770 τ’
2936 5739 3096 5793 licbr.
3130 5752 3202 5803 nt,
3234 5736 3285 5789 7.
