4152 6338
204 413 313 473 ΒΞθ

1320 431 1414 491 DE
1446 431 1942 494 SACRAMENTO
1974 394 2347 504 ‘ALTARIS.

3296 450 3401 515 830

202 526 341 626 serti,
374 526 466 626 καὶ
488 526 617 626 ζῶν,
648 530 740 582 καὶ
763 530 1010 609 ἐνεργὴς,
1070 536 1163 589 καὶ
1195 541 1619 611 παντοδύναμος,
1656 547 1750 598 καὶ

1851 554 2062 613 potens,
2090 558 2142 601 et
2163 565 2496 621 quaecunque
2521 553 2685 609 voluit
2706 554 2989 619 Dominus.
3014 556 3138 613 fecit
3168 550 3349 615 omnia
3380 579 3396 626 ;

200 616 380 670 πάντα
407 620 505 672 ὅσα
535 619 822 692 ἠθέλησεν,
850 626 878 676 6
904 626 1108 695 Κύριος
1136 629 1412 699 ἐποίησεν·
1443 633 1504 687 οὐ
1533 633 1754 689 δύναται

194 708 290 760 τὸν
316 708 480 779 ἄρτον
504 713 584 773 είς
629 714 690 765 τὸ
750 715 881 767 [διον
942 717 1107 770 αὑτοῦ
1159 720 1317 790 σῶμα
1365 726 1753 794 μεταποιῆσαι,

195 804 291 854 καὶ
326 803 425 871 τὴν
479 803 575 857 τοῦ
625 804 818 868 ὓδατος
871 811 964 861 καὶ
1023 808 1165 863 οἴνου
1200 815 1397 882 κρᾶσιν
1428 817 1509 877 είς
1533 816 1593 867 τὸ
1624 816 1754 870 ἴδιον

196 890 373 962 αἴμις
438 894 527 956 Ὠς
574 895 678 964 γάρ
742 894 895 950 εἷπεν
917 900 976 950 ὲν
1003 901 1068 969 τῇ
1105 902 1282 972 ἀρχῇ·
1345 905 1753 972 Βλαστησάτω

194 986 233 1052 ἡ
272 985 347 1053 γῆ
407 987 783 1055 χλοὰζουσαν
821 989 1114 1058 βοτάνην,
1177 994 1271 1047 καὶ
1307 996 1469 1065 μέχρι
1514 997 1609 1050 τοῦ
1660 997 1753 1052 νῦν

199 1078 389 1141 ὕοντος
419 1080 578 1133 αὑτοῦ
616 1080 907 1150 βλαστάνει
942 1084 1171 1153 βοτάνας
1194 1088 1227 1155 ή
1257 1088 1349 1156 γῆ.
1386 1088 1755 1159 ὑπερασπιζο-

200 1168 341 1238 μένη
378 1168 472 1222 καὶ
500 1169 797 1242 βιαζομένη
842 1174 945 1225 ὑπὸ
970 1174 1070 1243 τῆς
1102 1174 1400 1239 κελεύσεως
1447 1178 1542 1229 τοῦ
1572 1178 1708 1231 Θεοῦ
1734 1194 1749 1210 ·

192 1258 370 1322 οὕτως
405 1254 556 1314 εἶπεν
607 1262 635 1313 6
667 1263 797 1325 Θεὸς
832 1281 847 1295 ·
886 1264 1069 1319 Τοῦτό
1136 1266 1268 1320 ἐστι
1298 1268 1364 1319 τὸ
1390 1266 1559 1337 σῶμά
1607 1288 1749 1338 μου,

198 1350 318 1414 καὶ,
362 1352 547 1405 Τοῦτό
570 1353 699 1407 ἐστι
737 1353 803 1407 τὸ
824 1351 965 1424 αἷμά
989 1373 1130 1421 μου,
1161 1357 1276 1421 καὶ,
1316 1358 1495 1413 Τοῦτο
1530 1361 1751 1414 ποιεῖτε

194 1443 285 1505 εὶς
310 1441 426 1507 τὴν
454 1441 607 1510 ἐμὴν
629 1442 990 1511 ἀνάμνησιν·
1013 1446 1106 1498 καὶ
1134 1446 1302 1522 ταῦτῃ
1333 1450 1398 1517 τῇ
1432 1448 1526 1501 τοῦ
1554 1467 1753 1503 παντο-

192 1530 437 1599 δυνάμου
469 1533 758 1601 προστάξει
809 1535 968 1604 μέχρι
997 1535 1095 1605 τῆς
1122 1536 1283 1589 αὐτοῦ
1306 1538 1567 1609 δευτέρας
1610 1559 1752 1611 παρ-

193 1622 384 1683 ουσίας
436 1622 657 1688 γίνεται,
711 1624 831 1695 θείᾳ
880 1625 1133 1697 ἐπιπνοίᾳ
1163 1626 1255 1678 καὶ
1286 1628 1623 1697 ἐπιφοιτήσει
1652 1634 1745 1687 τοῦ

195 1709 355 1777 ἁγίου
389 1712 527 1764 Πνεύ
536 1731 724 1781 ματος.

261 1800 356 1853 AX
418 1800 578 1856 Ἀλλὰ
610 1804 698 1856 διὰ
728 1804 781 1857 τί
807 1807 1005 1877 μᾶλλον
1038 1812 1066 1863 6
1098 1813 1328 1881 Χριστος
1381 1816 1485 1869 ὑπὸ
1506 1816 1581 1884 τῷ
1617 1816 1746 1869 εῖδει

1856 652 2035 691 nonne
2062 647 2238 721 potest
2258 656 2449 710 panem
2485 645 2538 697 in
2557 658 2713 699 suum
2738 645 2909 714 ipsius
2934 662 3132 717 corpus
3163 659 3396 716 mutare,

1852 734 1906 779 et
1938 740 2090 795 aqua:
2113 730 2304 797 etvini
2330 733 2764 787 commistionem
2788 736 2841 788 in
2870 738 3147 805 proprium
3180 740 3403 806 sangui-

1854 817 2019 869 nem?
2049 816 2180 870 Nam
2208 822 2659 887 quemadmodum
2690 825 2843 879 initio
2890 824 3023 881 dixit
3078 844 3092 883 :
3139 828 3404 882 Germinct

1854 912 1994 959 terra
2026 907 2235 962 herbam
2259 911 2504 967 virentem
2543 916 2586 947 "
2612 955 2627 979 ,
2662 925 2716 970 et
2766 932 2938 987 usque
2976 918 3031 972 in
3079 918 3401 973 hodiernum

1852 995 2016 1062 diem,
2044 1014 2109 1053 eo
2140 1001 2373 1069 pluviam
2410 1004 2672 1071 mittente,
2706 1015 2849 1061 terra
2880 1009 3147 1079 germinat
3176 1010 3395 1074 herbas,

1853 1101 1973 1154 quae
2007 1087 2094 1143 Dei
2130 1093 2332 1146 auxilio
2360 1095 2681 1163 protegitur,
2715 1097 2943 1166 ejusque
2974 1099 3131 1167 i083“
3182 1099 3235 1153 id
3270 1114 3402 1169 βαε-

1852 1188 1998 1231 stare
2026 1180 2260 1248 cogitur,
2293 1182 2367 1235 ita
2401 1183 2616 1239 locutus
2651 1192 2729 1238 est
2756 1184 2896 1241 Deus
2936 1205 2949 1241 :
3009 1186 3122 1242 Hoc
3165 1196 3243 1241 est
3293 1205 3402 1242 cor-

1849 1284 1945 1335 pus
1974 1286 2162 1324 meum.
2195 1270 2307 1325 Et:
2367 1273 2469 1327 Hic
2515 1283 2593 1328 est
2645 1278 2860 1346 sanguis
2904 1293 3067 1331 meus.
3118 1278 3184 1331 Et
3220 1296 3234 1333 :
3291 1281 3403 1333 Hoc

1854 1360 2011 1427 facile
2041 1362 2096 1413 in
2118 1377 2279 1415 meam
2305 1366 2873 1424 commemorationem.
2926 1368 3091 1438 quue
3148 1368 3402 1437 Omnipo-

1851 1452 2011 1506 tentis
2039 1453 2290 1507 mandato
2336 1469 2507 1523 usque
2560 1456 2625 1509 ad
2676 1456 2795 1525 ejus
2849 1459 3144 1513 secundum
3201 1458 3401 1512 adven-
3466 1503 3471 1510 .

1851 1548 1963 1595 tum
2005 1543 2096 1608 tit,
2148 1543 2327 1598 divina
2373 1545 2726 1615 inspiratione
2788 1557 2841 1601 et
2890 1562 3114 1603 accessu
3167 1546 3401 1615 Spiritus

1852 1635 2045 1688 sancti.

1920 1812 2075 1869 ΑΕΗ.
2109 1813 2209 1868 Sed
2237 1828 2399 1882 quare.
2424 1812 2670 1869 Christus
2714 1811 2815 1869 sub
2845 1811 3027 1881 specie
3055 1812 3229 1881 panis,
3258 1809 3389 1871 vini,

194 1890 365 1959 ἄρτου
416 1892 511 1945 καὶ
564 1893 657 1948 τοῦ
712 1898 877 1965 οῐνου,
928 1903 1018 1955 καὶ
1055 1902 1286 1971 ὕδατος,
1338 1907 1433 1959 τοῦ
1498 1908 1747 1977 σώματος

1853 1914 1906 1959 et
1940 1919 2090 1973 aqum
2120 1904 2358 1958 abditum
2395 1919 2550 1957 suum
2581 1919 2777 1972 corpus
2799 1913 2853 1957 et
2874 1902 3191 1969 sanguinem
3219 1900 3398 1969 petius

198 1982 372 2034 αὐτοῦ
404 1988 790 2055 κεκρυμμένου
839 1993 933 2044 καὶ
966 1993 1059 2046 τοῦ
1093 1996 1341 2063 αἵματος,
1397 2000 1748 2068 μεταλαμϐά-

194 2088 312 2124 νειν
348 2074 681 2142 παρέδωκεν,
705 2077 734 2148 ἢ
760 2079 861 2131 ὑπὸ
887 2082 1021 2151 άλλη
1056 2082 1192 2153 ὕλης

192 2196 195 2197 ν
260 2164 370 2217 ΣΑ.
404 2166 514 2217 Καὶ
541 2166 848 2238 ήδηεῐρηκα
880 2172 1008 2242 περὶ
1038 2175 1250 2240 τούτου,
1282 2176 1373 2230 καὶ
1400 2179 1560 2234 πάλιν
1587 2181 1745 2245 λέξω.

192 2253 333 2306 Θεοῦ
364 2260 771 2324 συγκαταϐάσει
809 2264 904 2315 καὶ
949 2264 1139 2335 ἀφάτῳ
1190 2268 1433 2339 προνοίᾳ,
1471 2272 1661 2338 ἀφέσει
1689 2292 1746 2326 τε

187 2345 286 2396 καὶ
317 2345 537 2408 ἀξιώσει
589 2351 667 2410 εἰς
700 2352 845 2418 ἡμᾶς
897 2354 1042 2406 τοῦτ’
1103 2357 1340 2421 ἐγένετο,
1379 2359 1466 2412 ἵνα
1514 2364 1625 2423 τοῖς
1650 2366 1746 2432 τῆς

190 2437 413 2503 φύσεως
448 2440 757 2507 συνήθεσιν,
824 2443 903 2506 είς
930 2446 992 2497 τὸ
1020 2451 1212 2512 φαγεῖν
1238 2450 1331 2499 καὶ
1368 2453 1508 2502 πιεῖν
1560 2454 1747 2505 διαπε-

194 2527 400 2594 ρῶμεν,
433 2529 525 2580 καὶ
555 2531 951 2601 άναφερὼμεοα
984 2538 1062 2598 είς
1094 2538 1160 2589 τὰ
1191 2538 1330 2606 ὑπὲρ
1361 2544 1542 2607 φύσιν,
1606 2545 1748 2611 φημὶ

187 2618 234 2668 δ’
258 2620 337 2679 είς
366 2621 432 2671 τὰ
469 2619 586 2674 θεῖα
617 2624 906 2692 μυστήρια.
928 2624 1065 2677 Ἀλλ’
1088 2624 1179 2679 οὖν
1201 2630 1259 2679 ὲν
1281 2632 1411 2682 πᾶσι
1436 2634 1546 2690 τοῖς
1570 2632 1748 2695 ἄλλοις

191 2705 483 2776 βρώμασιν
520 2712 547 2762 6
578 2712 741 2779 ἄρτος
772 2712 870 2781 τὴν
894 2714 1114 2783 πρώτην
1135 2716 1321 2785 εἴληφε
1353 2720 1522 2784 τάξιν,
1547 2722 1746 2788 ὁμοίως

188 2800 283 2851 καὶ
318 2802 376 2851 ἐν
405 2802 517 2861 τοῖς
552 2804 737 2864 ποτοῖς
770 2804 827 2855 τὸ
855 2802 996 2875 ὕδωρ
1024 2805 1119 2857 καὶ
1144 2808 1170 2857 6
1218 2806 1358 2870 οἶνος
1404 2812 1745 2880 προτερεύει.

190 2889 418 2951 Τούτοις
461 2890 660 2952 τοίνυν,
692 2892 769 2960 τῷ
797 2894 945 2963 ἄρτῳ
1000 2896 1143 2964 φημὶ
1198 2898 1293 2949 καὶ
1332 2900 1410 2966 τῷ
1468 2901 1594 2972 οἴνῳ
1652 2905 1748 2957 καὶ

190 2976 349 3030 ὕδατι
386 2980 515 3047 ήμῖν
550 2980 814 3034 ἐθισθεῖσι
856 2985 1117 3048 συζεύξας
1158 2989 1185 3039 6
1226 2988 1426 3057 Κύριος
1456 2992 1554 3057 τὴν
1584 2993 1746 3046 αὐτοῦ

190 3070 449 3136 θεότητα,
479 3075 543 3140 τῇ
566 3072 793 3141 δυνάμει
815 3074 909 3125 τοῦ
941 3078 1180 3146 ῥήματος
1204 3079 1390 3145 αὑτοῦ,
1477 3082 1541 3135 τὰ
1573 3084 1744 3137 πάντα

1855 1995 2237 2051 assumeulum
2269 1994 2510 2057 tradidit,
2543 2009 2702 2063 quam
2732 1994 2835 2049 sub
2866 1993 2969 2045 alia
3013 1990 3277 2045 materia?

1927 2167 2081 2220 SAM.
2114 2165 2188 2220 De
2216 2165 2319 2219 hoc
2358 2164 2608 2233 superius
2642 2162 2773 2223 dixi.
2815 2177 3005 2217 rursus
3024 2162 3184 2215 etiam
3225 2161 3402 2215 dictu-

1855 2273 1967 2312 rus.
2008 2257 2325 2310 Demittentc
2356 2255 2496 2307 enim
2540 2268 2597 2307 se
2640 2252 2746 2306 Deo
2772 2291 2786 2314 ,
2819 2266 3022 2319 perque
3075 2251 3247 2317 ipsius
3284 2250 3399 2303 iae-

1856 2346 2183 2400 narrabilem
2224 2344 2638 2413 providentiam,
2667 2341 3153 2404 condonatiouem,
3194 2347 3246 2394 et
3275 2352 3401 2406 erga

1855 2453 1954 2491 nos
1985 2437 2375 2503 dignationem,
2413 2433 2615 2486 factum
2648 2440 2752 2495 est,
2787 2439 2846 2484 ut
2876 2446 2970 2499 per
2996 2446 3055 2485 ea
3097 2446 3214 2500 quae
3244 2431 3402 2484 nobis

1856 2543 1956 2582 usu
2014 2527 2079 2580 ad
2140 2524 2405 2579 edendum
2460 2533 2512 2578 et
2570 2522 2875 2577 bibendum,
2924 2521 3204 2574 familiaria
3234 2529 3401 2585 sunt,

1854 2627 2233 2677 transeamus,
2282 2624 2335 2669 et
2382 2614 2446 2668 ad
2494 2628 2555 2666 ea
2606 2614 2957 2667 sustollamur
3002 2626 3119 2680 qua:
3160 2618 3402 2665 nostram

1855 2717 2183 2777 exsuperant
2220 2698 2489 2770 naturam,
2521 2707 2573 2759 id
2605 2715 2725 2771 est,
2773 2704 2841 2759 ad
2894 2703 3142 2774 mysteria
3199 2702 3399 2755 divina.

1854 2799 2156 2864 Quinetiam
2189 2796 2329 2849 inter
2364 2797 2499 2848 alios
2537 2810 2722 2849 omnes
2754 2796 2903 2849 cibos
2963 2792 3114 2861 panis
3142 2792 3245 2847 sibi
3290 2790 3403 2859 pri-

1855 2903 2000 2941 mum
2033 2888 2209 2939 locum
2242 2885 2550 2938 vindicavit.
2606 2885 2789 2938 Itidem
2852 2893 2907 2938 et
2964 2883 3102 2935 inter
3148 2882 3400 2949 potiones

1856 2995 1996 3049 aqua
2024 2988 2078 3034 et
2111 2979 2294 3031 vinum
2339 2976 2543 3047 primas
2599 2983 2799 3029 tenent.
2851 2974 2950 3028 llic
2997 2973 3197 3042 igitur,
3238 2984 3403 3038 pane,

1855 3074 2073 3141 inquam
2102 3111 2116 3134 ,
2144 3070 2272 3124 vino
2301 3079 2352 3123 et
2377 3083 2515 3137 aqua
2546 3067 2700 3121 nobis
2746 3063 3065 3120 assuefactis
3091 3103 3107 3127 ,
3147 3062 3405 3117 Dominus

189 3162 256 3211 ἐκ
292 3159 390 3211 τοῦ
429 3161 502 3230 μὴ
531 3161 684 3224 ὄντος
712 3165 793 3225 είς
822 3164 883 3216 τὸ
909 3160 1398 3239 εἷναιπαρήγαγεν,
1426 3174 1505 3232 εἰς
1536 3174 1595 3225 τὸ
1619 3175 1747 3228 ίδιον

1851 3163 2139 3230 conjuncta
2170 3175 2266 3214 sua
2293 3159 2611 3221 divinitate,
2666 3158 2859 3210 virtute
2903 3156 2986 3209 sui
3042 3152 3246 3216 Verbi,
3298 3165 3403 3220 qua

188 3251 360 3303 αὐτοῦ
418 3252 578 3319 σῶμα
630 3254 725 3305 καὶ
752 3249 892 3322 αἷμα
922 3256 1061 3308 αὐτὰ
1091 3259 1442 3325 μεταϐάλλει.
1479 3263 1677 3332 Ἀρτος
1706 3263 1750 3317 δ’

189 3341 344 3410 ὅμως
375 3341 468 3395 καὶ
499 3337 640 3404 οἶνος
672 3343 1159 3412 παραλαμϐάνεται
1213 3350 1305 3401 καὶ
1338 3350 1609 3416 φαίνεται.
1646 3354 1754 3407 Καὶ

192 3431 355 3485 τοῦτο
403 3431 479 3500 τῷ
527 3434 858 3504 οἰκονομικῷ
908 3436 1094 3506 τρόπῳ
1150 3440 1245 3491 καὶ⁸
1306 3422 1750 3515 σύγκαταϐατικῇ

189 3521 394 3592 δωρεᾷ,
426 3523 737 3592 ἀφαιρεῖται
760 3524 917 3593 ήμῶν
941 3525 1040 3595 τήν
1071 3526 1274 3596 φρίκην
1326 3532 1420 3582 καὶ
1446 3530 1537 3583 τὸν
1568 3532 1749 3599 φόϐον,

192 3611 251 3664 ὃν
279 3611 595 3679 φρίττοντες
646 3614 970 3684 κατείχομεν
1015 3616 1101 3677 ἂν,
1133 3619 1181 3669 εί
1210 3617 1307 3686 τὴν
1354 3620 1519 3673 αὐτοῦ
1577 3621 1751 3691 σάρκα

191 3704 251 3755 ὲν
307 3702 388 3770 τῷ
414 3702 581 3769 αὐτῆς
616 3701 728 3772 ίδίῳ
763 3704 892 3755 εῖδει
918 3704 1011 3758 καὶ
1040 3705 1096 3759 τὸ
1144 3701 1280 3775 αἷμα
1303 3708 1638 3782 ἐκέλευσενὴ
1650 3714 1753 3782 μᾶς

194 3791 522 3859 λαμϐάνειν.
559 3791 703 3859 Πρὸς
772 3792 980 3856 τούτοις
1005 3795 1080 3858 δὲ,
1108 3798 1202 3849 καὶ
1246 3800 1316 3850 τὰ
1370 3799 1577 3867 ἔκφυλα
1620 3804 1752 3874 γένη

195 3882 359 3951 ήμῶν
391 3881 758 3951 σαρκοϐορίαν
810 3884 1163 3952 κατέγνωσαν
1192 3887 1281 3949 ἂν,
1340 3889 1567 3958 λέγοντα
1597 3893 1752 3954 δίκην

192 3971 407 4041 θηρίων
435 3971 585 4039 ἡμᾶς
633 3972 954 4040 αἱμοποτεῖν
994 3972 1087 4026 xui.
1115 3974 1439 4045 ὠμοϐορεῖν,
1475 3978 1510 4032 ἃ
1540 3979 1627 4033 διὰ
1654 3982 1751 4049 τὴν

192 4058 477 4124 ἀπιστίαν,
504 4057 666 4127 ἄρτον
714 4060 874 4127 μόνον
925 4062 1019 4115 καὶ
1064 4059 1205 4115 οῐνον
1230 4064 1458 4134 ὁρῶσιν·
1497 4070 1547 4120 oi
1576 4068 1632 4121 δὲ
1664 4086 1753 4121 πι-

192 4149 311 4201 στοὶ
338 4148 498 4217 σῶμα
527 4147 621 4201 τοῦ
649 4149 886 4218 Χριστοῦ
909 4152 1002 4204 καὶ
1016 4146 1155 4221 αἷμα
1180 4154 1242 4206 τὸ
1277 4155 1339 4207 ἐκ
1365 4156 1463 4224 τῆς
1480 4158 1749 4227 άχράντου

198 4239 464 4308 χεόμενον
519 4236 791 4307 πλευρᾶςο
831 4238 1017 4309 ὥσπερ
1086 4240 1184 4293 καὶ
1229 4241 1287 4294 ἐν
1320 4242 1397 4312 τῷ
1432 4247 1524 4297 τοῦ
1556 4246 1756 4317 βαπτίο

200 4344 413 4399 σματος
462 4328 736 4399 λουτηρίῳ
785 4330 835 4382 οἱ
889 4332 1117 4402 ἀπιστίᾳ
1162 4334 1537 4403 κατεχόμενοι,
1614 4336 1756 4406 ὕδωρ

1856 3253 2034 3309 omnia
2064 3260 2323 3306 utessent
2366 3264 2431 3303 ex
2459 3249 2626 3301 nihilo
2670 3246 2967 3315 produxit,
3015 3244 3066 3297 in
3125 3242 3400 3310 proprium

1854 3357 2009 3397 suum
2040 3355 2234 3410 corpus
2264 3350 2315 3392 et
2342 3340 2656 3407 sanguinem
2711 3350 2773 3391 ea
2804 3333 3083 3389 transfert.
3117 3333 3403 3387 Verumta-

1856 3446 1975 3484 men
2009 3430 2161 3497 panis
2193 3437 2248 3482 et
2273 3427 2458 3480 vinum
2488 3432 2862 3487 assumuntur,
2897 3430 2951 3477 et
3007 3431 3283 3491 apparent.
3320 3420 3401 3474 ld-

1852 3536 1957 3590 que
1998 3518 2244 3588 prudenti
2274 3516 2681 3585 dispensatione
2708 3530 2771 3569 ac.
2802 3513 3033 3584 gratuita
3066 3510 3398 3566 demissione

1854 3613 1936 3667 sui
1975 3611 2040 3663 ad
2081 3618 2294 3675 captum
2330 3615 2573 3660 nostrum
2604 3642 2618 3666 ,
2648 3602 2788 3656 tollit
2832 3618 2861 3653 a
2903 3602 3058 3655 nobis
3112 3602 3395 3656 horrorem

1854 3711 2013 3770 atque
2038 3708 2237 3753 metum
2270 3698 2359 3765 qui
2389 3694 2633 3749 deterriti
2670 3694 2737 3747 ab
2766 3706 2832 3747 eo
2887 3692 3267 3747 resiliissemus
3292 3733 3308 3759 ,
3354 3691 3400 3746 si

1854 3806 2075 3847 carnem
2108 3804 2260 3843 suam
2291 3790 2342 3841 in
2375 3802 2473 3841 sua
2499 3786 2712 3857 propria
2741 3784 2919 3855 specie
2940 3823 2955 3849 ,
2982 3791 3038 3837 et
3087 3782 3402 3852 sanguinein

1850 3882 2107 3951 iussisset
2156 3893 2256 3933 nos
2304 3891 2600 3932 assumere.
2657 3875 2896 3953 Adhzc,
2948 3881 3143 3929 exterae
3191 3887 3408 3942 quoque

1854 3973 2107 4026 nationes
2138 3966 2589 4022 condemnassent
2618 3980 2717 4021 nos
2744 3963 3057 4018 voracitatis
3088 3962 3267 4017 carnis
3296 3963 3405 4014 hii-

1856 4076 2051 4125 mante,
2086 4059 2353 4123 dicentes,
2386 4072 2487 4112 nos
2516 4071 2665 4111 more
2694 4054 2927 4109 ferarum
2978 4052 3293 4120 sanguinem
3328 4052 3406 4105 bi-

1855 4153 2002 4216 bere,
2035 4160 2088 4206 et
2112 4150 2336 4205 crudam
2363 4162 2579 4203 carnem
2610 4160 2799 4200 vorare
2831 4162 2847 4203 :
2895 4159 3017 4212 quae
3061 4152 3280 4212 propter
3319 4142 3405 4195 in-

1855 4239 2227 4295 credulitatem
2286 4237 2462 4292 solum
2519 4248 2711 4304 panem
2758 4241 2815 4287 et
2865 4233 3049 4286 viuum
3080 4232 3403 4286 intuentur:

1856 4332 1948 4386 sed
1982 4328 2168 4383 fideles
2193 4340 2394 4396 corpus
2425 4324 2623 4381 Christi
2659 4330 2717 4378 et
2755 4323 3066 4392 sanguinem
3118 4336 3182 4376 ex
3227 4321 3409 4375 incon-

200 4420 368 4488 μόνον
397 4420 487 4471 ἐπὶ
511 4420 610 4485 τῆς
630 4420 1017 4491 κολυμϐήθρας
1046 4423 1244 4492 ὁρῶσιν
1265 4441 1278 4456 ·
1306 4426 1355 4477 oi
1384 4427 1440 4479 δὲ
1486 4428 1663 4481 πιστοὶ
1692 4428 1750 4481 τὸ

1858 4419 2121 4475 taminato
2148 4418 2268 4486 ejus
2318 4416 2485 4470 latere
2529 4412 2781 4469 eﬂ‘usum.
2833 4410 3295 4477 Quemadmodum
3351 4418 3409 4465 et

198 4510 347 4579 ὕδωρ
379 4512 472 4563 καὶ
507 4508 616 4577 πῦρ
648 4511 739 4562 καὶ
763 4510 982 4580 πνεῦμα
1021 4513 1351 4583 καθορῶσιν.
1378 4515 1548 4569 Ὅταν
1574 4517 1630 4569 δὲ
1655 4520 1750 4571 καὶ

1861 4509 1915 4563 in
1950 4509 2166 4564 lavacro
2192 4502 2531 4574 baptismatis
2559 4542 2575 4567 ,
2604 4500 2697 4570 qui
2730 4508 2865 4555 sunt
2900 4498 3141 4553 inﬁdeles
3167 4536 3183 4561 ,
3235 4497 3405 4553 solam

194 4602 402 4655 ἐκεῖνοι
428 4600 644 4669 μέτοχοι
673 4600 938 4667 γένωνται
964 4602 1059 4653 τοῦ
1084 4602 1475 4674 βαπτίσματος,
1505 4607 1627 4660 τότε
1661 4612 1750 4663 καὶ

1865 4614 2059 4671 aquam
2085 4598 2138 4653 in
2182 4596 2389 4666 piscina
2425 4593 2607 4647 vident
2648 4607 2663 4645 :
2694 4591 2878 4645 ﬁdeles
2904 4599 3078 4645 autem
3105 4629 3121 4656 ,
3169 4604 3361 4660 aquam
3387 4627 3405 4650 ,

198 4688 359 4742 αὐτοὶ
387 4690 445 4741 τὸ
472 4688 689 4757 βέϐαιον
717 4693 782 4741 ἐκ
815 4689 909 4742 τοῦ
942 4692 1199 4761 αἰσθητοῦ
1241 4693 1584 4761 λαμϐάνουσι
1615 4700 1750 4768 πρὸς

1862 4692 2061 4764 ignem,
2092 4700 2146 4746 et
2182 4688 2441 4758 Spritum
2488 4684 2943 4753 contemplantur.
2987 4682 3119 4739 Cum
3168 4698 3297 4737 vero
3331 4683 3404 4736 illi

194 4784 299 4848 τὴν
366 4782 596 4848 ἀόρατον
647 4782 1028 4850 ἀναγέννησιν.
1068 4785 1257 4848 Ὥστε,
1288 4787 1341 4838 ετ
1388 4787 1470 4848 τίς
1499 4789 1647 4841 ἐστιν
1697 4795 1750 4843 ὲν

1859 4782 2023 4837 etiam
2051 4778 2343 4849 participes
2376 4776 2715 4845 baptismatis
2766 4772 2966 4825 fuerint
3011 4770 3222 4835 eﬂ‘ecti,
3274 4778 3408 4824 tunc

197 4866 279 4935 τῷ
311 4866 466 4919 ὕδατι
491 4868 673 4937 χάρις,
708 4870 809 4921 οὐκ
837 4870 900 4922 ὲκ
927 4872 1024 4938 τῆς
1050 4872 1263 4940 φύσεώς
1289 4875 1406 4925 ἐστι
1427 4874 1518 4927 τοῦ
1540 4875 1752 4942 ὕδατος,

198 4956 316 5009 ἀλλ’
343 4958 406 5009 ἐκ
457 4958 554 5027 τῆς
579 4958 673 5010 τοῦ
724 4960 1037 5029 Πνεύματος
1067 4965 1387 5032 παρουσίας.

273 5221 394 5273 AX.
419 5220 691 5290 Πρόδηλον
710 5221 791 5274 ὅτι
822 5223 997 5277 πάντα
1028 5227 1227 5294 τρόπον
1255 5228 1436 5291 καλῶς
1468 5228 1757 5298 κηρύττεις

205 5310 301 5363 καὶ
328 5308 579 5386 διεξέρχῃ
602 5310 669 5361 τὰ
699 5312 794 5379 τῆς
815 5311 1045 5375 πίστεως
1066 5314 1159 5366 τοῦ
1191 5315 1423 5385 Χριστοῦ
1462 5319 1754 5386 μυστήρια.

206 5397 346 5466 Περὶ
386 5395 578 5449 τούτου
607 5397 662 5449 δὲ
694 5400 1018 5470 ἀπορήσειεν
1069 5403 1133 5455 ἄν
1184 5418 1265 5463 τις
1285 5444 1301 5467 ,
1368 5403 1484 5466 πῶς
1511 5400 1593 5467 εἷς
1621 5404 1695 5459 ὢν
1728 5407 1757 5458 ὁ

202 5484 340 5546 Θεὸς
385 5488 476 5538 καὶ
497 5487 555 5538 τὸ
598 5488 754 5556 σῶμα
779 5489 871 5541 τοῦ
902 5490 1135 5557 Χριστοῦ
1168 5492 1247 5555 ἒν,
1278 5494 1359 5554 εἰς
1409 5494 1756 5564 άναρίθμητα

204 5575 437 5647 σώματα
489 5578 583 5629 καὶ
636 5580 772 5648 μέρη
834 5581 1143 5648 διαιρεῖται.
1186 5583 1371 5637 Πολλοὶ
1412 5582 1477 5636 τὰ
1526 5586 1754 5655 διαιρού-

323 5754 364 5782 “
399 5752 606 5813 (it-n.1,
644 5755 723 5809 ll.

1859 4870 1961 4938 ipsi
1990 4882 2202 4936 quoque
2256 4864 2556 4918 ﬁrmitatem
2616 4878 2679 4917 ac
2736 4861 2905 4916 robur
2966 4876 2995 4913 a
3050 4875 3109 4916 re
3154 4860 3407 4915 sensibus

1868 4966 2119 5029 percepta
2170 4960 2392 5011 sumunt
2437 4953 2502 5007 ad
2553 4952 2875 5008 invisibilem
2930 4952 3410 5023 regenerationem.

1867 5050 2057 5118 Itaque
2082 5050 2124 5102 si
2162 5062 2265 5116 qua
2299 5053 2381 5100 est
2412 5045 2586 5114 gratia
2618 5045 2672 5097 in
2702 5057 2863 5111 aqua,
2896 5058 3003 5095 non
3034 5049 3117 5096 est
3160 5056 3227 5095 ex
3258 5053 3410 5110 aqua:

1867 5150 2081 5203 natura,
2113 5138 2203 5191 sed
2238 5152 2303 5191 ex
2333 5137 2564 5188 adventu
2598 5132 2829 5200 Spiritus
2864 5133 3058 5185 sancti.

1933 5228 2089 5282 ΑΕΗ.
2145 5225 2260 5278 Non
2300 5223 2522 5276 dubium
2584 5209 2702 5283 est,
2750 5222 2879 5287 quin
2936 5219 3183 5274 omnibus
3234 5217 3409 5272 modis

1866 5316 2300 5385 rectefpraedices
2329 5320 2383 5367 et
2425 5325 2709 5364 recenseas
2760 5310 3016 5379 mysteria
3068 5306 3188 5359 fidei
3247 5304 3408 5357 Chri-

1865 5409 2069 5461 stianas.
2102 5403 2295 5456 Verum
2351 5400 2418 5453 de
2449 5402 2547 5453 bac
2592 5414 2651 5451 re
2704 5399 2979 5465 ambigere
3010 5395 3131 5461 quis
3176 5400 3402 5461 posset,

1863 5511 1970 5566 quo
2020 5504 2177 5564 pacto
2227 5506 2349 5546 cum
2382 5490 2454 5543 sit
2504 5504 2642 5541 unus
2698 5486 2837 5541 Deus
2888 5496 2941 5539 et
2990 5498 3155 5537 unum
3210 5495 3407 5547 corpus

1863 5587 2098 5649 Christi,
2133 5586 2186 5639 in
2242 5582 2449 5636 inliuita
2503 5593 2730 5651 corpora
2777 5585 2831 5633 et
2878 5586 3059 5647 partes
3112 5574 3401 5631 dividatur.
