4106 6336
247 360 352 418 845
1686 355 2017 414 ΝΟΤΙΤΙΑ.
3365 348 3395 405 8
3414 347 3467 405 ιε.

245 470 598 533 solutionem,
634 469 828 524 iterum
877 477 1070 538 sponte
1100 468 1590 522 auathematizassc
1623 470 1805 521 omnia
1847 467 1990 522 dicta
2016 478 2069 521 et
2103 469 2240 521 facta
2283 468 2361 521 vel
2401 473 2601 520 tentata
2631 464 2893 519 adversus
2930 462 3224 519 Romanam
3263 465 3471 541 sedem,

256 558 445 622 sicque
479 558 545 607 ab
580 557 661 609 eis
690 558 741 609 in
785 557 1223 611 communionem
1259 564 1557 623 rcceptum,
1583 554 1830 608 eﬂ'ectum
1871 571 1994 612 esse
2027 569 2215 608 corum
2268 553 2584 607 familiarem
2621 555 2851 607 amicum
2879 592 2895 617 ,
2922 552 3113 605 scribit
3151 550 3425 604 \Vibertus
3452 585 3468 611 ,

243 642 297 695 in
327 641 444 695 Vita
479 642 537 697 S.
570 641 790 707 Leonis,
825 643 890 708 ll,
923 644 975 698 5.
1006 643 1147 698 Idem
1181 642 1369 708 tradit,
1421 643 1744 697 invectivam
1801 640 2230 711 Responsiouem
2282 640 2591 693 cancellarii
2638 639 2869 693 Romani
2920 638 3175 693 Friderici
3200 678 3214 700 ,
3269 638 3468 692 Niceta‘.

243 731 575 797 oppositam,
610 729 787 784 fuisse
813 732 880 785 de
907 729 1101 783 Latino
1126 729 1445 785 translatam
1475 728 1661 783 Graece
1685 734 1738 781 et
1768 740 1948 781 coram
1994 729 2320 796 imperatore
2363 726 2639 780 recitatam
2668 725 2945 790 ;Nicetam
2964 740 3095 779 vero
3115 732 3364 779 eoactum
3393 723 3468 793 (2)

251 816 520 869 damnare
550 825 606 870 et
638 817 959 870 comburere
993 833 1089 872 sua
1116 819 1339 887 scripta,
1393 817 1574 871 habita
1614 816 1977 883 disputatione
2042 814 2185 883 apud
2222 814 2612 869 monasterium
2644 812 2821 867 Studii
2856 813 2911 866 in
2974 813 3105 867 urbe
3153 812 3471 868 CPolitana.

244 902 490 970 (Fam)
520 903 680 958 Conl‘.
722 906 788 959 de
820 906 912 960 illo
938 905 1084 960 Gttil.
1118 906 1284 968 Cave,
1326 906 1468 958 llist.
1493 904 1600 955 litt.
1636 901 1737 957 SS.
1768 902 1914 957 Eccl.
1950 911 2058 955 tom
2088 901 2152 965 ll,
2182 918 2233 970 p.
2276 902 2420 966 156;
2459 903 2747 971 llatnberg.
2792 900 2852 953 Ζ.
2888 899 2951 953 Ν.
2980 900 3049 954 III
3076 941 3090 964 ,
3126 918 3181 969 p.
3239 901 3379 967 759;
3420 909 3474 955 et

246 988 426 1050 Saxii,
464 990 652 1044 Onom.
690 991 755 1055 ll,
786 1006 841 1060 p.
868 990 962 1044 181
998 1007 1012 1056 ;
1047 989 1384 1044 Scltroccklt.
1418 989 1556 1043 llist.
1587 991 1715 1043 cccl.
1744 986 1939 1054 XXIV,
1981 1004 2036 1058 ι).
2071 989 2175 1042 219
2200 1004 2314 1057 seq.
2352 988 2645 1043 —Nicetae
2684 987 2953 1042 Pectorati
2979 1026 2994 1051 ,
3048 987 3238 1043 Libell.
3283 1000 3472 1042 contra

245 1076 481 1131 Latinos
519 1079 701 1132 editus
727 1089 781 1133 et
804 1079 872 1132 ab
904 1078 1279 1147 apocrisiariis
1300 1077 1631 1145 'apostolicaa
1653 1075 1797 1131 sedis
1830 1075 1990 1130 Cl’oli
2023 1083 2297 1144 repertus,
2330 1074 2522 1129 Latine
2573 1090 2696 1130 cum
2746 1073 3097 1131 Refutatione
3144 1074 3427 1129 Piumberti
3459 1113 3474 1138 ,

244 1163 432 1218 Patris
464 1165 742 1233 purpurati
777 1164 888 1236 (de
920 1179 1027 1233 quo
1063 1166 1183 1219 vide
1217 1163 1363 1217 Saxii
1396 1162 1586 1217 Onam.
1626 1163 1691 1230 ll,
1728 1178 1781 1233 p.
1817 1162 1941 1224 180,
1980 1171 2033 1217 et
2059 1177 2197 1232 quos
2228 1162 2319 1216 ille
2340 1162 2523 1216 laudat
2553 1164 2569 1231 )
2625 1165 2677 1216 in
2727 1162 2793 1216 ll.
2846 1162 3051 1217 Canisii
3102 1161 3246 1216 Lect.
3304 1163 3473 1231 autiq.

246 1260 387 1303 tom.
423 1251 511 1313 lll,
546 1268 600 1320 p.
631 1250 760 1316 508,
793 1251 879 1306 ed.
914 1250 1178 1320 Basnage.
1204 1281 1274 1291 —
1306 1250 1559 1319 Ejusdem
1600 1265 1819 1328 carmen
1860 1250 2156 1305 iambicum
2191 1251 2243 1304 in
2286 1248 2592 1305 Simeonem
2632 1250 2910 1305 Juniorem
2940 1288 2955 1311 ,
2986 1249 3077 1305 Gr.
3135 1258 3187 1303 et
3241 1249 3360 1303 Lat.
3422 1251 3473 1304 iu

243 1335 311 1392 L.
348 1337 553 1399 Allatii,
587 1335 822 1389 Diatribe
850 1335 913 1390 de
937 1336 1304 1407 Symeonibus,
1334 1352 1453 1407 pag.
1484 1335 1607 1391 168.
1646 1366 1716 1377 -
1744 1335 1801 1391 In
1844 1352 1977 1392 mss.
2026 1337 2305 1393 codicibus
2346 1336 2511 1391 Laur.
2544 1336 2796 1392 Mediceis
2831 1346 2885 1391 et
2928 1336 3236 1391 Vindobon.
3269 1337 3342 1392 Ca
3362 1352 3473 1391 sar.

242 1432 537 1477 servantur
567 1425 716 1477 varia
745 1441 759 1489 ;
805 1425 860 1478 in
890 1423 1015 1477 cod.
1052 1424 1197 1478 Med.
1223 1426 1311 1489 19,
1349 1440 1404 1478 n.
1444 1425 1496 1487 5,
1529 1432 1580 1477 et
1611 1424 1737 1478 cod.
1772 1422 2075 1487 Vindobon.
2112 1424 2238 1489 240,
2266 1440 2321 1479 n.
2352 1423 2406 1487 6,
2441 1422 2648 1493 Opusc.
2692 1423 2975 1487 ineditum,
3015 1425 3250 1493 capitum
3283 1425 3476 1478 asceti-

246 1526 442 1565 corum
480 1521 590 1563 tres
622 1512 901 1564 centuriae.
938 1511 1001 1567 V.
1028 1508 1259 1564 Bandin.
1301 1510 1473 1564 Codd.
1507 1509 1602 1564 Gr.
1638 1509 1769 1564 bibl.
1798 1509 2054 1564 Laurent.
2084 1510 2145 1563 L.
2175 1526 2228 1579 p.
2261 1510 2461 1573 262,θι
2485 1510 2742 1565 Lambec.
2784 1512 2996 1565 Comm.
3020 1511 3086 1565 de
3111 1510 3243 1564 bibl.
3276 1511 3473 1565 Caesar.

248 1596 312 1660 V,
346 1612 401 1664 p.
435 1595 562 1651 216.
600 1597 751 1651 -Ιη
794 1597 923 1651 cod.
960 1596 1153 1651 medic.
1190 1598 1276 1662 16,
1307 1591 1484 1665 η.’25,
1511 1598 1646 1666 plut.
1680 1598 1733 1663 9,
1756 1607 1808 1652 et
1838 1598 1869 1653 C

1853 1598 2085 1653 Sesareo
2113 1597 2239 1653 cod.
2273 1597 2398 1662 247,
2439 1612 2496 1651 n.
2546 1598 2607 1650 21
2641 1639 2654 1660 ,
2688 1607 2849 1667 atque
2878 1598 3003 1652 cod.
3033 1598 3139 1651 255
3166 1636 3181 1661 ,
3214 1613 3270 1651 n.
3307 1597 3336 1649 7
3363 1639 3377 1662 ,
3409 1597 3474 1651 ad

242 1682 471 1738 Latinos
506 1684 582 1736 De
616 1684 843 1753 azymis,
876 1682 1075 1751 jejunio
1109 1684 1329 1738 Sabbati
1377 1695 1426 1738 et
1459 1685 1653 1753 nuptiis
1678 1685 2032 1740 sacerdotum.
2074 1684 2341 1755 (Bandin.
2376 1685 2449 1739 ib.
2487 1699 2540 1754 p.
2571 1684 2710 1745 415;
2734 1692 2790 1739 e’t
2822 1684 3075 1739 Lambec.
3132 1685 3173 1739 V
3199 1722 3214 1747 ,
3261 1700 3317 1753 p.
3370 1685 3477 1737 265

243 1782 365 1838 seq.
409 1784 474 1825 ac
503 1786 556 1839 p.
594 1771 764 1839 476.)
798 1802 865 1813 ——
900 1770 954 1823 In
988 1772 1112 1825 cod.
1144 1772 1233 1835 50,
1269 1773 1405 1839 plut.
1440 1773 1528 1837 10,
1562 1781 1645 1829 est
1682 1773 1864 1841 Ἐκ).ογ

1856 1774 1914 1844 τὴ
1944 1774 2179 1843 capitum
2212 1787 2279 1826 ex
2306 1772 2511 1827 sanctis
2542 1770 2817 1826 Patribus.
2861 1771 3151 1837 Praefatio,
3187 1786 3309 1840 quae
3342 1784 3477 1839 pra:-

242 1855 414 1921 cedit,
455 1872 484 1910 a
516 1857 883 1913 Montfaucon.
912 1858 967 1912 in
997 1857 1172 1913 Catal.
1213 1858 1471 1913 tribuitur
1498 1858 1716 1915 Nicetze.
1754 1859 1831 1914 Ex
1863 1859 2050 1915 Niceta
2078 1867 2260 1914 autem
2311 1860 2541 1929 aliisque
2594 1858 2960 1929 scriptoribus
3002 1859 3201 1914 eccles.
3243 1872 3475 1927 quorum

242 1946 469 1996 nomina
499 1945 552 1997 in
589 1946 836 2015 margine
862 1954 989 2000 sunt
1020 1947 1282 2015 ascripta,
1321 1946 1585 2001 adornata
1615 1955 1698 2001 est
1731 1948 1846 2001 hac
1871 1945 2119 2001 collectio
2144 1986 2160 2010 ,
2195 1950 2335 1999 teste
2361 1944 2591 1997 Bandin.
2624 1945 2660 1998 ι,
2695 1960 2744 1997 θ.
2779 1960 2831 2012 p.
2887 1945 2992 1999 494
3020 1960 3134 2015 seq.
3169 1974 3239 1985 -ο
3268 1945 3324 1998 lu
3354 1943 3475 1998 cod.

243 2028 455 2083 Cmsar.
488 2029 723 2089 Vindob.
754 2032 879 2095 285,
910 2047 970 2088 n.
999 2033 1055 2095 9,
1083 2041 1166 2086 est
1196 2032 1442 2101 ejusdem
1468 2032 1655 2087 Oratio
1687 2034 1861 2104 prima
1893 2032 2159 2086 invectiva
2183 2040 2373 2085 contra
2406 2030 2775 2100 blasphemam
2801 2030 3179 2084 Armeniorum
3220 2031 3475 2093 ha'resin,

244 2124 303 2167 ut
328 2116 525 2170 scribit
555 2117 811 2172 Lambec.
842 2116 908 2183 V,
942 2134 995 2187 p.
1023 2118 1147 2171 477.
1178 2148 1249 2158 -
1278 2118 1336 2172 in
1368 2120 1490 2174 cod.
1524 2120 1651 2180 256,
1694 2135 1749 2173 n.
1780 2118 1843 2172 18
1867 2158 1881 2183 ,
1914 2118 2180 2186 Excerpta
2231 2131 2295 2171 ex
2343 2116 2519 2171 Photii
2547 2157 2561 2182 ,
2605 2115 2805 2171 Nicetze
2856 2116 3087 2171 Stcthati
3137 2117 3477 2185 aliorumque

238 2200 557 2257 Graecorum
586 2220 713 2273 opp.
766 2214 958 2259 contra
1006 2203 1256 2269 Latinos,
1289 2208 1351 2259 de
1378 2208 1703 2274 proccssionc
1730 2207 1958 2275 Spiritus
1994 2206 2186 2269 sancti,
2220 2205 2283 2258 de
2314 2206 2534 2275 azymis,
2602 2216 2706 2259 etc.
2762 2204 3051 2274 (Lambec.
3084 2204 3150 2257 ιν
3175 2244 3188 2268 ,
3223 2220 3275 2274 p.
3311 2206 3431 2258 559.
3460 2203 3477 2263 )

238 2315 308 2326 -
340 2286 400 2341 In
431 2289 556 2344 cod.
599 2291 689 2356 45,
720 2308 773 2345 n.
812 2290 900 2355 56,
934 2292 1135 2346 Nieetm
1160 2291 1396 2347 Stethati
1429 2294 1673 2347 centuria
1706 2295 1863 2348 tertia
1890 2292 2284 2362 Epistolarum,
2315 2291 2569 2361 Epistolis
2604 2301 2715 2347 tres
2750 2292 2813 2345 de
2839 2292 3127 2346 canonibus
3155 2292 3472 2347 ecclesiasti~

238 2373 340 2427 cis.
396 2373 695 2442 (Lambec.
744 2378 859 2431 Vill
890 2417 904 2441 ,
942 2396 994 2447 p.
1048 2380 1145 2433 941
1190 2379 1330 2448 seq.)
1358 2408 1428 2418 ——
1461 2381 1515 2432 In
1564 2381 1685 2433 cod.
1719 2379 1942 2434 Barocc.
1974 2380 2041 2435 69
2074 2379 2206 2435 bibl.
2252 2378 2459 2433 Bodlei.
2508 2378 2709 2433 Nicctze
2734 2380 3001 2435 Pectorati
3035 2382 3281 2435 centuria
3316 2395 3377 2434 ll.
3407 2408 3476 2419 —

240 2457 510 2527 Ejusdem
546 2465 679 2532 Περὶ
703 2466 800 2517 τοῦ
826 2469 947 2518 κατ’
981 2466 1190 2521 εἰκόνα.
1223 2495 1294 2507 --
1324 2466 1465 2521 Inter
1493 2466 1652 2521 codd.
1687 2466 1861 2521 Norfol

1859 2469 1926 2521 lc.
1953 2466 2126 2522 Grec.
2156 2466 2294 2535 (Cat.
2326 2466 2486 2521 codd.
2516 2467 2738 2535 Anglim,
2774 2474 2909 2521 tom.
2937 2465 3001 2531 ll,
3029 2483 3082 2535 p.
3111 2466 3199 2534 81)
3228 2483 3282 2521 n.
3311 2467 3474 2531 5154,

242 2548 473 2601 Νἱθθιθς
501 2548 847 2612 Pectoratus,
876 2554 941 2605 de
981 2553 1189 2606 cmlesti
1224 2552 1567 2612 llierarchia.
1603 2562 1654 2607 et
1684 2554 1902 2609 Nieelas
1934 2554 2221 2618 diaconus,
2251 2554 2317 2608 ad
2339 2552 2578 2607 Nicetam
2615 2552 2977 2607 Pectoratum.
3018 2581 3089 2592 —
3130 2552 3387 2620 Taurini,
3421 2554 3473 2606 in

239 2635 374 2688 bibl.
412 2634 549 2704 Reg.
592 2636 715 2689 cod.
747 2639 871 2700 180,
904 2648 1014 2693 tres
1038 2638 1313 2693 Centuriae
1340 2640 1712 2705 capitulorum
1747 2656 1860 2697 asce

1855 2642 2141 2696 eticorum.
2173 2669 2242 2679 —
2271 2639 2401 2694 God.
2436 2639 2561 2703 200,
2596 2655 2652 2693 n.
2686 2640 2752 2694 15
2785 2680 2800 2705 ,
2834 2648 2887 2692 et
2910 2639 3014 2692 288
3039 2678 3055 2705 ,
3092 2640 3187 2694 lol.
3234 2641 3363 2705 154,
3400 2640 3476 2693 De

240 2722 470 2791 azymis,
508 2723 571 2775 de
591 2723 798 2790 jejunio
830 2724 1051 2778 Sabbati
1081 2735 1129 2779 et
1156 2728 1218 2780 de
1246 2728 1442 2792 nuptiis
1463 2730 1815 2781 sacerdotum.
1847 2757 1917 2768 -—
1950 2729 2072 2783 cod.
2102 2729 2225 2791 552,
2261 2728 2335 2782 De
2367 2730 2545 2781 anima
2571 2739 2621 2782 et
2664 2729 2725 2782 de
2765 2729 3059 2796 paradiso;
3114 2728 3329 2782 tt‘rtium
3360 2767 3375 2793 ,
3420 2731 3472 2780 in

242 2809 522 2862 Protemio
555 2822 910 2863 memoratum
948 2826 1142 2881 opusc.
1187 2813 1256 2866 De
1289 2814 1588 2867 hierarchia
1618 2818 1862 2883 angelica
1885 2825 1931 2869 et
1966 2815 2261 2868 ecclesiast.
2292 2814 2643 2868 Desideratur
2674 2815 2728 2868 in
2755 2815 2848 2869 illo
2871 2815 2994 2868 cod.
3019 2815 3079 2868 V.
3104 2813 3277 2868 Catal.
3312 2814 3473 2867 codd.

243 2892 338 2947 Gr.
380 2893 549 2949 Taur.
583 2911 635 2963 p.
672 2896 794 2961 269,
830 2896 959 2959 298,
992 2898 1117 2963 584,
1153 2900 1275 2953 415.
1306 2929 1375 2940 -
1400 2900 1455 2953 In
1488 2902 1610 2955 cod.
1645 2903 1847 2955 Veneto

1845 2928 1847 2945 ι
1884 2900 2180 2955 Marciano.
2212 2902 2334 2964 575,
2370 2902 2566 2955 Nicetis:
2594 2901 2825 2956 Stclhati
2857 2900 2959 2971 Op.
2986 2899 3052 2955 In
3084 2900 3466 2955 Hexaemeron.

247 2982 516 3035 Dividitur
556 2983 609 3035 in
647 2986 821 3052 capita
852 2985 939 3044 15,
983 3002 1215 3054 quorum
1251 2989 1488 3056 primum
1523 2990 1868 3043 inscribitur:

1866 2988 2076 3055 εΛὸγος
2113 2990 2239 3057 περ).
2280 2987 2460 3056 ψυχῆς
2508 2989 2601 3040 καὶ
2650 2988 2869 3055 πρῶτον
2922 2989 3053 3058 περὶ
3101 2988 3369 3055 ἀγγέλων.
3404 3019 3470 3030 -—

245 3068 318 3121 De
341 3071 596 3137 paradiso
620 3072 875 3135 terrestri,
908 3073 1087 3141 capita
1123 3074 1176 3126 5.
1209 3104 1280 3113 -
1313 3076 1475 3129 Aliud
1521 3090 1660 3143 Opus
1692 3078 1743 3129 iu
1774 3090 1898 3145 cap.
1956 3073 1989 3126 8
2022 3073 2402 3139 distributum,
2437 3087 2667 3140 quorum
2724 3072 2953 3142 primum
2986 3075 3307 3143 inscriptum
3340 3083 3421 3129 est
3456 3092 3468 3127 :

241 3156 421 3223 Λόγος
452 3164 855 3226 προτρεπτικὸς
888 3160 969 3221 εἰς
993 3160 1305 3228 μετάνοιαν,
1340 3171 1449 3216 etc.
1495 3160 1559 3217 V.
1590 3162 1717 3216 Car.
1753 3163 1862 3215 codl

1845 3162 1912 3215 Id.
1946 3158 2042 3215 Gr.
2072 3159 2263 3215 Venet.
2292 3175 2345 3229 p.
2379 3160 2505 3224 501,
2540 3160 2630 3214 ubi
2666 3163 2943 3216 conlecmr
2977 3159 3264 3231 Catalogi:
3294 3180 3311 3213 t
3346 3162 3466 3216 Hice

248 3239 480 3305 Nicetis,
519 3245 615 3307 ait,
650 3260 814 3313 opera
844 3261 951 3300 non
979 3257 1331 3302 recensentur
1358 3264 1387 3301 a
1423 3248 1877 3302 bibliothecarum
1904 3247 2264 3314 scriptoribus
2290 3289 2304 3311 ,
2336 3262 2474 3317 quos
2520 3246 2781 3303 vidimus.
2829 3266 2848 3299 ι
2896 3248 3005 3303 Sed
3045 3245 3231 3303 forsan
3275 3253 3469 3319 partim

252 3340 441 3395 partes
472 3333 865 3398 epusculorum
901 3341 1050 3397 sunt,
1083 3335 1277 3401 partim
1310 3335 1500 3389 eadem
1525 3334 1788 3404 opuscula
1830 3335 1970 3402 ipsa,
1990 3349 2112 3403 quae
2135 3340 2245 3386 tum
2275 3334 2328 3387 in
2356 3334 2476 3388 cod.
2500 3332 2676 3389 Paris.
2705 3349 2833 3389 mox
2864 3336 3214 3389 memorando
3243 3337 3471 3405 aliisque

254 3417 636 3481 nominantur,
668 3426 781 3471 tum
816 3433 936 3487 quae
962 3420 1013 3471 in
1043 3419 1174 3473 bibl.
1206 3418 1472 3474 Escurial.
1499 3430 1735 3485 exstare,
1768 3428 1820 3473 et
1848 3435 1878 3472 a
1905 3421 2102 3473 Pluero
2140 3418 2363 3485 Nicetm,
2399 3421 2667 3475 monacho
2688 3462 2701 3485 ,
2737 3421 2973 3490 ascripta
3002 3421 3174 3478 fuisse
3219 3438 3381 3492 supra
3415 3424 3468 3477 in

242 3498 433 3555 Niceta
468 3504 759 3568 monacho,
794 3505 1051 3560 vidihtus.
1077 3534 1143 3545 —
1164 3504 1391 3561 Parisiis
1431 3509 1483 3560 in
1518 3508 1651 3563 bibl.
1681 3507 1830 3574 pubi.
1863 3506 1985 3565 cod.
2010 3508 2136 3572 562,
2166 3524 2223 3564 n.
2262 3508 2347 3573 15,
2371 3507 2559 3576 Capita
2588 3508 2827 3563 ascetica
2853 3511 2904 3562 in
2930 3518 3038 3565 tres
3063 3513 3338 3566 centurias
3374 3512 3460 3565 di-

242 3588 383 3642 visa.
413 3619 488 3629 —
519 3592 577 3643 ln
613 3592 736 3645 cod.
762 3593 922 3657 2747,
956 3610 1013 3647 n.
1044 3595 1099 3657 2,
1135 3594 1271 3648 liber
1303 3593 1377 3647 De
1400 3596 1654 3661 paradiso
1692 3593 2064 3659 intellectuali,
2096 3594 2171 3647 De
2194 3594 2452 3656 libertate,
2485 3592 2560 3648 De
2594 3607 2790 3647 natura
2842 3597 3130 3659 actionum,
3172 3597 3245 3651 De
3276 3600 3468 3651 animo:

242 3673 597 3742 facultatibus
625 3688 673 3732 et
708 3681 966 3736 oratione.
999 3710 1069 3721 —
1113 3680 1421 3750 Symeonis,
1457 3684 1715 3751 theologi,
1742 3682 1865 3736 Vita
1892 3700 1919 3736 a
1943 3684 2131 3738 Niceta
2162 3682 2410 3738 Stethato
2436 3686 2660 3753 scripta.
2709 3682 2772 3739 V.
2805 3682 2973 3738 Fasn.
3001 3684 3063 3739 B.
3097 3684 3193 3740 Gr.
3226 3687 3330 3739 vol.
3354 3684 3466 3749 Vll,

243 3759 320 3813 De
340 3763 528 3831 elogiis
554 3765 778 3833 vitisque
815 3764 916 3820 SS.
952 3781 1006 3835 p.
1041 3767 1161 3831 142,
1198 3768 1285 3821 ed.
1325 3778 1472 3829 vet.;
1504 3778 1559 3823 et
1586 3772 1692 3823 vol.
1728 3769 1863 3835 Vill,
1898 3786 1951 3839 p.
1991 3772 2092 3826 156
2115 3812 2131 3837 ,
2188 3772 2327 3827 inter
2377 3769 2615 3825 Mclodos
2657 3770 2961 3827 ercorum
3000 3771 3119 3827 Nic.
3167 3773 3222 3827 in
3269 3774 3463 3828 librum

241 3848 569 3918 hymnorum
596 3851 884 3926 Symeouls
912 3868 1015 3908 ms.
1046 3856 1100 3908 in
1131 3854 1265 3909 bibl.
1301 3854 1509 3910 Bodlei.
1543 3857 1666 3911 cod.
1697 3858 1730 3911 5
1750 3858 1977 3912 Barocc.
2008 3857 2239 3928 (ΙΙΑιιι.)

316 4002 507 4082 (εξ-Μ)
523 4006 667 4082 imp.
699 4004 1078 4082 Constantino,
1106 4009 1807 4082 monomacho,__hortanti-
1921 4012 2044 4082 licae
2070 4012 2285 4082 legatis.
2319 4011 2405 4082 κγ.
2439 4012 2638 4082 Baron.
2673 4016 2809 4082 Ann.
2838 4012 3021 4068 ecclcs.
3072 4019 3203 4068 tom.
3250 4011 3321 4068 X1
3349 4053 3364 4080 ,
3408 4029 3460 4069 a.

241 4070 345 4128 bus
377 4070 679 4130 Humberto
716 4077 1018 4140 cardiuale,
1064 4077 1386 4146 ceterisque
1412 4070 1558 4133 sedis
1589 4093 1805 4148 aposto-

1071 4077 1386 4146 caterisquc
1412 4070 1558 4133 sedis
1589 4093 1805 4148 aposto-
1918 4081 2075 4148 1054,
2108 4070 2160 4136 [ἶ.
2186 4082 2278 4148 20,
2308 4081 2397 4136 21.
2438 4080 2692 4153 (“Ant”)

252 4281 3452 4327 ..__,_.__._________._________________.____________________

1326 4472 1833 4565 NOTITIA
1882 4480 2373 4570 ALTERA.

641 4657 737 4724 (Ex
760 4656 927 4709 Leone
949 4660 1135 4713 Allath
1163 4662 1213 4711 in
1246 4660 1463 4713 Diatribs
1487 4664 1551 4714 de
1570 4663 1774 4724 Nicetis,
1802 4668 1926 4727 apud
1951 4666 2126 4717 Maium
2154 4669 2386 4720 Biblioth.
2410 4682 2535 4721 nova
2568 4671 2784 4738 Patrum,
2814 4680 2930 4727 tom.
2959 4677 3067 4740 Vl.)

316 4956 541 5052 Nicetis.
560 4954 812 5011 monachi
847 4956 1038 5052 scribit
1066 4957 1391 5052 Posset'inus
1426 4960 1479 5013 iu
1507 4961 1829 5017 bibliotheca
1865 4963 2137 5020 Sfortiana
2168 4969 2355 5024 haberi
2404 4971 2524 5025 cod.
2556 4972 2680 5037 106,
2715 4976 2790 5031 De
2819 4979 2998 5034 anima
3032 4981 3226 5036 librum
3260 4999 3464 5052 unum;

246 5046 321 5100 De
347 5043 603 5113 paradiso
628 5042 1155 5129 contemplationem;
1193 5042 1461 5111 Epistolas
1501 5048 1745 5117 aliquot;
1780 5050 1852 5105 De
1881 5052 2213 5111 Itierarcltiis.
2252 5059 2410 5112 Hunc
2438 5075 2605 5129 porro
2631 5061 2869 5120 Nicetam
2902 5083 3024 5123 esse
3052 5071 3375 5125 monachum
3409 5042 3464 5129 et

246 5128 851 5226 presbyterum
885 5140 1249 5226 cognomento
1278 5131 1600 5226 Stethatum,
1633 5136 1828 5226 colligo
1865 5152 1931 5192 ea
1963 5140 2140 5196 indice
2179 5158 2282 5198 ms.
2315 5128 2503 5199 Graeco
2537 5148 2877 5206 bibliothecae
2920 5153 3234 5222 Escurialis,
3269 5158 3323 5210 in
3354 5173 3460 5226 qua

245 5222 387 5271 inter
434 5216 543 5269 alia
601 5213 831 5267 Stetltati
865 5223 917 5268 et
950 5214 1065 5268 haec
1104 5226 1485 5271 recensentur:
1521 5221 1653 5289 Περὶ
1691 5222 1865 5293 ψυχῆς

1840 5240 1897 5285 ς’
1932 5227 2058 5291 περὶ
2106 5230 2431 5298 παραδείσου
2453 5249 2466 5261 ·
2502 5234 2582 5297 εις
2609 5235 2708 5307 τὴν
2738 5238 2995 5309 οὐρανίαν
3032 5241 3129 5295 καὶ
3165 5213 3461 5313 Euxino-ta.-

243 5303 435 5374 στικὴν
466 5300 770 5391 ῑεραρχξαν.
797 5300 871 5354 De
888 5303 1113 5391 anima;
1144 5303 1219 5391 De
1250 5306 1539 5371 paradiso;
1572 5307 1640 5361 In
1684 5310 1941 5366 caelestem
1966 5323 2015 5366 et
2048 5314 2455 5372 ecclesiasticam
2485 5300 2855 5379 hierarchiam.
2889 5325 3067 5391 Ouare
3103 5328 3171 5386 de
3200 5300 3462 5386 hoc'Ste-

247 5391 421 5454 tbato,
453 5404 586 5473 qua:-
620 5386 757 5485 libro
790 5402 851 5452 tt,
880 5387 955 5441 De
985 5390 1320 5443 consensione
1354 5393 1622 5461 utriusque
1658 5395 1886 5450 ecclesias
1935 5401 2273 5469 scripsimus,
2313 5406 2365 5458 in
2414 5408 2651 5463 medium
2698 5386 3038 5481 proferamus
3068 5433 3083 5470 :
3110 5415 3224 5471 Hoc
3255 5419 3457 5485 nefario

242 5476 513 5530 Ccrularii
552 5473 807 5541 exemplo,
850 5476 946 5529 alii
976 5492 1175 5545 quoque
1227 5478 1282 5531 in
1314 5476 1542 5542 Gra'cia,
1578 5484 1665 5549 qui
1700 5500 1753 5537 se
1790 5500 1848 5537 eo
1881 5504 2041 5557 usque
2076 5491 2262 5546 tacitos
2306 5510 2367 5545 ac
2400 5473 3114 5571 retinentes-continuerunt,
3145 5473 3334 5560 rubore
3363 5522 3458 5561 ca:-

243 5582 417 5628 cusso,
456 5564 637 5658 palam
670 5579 773 5614 non
803 5578 893 5658 ore
918 5564 1009 5616 sed
1042 5566 1248 5630 scriptis
1280 5566 1432 5618 editis
1464 5567 1517 5619 in
1557 5570 1851 5624 Romanam
1880 5575 2172 5629 Ecclesiam
2202 5580 2467 5636 oblatrare
2496 5597 2798 5653 coeperunt;
2833 5605 2995 5658 caque
3038 5564 3153 5658 ipsa
3184 5602 3340 5647 mtatc
3369 5593 3461 5649 Ce-

245 5651 691 5749 rularii-Nicetas
725 5650 941 5719 quidam
974 5665 1045 5749 ex.
1074 5654 1389 5749 monasterio
1445 5652 1641 5721 Studii,
1689 5672 2022 5727 cognomento
2051 5664 2337 5733 Stet/tatus,
2386 5685 2534 5738 quem
2572 5650 2762 5728 Latine
2802 5650 3066 5731 dixerunt'
3092 5679 3461 5749 Pectoratum,

246 5746 411 5794 multa
442 5739 780 5805 Latinorum,
810 5751 855 5791 et
886 5739 1145 5809 pra’cipuc
1174 5739 1236 5793 de
1268 5739 1469 5807 Spiritu
1503 5755 1707 5811 sancto,
1738 5751 1799 5800 de
1838 5750 2060 5816 asyli-is,
2112 5752 2173 5804 de
2204 5752 2454 5821 Sabbato,
2496 5770 2539 5810 et
2572 5762 2762 5823 nuptiis
2794 5765 3123 5819 sacerdotum
3150 5739 3458 5823 criminatus
