4152 6338
634 347 741 408 9-57
1827 352 2142 411 NICE'I'AS
2185 355 2380 414 l‘f-I'ti'l'i
2403 357 2693 418 ill.\'l'US.
3757 354 3860 416 848

635 471 735 512 est.
777 458 1131 527 Synlagmatis
1162 457 1477 523 principium
1504 467 1577 511 est
1606 475 1620 512 :
1654 461 1808 531 Καλὴ
1837 464 1969 530 πρὸς
1999 463 2091 514 τὸν
2121 463 2264 532 πλησ

2221 465 2350 531 ισίον
2383 467 2593 534 ἀγάπη,
2617 463 2661 519 ὦ
2695 466 2911 518 πάντων
2940 466 3108 519 ἐθνῶν
3137 469 3433 534 σοφώτατοι
3475 467 3738 536 Ῥωμαῖοι
3769 470 3861 521 καὶ

637 545 1036 612 εὐγενέστατοι.
1074 543 1348 612 Scriptum
1380 545 1431 595 in
1462 545 1648 599 eadem
1679 549 1812 601 urbe
1844 549 2286 613 comlcmnatum,
2319 555 2656 620 approbante
2687 567 2904 620 quoque
2935 553 3260 620 imperatore
3283 553 3514 608 ﬂammis
3541 555 3764 609 exarsit.
3797 554 3861 608 Ut

638 632 854 686 videtur
888 641 1091 694 tamen,
1117 632 1200 683 vel
1225 630 1510 695 Ccrularii,
1543 633 1621 685 vel
1653 633 1821 700 ipsius
1848 635 2085 689 auctoris
2139 637 2323 691 studio
2355 651 2629 704 renatum,
2659 639 2834 692 adhuc
2875 641 2926 692 in
2963 639 3303 694 biblimhecis
3330 642 3623 709 perdurat;
3659 649 3720 696 ut
3753 654 3861 692 uno

635 721 932 789 eodemque
972 729 1235 788 tempore,
1269 728 1320 772 et
1355 720 1496 772 malo
1532 723 1773 775 auctoris
1805 723 2007 786 animo,
2043 732 2096 776 et
2153 737 2592 792 argumentorum
2643 740 2705 777 ac
2762 725 3030 778 rationum
3081 725 3335 779 [utilitate
3381 742 3665 796 perpensa.
3707 727 3861 781 illum

639 807 993 868 detestemur,
1032 806 1146 859 haec
1172 819 1297 858 vero
1323 807 1599 874 proposita
1635 808 1932 869 diluamus,
1967 817 2018 862 ct
2050 824 2237 862 eorum
2270 811 2428 862 simul
2462 810 2771 872 amentiam,
2807 812 2895 879 qui
2929 812 3028 864 ista
3058 813 3191 864 tanti
3227 811 3454 882 faciunt,
3489 814 3858 880 deploremus.

647 892 761 948 Nec
793 893 958 946 alium
995 893 1140 946 hunc
1171 907 1292 947 esse
1333 904 1483 961 puto,
1519 909 1680 961 quam
1715 912 1873 963 quem
1911 897 2272 965 incogitanter
2303 897 2486 955 nimis,
2523 911 2825 965 anonymus
2856 897 2921 950 de
2953 896 3181 950 dissidio
3214 885 3523 951 Crzrcorunt
3552 909 3606 953 et
3639 900 3864 952 Latino-

641 995 756 1032 ium
793 979 1052 1032 Basilium
1104 987 1405 1045 nuncupat.
1455 980 1521 1030 ’⁸0
1571 997 1628 1031 τε
1665 982 1865 1049 Πέτρος
1903 984 2248 1052 πατριάρχης

2224 1001 2248 1044 ς
2292 983 2643 1051 Ἀντιοχείας,
2683 983 2949 1043 Νικόλαος
2977 985 3004 1034 ὁ
3058 985 3343 1051 Μεθώνης,
3400 988 3493 1038 καὶ
3528 987 3805 1047 Βασίλειος
3835 988 3862 1036 ὁ

640 1065 986 1136 ίερομόναχος
1009 1065 1115 1117 ἀπὺ
1140 1066 1239 1126 τῆς
1269 1066 1516 1118 Στουδίου
1556 1069 1742 1136 μονῆς,
1776 1070 1922 1130 ὅστις
1958 1072 2050 1122 καὶ
2081 1070 2456 1139 λατινολέκτης
2509 1070 2641 1137 (lego
2674 1071 3127 1138 Λατινελέγκτης)
3171 1070 3374 1139 ἐκλήθη
3406 1071 3492 1123 διὰ
3521 1074 3579 1123 το
3621 1072 3860 1141 ἠκριϐω-

640 1155 812 1221 μένως
841 1152 937 1204 καὶ
990 1152 1176 1217 σαφῶς
1211 1153 1289 1212 είς
1320 1153 1518 1215 πλάτος
1549 1155 1768 1221 ἐλέγξαι
1825 1157 1914 1207 καὶ
1946 1157 2295 1225 παραστῆσαι
2333 1157 2512 1216 αὐτοῖς
2545 1156 2632 1208 διὰ
2681 1156 2942 1206 πλειονων
2995 1157 3458 1224 παραδειγμάτων
3513 1159 3606 1210 καὶ
3657 1162 3863 1227 μαρτυ-

638 1241 787 1311 ριῶν,
817 1241 898 1292 ὃτι
941 1239 1006 1291 τὰ
1067 1237 1164 1306 ἐῦη
1197 1239 1370 1291 ταῦτα
1414 1238 1556 1309 ἅπερ
1601 1241 1912 1310 κρατοῦσιν,
1965 1245 2130 1312 ἤγουν
2161 1243 2228 1294 τὰ
2278 1243 2482 1309 ἄζυμα,
2518 1245 2550 1310 ἡ
2603 1243 2833 1316 τήρησις
2865 1243 2971 1294 τῶν
3005 1242 3311 1304 σαϐϐάτων,
3351 1245 3381 1312 ἡ
3433 1244 3722 1312 ἀδιαφορία
3753 1246 3858 1296 τῶν

634 1327 898 1389 πνικτῶν,
949 1327 1004 1377 αἱ
1038 1325 1436 1393 ἁνακαθάρσεις
1483 1327 1577 1378 καὶ
1618 1329 1665 1378 oi
1702 1331 2004 1398 ῥαντισμοὶ,
2047 1330 2102 1382 αί
2149 1329 2469 1391 καταλύσεις
2501 1328 2608 1379 τῶν
2644 1328 3262 1396 τετραδοπαρασκευῶν,
3297 1331 3391 1380 καὶ
3438 1330 3534 1397 τῆς
3571 1331 3733 1393 ἁγίας
3767 1331 3860 1383 καὶ

637 1415 878 1482 μεγάλης
933 1413 1406 1480 Τεσσαρακοστῆς,
1465 1416 1560 1465 καὶ
1609 1416 1674 1466 τὰ
1707 1415 1865 1468 λοιπὰ
1894 1416 2034 1484 ἅπερ
2070 1417 2288 1468 ὄπισθεν
2330 1416 2683 1483 λεπτομερῶς
2726 1416 3052 1484 γράφουσιν,
3087 1416 3258 1468 ταῦτα
3292 1417 3466 1469 πάντα
3504 1419 3729 1484 ἐλέγξας
3767 1418 3859 1468 καὶ

636 1502 990 1569 παραστήσας
1021 1500 1226 1561 αὐτοῖς,
1275 1499 1356 1550 ὅτι
1407 1497 1510 1562 ἔξω
1543 1503 1634 1551 καὶ
1666 1502 1792 1564 ξένα
1825 1503 1926 1568 τῆς
1952 1502 2230 1570 ὀρθοδὸξου
2261 1503 2512 1564 πίστεως,
2543 1505 2635 1552 καὶ
2683 1501 2788 1563 ἔξω
2813 1503 2912 1568 τῆς
2947 1503 3186 1570 διδαχῆς,
3242 1504 3334 1554 καὶ
3367 1503 3717 1571 παραδόσεως
3751 1503 3858 1554 τῶν

633 1589 807 1656 ἁγίων
847 1587 1157 1639 ἀποστόλων
1180 1586 1308 1649 είσὶ,
1332 1587 1426 1638 καὶ
1463 1585 1532 1637 τὰ
1562 1587 1706 1655 ἑξῆς.
1739 1587 1928 1641 Petrus
1956 1590 2261 1656 patriarcha

2219 1607 2261 1642 ta
2293 1588 2660 1652 Amice/tenus,
2701 1589 2954 1641 Nicolaus
2979 1587 3355 1652 Methonensis,
3391 1601 3438 1641 et
3471 1589 3700 1641 Basilius
3738 1590 3859 1641 Ilie-

633 1674 983 1727 romonachus
1013 1687 1076 1726 ex
1107 1673 1426 1726 monasterio
1456 1671 1653 1734 Studii,
1684 1675 1773 1741 qui
1803 1675 1866 1726 ab
1895 1677 2177 1744 arguendis
2205 1674 2738 1743 reprehendendisque
2768 1673 2998 1738 Latinis,
3035 1675 3414 1728 Latinelenctaa
3442 1693 3625 1728 nomen
3655 1677 3854 1728 habuit.

632 1758 874 1829 Namque
906 1762 994 1812 ille
1023 1759 1197 1828 plane,
1231 1768 1574 1827 accurateque
1613 1771 1660 1812 et
1693 1761 2071 1827 prolixioribus
2103 1765 2308 1829 scriptis
2343 1762 2633 1829 redarguit,
2679 1771 2725 1813 et
2759 1761 2937 1812 multis
2977 1763 3300 1829 argumentis
3355 1773 3509 1829 atque
3543 1764 3856 1814 testimoniis

631 1848 987 1912 comprobavit
1020 1845 1177 1908 ritus,
1213 1861 1339 1914 quos
1369 1847 1449 1899 illi
1501 1846 1796 1911 observant,
1836 1864 2023 1916 azyma
2068 1865 2267 1914 nempe,
2300 1849 2654 1903 Sabbatorum
2676 1850 2961 1918 jejunium,
3005 1849 3383 1916 su/focatorum
3429 1848 3856 1914 indiﬂ‘ercntiam,

630 1933 1031 2002 expurgatioues
1060 1943 1104 1984 et
1125 1933 1476 2000 aspersiones,
1501 1933 1758 1999 feriarum
1784 1945 1988 2002 quarta:
2016 1943 2065 1987 et
2088 1945 2248 1988 sexta:
2271 1936 2573 1999 solutiones,
2597 1944 2646 1987 et
2676 1937 2845 1987 sancti
2869 1936 3142 2002 magnique
3165 1935 3642 2002 quadragesima/is
3666 1933 3858 1999 jejunii

630 2035 675 2074 et
705 2022 927 2089 reliqua,
955 2035 1068 2086 qua:
1096 2028 1232 2071 retro
1255 2019 1594 2088 singulariter
1622 2030 1972 2085 recensentur,
1995 2031 2144 2074 extra
2171 2038 2280 2075 esse
2307 2033 2352 2075 et
2380 2023 2554 2074 aliena
2585 2038 2614 2072 a
2641 2022 2740 2088 [ide
2767 2020 3080 2081 orthodoxa,
3104 2030 3148 2074 et
3187 2020 3451 2081 doctrina,
3479 2031 3526 2071 et
3555 2032 3857 2071 sanctorum

633 2108 989 2174 apostolorum
1022 2105 1323 2159 traditione.
1361 2105 1463 2169 lla,
1497 2108 1741 2175 inquam,
1771 2109 1968 2174 sentio,
1999 2109 2172 2162 donec
2225 2110 2352 2162 mihi
2401 2108 2600 2174 aliquid
2639 2108 2702 2160 de
2739 2108 2939 2160 Basilio
2983 2108 3108 2172 isto,
3143 2108 3186 2159 si
3245 2108 3368 2175 quis
3405 2110 3586 2169 fuerit,
3639 2106 3858 2158 codices

629 2192 995 2259 manuscripti
1032 2199 1339 2259 suggerent.
1380 2191 1598 2254 Nicctaa,
1628 2195 2080 2260 quemadmodum
2113 2206 2165 2250 et
2198 2195 2440 2250 Michaeli
2477 2194 3099 2262 Constantinopolitano,
3151 2205 3204 2247 ct
3246 2194 3412 2248 Leoni
3441 2195 3858 2255 archidiacono,

634 2279 910 2349 respondit
962 2275 1296 2330 llumbertus
1339 2277 1650 2341 cardinalis,
1689 2281 1978 2349 cpiscopus
2025 2282 2186 2337 Silva:
2215 2281 2500 2346 Candidas;
2537 2284 2626 2349 qui
2680 2290 2858 2334 exstat
2899 2281 2964 2333 ad
3000 2281 3203 2333 calcem
3257 2289 3391 2332 tom.
3430 2279 3495 2330 Xl
3534 2278 3769 2339 Duronii,
3803 2288 3858 2331 et

631 2377 778 2418 tonio
813 2359 878 2416 γι
912 2361 1261 2428 Antiquarum
1298 2360 1416 2414 lect.
1451 2360 1676 2427 Cauisii,
1703 2367 1792 2431 qui
1825 2367 1937 2418 base
1969 2365 2248 2420 Humherti
2283 2377 2634 2422 monumenta
2661 2383 2723 2420 ex
2767 2366 3027 2418 Bavarica
3059 2366 3384 2419 bibliotheca
3417 2365 3770 2433 deprompsit,
3803 2372 3859 2417 et

631 2451 887 2520 vulgavit.
923 2447 1234 2510 Tra’ctattts,
1259 2449 1352 2516 qui
1383 2450 1435 2502 in
1463 2449 1668 2504 Graecia
1697 2454 1920 2515 exarsit,
1950 2456 2308 2510 cc’mservatus
2333 2465 2414 2509 est
2449 2457 2500 2508 in
2536 2455 2808 2523 plerisque
2842 2453 3003 2506 Italia:
3037 2453 3399 2515 bibliothecis,
3434 2451 3852 2510 .‘llediolauensi,

631 2536 1123 2608 tlryptoferrat‘ensi
1159 2544 1212 2590 et
1241 2535 1562 2590 Barberina.
1598 2536 1747 2592 Illius
1781 2539 2092 2594 meminisse
2127 2540 2472 2610 Sigebertum
2515 2541 2680 2594 tradit
2711 2540 3063 2600 Possevinus,
3094 2539 3451 2607 posuisscque
3486 2540 3536 2590 in
3579 2541 3854 2605 Apparatu

626 2642 729 2678 non
770 2633 826 2677 ut
863 2625 1090 2693 legatur,
1127 2623 1216 2675 sed
1258 2631 1313 2674 ut
1349 2623 1634 2693 ablegetur,
1675 2640 1791 2676 cum
1826 2625 1887 2677 de
1918 2627 2161 2694 conjugio
2207 2627 2561 2690 sacerdotum,
2599 2627 2760 2694 deque
2794 2626 2914 2678 aliis
2970 2625 3249 2692 ejusmodi,
3301 2625 3353 2676 in
3384 2624 3568 2691 quibus
3604 2622 3774 2675 (ira-ci
3807 2632 3856 2673 et

635 2713 808 2764 Latini
833 2711 1168 2775 dissentiunt,
1209 2719 1354 2779 agat.
1391 2711 1704 2777 Quanquam
1741 2713 1880 2779 quod
1917 2729 2118 2766 errores
2163 2714 2532 2766 Armeniorum
2567 2721 2851 2780 oppugnat,
2897 2711 3096 2779 aliquid
3128 2704 3356 2777 fortasse
3394 2711 3461 2760 ad
3491 2726 3597 2762 rem
3622 2709 3855 2760 .dixerit.

633 2800 852 2863 Verum,
893 2799 1087 2862 fateor,
1117 2805 1408 2852 tractatus
1437 2800 1544 2852 iste
1572 2807 1656 2853 est
1683 2797 1816 2852 adeo
1849 2803 2028 2854 tenuis
2057 2801 2386 2868 enervisque
2417 2808 2470 2852 et
2502 2799 2806 2851 rationibus
2861 2799 2994 2850 adeo
3028 2796 3319 2863 incomptis
3357 2796 3763 2854 constabilttur,
3797 2804 3858 2845 ut

633 2891 752 2942 sine
775 2888 1083 2944 animorum
1101 2884 1439 2938 oil‘cndiculo
1471 2884 1726 2938 manibus
1750 2887 1991 2937 omnium
2025 2887 2123 2939 teri
2162 2885 2358 2953 possit,
2390 2891 2442 2938 et
2473 2885 2816 2952 potissimum
2850 2882 3135 2935 Humberti
3166 2882 3324 2934 Silvzr
3355 2880 3610 2934 Candidm
3633 2895 3862 2948 respon-

641 2977 795 3026 sione
837 2973 991 3025 docta
1038 2980 1089 3024 et
1126 2979 1377 3023 accurata
1411 2968 1705 3022 convulsus
1741 2978 1794 3021 et
1821 2969 2110 3022 rcfutatus.
2158 2969 2469 3024 Tractatum
2519 2968 2762 3034 ejusdem
2798 2968 2864 3021 de
2897 2981 3090 3036 azymo
3141 2965 3396 3019 reiutavit
3435 2965 3641 3018 Hilario
3671 2981 3861 3018 mona-

638 3062 796 3124 chus,
830 3058 1073 3112 oratione
1112 3057 1175 3108 de
1209 3069 1344 3122 pane
1371 3053 1681 3108 Grazcorum
1712 3055 1959 3122 mystico,
1989 3063 2041 3107 et
2069 3055 2384 3109 Latinorum
2411 3067 2628 3123 az‘ymo,
2669 3055 2814 3108 edita
2849 3069 2876 3106 a
2908 3069 2993 3107 me
3035 3053 3224 3107 Graace
3259 3062 3311 3107 et
3355 3053 3542 3107 Latine
3587 3055 3639 3106 in
3681 3055 3858 3120 primo

639 3158 783 3200 lOlllO
815 3143 1030 3197 σηπίας
1065 3141 1387 3203 orthodoxae,
1419 3154 1537 3208 quas
1570 3139 1760 3206 incipit
1793 3155 1807 3190 :
1847 3140 1934 3191 Ἑν
1968 3140 2044 3207 τῷ
2077 3141 2175 3209 μὲν
2208 3141 2279 3193 διε

2217 3141 2552 3206 διαλέγεσθαί
2587 3158 2651 3208 με
2705 3143 2832 3210 περι¹
2885 3142 3051 3208 ἄρτου
3109 3139 3371 3208 μυστικοῦ
3401 3140 3508 3192 τῶν
3567 3139 3857 3208 Ἑλλήνων,

638 3235 731 3286 καὶ
761 3233 970 3301 ἁζύμου
1000 3231 1108 3282 τῶν
1134 3229 1399 3292 Λατίνων,
1434 3227 1648 3296 ἐδείχθη
1681 3243 1770 3295 μοι
1800 3225 1954 3291 λόγος
1983 3228 2102 3296 ἦτοι
2134 3229 2392 3298 ἐξήγησις
2420 3232 2562 3292 τινὸς
2593 3231 2857 3300 Νικήτου,
2891 3231 3101 3299 Πατρος
3134 3231 3192 3280 ἐν
3222 3233 3330 3290 τοῖς
3357 3230 3580 3297 Ἕλλησι
3610 3231 3859 3296 σοφωτά-

634 3336 751 3383 του,
780 3318 836 3370 ἐν
864 3310 907 3383 ᾧ
957 3316 1055 3385 μὲν
1086 3313 1255 3366 πολλὰ
1286 3312 1550 3382 περὶτῶν
1582 3313 1805 3379 ἀζύμων
1854 3313 1910 3362 ἐν
1955 3311 2032 3380 τῷ
2070 3313 2270 3384 δείπνῳ
2313 3316 2404 3367 τοῦ
2453 3316 2687 3384 Χριστοῦ
2714 3304 2897 3368 ’ταῦτα
2934 3320 3013 3378 εἰς
3063 3318 3184 3377 τοὺς
3219 3316 3487 3377 Λατίνους
3541 3317 3819 3385 ἀφήγηται
3841 3332 3857 3346 ·

637 3408 768 3460 Cum
798 3408 860 3458 de
883 3397 1097 3473 mystico
1119 3402 1418 3458 Grazcorum
1448 3409 1656 3467 pane,et
1685 3398 1998 3452 Latinorum
2028 3416 2212 3468 azyma
2240 3402 2568 3465 dissererem,
2603 3405 2773 3456 oratio
2806 3405 2933 3456 mihi
2964 3407 3335 3471 quwdam,sive
3365 3406 3625 3470 expositio
3658 3404 3861 3457 Aiceta:

637 3493 936 3561 cujusdam,
976 3491 1150 3543 Patris
1179 3491 1312 3542 inter
1345 3487 1555 3541 Grteros
1581 3486 1897 3551 doctissimi,
1937 3496 2142 3539 ostensa
2182 3496 2283 3551 est,
2320 3490 2371 3541 in
2399 3506 2501 3556 qua
2530 3491 2614 3540 ille
2649 3492 2891 3557 pleraque
2918 3490 2980 3542 de
3005 3491 3202 3559 azymis
3230 3491 3282 3543 in
3317 3506 3462 3542 cazna
3495 3489 3728 3552 Domini,
3767 3490 3860 3542 sed

637 3583 748 3634 Itwc
773 3581 1020 3633 adversus
1049 3575 1263 3630 Latinos
1302 3575 1573 3626 discurrit.
1607 3574 1670 3624 Et
1700 3571 1860 3636 infra,
1895 3588 2016 3626 eum
2051 3587 2203 3626 vocat
2227 3574 2277 3627 tit

2069 3587 2203 3626 tocat
2227 3574 2390 3642 ἄνδρα
2435 3577 2887 3644 πεπαιδευμένον,
2915 3579 3080 3629 cirum
3111 3579 3375 3629 eruditum
3404 3586 3452 3629 et
3480 3577 3709 3629 doctum.

717 3668 950 3736 Scripsit
971 3665 1157 3726 etiam,
1183 3671 1240 3716 ut
1268 3662 1498 3715 advertit
1526 3659 1882 3722 Possevinus,
1907 3660 2167 3737 adversus
2193 3676 2357 3714 errori

2219 3676 2406 3714 :rt‘ores
2436 3663 2842 3727 Armeniorum,
2876 3679 3068 3730 nempe
3090 3663 3246 3729 λόγον
3278 3663 3682 3730 στηλιτευτικὺν
3713 3661 3859 3713 κατὰ

639 3755 740 3823 τῆς
780 3755 887 3806 τῶν
939 3748 1232 3819 Ἀρμενίων
1264 3747 1549 3816 αἱρέσεως.
1585 3745 1888 3800 Orationem
1935 3745 2279 3814 confutanten;

2219 3765 2292 3801 em
2322 3749 2690 3802 Armeniorum
2726 3743 2990 3804 haeresim.
3025 3748 3085 3804 P.
3119 3751 3227 3816 Τὴν
3263 3751 3594 3819 συγχυτικῆν
3627 3749 3735 3802 τῶν
3765 3748 3859 3800 δύο

641 3842 873 3909 φύσεων.
908 3839 963 3892 1η
1001 3838 1279 3896 Vaticana.
1318 3834 1439 3888 cod.
1480 3834 1638 3887 19.05.

711 3928 846 3997 Περὶ
867 3926 958 3979 τοῦ
990 3925 1075 3978 διὰ
1107 3924 1304 3992 χειρῶν
1331 3921 1643 3990 ἀσπασμοῦ.
1687 3920 1762 3974 De
1799 3922 2116 3976 salutatione
2141 3939 2232 3989 per
2266 3941 2349 3977 ma

2141 3939 2232 3989 per
2266 3941 2474 3977 atauus.
2505 3927 2566 3977 P.
2607 3924 2744 3977 Ἀλλ’
2778 3925 2898 3978 οὖδέ
2943 3927 2969 3977 ὁ
2999 3923 3083 3976 διὰ
3119 3924 3316 3993 χειρῶν
3356 3925 3643 3992 ἀσπασμός
3687 3925 3781 3990 (a).

708 4016 866 4069 Rati
897 4012 1164 4075 Λατίνιον,
1196 4012 1254 4062 ἐν
1281 4005 1360 4071 οἷς
1394 4009 1802 4078 βλασφημοῦσιν
1831 4013 1909 4071 είς
1936 4011 1994 4062 τδ
2029 4011 2250 4078 Πνεῦμα
2288 4013 2347 4064 τὸ
2375 4013 2528 4081 ἅγιον
2582 4015 2830 4080 λέγοντες
2864 4015 2926 4064 ἐκ
2959 4013 3050 4064 τοῦ
3082 4009 3208 4062 Υίοῦ
3246 4011 3403 4061 τοῦτο
3441 4011 3858 4077 ἐκπορεύεσθαι.

641 4105 902 4156 Adversus
939 4100 1249 4151 Latinorum
1286 4096 1631 4163 blasphemias
1675 4098 1727 4148 in
1759 4095 2016 4164 Spiritum
2059 4108 2328 4163 sanctum,
2367 4103 2714 4153 asserentium
2750 4096 2812 4152 etc
2845 4098 2986 4151 Filio
3028 4098 3178 4150 illum
3213 4098 3507 4162 procedere.
3539 4099 3602 4153 Ρ.
3635 4098 3707 4148 Τὸ
3732 4096 3861 4164 περὶ

639 4191 733 4243 τοῦ
769 4191 924 4257 ἁγίου
955 4188 1270 4254 Πνεύματος
1298 4186 1497 4252 λέγειν,
1525 4186 1651 4252 περὶ
1676 4184 1808 4236 Θεοῦ
1842 4185 2021 4252 λέγειν
2053 4188 2217 4238 ἐστίν.
2253 4186 2279 4237 ἒ

2253 4186 2318 4238 Ει
2344 4186 2468 4240 hinc
2494 4189 2742 4238 videntur
2773 4186 3040 4253 desumpti
3069 4183 3584 4257 syllogismicontra
3610 4181 3858 4246 Latinos,

641 4279 731 4347 qui
758 4256 1011 4331 dicuntur
1041 4281 1256 4326 exstare
1284 4274 1338 4325 in
1371 4272 1697 4325 bibliotheca
1744 4272 2027 4336 Bavarica,
2075 4273 2176 4326 sub
2203 4273 2410 4326 Niceta:
2440 4273 2720 4342 Byzantini
2760 4274 2976 4324 nomine
3011 4273 3131 4324 cod.
3169 4256 3492 4336 120.11ujus
3547 4271 3672 4322 item
3705 4267 3860 4336 Ηυεο

646 4368 993 4420 ιιΕιιιοτὶυιιιιε
1029 4363 1351 4416 mentionem
1385 4361 1516 4415 facit
1544 4363 1595 4413 in
1634 4363 1733 4414 suo
1760 4377 1921 4429 opere
1951 4372 2142 4415 contra
2179 4363 2394 4416 Grzccos
2433 4375 2530 4428 pro
2569 4360 2797 4419 Latinis,
2835 4359 2940 4410 nisi
2999 4358 3138 4409 alius
3174 4359 3266 4409 sit.
3320 4357 3385 4409 Et
3413 4356 3702 4409 verisimile
3751 4365 3860 4418 ρει,

646 4454 841 4508 Hiceta:
873 4452 1218 4520 cognomines
1250 4450 1300 4501 in
1337 4449 1425 4502 illa
1462 4449 1698 4512 civitate,
1735 4460 1788 4502 et
1823 4457 1972 4501 tanta
2004 4451 2382 4503 blaterantium
2438 4446 2768 4515 procacitate
2800 4453 2853 4496 et
2891 4443 3068 4511 copia,
3121 4441 3318 4495 multos
3353 4443 3538 4502 fuisse,
3571 4441 3658 4509 qui
3711 4457 3862 4495 nunc

644 4541 860 4594 obscuri
891 4549 1052 4606 atque
1082 4537 1421 4589 illaudabiles
1457 4535 1554 4589 sub
1588 4535 1809 4602 pulvere
1841 4535 2190 4589 delitescunt.

722 4625 838 4678 Vidi
867 4636 1144 4692 praetcrea.
1184 4637 1304 4675 eum
1336 4636 1509 4676 essem
1540 4621 1659 4674 Citii
1691 4638 1704 4672 :
1738 4622 1952 4687 Νικήτα
1980 4622 2212 4692 μοναχοῦ
2246 4623 2340 4676 καὶ

2246 4623 2340 4676 καὶ
2376 4619 2746 4689 πρεσϐυτέρου
2779 4617 2874 4668 τοῦ
2906 4617 3174 4688 Στουδίου,
3197 4617 3291 4668 τοῦ
3323 4617 3548 4685 ἐπίκλην
3586 4614 3859 4683 Στηθοὶτου

650 4721 779 4774 (non
810 4711 946 4764 bene
980 4710 1235 4763 recordor
1279 4709 1456 4773 modo)
1485 4707 1626 4758 κατὰ
1675 4707 1864 4758 πεῦσιν
1893 4710 1985 4759 καὶ
2015 4710 2290 4776 ἀπόκρισιι

2226 4726 2328 4760 σιν.
2370 4706 2570 4761 Νίσειω
2602 4706 2840 4756 monac/ii
2869 4714 2917 4758 et
2952 4704 3240 4772 presbyteri
3279 4703 3477 4766 Studii,
3523 4711 3859 4769 cognomenta

653 4800 906 4862 Stet/tati,
929 4795 1211 4849 secundum
1237 4795 1695 4862 interrogationem
1725 4802 1771 4844 et
1795 4794 2205 4858 responsionem.
2233 4795 2393 4847 Index
2423 4792 2826 4859 manuscriptus
2849 4789 3252 4843 Escurialensis
3273 4791 3544 4856 explicat:
3572 4791 3678 4840 Καὶ
3706 4787 3861 4840 ἄλλοι

650 4885 796 4950 λόγοι
829 4883 967 4936 κατὰ
997 4883 1187 4934 πεῦσιν
1217 4881 1307 4932 καὶ
1342 4882 1651 4949 ἀπόκρισιν.
1683 4879 1750 4932 Et
1778 4897 2036 4933 sermones
2067 4881 2161 4932 alii
2191 4897 2290 4933 sect

1830 4897 2036 4933 rmones
2067 4881 2161 4932 alii
2191 4883 2473 4933 secundum
2499 4879 2956 4946 interrogationem
2990 4885 3037 4928 et
3067 4877 3470 4941 responsionem.

722 4972 851 5026 Item
900 4971 1145 5023 Stethato
1198 4969 1510 5022 tribuuntur
1556 4969 1876 5021 Γνωστικῶν
1914 4969 2224 5035 κεφαλαίων
2277 4970 2362 5019 ἐκο

2221 4985 2224 5007 ι
2277 4967 2566 5028 ἐκατοντὰς
2615 4971 2700 5017 α’·
2759 4964 3077 5032 πρακτικῶν
3126 4963 3420 5025 ἐκατοντὰς
3471 4961 3556 5032 β’·
3612 4962 3861 5030 φυσικῶν

652 5061 941 5121 ἐκατοντὲις
969 5067 1038 5126 γ’⁶
1070 5059 1162 5108 καὶ
1205 5059 1367 5126 ἕτερα
1403 5056 1669 5123 κεφάλαια
1701 5055 1753 5110 ι’.
1789 5055 2156 5112 Guosticorum
2187 5071 2292 5122 cap;

2218 5061 2419 5122 apitutn
2453 5055 2686 5108 centuria
2728 5055 2922 5119 prima,
2951 5052 3310 5118 practicorum
3350 5052 3586 5103 centuria
3607 5052 3857 5114 secunda,

653 5148 986 5215 physicorum
1013 5146 1246 5197 centuria
1278 5145 1453 5207 tertia,
1491 5153 1540 5195 et
1591 5145 1701 5195 alia
1732 5144 1906 5210 capita
1939 5143 2131 5196 decem.
2165 5142 2294 5207 Quae
2329 5151 2613 5196 servantur
2642 5139 2802 5192 etiam
2835 5139 2886 5190 in
2924 5137 3209 5191 Escuriali.
3243 5135 3320 5188 Ita
3350 5136 3512 5189 Index
3556 5137 3697 5188 illius
3729 5151 3854 5187 ma-

659 5233 996 5301 uuscriptus.

726 5317 1082 5372 Conciunavit
1110 5328 1160 5370 et
1189 5319 1493 5385 prommium
1522 5319 1576 5369 in
1610 5317 1800 5369 librum
1839 5318 2137 5369 divinarum
2165 5313 2379 5366 laudum
2413 5312 2680 5382 Symeonis
2713 5309 2913 5362 abbatis
2946 5309 3240 5362 Xerocerci.
3268 5308 3326 5362 Ρ.
3361 5309 3434 5360 Τὸ
3457 5307 3576 5361 λίαν
3605 5310 3861 5360 ἀνατατιο

657 5410 749 5456 κόν
787 5423 844 5456 τε
878 5409 967 5456 καί
1015 5405 1320 5474 διηρμένον,
1349 5407 1478 5457 αὑτό
1531 5423 1589 5455 τε
1621 5407 1678 5456 το
1708 5406 1846 5472 ὑπὲρ
1876 5404 2141 5472 αἴσθησιν.
2190 5403 2288 5467 Qui

2217 5403 2330 5467 Quin
2379 5403 2536 5453 etiam
2569 5396 3064 5462 orationescripta,
3099 5395 3343 5462 opposita
3377 5394 3552 5446 eidem
3605 5395 3857 5464 Symeoni

658 5494 882 5544 crimina
918 5494 1132 5545 abluere
1167 5500 1394 5546 conatus
1428 5501 1530 5545 est.
1582 5493 1988 5561 Oppugnatores
2023 5506 2128 5543 non
2165 5491 2269 5542 alio
2299 5500 2460 5555 quam
2495 5483 3017 5551 liagiocategororunt
3073 5480 3290 5534 nomine
3333 5494 3676 5547 nuncupans,
3702 5481 3861 5547 quasi

731 5677 804 5734 (at
843 5672 1112 5736 Setiptttni
1149 5669 1248 5721 ltoc
1298 5669 1493 5720 Nicelm
1548 5670 1774 5720 Stctltati
1811 5669 1938 5719 satis
1988 5669 2166 5727 breve,
2203 5665 2310 5736 sed,
2339 5667 2634 5725 curiosum,
2662 5661 2928 5716 edidimus
2953 5675 3050 5715 nos
3080 5674 3198 5714 cum
3224 5657 3479 5727 operibus
3506 5659 3559 5711 S.
3587 5655 3862 5711 Theodori

668 5741 889 5793 ‘Lttttltldt
923 5735 977 5791 ιιι
1011 5740 1143 5791 Bibl.
1182 5755 1295 5790 nov.
1336 5738 1446 5792 ΡΡ.
1494 5750 1527 5790 ι.
1579 5739 1641 5803 ν,
1677 5749 1810 5804 putt.
1846 5754 1902 5797 tl,
1933 5754 1981 5805 ν.
2021 5739 2137 5789 HS.
2173 5739 2233 5788 Α.
2272 5735 2335 5785 ιρι.
