4106 6336
255 444 356 505 8:19
1649 439 1830 498 MUNI

1923 438 2030 496 in.
3366 425 3414 480 δὲ
3437 434 3467 478 δι’

249 564 340 632 qui
372 561 693 630 Symeonem
731 559 1092 625 incursarcnt,
1125 561 1465 615 sanctitatem
1503 562 1673 631 ipsam
1697 564 1830 616 crim

1931 566 2136 614 rentur.
2175 560 2229 612 In
2259 551 2730 611 codeml‘romtnio
2763 566 2776 603 :
2804 549 3053 601 Πιπτέτω
3077 546 3268 613 φθόνος
3295 549 3321 596 ὁ
3352 548 3460 606 tot;

2411 642 2421 647 -
2725 637 2737 647 .
2858 637 2914 647 --
3035 635 3072 647 ,ς
3200 631 3212 647 .
3397 629 3449 647 η.

251 629 436 710 unicis
483 647 747 714 νεμεσῶν,
783 649 874 699 καὶ
904 646 1200 715 ὑμνείσθω,
1252 649 1344 699 καὶ
1376 629 1728 718 εὐφημείσθω
1778 650 1806 699 ό
1847 645 2032 713 ὓμνων
2079 647 2171 698 καὶ
2209 642 2498 712 ἐγκωμίων
2548 637 2813 691 παντοίων
2850 637 2996 700 ἄξιος
3035 631 3282 702 Συμεὼν,
3321 629 3464 683 καθα

251 737 347 790 καὶ
379 737 437 786 ὲν
471 734 546 801 τῷ
581 735 1060 804 Ἀγιοκατηγόρων
1094 735 1234 805 λόγῳ
1263 735 1400 802 μετὰ
1425 738 1671 806 χρήσεων
1704 734 1830 805 ἱερῶ

1923 733 2222 802 πλατύτερον
2252 727 2565 798 ὲξεθέμεθα.
2590 725 2751 777 Abeat
2781 722 3090 785 invidentia,
3120 737 3234 790 qua:
3257 736 3462 787 semper

251 825 408 875 bonos
443 822 576 874 odit.
617 820 908 886 Laudatur,
948 831 998 876 et
1026 823 1154 875 satis
1186 823 1379 891 faustis
1413 824 1621 877 vocibus
1656 822 1964 881 extollatur,
1995 820 2082 886 qui
2126 818 2368 872 laudibus
2410 825 2459 869 et
2512 812 2795 880 omnigenis
2846 810 3095 864 encomiis
3149 810 3334 877 dignus
3386 817 3465 862 est

254 909 492 968 Simeon.
529 909 972 977 quemadmodum
1022 911 1078 963 in
1111 911 1344 963 oratione
1377 904 1624 964 adversus
1672 909 2143 978 Hagiocategoros,
2179 915 2480 960 sanctorum
2529 898 2928 956 auctoritatibus
2973 897 3239 963 adductis,
3294 897 3463 966 fusius

249 998 653 1062 explicavimus.
2814 1078 2823 1081 _
3010 1076 3074 1081 η,
3243 1071 3273 1081 ..
3358 1071 3370 1081 .
3434 1072 3463 1081 Α.

323 1082 379 1136 In
418 1085 662 1138 Palatina
696 1083 1020 1138 bibliotheca
1055 1090 1176 1136 est:
1210 1083 1422 1153 Νικήτα
1453 1084 1720 1154 Στηθάτου
1745 1102 1830 1138 και

1923 1112 1924 1117 η
1952 1086 2032 1146 είς
2062 1083 2152 1135 τὸν
2178 1082 2349 1152 μέγαν
2372 1081 2629 1150 ἱεράρχην
2674 1078 2960 1131 Νικόλαον.
3001 1076 3202 1129 Nicetis
3236 1071 3462 1172 itetl‘t‘ati

251 1185 418 1222 cimon
446 1170 500 1223 in
534 1187 779 1239 magnum
832 1170 1157 1224 hierarcliam
1190 1169 1496 1224 Nicolaum.
1529 1171 1830 1231 Acrosticlti

1923 1181 1995 1226 est
2037 1185 2050 1222 :
2088 1170 2276 1237 Erézpto
2312 1184 2393 1234 σε,
2428 1166 2679 1230 Νικόλαε,
2710 1163 2954 1233 Νικήτας
2996 1161 3205 1230 ὕμνοις.
3247 1157 3307 1211 P.
3357 1156 3465 1224 Σή-

258 1274 423 1326 μερον
453 1260 482 1310 ό
511 1258 721 1327 λύχνος.

267 1425 3445 1476 Wa

1533 1615 2204 1729 MONITUM

816 1856 916 1914 AD
949 1853 1240 1914 NICETJ’E
1282 1853 1616 1912 CAPITUM
1658 1853 2190 1915 PRACTICORUM
2224 1851 2652 1912 CENTURIAS
2679 1850 2898 1911 TRES.

656 2026 840 2079 (timete
873 2030 920 2071 in
951 2024 1073 2071 libro
1097 2033 1344 2070 rarissimo
1371 2035 1449 2068 cut
1475 2027 1643 2068 titulus
1670 2031 1830 2068 unum

1923 2037 1962 2067 ,α
1980 2021 2072 2067 τῶν
2102 2019 2515 2080 ἱερῶνΝηπτικῶν.
2558 2020 2773 2064 tenellis
2807 2017 2919 2067 I782
2939 2018 3046 2077 fol.)

333 2341 580 2409 Νικήτας
609 2342 636 2392 ὁ
670 2341 963 2403 ὁσιώτατος
1003 2341 1369 2412 πρεσϐύτερος
1424 2341 1526 2411 τῆς
1565 2339 1824 2393 Στουδίων

1991 2339 2241 2406 Nicetes,
2320 2340 2699 2396 sanctissimus
2756 2340 3092 2397 Studitarum
3159 2346 3469 2401 monasterii

261 2431 454 2499 μονῆς.
490 2432 516 2481 ό
565 2432 658 2482 καὶ
702 2432 972 2499 Στηθᾶτος
1023 2434 1468 2503 ἐπικαλούμενος,
1513 2429 1581 2502 ἦν
1618 2434 1675 2485 ἐν
1711 2432 1824 2484 ἔτει

1923 2432 2228 2502 presbyter,
2259 2440 2487 2485 vocatus
2516 2432 2676 2485 etiam
2707 2429 3045 2494 Pectoratus,
3079 2432 3292 2487 vivebat
3328 2449 3471 2488 anno

257 2520 368 2571 ἀπὸ
395 2518 630 2588 Χριστοῦ
681 2521 930 2589 χιλιοστῷ
955 2523 1282 2592 τριακοστῷ,
1326 2523 1568 2592 μαθητὴς
1605 2538 1825 2591 χρημα-

252 2610 413 2672 τίσας
437 2609 660 2679 Συμεὼν
687 2611 780 2664 τοῦ
801 2612 918 2664 νέου
949 2612 1207 2679 Θεολόγου
1234 2613 1636 2684 όγνησιώτατος
1658 2628 1671 2642 ⁶
1691 2615 1827 2682 παρ’

260 2696 325 2757 οὗ
358 2702 528 2754 πολλὰ
582 2702 681 2771 μὲν
772 2704 989 2774 ἐμυήθη
1038 2706 1136 2774 τῆς
1187 2706 1562 2773 πνευματικῆς
1614 2705 1827 2772 φιλοσο·

261 2793 398 2860 φίας
469 2793 820 2865 μυστηριώδη
875 2794 1194 2864 μαθήματα,
1268 2795 1362 2848 καὶ
1426 2794 1676 2847 τοσοῦτον
1734 2793 1831 2855 τὰς

261 2883 478 2936 ἐκείνου
513 2884 820 2952 ἀνεμάξατο
850 2885 1069 2952 ἀρετὰς,
1102 2886 1177 2948 ὼς
1226 2885 1381 2939 ἄλλον
1426 2884 1664 2956 ἀτεχνῶς
1725 2883 1832 2936 δεί-

261 2974 498 3027 κνυσθαι
520 2973 613 3025 τοῦ
645 2973 963 3027 διδασκάλου
1009 2976 1289 3046 παρήλιον,
1331 2976 1477 3041 ὅλας,
1523 2975 1598 3037 ὠς
1637 2975 1830 3037 εἰπεῖν,

261 3063 565 3130 αὑγοειδεῖς
596 3065 1023 3129 ἀντανακλάσεις
1054 3065 1162 3118 τῶν
1223 3066 1431 3119 ἐκείνου
1481 3065 1832 3137 χαρισμάτων

264 3153 361 3204 καὶ
389 3153 736 3221 διδαγμάτων
774 3155 831 3208 ὲν
882 3159 946 3226 τῇ
1005 3156 1150 3225 ψυχῇ
1199 3155 1361 3209 αὐτοῦ
1419 3156 1828 3225 διαλάμποντα·

266 3241 403 3312 παρ’
427 3243 620 3296 ἑαυτοῦ
646 3245 705 3297 δὲ
734 3246 915 3308 πόνοις
939 3247 1192 3316 ἀτρύτοις
1238 3249 1355 3309 ταῖς
1388 3247 1560 3308 θείαις
1615 3247 1833 3316 ἐμφιλο-

266 3337 516 3405 σοφήσας
547 3338 812 3406 Γραφαῖς,
851 3338 1147 3408 πάμπολλα
1177 3339 1272 3391 καὶ
1296 3337 1555 3392 κάλλιστα
1591 3339 1833 3407 νοήματα

1921 2529 2046 2589 post
2072 2503 2350 2575 Christum
2381 2520 2672 2576 millesimo
2719 2523 3014 2588 tricesimo,
3041 2523 3340 2578 ﬁdelissimi
3375 2541 3476 2578 no—

1923 2623 2046 2662 men
2109 2607 2212 2664 sibi
2267 2608 2556 2664 vindicans
2599 2610 2853 2680 discipuli
2912 2612 3186 2668 Simeonis
3230 2613 3472 2668 Junioris

1924 2696 2185 2768 theologi.
2254 2697 2411 2767 Apud
2455 2714 2614 2768 quem
2671 2702 2839 2755 multa
2885 2702 3106 2757 edidicit
3150 2702 3346 2758 divinae
3387 2718 3476 2760 sa-

1920 2787 2120 2856 pientae
2153 2789 2434 2858 mysteria,
2473 2796 2528 2843 et
2557 2790 2630 2843 ita
2657 2791 2926 2860 expressit
2969 2792 3088 2861 ejus
3119 2794 3369 2857 virtutes,
3413 2803 3474 2847 ut

1927 2877 2158 2931 alterum
2196 2894 2322 2933 vere
2362 2879 2637 2934 videretur
2669 2881 2914 2950 magistri
2961 2883 3226 2952 parelion,
3261 2897 3472 2948 omnes,

1925 2973 1985 3020 ut
2027 2966 2102 3020 ita
2157 2967 2352 3034 dicam,
2384 2967 2596 3024 lucidos
2651 2971 2947 3040 gratiarum
2995 2983 3049 3028 et
3101 2974 3475 3030 doctrinarum

1925 3053 2044 3122 ejus
2074 3054 2128 3108 in
2163 3070 2261 3110 sua
2299 3065 2482 3111 mente
2511 3055 2695 3112 radios
2717 3059 3018 3115 reﬂectens.
3054 3059 3132 3115 Ex
3161 3063 3341 3132 seipse
3377 3077 3477 3116 au-

1924 3154 2030 3199 tem
2080 3147 2356 3201 continuis
2395 3148 2671 3204 laboribus
2701 3164 2886 3204 sacras
2929 3153 3207 3219 sapienter
3243 3153 3476 3208 edoctus

1924 3236 2258 3307 Scripturas,
2292 3241 2492 3294 multas
2521 3240 2866 3310 optimasque
2909 3243 3208 3298 sententias
3234 3245 3470 3314 collegit.

1924 3326 2063 3381 Sunt
2106 3337 2159 3381 et
2207 3343 2327 3397 quae
2375 3330 2707 3397 experientia
2738 3339 2792 3384 et
2838 3329 2980 3385 {elici
3011 3333 3329 3397 tentamine,
3363 3349 3473 3389 non

267 3426 682 3496 συλλεξάμενος.
710 3429 928 3481 Ἔστιδ’
979 3428 1015 3482 ἃ.
1069 3429 1164 3481 καὶ
1201 3430 1387 3500 πείρᾳ,
1444 3431 1535 3482 καὶ
1585 3428 1830 3499 μακαρίῳ

1924 3417 2101 3472 solum
2138 3418 2346 3483 didicit,
2381 3421 2475 3474 sed
2515 3429 2568 3474 et
2592 3421 2792 3486 sensit,
2826 3430 2880 3475 et
2906 3423 3062 3490 quasi
3095 3423 3254 3477 fetant
3277 3424 3474 3480 divinis

267 3517 457 3578 πάθει,
485 3518 559 3586 μὴ
579 3517 737 3585 μόνον
774 3516 982 3586 μαθὼν,
1016 3518 1152 3570 ἀλλὰ
1186 3520 1278 3570 καὶ
1318 3518 1527 3582 παθὼν,
1556 3518 1649 3570 καὶ
1675 3519 1830 3570 οἱονεὶ

1924 3511 2544 3580 supernaturalibusque
2575 3511 2994 3582 cogitationibus
3038 3523 3272 3579 mentem
3318 3532 3487 3580 suam

266 3608 550 3677 ἐγκύμονα
591 3609 750 3661 θείων
772 3611 864 3661 καὶ
892 3609 1186 3678 ὑπερφυῶν
1217 3610 1434 3663 ἐννοιῶν
1487 3611 1585 3680 τὴν
1645 3609 1830 3662 ἑαυτοῦ

1923 3616 1989 3656 ex
2027 3601 2110 3654 bis
2150 3601 2406 3656 omnibus
2433 3601 2634 3656 effecit.
2661 3604 2783 3658 Alta
2809 3614 2862 3657 et
2896 3604 3298 3674 sapientissima
3341 3623 3473 3662 conc

265 3697 507 3748 διάνοιαν
549 3698 611 3746 ὲκ
628 3697 834 3750 τούτων
864 3697 1118 3750 ἁπάντων
1143 3700 1594 3769 ἀπεργασάμενος
1623 3716 1636 3729 ·
1661 3699 1830 3769 ὑψηλά

1923 3693 2064 3759 cepit
2095 3705 2284 3760 opera,
2337 3701 2396 3745 ut
2423 3692 2656 3762 quisque
2699 3692 2951 3760 judicare
2979 3703 3154 3762 potest
3185 3712 3250 3749 ex
3300 3699 3473 3752 tribus

265 3789 361 3839 καὶ
389 3786 676 3854 σοφώτατα
705 3789 996 3858 πονήματα
1023 3791 1357 3860 ἀπεκύησεν,
1383 3791 1459 3854 ὡς
1516 3792 1688 3856 ἔξεστι
1722 3792 1830 3862 κρί-

1923 3781 2187 3837 centuriis
2223 3783 2598 3852 sequentibus.
2626 3783 2771 3848 Quas
2803 3793 3006 3840 certam
3050 3802 3168 3843 esse
3201 3790 3472 3856 practices

263 3895 382 3930 νειν
409 3879 521 3940 τοῖς
557 3877 923 3948 βουλομένοις,
982 3882 1046 3933 ἐκ
1094 3881 1201 3934 τῶν
1245 3883 1618 3952 προκειμένων
1672 3883 1830 3952 τριῶν

1924 3872 2189 3940 regulam,
2222 3872 2526 3929 inlallibilis
2549 3873 2811 3928 doctrinae
2846 3876 3036 3930 ducem
3079 3889 3132 3931 et
3166 3880 3291 3932 vita:
3331 3878 3472 3932 divi-

262 3965 641 4018 ὲκατοντάδων
706 3969 891 4020 αὐτοῦ.
931 3970 1027 4032 "Ag
1061 3969 1262 4039 ἀκριῦἧ
1305 3970 1501 4022 κανόνα
1542 3971 1640 4040 τῆς
1698 3987 1830 4040 πρα·

1923 3962 2167 4016 ηἰεείηιω
2229 3961 2656 4030 perfectionem,
2723 3978 2832 4018 uno
2893 3965 3078 4026 verbo,
3144 3967 3474 4022 ditissimum

261 4055 464 4119 κτικῆς
520 4055 613 4106 καὶ
655 4056 908 4122 γνώσεως
972 4057 1246 4119 ἀπλανοῦς
1289 4059 1529 4129 όδηγίαν,
1581 4059 1678 4112 καὶ
1725 4059 1830 4129 βίον

1926 4053 2168 4107 scientia:
2200 4053 2424 4108 moralis
2453 4061 2506 4108 et
2535 4055 2774 4124 mysticae
2803 4058 3161 4125 repertorium
3192 4059 3281 4127 qui
3316 4059 3469 4113 dixe-

260 4143 668 4196 θεοειδεστάτου
696 4145 991 4210 τελείωσιν,
1021 4148 1113 4199 καὶ
1144 4148 1375 4211 συνόλως
1393 4150 1587 4214 εἰπεῖν,
1618 4153 1830 4220 ταμεῖον

1923 4143 2017 4205 rit,
2047 4157 2260 4197 onmem
2295 4153 2501 4198 asseret
2532 4144 2836 4199 veritatem.
2869 4146 3078 4200 Etenim
3117 4157 3242 4202 sunt
3275 4150 3470 4218 partim

261 4233 674 4287 πλουσιώτατον
735 4236 833 4305 τῆς
878 4237 1075 4306 ἠθικῆς
1146 4237 1240 4289 καλ⁸
1281 4239 1644 4310 ἀλληγορικῆς
1700 4240 1830 4304 ἰδέας

1923 4232 2074 4285 εἰσίω
2117 4231 2422 4297 sententiis,
2469 4232 2663 4300 partim
2708 4234 2904 4304 eloquii
2941 4236 3211 4306 leporibus
3253 4240 3468 4307 praecel-

259 4319 438 4370 εἰπών
468 4337 573 4381 τις,
609 4320 828 4374 ἃπασαν
855 4325 971 4392 ἐρεῖ
996 4323 1094 4391 τὴν
1124 4323 1404 4392 ἀλήθειαν.
1447 4326 1533 4388 Ὠς
1584 4328 1680 4395 μὲν
1732 4327 1830 4398 γάρ

1923 4325 2040 4379 lunt
2072 4341 2087 4380 :
2121 4325 2192 4377 ita
2225 4334 2282 4377 ut
2307 4323 2523 4379 dubites
2554 4333 2733 4378 utrum
2758 4324 2940 4381 infusa
2978 4327 3032 4381 in
3065 4328 3170 4384 illis
3199 4329 3463 4394 doctrina,

259 4411 403 4462 εἰσιν
426 4407 632 4478 ὑψηλαὶ
664 4413 776 4473 τοῖς
830 4413 1114 4482 νοήμασιν,
1157 4414 1230 4478 ὼς
1262 4415 1318 4467 δὲ
1360 4416 1724 4486 μεγαλήγοροι
1771 4420 1830 4489 τῇ

1923 4428 1988 4469 an
2045 4413 2334 4468 verborum
2383 4413 2745 4469 concinnitate
2781 4421 2984 4470 tantam
3023 4416 3080 4471 in
3124 4417 3320 4474 animis
3357 4418 3460 4473 lee-

261 4499 594 4570 καλλιεπείᾳ
617 4500 718 4569 τῆς
763 4502 1034 4571 φράσεως,
1058 4502 1197 4557 ὥστε
1221 4505 1423 4576 ἄπορον
1439 4504 1598 4573 εἶναι,
1616 4509 1830 4579 πότερον

1923 4516 2102 4561 torum
2129 4504 2542 4562 delectationem
2573 4505 2879 4561 infundant.

255 4591 346 4644 διὰ
395 4590 487 4643 τδν
521 4591 578 4644 ὲν
607 4592 793 4654 αὑταῖς
823 4594 1136 4662 ἐγκείμενον
1187 4597 1334 4659 νοῦν,
1375 4598 1406 4669 ἢ
1437 4598 1523 4652 διὰ
1545 4599 1604 4651 τὸ
1633 4598 1837 4670 κομψὸν

253 4682 369 4734 τῶν
418 4681 641 4745 λέξεων,
690 4685 955 4755 τοσαύτην
1001 4690 1156 4757 χάριν
1203 4690 1487 4758 ἐγχεῖσθαι
1549 4693 1667 4755 ταῖς
1725 4692 1835 4746 τῶν

255 4772 750 4841 ἀναγινωσκόντων
775 4775 983 4846 ψυχαῖς.
