4106 6336
624 374 721 441 851

715 533 1014 548 σ--ο-

713 550 1000 565 *ν

1843 396 2139 458 ΝΙΕΕΤᾹΞ
2178 395 2607 458 PECTORATI

3747 405 3854 469 852

2123 552 3728 586 Μ

960 1037 1294 1125 ΜΟΝΛΧυΥ
1329 1070 1450 1127 ΚΑΙ
1475 1071 1980 1132 ΠΡΕΣΒΥΤΕΡΟΥ
2009 1075 2145 1130 ΤΗΣ
2174 1073 2678 1154 ΕΥΑΓΕΣΤΔΤΗΣ
2707 1076 2949 1132 ΜΟΝΗΣ
2981 1076 3119 1134 ΤΩΝ
3153 1065 3498 1136 ΣΤΟΥΔΙΩΝ

1674 1266 1939 1362 Τ..οΥ
2069 1264 2783 1357 ΣΤΗΘΑΤΟΥ

1456 1480 1798 1540 ΜΛΘΗΤΟΥ
1823 1486 2132 1541 ΣΥΜΕΩΝ
2162 1486 2306 1543 ΤΟΥ
2349 1487 2543 1541 ΝΕΟΥ
2592 1490 2992 1544 ΘΕΟΛΟΓΟΥ

1159 1666 2161 1804 ΠΡΛΚΤΙΚΩΝ
2316 1667 3283 1805 ΚΕΦΑΛΑΙΩΝ

1629 1937 2290 2030 ΕΚΑΤΟΝΤΑΣ

2416 1945 2829 2032 ΠΡΩΤΗ.

1791 2327 2656 2507 ΝΙΟΕΤΑΞ

671 2642 1011 2704 MONACHI
1058 2643 1151 2702 ET
1180 2643 1654 2703 PRESBYTERI
1699 2642 2184 2704 SANCTISSIMI
2224 2641 2728 2705 STUDiTARUM
2769 2644 3270 2710 MON‘ASTERII.
3310 2646 3753 2710 COGNOMINE

1144 2763 1586 2835 PECTURATI,
1627 2765 2008 2827 DISCIPULI
2069 2765 2449 2829 SYMEONIS
2497 2763 2860 2827 JUNIORIS
2902 2766 3282 2829 THEOLOGI

1229 2943 2354 3092 PRACTICORUM
2479 2966 3206 3096 CAPITUM

1647 3231 2251 3320 CENTUBIA
2353 3231 2768 3320 PRIMA.

660 3679 710 3734 1.
743 3676 1019 3744 Quatuor,
1074 3680 1134 3726 ut
1182 3671 1439 3737 arbitror,
1492 3671 1547 3728 in
1596 3674 1837 3744 perfecta
1889 3679 2151 3733 virtutum

2313 3679 2381 3729 α’.
2404 3673 2686 3745 Τέσσαρας
2712 3676 2892 3745 οἴομαι
2922 3676 3021 3740 τὰς
3046 3677 3226 3740 αἰτίας
3272 3671 3410 3732 εἶναι
3435 3679 3495 3733 ὲν
3519 3683 3697 3753 τριάδι
3724 3701 3813 3738 τεο

592 3768 837 3824 trinitate
863 3773 990 3822 sunt
1015 3779 1194 3819 causa:
1219 3764 1287 3820 ad
1311 3765 1464 3819 utilia
1495 3766 1782 3822 scribenda
1813 3769 2155 3838 impellentes

593 3875 724 3916 eum
754 3860 847 3930 qui
883 3867 1132 3914 recenter
1159 3857 1227 3912 ab
1258 3857 1412 3912 initio
1456 3858 1525 3912 ad
1562 3857 1796 3913 medium
1832 3873 2156 3930 progressus

589 3958 696 4013 est,
725 3957 782 4005 et
818 3947 884 4002 ad
917 3948 1217 4002 trinitatem
1268 3946 1515 4015 mystica:
1565 3947 1851 4018 theologia:
1884 3949 2150 4018 procedit.

593 4039 780 4100 Prim'a
830 4049 914 4097 est
970 4041 1217 4107 libertas,
1283 4040 1407 4106 illa,
1461 4040 1706 4110 inquam,
1741 4041 2154 4111 impassibilitas

588 4133 808 4198 animae,
859 4146 980 4201 quae
1012 4146 1042 4183 a
1087 4130 1358 4185 laboriosa
1405 4130 1559 4199 praxi
1591 4130 1658 4185 ad
1709 4131 1987 4202 physicam
2028 4147 2157 4201 per-

587 4227 739 4280 venit
765 4226 1068 4280 creationis
1098 4224 1392 4288 theoriam,
1429 4224 1666 4294 indeque
1698 4223 1958 4294 mysteria
1997 4224 2154 4280 tbeo-

590 4319 745 4387 lagiaa
782 4319 1029 4386 ingressa
1061 4327 1167 4372 est.
1197 4314 1454 4372 Secunda
1480 4325 1566 4370 cst
1599 4316 1799 4371 mentis
1843 4316 2153 4386 purificatio

586 4422 650 4460 ex
695 4404 946 4476 Iaerymis
976 4413 1029 4457 et
1068 4405 1356 4458 oratione:
1397 4404 1541 4458 unde
1579 4404 1757 4458 oritur
1789 4418 1972 4458 sermo
2019 4405 2151 4459 cha-

590 4497 790 4559 ritatis,
828 4507 880 4549 et.
917 4495 1115 4548 ﬂuenta
1153 4497 1543 4567 cogitationum
1577 4499 1910 4552 seaturiunt.
1960 4494 2152 4551 Tertia

586 4599 670 4643 est
703 4599 914 4642 saneta:
983 4588 1269 4644 Trinitatis
1317 4591 1372 4644 in
1421 4589 1582 4644 nobis
1635 4589 1905 4666 liabitatio
1946 4606 1961 4642 :
2008 4591 2154 4645 unde

588 4680 850 4747 Spiritus.
900 4679 1294 4733 illusuationes
1335 4695 1454 4746 qua:
1488 4679 1720 4749 singulis
1747 4679 2053 4748 puriﬁcatis
2083 4678 2149 4732 ad

587 4785 776 4823 eorum
817 4771 1103 4822 utilitatem
1135 4768 1416 4840 aﬂ'ulgent,
1450 4771 1517 4824 ad
1549 4770 1948 4824 manifestanda
1990 4786 2152 4841 mys-

590 4860 724 4913 teria
771 4861 918 4927 regni
987 4861 1270 4925 caelorum,
1325 4869 1378 4913 et
1445 4860 1765 4914 revelandos
1797 4861 2150 4915 absconditos

587 4951 642 5006 in
710 4951 888 5003 anima
944 4950 1230 5004 thesauros
1283 4951 1401 5005 Dei.
1452 4951 1652 5017 Quarta
1713 4962 1795 5007 est
1853 4953 2150 5009 necessitas

590 5042 910 5096 incumbens
980 5042 1126 5096 omni
1221 5045 1313 5111 qui
1397 5043 1606 5112 accepit
1696 5043 1956 5097 talentum
2040 5059 2153 5098 ser-

589 5134 768 5186 monis
819 5133 1083 5196 scientiae,
1135 5144 1352 5203 propter
1411 5134 1508 5187 has
1539 5133 1716 5187 minas
1743 5133 1836 5188 Dei
1873 5134 2103 5188 dicentis
2133 5150 2146 5186 :

594 5245 612 5276 ι
655 5226 818 5278 Serve
875 5227 1020 5280 male
1083 5235 1159 5283 et,
1189 5229 1361 5295 piger,
1426 5227 1663 5296 oportuit
1713 5235 1763 5281 te
1811 5229 2149 5280 committere

592 5319 874 5387 pecuniam
949 5333 1121 5371 meam
1170 5318 1584 5383 nummulariis,
1649 5326 1702 5373 et
1758 5318 1980 5373 veniens
2048 5331 2148 5386 ego

591 5411 912 5478 recepissem
968 5410 1152 5479 utique
1220 5410 1364 5479 quod
1415 5424 1590 5464 meum
1622 5417 1707 5465 est
1735 5424 1857 5464 cum
1890 5424 2076 5464 usura.
2125 5430 2143 5462 ›

591 5499 670 5554 0b
720 5515 879 5570 quam
943 5502 1321 5555 necessitatem
1394 5500 1558 5555 David
1613 5502 1808 5554 timore
1871 5503 2153 5570 perculsus

591 5593 805 5649 dicebat
837 5610 851 5646 :
887 5612 905 5645 ι
943 5584 1082 5647 Ecce
1144 5591 1284 5646 labia
1339 5606 1459 5646 mea
1516 5607 1620 5645 non
1673 5592 1970 5661 prohibebo
1999 5611 2011 5645 :
2045 5593 2151 5648 Do-

592 5689 758 5752 mine,
810 5695 863 5739 tu
896 5686 1065 5739 scisti.
1132 5683 1407 5739 Justitiam
1453 5691 1599 5737 tuam
1642 5699 1751 5738 non
1783 5684 2043 5738 abscondi
2097 5686 2150 5738 in

589 5776 754 5834 cordo
799 5791 918 5832 meo
977 5793 988 5828 :
1047 5780 1334 5832 veritatem
1386 5783 1530 5829 tuam
1587 5783 1637 5829 et
1685 5775 1920 5829 salutare
2000 5783 2147 5829 tuum

2243 3763 2363 3836 λείᾳ
2391 3766 2499 3820 τῶν
2531 3766 2740 3837 ἀρετῶν
2762 3809 2776 3833 ,
2810 3767 2909 3832 τὰς
2937 3769 3030 3821 ἐπὶ
3073 3769 3136 3823 τὸ
3163 3770 3397 3840 γράφειν
3451 3774 3706 3839 κινούσας
3748 3777 3816 3830 τὰ

2241 3855 2525 3928 λυσιτελῆ,
2545 3857 2635 3911 τὸν
2656 3859 2781 3929 ἄρτι
2806 3858 2868 3912 τὸ
2906 3859 3070 3930 μέσον
3093 3861 3189 3929 τῆς
3212 3861 3384 3932 ἀρχῆς
3405 3863 3816 3935 ὑπερκύψαντα,

2244 3949 2340 4003 καὶ
2372 3948 2512 4021 πρὸς
2539 3949 2637 4022 τὴν
2676 3951 2869 4022 τριάδα
2901 3952 3002 4017 τῆς
3037 3954 3302 4023 μυστικῆς
3335 3955 3612 4024 ὲφθακότα
3635 3958 3814 4013 θεολο⁴

2242 4037 2390 4109 γῖας.
2425 4042 2535 4095 Καὶ
2569 4040 2791 4112 πρώτην
2843 4044 2941 4112 μὲν
2973 4039 3111 4097 εἶναι
3144 4045 3241 4115 τὴν
3269 4045 3603 4117 ἐλευθερίαν,
3646 4050 3815 4122 αὑτήν

2242 4147 2385 4202 φημι
2440 4132 2538 4204 τὴν
2579 4132 2848 4188 ἀπάθειαν
2901 4135 3000 4205 τῆς
3047 4134 3247 4206 ψυχῆς,
3299 4137 3398 4208 τὴν
3451 4137 3512 4203 ἐξ
3557 4139 3814 4195 ἐπιπόνου

2245 4221 2497 4292 πράξεως
2534 4224 2628 4276 ἐπὶ
2651 4223 2750 4294 τὴν
2781 4224 3015 4296 φυσικὴν
3067 4225 3417 4296 προκόψασαν
3453 4228 3688 4300 θεωρίαν
3718 4231 3818 4297 τῆς

2242 4313 2500 4380 κτίσεως,
2535 4315 2629 4369 καὶ
2662 4317 2743 4378 είς
2767 4316 2857 4369 τὸν
2883 4317 3081 4385 γνόφον
3104 4318 3202 4388 τῆς
3239 4319 3516 4388 θεολογίας
3545 4321 3818 4376 εἰσελθοῦ-

2245 4421 2343 4462 σαν
2369 4407 2598 4462 ἐκεῖθεν.
2619 4406 2890 4477 Δευτέραν
2912 4406 2987 4472 δὲ,
3012 4408 3110 4477 τὴν
3138 4407 3203 4462 ὲκ
3222 4407 3472 4479 δακρύων
3503 4411 3598 4464 καὶ
3647 4429 3817 4481 προσ.

2243 4499 2409 4567 ευχῆς
2438 4496 2532 4549 τοῦ
2596 4496 2713 4560 νοὸς
2747 4497 3094 4568 καθαρότητα
3119 4514 3132 4528 ·
3182 4500 3313 4568 παρ’
3343 4494 3402 4554 οὗ
3433 4503 3460 4554 ὁ
3491 4500 3648 4569 λόγος
3691 4519 3815 4570 γεν-

2244 4590 2403 4643 νᾶται
2434 4588 2532 4658 τῆς
2553 4588 2796 4658 χάριτος,
2830 4590 2924 4642 καὶ
2965 4589 3036 4642 τὰ
3071 4590 3260 4662 ῥεῖθρα
3286 4590 3528 4663 πηγάζει
3551 4591 3659 4647 τῶν
3691 4583 3830 4666 νοηέ

2247 4679 2453 4750 μάτων.
2518 4679 2741 4750 Τρίτην,
2800 4680 2899 4751 τὴν
2946 4681 3005 4734 ὲν
3050 4684 3181 4751 ἡμῖν
3222 4683 3324 4753 τῆς
3382 4685 3543 4752 ἁγίας
3593 4685 3818 4756 Τριάδος

2243 4768 2514 4839 ἐνοίκησιν
2544 4783 2557 4797 ·
2605 4767 2663 4832 ἐξ
2695 4763 2762 4840 ἧς
2795 4770 2850 4820 αἱ
2901 4770 3232 4839 φωτοχυσίαι
3258 4769 3351 4824 τοῦ
3409 4771 3724 4840 Πνεύματος
3764 4775 3817 4828 αι

2244 4854 2378 4923 πρὸς
2425 4853 2485 4907 τδ
2546 4857 2823 4925 συμφέρον
2877 4859 2933 4910 ὲν
2983 4859 3198 4928 ἑκάστῳ
3245 4859 3354 4912 τῶν
3407 4862 3818 4932 καθαιρομένων

2244 4945 2548 5014 γινόμεναι,
2581 4948 2661 5010 εὶς
2692 4948 3002 5019 φανέρωσιν
3028 4948 3134 5002 τῶν
3172 4953 3489 5021 μυστηρίων
3529 4954 3629 5020 τῆς
3665 4953 3818 5023 βασι·

2245 5036 2395 5100 λείας
2426 5037 2533 5089 τῶν
2557 5038 2820 5107 οὐρανῶν,
2860 5039 2955 5092 καλ⁵
2983 5040 3322 5110 ἀνακάλυψιν
3365 5043 3474 5096 τῶν
3504 5046 3819 5116 κεκρυμμέ-

2245 5148 2348 5182 νων
2370 5131 2427 5182 ὲν
2459 5131 2523 5199 τῇ
2548 5130 2690 5200 ψυχῇ
2729 5130 3017 5200 θησαυρῶν
3057 5131 3150 5184 τοῦ
3182 5131 3339 5186 Θεοῦ.
3389 5133 3432 5185 Τ
3435 5134 3689 5204 ετάρτην,
3722 5135 3818 5206 τὴν

2245 5219 2600 5288 ἐπικειμένην
2625 5221 2888 5290 ἀνάγκην,
2927 5223 3089 5275 παντὶ
3123 5222 3201 5290 τῷ
3231 5222 3291 5275 τὸ
3317 5223 3576 5277 τάλαντον
3600 5227 3819 5280 λαϐόντι

2245 5308 2337 5360 τοῦ
2359 5309 2517 5378 λόγου
2548 5310 2643 5379 τῆς
2675 5309 2948 5378 γνώσεως,
2971 5313 3068 5381 τῆς
3094 5313 3326 5383 ἀπειλῆς
3353 5315 3445 5368 τοῦ
3468 5316 3626 5380 Θεοῦ,
3657 5316 3818 5370 «Δοῦ-

2256 5399 2314 5452 λε
2347 5401 2569 5469 πονηρὲ,
2593 5401 2879 5472 λεγούσης,
2913 5404 3006 5456 καὶ
3034 5404 3163 5472 ὀκνη
3175 5406 3254 5476 ρὲ,
3285 5405 3391 5458 ἔδει
3410 5423 3469 5459 σε
3496 5407 3821 5462 κατασαλείν

2247 5491 2306 5543 τὸ
2354 5491 2616 5561 ἀργύριόν
2671 5487 2770 5562 μου
2818 5497 2930 5558 τοῖς
2981 5496 3358 5565 τραπεζίταις,
3423 5498 3580 5567 κάγὼ
3629 5499 3818 5564 ἐλθὼν,

2247 5583 2502 5653 ἀπῄτησα
2536 5585 2601 5638 ἂν
2632 5585 2690 5638 τὸ
2713 5586 2845 5654 ἐμὸν
2881 5588 2978 5641 σὺν
3008 5589 3171 5658 τόκῳ.
3204 5607 3222 5641 ι
3261 5589 3340 5646 Δι’
3361 5589 3429 5660 ἣν
3459 5591 3568 5660 ἄρα
3592 5594 3684 5644 καὶ
3713 5594 3819 5645 Δα-

2248 5674 2333 5725 διδ
2381 5673 2613 5742 μάλιστα
2661 5675 2912 5740 δεδοικὼς
2942 5676 3127 5746 ἔλεγεν
3156 5695 3170 5708 ·
3209 5697 3228 5731 ι
3252 5679 3385 5732 Ἰδοὺ
3412 5679 3483 5733 τὰ
3528 5681 3678 5751 χείλη
3718 5699 3819 5750 μου

2248 5769 2306 5822 οὑ
2342 5769 2415 5839 μὴ
2455 5767 2700 5834 κωλύσω,
2732 5769 2925 5840 Κύριε,
2969 5771 3033 5825 σὺ
3086 5771 3276 5840 ἔγνως.
3326 5770 3436 5840 Τὴν
3471 5771 3821 5841 δικαιοσύνῃ
