4106 6336
213 408 318 472 853

1092 416 1372 478 PRACTI
1388 413 1657 475 CORUM
1681 411 2019 473 CAPITUM
2046 411 2441 475 CENTURIA
2474 411 2527 473 Ι.

3318 415 3439 477 REI

211 553 325 604 σου,
352 535 454 591 οὐκ
504 532 720 627 ῐκρυψα
759 536 819 588 ἐν
872 536 937 607 τῇ
990 532 1187 627 καρδίᾳ
1223 548 1347 627 μου,
1375 530 1473 627 τὴν
1518 526 1773 627 ἀλήθειάν

1884 524 2005 579 lix‘.
2042 522 2158 582 Non
2188 525 2448 582 abscondi
2484 524 2913 583 misericordiam
2960 532 3109 583 tuam
3145 539 3175 581 a
3204 529 3443 607 concilio

211 641 303 681 σου
336 624 437 699 καὶ
460 624 523 678 τὺ
553 616 821 697 σωτήριόν
856 640 948 678 σου
977 618 1139 678 εἶπα·
1184 621 1283 676 οὐκ
1310 618 1522 691 ἔκρυψα
1548 618 1606 671 τὸ
1629 616 1774 679 ἐλεὸς

209 734 303 772 σου
365 718 459 771 καὶ
507 716 606 787 τήν
655 715 916 789 ἀλήθειάν
968 732 1064 769 σου
1112 713 1221 784 ἀπὸ
1274 709 1595 781 συναγωγῆς
1628 707 1777 779 κηπολ-

208 808 370 863 λῆς.»

208 826 235 862 Α
307 848 322 863 .
346 826 370 861 ι

164 920 175 943 ’δ
239 826 347 980 ηὲκ
391 910 561 981 Ἀρχὴ
604 909 699 965 τοῦ
723 910 865 964 κατὰ
892 909 1025 964 Θεὸν
1057 909 1194 980 βίου,
1229 910 1262 979 ή
1294 907 1522 962 καθόλου
1552 907 1646 962 τοῦ
1691 908 1780 962 κό-

1868 616 2039 670 multo
2064 617 2103 671 ⁸.
2148 635 2167 668 ι

1940 903 1995 956 2.
2046 902 2268 958 Initium
2304 903 2427 959 vitae
2461 902 2661 961 divina:
2701 912 2786 961 est
2825 908 2992 963 totius
3044 909 3228 964 mundi
3288 911 3433 977 fuga.

213 1018 349 1071 σμου
379 1004 544 1073 φυγή.
578 1001 727 1073 Αὕτη
772 1002 828 1055 δέ
855 1002 1003 1057 ἐστιν
1059 1003 1094 1072 ή
1130 1001 1238 1055 τῶν
1264 999 1582 1071 θελημάτων
1614 1000 1779 1071 ἄρνη-

1884 996 2000 1051 llaec
2050 1006 2230 1052 autem
2272 1006 2359 1053 est
2405 998 2694 1069 abnegatio
2738 1000 3075 1056 voluntatum
3118 1003 3331 1065 animae,
3385 1010 3440 1056 et

213 1109 294 1156 σις
326 1091 661 1162 τῆςνψυκῆς,
689 1092 785 1147 καὶ
814 1094 906 1147 τοῦ
935 1092 1127 1163 χοϊκοῦ
1176 1091 1521 1160 φρονήματος
1548 1092 1579 1161 ή
1618 1091 1780 1160 μετά-

214 1184 394 1247 θεσις⁸
441 1182 511 1237 δι’
553 1177 621 1255 ἧς
670 1183 764 1237 ἐπὶ
809 1183 869 1237 τὸ
895 1182 1038 1237 θεῖον
1083 1166 1778 1252 ἀνατρέχοντεςφρόνημα,

219 1275 576 1345 πνευματικοὶ
624 1276 687 1327 ἐκ
744 1274 1023 1344 σαρκικῶν
1076 1272 1338 1344 γινόμεθα
1364 1312 1379 1338 ,
1432 1271 1780 1342 νεκρούμενοι

217 1364 315 1433 μὲν
345 1367 409 1436 τῇ
459 1365 624 1437 σαρκὶ
664 1366 760 1419 καὶ
804 1365 882 1437 τῷ
911 1364 1121 1437 κόσμῳ,
1159 1362 1583 1434 ζωοποιούμενοι
1622 1362 1680 1416 δὲ
1714 1364 1779 1432 τῇ

208 1455 377 1527 ψυχῇ,
409 1456 466 1508 ἐν
496 1455 715 1527 Χριστῷ
746 1457 838 1510 καὶ
878 1456 955 1528 τῷ
979 1455 1274 1524 Πνεύματι.

286 1546 361 1614 γ’.
409 1545 549 1610 Δόξα
582 1546 760 1617 ψυχῆς
806 1544 937 1615 περὶ
971 1543 1107 1597 Θεοῦ
1156 1540 1413 1612 ἀψευδής,
1461 1542 1559 1595 καὶ
1604 1542 1784 1605 πίστις

215 1636 517 1700 ἐνδιάθετος
578 1637 650 1690 ἐν
696 1634 1099 1705 καταφρονήσει
1152 1621 1261 1686 τῶν
1321 1631 1637 1703 ὁρωμένων,
1692 1632 1783 1684 καίΙ

217 1726 418 1796 πρᾶξις
458 1729 659 1798 ἀρετῆς
700 1726 985 1796 φιλαυτίας
1043 1724 1222 1796 πάσης
1255 1722 1654 1795 κεχωρισμένη,
1696 1721 1784 1775 ιν-

1874 1090 2077 1143 terreni
2110 1089 2340 1158 spiritus
2379 1092 2708 1159 immutatio,
2752 1108 2847 1162 per
2886 1109 3049 1163 quam
3090 1097 3145 1149 in
3189 1094 3432 1148 divinum

1875 1178 2139 1249 Spiritum
2166 1181 2468 1247 avolantes,
2496 1183 2812 1251 spirituales
2860 1199 2927 1238 ex
2958 1187 3267 1241 carnalibus
3301 1202 3434 1241 evu-

1875 1269 2082 1335 dimus,
2126 1270 2424 1327 morientes
2464 1274 2613 1327 carni
2644 1282 2699 1328 et
2730 1275 2952 1340 mundo,
2981 1276 3225 1332 viventes
3254 1287 3433 1333 autem

1877 1360 2090 1426 animae,
2128 1360 2182 1415 in
2210 1359 2435 1417 Christo
2462 1372 2517 1419 et
2544 1363 2753 1434 Spiritu
2784 1375 2996 1421 saneto.

1945 1542 1999 1595 3.
2037 1541 2235 1597 Gloria.
2258 1546 2453 1599 animae
2488 1546 2552 1601 de
2582 1544 2694 1600 Deo
2726 1560 2834 1601 non
2865 1547 3009 1609 ficta,
3043 1547 3177 1603 fides
3223 1548 3436 1603 sincera

1878 1636 1932 1688 in
1962 1643 2282 1704 contemptu
2310 1638 2633 1704 visibilium,
2658 1645 2713 1694 et
2738 1640 2925 1710 praxis
2960 1640 3179 1697 virtutis
3200 1641 3268 1696 ab
3287 1639 3437 1696 omni

1876 1742 2066 1783 amore
2093 1730 2311 1798 proprio
2335 1732 2730 1801 segregata,bic
2762 1740 2844 1786 est
2867 1732 3062 1800 triplex
3089 1747 3118 1786 a
3146 1731 3441 1788 Salomone

214 1834 417 1887 τριτον,
464 1817 605 1873 κατὰ
641 1818 729 1872 τὸν
784 1814 1149 1891 Σολομῶνταη
1179 1814 1473 1884 σπαρτίον·
1516 1811 1544 1865 ὃ
1576 1812 1785 1884 ταχέως

1884 1819 2135 1875 laudatus
2171 1820 2474 1887 funiculus,
2505 1823 2598 1892 qui
2633 1822 2849 1878 diﬂieile
2890 1823 3166 1894 rumpitur
3214 1839 3246 1879 a
3285 1823 3445 1879 mali-

216 1910 278 1963 οὐ
350 1910 650 1981 ῥαγήσεται
702 1907 854 1979 παρά
914 1905 1024 1960 τῶν
1080 1905 1406 1974 πνευμάτων
1456 1904 1553 1975 τῆς
1614 1918 1784 1973 πονη-

1884 1912 1996 1983 guis
2030 1911 2335 1983 spiritibus.

220 1998 362 2069 ρίας.

289 2096 351 2149 δ’.
390 2094 579 2149 Πίστει
626 2093 725 2157 τὰς
774 2094 1007 2165 ἀμοιϐὰς
1042 2091 1333 2163 ἐλπίζομεν
1371 2089 1479 2144 τῶν
1520 2088 1789 2160 καμάτων

219 2186 554 2253 ἀπολαϐεῖν,
600 2188 682 2241 διὸ
734 2187 827 2241 καὶ
876 2187 1113 2259 φέρομεν
1161 2184 1288 2248 τοὺς
1341 2183 1537 2246 πόνους
1589 2182 1786 2254 ῥᾳδίως

222 2282 334 2336 τῶν
384 2282 614 2353 ἀρετῶν.
680 2280 815 2335 Ὑπὸ
870 2280 927 2334 δὲ
992 2279 1087 2334 τοῦ
1150 2279 1295 2331 θείου
1346 2274 1790 2347 πληροφορούμε-

226 2386 304 2426 νοι
373 2371 736 2443 ῐΙνεύματος,
814 2372 882 2442 τῇ
970 2370 1162 2441 ἀγάπῃ
1229 2365 1575 2443 πτερούμεθα
1653 2364 1789 2437 πρὸς

221 2464 375 2521 Θεόν.

294 2561 356 2608 ε’.
391 2553 504 2623 Ούχ
544 2552 672 2607 ὅταν
702 2550 806 2605 ύπὺ
834 2548 1110 2619 λογισμῶν
1162 2546 1526 2619 ἐνοχλούμεθα
1550 2545 1793 2618 άκαθάρ·

226 2662 355 2711 των,
393 2644 495 2715 ἤδη
528 2644 624 2697 καὶ
655 2643 756 2710 τῆς
782 2641 891 2695 τῶν
924 2638 1290 2710 ἐνεργούντων
1332 2638 1400 2693 τὰ
1426 2637 1604 2706 φαῦλα
1644 2636 1797 2708 μερί-

227 2736 314 2799 δος
343 2734 609 2805 γινόμεθα
627 2750 641 2765 ο
673 2732 788 2787 ἀλλ’
817 2732 943 2786 ὅταν
967 2731 1062 2785 τοῦ
1090 2730 1247 2784 τόνου
1276 2729 1477 2800 ἑαυτῆς
1526 2727 1797 2799 ύποχαλά-

232 2838 371 2875 σασα
409 2822 442 2889 ή
481 2819 648 2891 ψυχὴ,
695 2820 789 2873 καὶ
833 2821 860 2873 ό
884 2818 1029 2884 νοῦς,
1077 2817 1135 2884 ἐξ
1166 2815 1520 2889 ὴμελημένης
1548 2815 1643 2871 καὶ
1672 2815 1800 2870 ἀκο-

230 2913 428 2967 λάστου
462 2912 695 2981 διαίτης,
728 2908 978 2972 θολώδεις
1002 2908 1113 2974 ἐξει
1142 2908 1237 2962 καὶ
1263 2908 1510 2969 σκιώδεις
1541 2907 1640 2971 τὰς
1668 2922 1801 2975 φαν-

231 3005 444 3067 τασίας,
474 3004 567 3057 καὶ
614 3003 665 3055 oi
718 3003 871 3057 πόνοι
920 3000 1022 3072 τῆς
1070 3000 1271 3072 ἀρετῆς
1300 3001 1371 3053 ⁸ὲν
1414 2998 1654 3071 ῥᾳθυμίᾳ
1698 2997 1798 3066 τῆς

235 3096 467 3166 μελέτης
507 3094 603 3150 καὶ
635 3094 944 3166 προσευχῆς
983 3092 1324 3161 ἐπιλείψωσι.
1354 3088 1669 3160 Τηνικαῦτα
1704 3089 1800 3141 καὶ

236 3186 308 3257 μὴ
367 3183 717 3255 ἐνεργοῦντες
782 3184 853 3237 τά
909 3182 1123 3250 φαῦλα,
1156 3182 1252 3281 ..ἐν
1298 3182 1385 3250 τῇ
1419 3268 1432 3281 .
1466 3178 1621 3250 χώρᾳ
1689 3178 1851 3281 τῶνα

231 3278 287 3329 ἐν
349 3278 476 3338 ταῖς
548 3273 763 3343 ἡδοναῖς
818 3272 1079 3335 ἑκουσίως
1156 3268 1541 3341 ίλυσπωμένων
1608 3269 1801 3324 ταττόο

274 3367 392 3423 εθα.

235 3385 695 3522 μεζιεῖ.ιἰυθιὲιιτων
737 3452 793 3508 δὲ
838 3452 948 3507 τῶν
978 3454 1228 3523 ’χαλινῶν
1255 3446 1366 3506 τῶν
1397 3448 1800 3523 ἡγεμονικωτέ-

235 3566 340 3602 οων
374 3548 702 3618 αἰσθήσεων,
732 3544 932 3599 αὐτίκα
980 3546 1073 3598 καὶ
1104 3544 1293 3598 παθῶν
1319 3544 1687 3606 ἐπανάστασις
1711 3541 1801 3610 γί-

231 3656 398 3703 νεται,
439 3637 535 3692 καὶ
562 3636 620 3704 ’ὴ
680 3636 796 3689 τῶν
831 3636 1341 3705 ἀνδραποδεστέρων
1371 3634 1675 3704 αίσθήσεων
1716 3649 1804 3687 κι-

231 3733 402 3784 νεῖται
447 3728 717 3799 ἐνέργεια.
750 3726 923 3781 Είωθε
970 3726 1079 3798 γάρ
1112 3744 1229 3789 πως
1269 3729 1301 3797 ἡ
1361 3727 1566 3781 τούτων
1610 3725 1801 3793 ἀλογία

231 3822 333 3876 τῶν
374 3821 477 3890 τῆς
523 3816 846 3889 ἐγκρατείας
900 3818 1123 3871 λυθεῖσα
1168 3817 1402 3887 δεσμῶν,
1432 3820 1552 3881 ταῖς
1599 3816 1799 3879 αἰτίαις

234 3913 554 3982 ἐπισκιρτᾷν
583 3910 691 3964 τῶν
717 3908 925 3972 παθῶν,
952 3909 1044 3963 καὶ
1074 3909 1149 3972 ὡς
1187 3910 1244 3962 ἐν
1269 3909 1586 3979 θανασίμοις
1610 3907 1801 3968 αύταῖς

235 4003 617 4058 ἐπιόόσκεσθαι
667 4002 845 4065 πόαις,
894 4001 987 4055 καὶ
1030 4001 1271 4072 τοσούτῳ
1314 4001 1531 4071 μᾶλλον,
1560 4001 1684 4054 ὅσον
1710 4001 1803 4054 καὶ¹

234 4097 265 4164 ή
333 4098 518 4157 ἄνεσις
574 4080 929 4163 χρονιώτερον
986 4094 1335 4151 ἐπιτείνεται.
1412 4093 1486 4146 Ού
1540 4093 1647 4165 γὰρ
1713 4094 1803 4146 άν-

236 4188 450 4256 έχεται,
507 4185 628 4239 καθ’
684 4179 760 4239 ὧν
819 4186 1065 4253 φυσικῶς
1116 4186 1227 4258 ἔχει
1275 4186 1375 4257 τὴν
1434 4186 1651 4257 ὄρεξιν,
1707 4184 1804 4238 λυ-

236 4280 386 4332 θεῖσα
468 4277 577 4331 τῶν
642 4276 915 4349 χαλινῶν,
976 4279 1090 4350 ,τὴν
1172 4279 1390 4351 μέθεξιν
1460 4276 1804 4349 ἀποκρούσα-

237 4369 376 4424 σθαι.

303 4459 372 4525 ζ⁹.
399 4460 521 4513 Τῶν
558 4460 886 4532 αἰσθήσεων,
910 4463 969 4516 αί
1001 4463 1099 4534 μὲν
1122 4459 1302 4515 αὐτῶν
1326 4461 1543 4529 λογικαί
1566 4459 1624 4513 τέ
1641 4460 1799 4513 είσιν·

1948 2090 2005 2145 4.
2043 2088 2178 2145 Fide
2207 2090 2516 2145 mercedem
2546 2090 2797 2146 laborum
2834 2092 2994 2147 nobis
3039 2094 3442 2151 retribuendam

1888 2190 2203 2246 speramus,
2237 2175 2473 2247 ideoque
2503 2177 2721 2232 labores
2765 2178 3025 2234 virtutum
3073 2179 3233 2236 facile
3282 2181 3436 2236 suile

1880 2267 2078 2322 rimus.
2132 2266 2357 2322 Fiducia
2404 2276 2582 2322 autem
2630 2282 2661 2321 a
2708 2267 2915 2339 Spiritu
2965 2280 3158 2326 sancto
3232 2273 3447 2343 repleti,

1876 2356 2144 2414 eharitate
2172 2359 2421 2416 volamus
2451 2358 2519 2415 ad
2547 2358 2741 2416 Deum.

1951 2557 2005 2613 5.
2034 2556 2155 2612 Non
2187 2558 2408 2629 quando
2443 2557 2868 2629 cogitationibus
2914 2557 3298 2628 perturbamur
3338 2558 3443 2611 im-

1878 2648 2057 2721 puris,
2086 2649 2201 2717 iam
2242 2649 2387 2704 inter
2432 2648 2698 2706 facientes
2722 2650 2861 2705 mala
2897 2657 3104 2719 partem
3157 2650 3443 2713 habemus.

1885 2740 1982 2796 sed
2010 2741 2231 2811 quando
2264 2742 2332 2797 de
2361 2742 2593 2811 pristina
2630 2742 2831 2797 virtute
2862 2741 3121 2798 deﬁciens
3166 2743 3346 2798 anima
3395 2753 3453 2798 et

1885 2832 2113 2901 Spiritus
2137 2874 2152 2900 ,
2184 2841 2407 2903 propter
2436 2832 2767 2889 indolentem
2795 2834 3223 2903 dissolutamque
3256 2836 3445 2901 vitam,

1883 2937 2139 2978 caenosas
2163 2924 2382 2979 habebit
2402 2933 2454 2979 et
2480 2924 2812 2994 caliginosas
2842 2926 3131 2996 imagines.
3150 2934 3204 2981 et
3228 2927 3448 2984 labores

1886 3013 2109 3068 virtutis
2159 3012 2215 3067 in
2244 3013 2606 3085 ’negligentia
2662 3015 3035 3072 meditationis
3084 3024 3140 3072 et
3185 3018 3448 3076 orationis

1884 3104 2203 3162 cessabunt.
2236 3106 2414 3173 Tunc,
2449 3106 2580 3163 licet
2625 3123 2791 3177 opera
2841 3124 2949 3163 non
2990 3108 3253 3166 facientes
3284 3112 3445 3177 mala,

1884 3196 1939 3251 in
1995 3212 2185 3254 eorum
2238 3214 2467 3255 numero
2515 3201 2608 3271 qui
2654 3201 2710 3257 in
2762 3202 3131 3274 voluptatibus
3188 3204 3333 3259 ultro
3388 3220 3448 3259 sc

1882 3288 2153 3355 volutant,
2192 3289 2535 3345 ordinantur.

1956 3449 2009 3503 6.
2049 3448 2258 3507 Solutis
2290 3458 2470 3515 autem
2492 3451 2675 3510 frenis
2703 3469 2964 3513 sensuum
2993 3457 3206 3529 imperii
3241 3459 3455 3517 nimio-

1885 3554 2028 3602 rum,
2066 3542 2247 3595 statim
2274 3551 2327 3597 et
2354 3543 2691 3615 cupiditates
2738 3547 3057 3620 insurgunt,
3098 3560 3150 3605 et
3194 3551 3449 3609 fortiores

1886 3630 2222 3686 suscitantur
2280 3647 2541 3690 sensuum
2570 3638 2744 3699 vires.
2798 3639 2949 3696 Solet
3001 3643 3147 3697 enim
3218 3645 3444 3701 istorum

1886 3721 2124 3787 insania,
2171 3727 2549 3795 temperantia
2596 3729 2775 3786 soluta
2826 3732 3086 3801 vinculis,
3126 3734 3181 3788 in
3234 3735 3441 3804 objecta

1884 3812 2217 3881 cupiditates
2274 3814 2575 3874 exeitantia
2624 3836 2868 3893 praeceps
2919 3824 3073 3892 ferri,
3135 3826 3188 3880 in
3254 3826 3449 3896 hisque

1885 3903 2162 3972 pestiferis
2210 3908 2366 3977 quasi
2421 3910 2567 3980 pasci
2624 3913 2861 3982 pabulis,
2924 3924 2979 3971 et
3030 3918 3242 3987 quidem
3296 3928 3448 3974 tanto

1886 3995 2081 4066 magis,
2120 4010 2327 4066 quanto
2353 4000 2559 4057 diutius
2586 4003 2853 4061 relaxatio
2883 4007 3224 4074 producitur.
3263 4009 3448 4081 Neque

1883 4089 2032 4142 enim
2061 4090 2319 4157 sustinet,
2361 4092 2531 4148 frenis
2565 4094 2768 4161 soluta,
2816 4112 2907 4153 res
2946 4113 2977 4153 a
3011 4115 3069 4154 se
3119 4100 3343 4170 rejieere
3393 4104 3449 4157 in

1885 4194 2020 4252 quas
2055 4183 2360 4239 naturalem
2388 4185 2553 4242 habet
2579 4190 3021 4260 propensionem.

1957 4458 2014 4513 7.
2071 4457 2219 4513 Inter
2268 4473 2487 4526 sensus,
2550 4458 2649 4515 alii
2694 4468 2823 4516 sunt
2864 4460 3185 4531 rationales,
3242 4464 3464 4521 scilicet-

234 4551 448 4622 ὅρασις,
502 4553 662 4625 ἀκοὴ,
713 4553 808 4612 καὶ
861 4555 975 4608 τῶν
1018 4552 1194 4609 ἄλλων
1226 4550 1579 4624 ὲμφιλόσοφοί
1617 4567 1677 4605 τε
1708 4551 1796 4605 καὶ

1890 4547 2043 4604 visus
2070 4556 2124 4602 et
2164 4549 2404 4614 auditus,
2442 4550 2535 4620 qui
2566 4553 2927 4625 philosophiae
2958 4571 3027 4610 ac
3053 4556 3263 4627 imperii
3291 4572 3450 4626 capa-

234 4646 702 4717 ἡγεμονικώτεραι
721 4663 734 4678 ·
764 4648 820 4701 αἱ
849 4647 905 4701 δὲ
931 4646 1114 4715 ἄλογοι
1170 4644 1264 4700 καὶ
1302 4645 1599 4716 κτηνὼδεις
1618 4660 1633 4676 ⁸
1679 4642 1797 4712 γεῦ-

237 4755 339 4802 σις,
380 4739 667 4809 ὄσφρησις,
714 4738 825 4809 ἁφή
866 4737 1003 4810 πρὸς
1042 4737 1345 4809 ὑπηρεσίαν
1389 4735 1497 4790 τῶν
1544 4734 1799 4804 λογικῶν.

247 4825 499 4898 Ὀρῶμεν
534 4827 643 4899 γὰρ
670 4828 887 4899 πρῶτον
920 4828 1015 4881 καὶ
1044 4826 1335 4898 ἀκούομεν,
1376 4825 1472 4881 καὶ
1499 4824 1671 4889 οὕτως
1698 4823 1803 4877 ὑπὸ

234 4917 326 4971 τοῦ
354 4918 515 4985 λόγου
534 4918 862 4989 κινούμενοι,
894 4918 1179 4989 ἁπτόμεθα
1202 4936 1262 4974 τε
1290 4916 1382 4972 τοῦ
1413 4915 1798 4987 προκειμένου,

236 5009 329 5062 καὶ
356 5010 802 5081 ὀσφραινόμενοι,
843 5012 910 5082 τῇ
942 5010 1131 5080 γεύσει
1159 5010 1427 5081 διδοῧμεν.
1464 5007 1555 5061 Διὸ
1585 5006 1802 5062 καὶτῶν

236 5100 364 5165 δύω,
398 5102 755 5166 ζωσδέστατοί
795 5104 933 5158 εἰσιν
964 5104 1019 5157 αί
1061 5106 1242 5175 τρεῖς,
1286 5106 1379 5157 καὶ
1418 5101 1801 5175 ἀτεχνῶς-ἅν·-

236 5190 764 5263 δραποδωδὲστατοι·
804 5194 935 5263 περὶ
973 5194 1040 5258 ἃς
1069 5193 1178 5247 τῶν
1205 5192 1537 5266 θρεμμάτων
1577 5193 1671 5245 καὶ
1703 5194 1803 5261 θη-

240 5283 371 5353 ρίων
403 5283 473 5336 τά
515 5283 1041 5354 γαστριμαργότατα
1084 5284 1177 5338 καὶ
1236 5282 1799 5338 συνουσιαστικιίπατα

238 5373 535 5443 πεπόνηται
568 5374 830 5442 μάλιστα·
856 5374 924 5426 δι’
950 5370 1076 5445 ὅλης
1097 5360 1203 5446 γὰρ
1234 5376 1445 5446 ἡμέρας
1467 5376 1560 5429 καὶ
1586 5375 1797 5439 νυκτὸς,

240 5463 271 5532 ἢ
304 5464 512 5535 τροφῶν
551 5465 844 5536 ἀπλήστως
874 5468 1217 5537 ἐμφορεῖται,
1253 5468 1286 5539 ἢ
1328 5467 1461 5539 πρὸς
1494 5467 1591 5530 τὰς
1624 5467 1800 5537 ὀχείας

242 5556 395 5627 ipss-

302 5653 367 5717 η’.
414 5648 475 5701 '0
513 5648 615 5710 τὰς
644 5648 927 5719 ἐνεργείας
973 5650 1082 5703 τῶν
1122 5648 1276 5713 ἐκτὸς
1321 5649 1626 5721 αἰσθήσεων
1666 5648 1800 5719 πρὸς

244 5739 329 5801 τὰς
381 5737 528 5791 ἔνδον
558 5737 768 5808 τρέψας
814 5740 1113 5812 αἰσθήσεις,
1166 5742 1260 5796 καὶ
1308 5740 1406 5812 τὴν
1460 5741 1558 5811 μὲν
1588 5742 1795 5813 ὅρασιν,

292 5835 476 5895 ‘Psal.
513 5855 702 5901 xxxix.
733 5842 816 5902 l0.
846 5845 931 5899 ll.

1890 4640 2068 4696 ciores
2096 4647 2223 4695 sunt
2255 4656 2415 4710 quam
2443 4644 2652 4711 caeteri;
2701 4645 2793 4700 alii
2832 4661 2962 4702 vero
2992 4659 3124 4703 sunt
3164 4647 3447 4702 irrationa-

1887 4732 2047 4795 biles,
2086 4740 2139 4787 et
2170 4732 2458 4795 animales,
2512 4741 2574 4788 ut
2620 4743 2836 4805 gustus,
2870 4736 3103 4793 olfaelus
3150 4748 3203 4793 et
3250 4747 3450 4804 tactus,

1889 4823 1957 4877 ad
1996 4822 2359 4878 rationalibus
2412 4823 2822 4880 inserviendum
2870 4825 3146 4882 destinati.
3190 4826 3453 4885 Videmus

1888 4914 2034 4982 enim
2084 4914 2322 4984 primum
2372 4922 2427 4969 et
2472 4914 2745 4983 audimus,
2795 4916 2989 4988 sicque
3031 4918 3247 4973 ratione
3296 4921 3451 4985 moti,

1888 5006 2103 5075 objecta
2160 5007 2453 5076 tangimus,
2502 5007 2802 5083 odorantur
2851 5017 2905 5065 et
2945 5010 3125 5079 gustui
3163 5010 3449 5067 tradimus.

1887 5096 2079 5165 Itaque
2106 5111 2173 5150 ex
2204 5095 2420 5151 duobus
2467 5110 2727 5151 sensuum
2769 5097 3084 5166 generibus,
3121 5106 3232 5153 tres
3267 5108 3449 5168 poste-

1888 5184 2064 5241 riores
2092 5192 2222 5241 sunt
2254 5186 2493 5240 maxime
2517 5185 2779 5242 bestiales
2820 5202 2883 5241 ac
2921 5202 3149 5255 prorsus
3184 5189 3412 5243 serviles
3439 5208 3453 5243 :

1890 5277 2098 5347 quippe
2127 5290 2268 5345 quos
2302 5277 2573 5346 imprimis
2613 5287 2868 5334 exercent
2894 5278 3138 5347 iumenta
3168 5290 3223 5335 et
3257 5297 3454 5350 pecora

1888 5370 2061 5425 ventri
2113 5376 2169 5423 et
2222 5368 2409 5423 veneri
2469 5368 2710 5423 maxime
2764 5368 3126 5439 indulgentia,
3178 5386 3303 5423 nam
3364 5370 3456 5423 diu

1888 5469 2163 5529 noctuque
2187 5460 2271 5513 vel
2301 5459 2611 5515 insatiabile
2657 5458 2795 5515 cibis
2834 5457 3127 5515 eilarciunt
3161 5458 3455 5520 abdomen,

1889 5551 1973 5608 vel
1998 5551 2053 5606 in
2089 5550 2415 5607 concubitus
2443 5551 2679 5605 irruunt.

1959 5644 2012 5700 8.
2049 5644 2155 5712 Qui
2183 5661 2443 5701 sensuum
2476 5654 2826 5701 externorum
2859 5644 3205 5714 operationes
3234 5646 3297 5699 ad
3331 5660 3447 5699 sen-

1890 5755 1984 5797 sus
2035 5740 2283 5797 intcruos
2323 5740 2613 5805 convertit,
2664 5748 2718 5794 et
2767 5739 2942 5793 visum
2986 5738 3053 5793 ad
3102 5737 3448 5794 intellectum
