4152 6338
714 431 816 490 855

1911 439 1956 495 Ν
1966 439 2207 499 ΙΟΕΤιΕ
2246 435 2666 499 PECTORATI

3825 440 3929 502 R56

711 548 980 600 videntem
1014 547 1133 603 vita:
1184 548 1367 605 lumen
1418 550 1682 619 extendit,
1736 554 1978 609 auditum
2031 570 2155 609 vero
2196 554 2262 608 ad

2367 548 2501 618 πρὸς
2529 546 2619 600 τὸν
2644 545 2855 616 δρῶντα
2884 542 3005 596 νοῦν
3031 543 3089 596 τὸ
3130 542 3243 611 φῶς
3273 544 3369 613 τῆς
3398 541 3563 612 ζωῆς,
3599 540 3928 605 ἐκπετάσας·

714 642 1127 707 conceptionem
1161 642 1376 705 animas,
1410 644 1695 699 odoratum
1722 646 1785 698 ad
1821 649 2017 701 mentis
2051 648 2265 716 sagaci-

712 740 901 796 tatem,
947 740 1163 800 gustum
1211 734 1275 787 ad
1322 734 1553 788 rationis
1594 735 1883 799 judicium,
1935 745 2139 790 tactum
2197 739 2267 789 ad

711 824 893 877 cordis
948 824 1281 892 vigilantiam
1332 824 1541 896 dirigit,
1598 827 1691 881 ilio
1744 827 1913 881 vitam
1963 828 2269 896 angelicam

714 916 855 969 inter
898 915 1145 969 homines
1188 916 1413 985 degens,
1442 916 1604 971 homo
1635 918 1778 972 inter
1810 918 2057 973 homines
2088 925 2140 972 et
2184 924 2269 971 est

708 1016 761 1062 et
798 1008 1032 1074 videtur,
1078 1009 1303 1079 angelus
1357 1023 1488 1064 vero
1534 1011 1676 1065 inter
1722 1010 1943 1078 angelos
1998 1019 2050 1065 et
2098 1017 2182 1064 est
2217 1017 2266 1063 et

707 1098 960 1153 habetur.

782 1278 838 1332 9.
873 1277 979 1334 Per
1014 1280 1349 1335 intellectum
1385 1281 1653 1335 videntem
1686 1282 1868 1335 lumen
1897 1279 2021 1354 vita:
2050 1278 2267 1340 divinzr,

707 1370 1052 1425 occultorum
1086 1372 1177 1426 Dei
1217 1372 1601 1442 mysteriorum
1629 1373 1879 1448 nptitiam
1916 1371 2265 1439 percipimus;

708 1476 806 1528 per
828 1466 1244 1531 conceptionem
1268 1464 1482 1526 animat,
1503 1464 1851 1517 ascensiones
1875 1461 2265 1533 cngitationum

2363 640 2461 707 τὴν
2500 636 2557 688 δὲ
2582 634 2773 704 ἀκοὴν,
2816 632 2952 703 πρὸς
2984 632 3081 701 τήν
3128 630 3342 684 σύνεσιν
3376 631 3476 700 τῆς
3506 630 3683 701 ψυχῆς
3703 645 3717 660 ⁸
3753 629 3851 699 τὴν
3878 630 3934 681 δὲ

2363 728 2577 796 γεῦσινῖ
2625 726 2759 797 πρὸς
2820 724 2918 796 τὴν
2984 721 3077 777 τοῦ
3128 722 3289 790 λόγου
3352 722 3662 793 διάκρισινο
3720 718 3820 789 τὴν
3877 719 3931 771 δὲ

2362 820 2648 890 ὄσφρησιν,
2678 818 2814 889 πρὸς
2840 815 2941 886 τὴν
2970 816 3208 869 διάνοιαν
3236 810 3331 866 τοῦ
3360 813 3477 874 νοός
3497 829 3510 844 ⁸
3548 814 3645 883 τήν
3679 812 3735 865 δὶ
3767 810 3930 882 ἁφὴν,

2363 910 2498 979 πρὸς
2532 907 2594 961 τδ
2628 908 2727 977 τῆς
2756 907 2983 975 καρδίας
3012 904 3380 975 μετακινήσας
3412 904 3733 974 ιγρήγορον,
3762 905 3931 969 ἀγγε-

2362 1000 2518 1070 λικὴν
2552 998 2695 1069 ζωὴν
2728 998 2823 1051 ἐπὶ
2872 998 2991 1067 γῆςῖ
3019 996 3246 1060 διανύει,
3280 995 3565 1064 ἄνθρωπος
3598 994 3695 1064 μὲν
3722 992 3929 1064 ἀνθρώ-

2363 1107 2484 1153 ποις
2535 1088 2628 1141 atat
2679 1086 2775 1155 ὣν,
2832 1088 2926 1141 καὶ
2968 1086 3272 1161 ὁρώμενος·
3320 1085 3552 1154 ἄγγελος
3593 1084 3650 1138 δὲ
3682 1085 3933 1155 ἀγγέλοις

2364 1179 2557 1243 συνὼν,
2587 1178 2681 1232 καὶ
2706 1177 2826 1232 νοού
2835 1194 3016 1247 μενος.

2437 1268 2499 1325 θ’.
2529 1269 2628 1323 Διὰ
2660 1269 2758 1338 μὲν
2800 1268 2893 1322 τοῦ
2941 1268 3172 1339 ὁρῶντος
3209 1266 3349 1333 νοὸς,
3397 1265 3459 1319 τδ
3488 1265 3600 1334 φῶς
3619 1263 3721 1335 τῆς
3748 1264 3932 1319 ῑνθέου

2366 1362 2528 1431 ζωῆς,
2555 1361 2662 1414 τῶν
2713 1360 3109 1430 κεκρυμμένων
3138 1356 3453 1429 μυστηρίων
3484 1355 3619 1409 Θεοῦ
3661 1354 3767 1425 τήν
3788 1354 3933 1422 γνῶ·

2368 1468 2451 1503 σιν
2489 1449 2837 1520 λαμϐάνομεν
2861 1465 2875 1480 ·
2922 1448 3010 1503 διά
3056 1448 3113 1502 δὲ
3158 1448 3257 1518 τῆς
3293 1446 3557 1509 συνέσεως
3596 1444 3693 1514 τῆς
3729 1441 3932 1513 ψυχῆς.

705 1552 760 1605 io
791 1554 956 1607 corde
982 1552 1329 1623 disponimus
1366 1570 1489 1608 cum
1536 1554 1790 1612 scientia.
1825 1552 2040 1621 pejores
2080 1568 2110 1606 a
2151 1565 2266 1605 me-

2361 1540 2456 1601 τάς
2488 1537 2782 1600 ἀναϐάσεις
2818 1538 2875 1590 ὲν
2920 1538 2989 1607 τῇ
3017 1536 3217 1623 καρδίᾳ
3244 1535 3353 1588 τῶν
3390 1532 3668 1623 λογισμῶν
3696 1530 3933 1623 διατιθέ-

706 1646 946 1703 lioribns
1024 1647 1441 1715 discernentes;
1509 1663 1603 1719 per
1665 1648 1895 1702 rationis
1967 1645 2265 1716 judicium,

704 1738 917 1805 species
954 1738 1199 1794 idearum
1240 1748 1543 1809 gustamus,
1578 1747 1632 1794 et
1657 1753 1779 1808 qua
1830 1752 1894 1791 ex
1947 1736 2086 1791 mala
2135 1742 2269 1789 ortae

704 1840 833 1887 sunt
885 1832 1088 1895 radice.
1142 1808 1729 1888 Velitransi‘ormamns
1774 1832 1832 1885 in
1881 1830 2070 1903 dulces
2112 1841 2269 1883 escas
2355 1808 2421 1861 τὰ

2360 1622 2500 1696 μεθα
2528 1622 2665 1692 μετὰ
2709 1619 2985 1687 γνώσεως,
3019 1618 3387 1689 διακρίνοντες
3417 1618 3525 1672 άπὸ
3552 1618 3661 1673 τῶν
3684 1617 3934 1689 κρειττό-

2354 1734 2460 1772 νων
2498 1713 2623 1778 τοὺς
2650 1714 2899 1784 χείρονας
2919 1728 2931 1741 °
2960 1710 3051 1765 διά
3072 1710 3129 1764 δὲ
3151 1711 3250 1782 τῆς
3280 1709 3375 1765 τοῦ
3402 1711 3563 1779 λόγου
3602 1710 3933 1782 διακρίσεως

2451 1805 2570 1879 είδη
2603 1804 2714 1859 τῶν
2737 1804 3025 1876 νοημάτων
3058 1802 3465 1873 άπογευόμεθα.
3495 1803 3603 1857 Καὶ
3639 1802 3707 1857 τὰ
3742 1805 3841 1875 μὲν
3866 1804 3933 1859 εκ

706 1923 902 1977 animae
930 1924 1363 1989 distribuendos,
1394 1924 1477 1977 vel
1530 1923 1756 1977 omnino
1784 1921 2096 1990 rejicimns;
2148 1934 2266 1988 quae

2359 1901 2560 1971 πικρᾶς
2598 1897 2845 1968 φυόμενα
2894 1894 3070 1968 ρίζηςς
3119 1896 3153 1966 ἢ
3201 1894 3681 1967 μετασκευάζομεν
3705 1896 3800 1949 ἐπὶ
3832 1894 3933 1968 τήν

700 2028 834 2068 vero
867 2029 932 2068 ex
976 2014 1116 2067 bona
1155 2023 1210 2069 et
1238 2013 1397 2067 viridi
1431 2014 1613 2083 planta
1654 2012 2009 2083 proveniunt,
2063 2009 2264 2064 admit-

700 2105 895 2164 timus.
947 2118 1164 2158 omnem
1214 2102 1597 2171 cegitationem
1646 2104 1985 2171 captivantes
2034 2101 2089 2153 in
2135 2098 2267 2153 obe-

700 2190 960 2246 dientiam
989 2191 1217 2247 Christi.
1252 2190 1359 2247 Per
1409 2191 1606 2247 mentis
1632 2192 2007 2261 sagacitatem,
2062 2190 2267 2247 intelli-

701 2282 895 2359 gibiiqs
926 2283 1111 2351 gratiae
1138 2283 1367 2353 spiritus
1394 2283 1590 2338 odores
1630 2282 1940 2347 olfacimus,
1981 2283 2177 2355 gaudio
2211 2290 2265 2337 et

698 2372 1072 2427 exsultatione
1122 2374 1307 2428 cordis
1370 2373 1581 2444 repleti.
1634 2374 1740 2429 Per
1795 2373 1981 2429 cordis
2031 2372 2266 2441 denique

697 2464 1058 2531 vigilantiam,
1102 2462 1361 2533 Spiritum
1405 2465 1563 2519 nobis
1606 2466 1931 2519 irrorantem
1984 2464 2252 2518 bonorum

700 2553 1099 2609 desideriorum
1160 2554 1461 2618 ﬂammam.
1506 2546 1595 2611 vel
1655 2556 2065 2611 calefacientem
2122 2557 2265 2612 vires

701 2654 924 2701 nostras
1001 2646 1363 2718 cupiditatum
1447 2647 1648 2719 frigore
1716 2649 1960 2719 algentes
2022 2646 2263 2719 perfecte

700 2742 991 2797 sentimus.

773 2984 861 3057 Ιθ.
900 2983 1058 3038 Sicut
1099 2994 1328 3055 corpore
1359 2996 1551 3042 nostro
1584 2988 1830 3057 quinque
1866 2996 1994 3042 sunt
2038 3003 2258 3051 sensus.

699 3055 880 3139 visus,
909 3075 1150 3141 auditus,
1180 3087 1395 3147 gustus,
1428 3055 1690 3133 odoratus
1737 3055 1792 3133 et
1824 3089 2000 3135 tactus
2029 3099 2042 3132 :
2080 3082 2159 3134 sic
2204 3090 2256 3134 et

701 3168 895 3222 anima:
943 3170 995 3224 in
1046 3171 1235 3224 eodem
1285 3186 1516 3225 numero
1570 3172 1812 3242 quinque
1860 3181 1989 3227 sunt
2042 3189 2256 3236 sensus,

2354 1992 2612 2061 γλυκεῖαν
2639 1990 2895 2045 ἀνάδοσιν
2930 1989 3033 2060 τῆς
3061 1987 3319 2059 ψυχῆς,ή
3352 1987 3656 2052 καθολικῶς
3687 1988 3933 2043 ἀποσαλ-

2352 2084 2576 2154 λόμεθα·
2608 2083 2677 2137 τά
2707 2083 2767 2138 δὲ
2790 2083 2852 2137 ἔκ
2878 2080 3108 2152 βοτάνης
3138 2079 3358 2133 εὐθέτου
3384 2080 3479 2134 καὶ
3503 2078 3732 2151 χλοερᾶς
3761 2096 3933 2150 προσ-

2357 2176 2571 2247 ιέμεθα,
2619 2177 2727 2230 πᾶν
2770 2174 2950 2245 νόημα
2992 2168 3486 2245 αίχμαλιιηίζοντες
3541 2172 3622 2235 είς
3660 2171 3761 2242 τὴν
3826 2171 3931 2226 ὑπο

2352 2270 2523 2338 ακοὴν
2548 2266 2645 2322 τοῦ
2678 2265 2940 2340 Χριστοῦ.
2968 2266 3068 2319 Διά
3087 2264 3143 2318 δι
3172 2266 3273 2337 τῆς
3291 2262 3386 2318 τοῦ
3416 2260 3803 2326 νοδςδιανοίας,
3831 2258 3929 2315 τοῦ

2350 2358 2541 2430 νοητοῦ
2578 2356 2750 2429 μύρου
2782 2357 2883 2427 τῆς
2931 2354 3024 2409 τοῦ
3066 2352 3385 2423 Πνεύματος
3417 2351 3641 2424 χάριτος
3694 2352 3932 2421 ὀσφραιο

2351 2448 2577 2519 νόμεθα,
2611 2445 2952 2518 εὐφροσύνης
3001 2443 3098 2497 καὶ
3136 2441 3515 2525 ἀγαλλιάσεως
3553 2441 3654 2513 τήν
3698 2433 3932 2515 καρδίαν

2350 2539 2722 2611 πληρούμενοι
2747 2552 2763 2570 ο
2797 2536 2886 2591 διὰ
2928 2536 2985 2589 δι
3036 2534 3137 2605 τῆς
3190 2534 3497 2606 ἐγρηγόρου
3536 2532 3793 2603 καρδίας,
3831 2529 3929 2585 τοῦ

2350 2628 2690 2699 δροσίζοντος
2723 2625 2930 2682 ἄνωθεν
2958 2624 3277 2695 Πνεύματος
3312 2623 3412 2695 τὴν
3442 2623 3617 2692 φλόγα
3659 2621 3761 2691 τῆς
3804 2622 3931 2675 ἀπι-

2350 2718 2551 2789 θυμίας
2608 2716 2767 2787 ἡμῶν
2838 2714 2948 2768 τῶν
3006 2712 3228 2780 καλῶν,
3294 2714 3329 2786 ἢ
3388 2713 3486 2773 καὶ
3532 2712 3932 2783 ηθερμαίνοντος

2347 2810 2446 2872 τὰς
2490 2794 2934 2879 καταψυχθείσας
2994 2806 3255 2877 δυνάμεις
3305 2805 3465 2875 ήμῶν
3511 2804 3592 2876 τῷ
3628 2803 3789 2876 κρύει
3816 2802 3928 2858 τῶν

2345 2898 2555 2963 παθῶν,
2598 2896 2900 2959 εὐσυνέτως
2925 2893 3387 2966 ἑπαισθανόμεθα.

2414 2996 2469 3043 ι’.
2499 2986 2771 3057 Καθάπερ
2802 2984 2879 3057 τῷ
2904 2983 3116 3055 σώματι
3152 2983 3310 3055 ήμῶν
3346 2984 3633 3053 αἰσθήσεις
3656 2983 3820 3035 πέντε
3850 2982 3931 3032 εί-

2346 3078 2453 3143 σὶν,
2483 3078 2694 3150 ὅρασις,
2728 3076 2888 3147 ἀκοή,
2920 3074 3132 3143 γεῦσις,
3153 3073 3442 3144 ὄσφρησις,
3477 3072 3572 3127 καὶ
3600 3073 3744 3143 άφή·
3783 3069 3929 3124 οὕτω

2346 3168 2439 3220 καὶ
2463 3174 2530 3239 τῇ
2568 3168 2715 3237 ψυχῇ
2750 3165 2891 3221 κατὰ
2928 3165 3020 3219 τὸν
3058 3163 3243 3219 αὐτὸν
3272 3162 3507 3234 ἀριθμὸν
3538 3163 3701 3216 πέντε
3732 3161 3926 3234 αἰσθήο

698 3257 1024 3329 intellectus,
1061 3260 1221 3323 ratio,
1252 3275 1447 3314 sensus
1477 3261 1859 3317 intellectualis
1884 3302 1898 3325 ,
1939 3264 2177 3333 cognitio
2208 3270 2261 3315 et

2347 3276 2460 3323 σεις
2618 3235 2809 3323 (νοῦς,
2840 3257 3020 3325 λόγος,
3063 3255 3315 3327 αἴσθησις
3358 3255 3541 3327 νοερὰ,
3574 3255 3801 3324 γνῶσις,
3832 3256 3929 3310 καὶ

698 3348 951 3402 scientia.
988 3347 1114 3402 Hzec
1164 3359 1343 3404 autem
1398 3352 1464 3405 ad
1513 3360 1622 3408 tres
1670 3360 2005 3407 revocantur
2064 3355 2259 3406 animm

699 3437 1008 3501 facultates,
1046 3438 1257 3494 scilicet
1292 3441 1652 3504 intellectum,
1686 3445 1953 3499 rationem
1988 3453 2043 3499 et
2086 3445 2261 3499 sensi-

702 3527 988 3583 hilitatem.
1026 3528 1129 3584 Per
1160 3531 1498 3587 intellectum
1548 3535 1933 3601 cogitationes,
1974 3551 2069 3604 per
2097 3536 2262 3590 ratio-

703 3632 829 3670 nem
864 3616 1368 3687 interpretationes,
1410 3636 1506 3689 per
1533 3623 1957 3690 sensibilitatem
1998 3626 2261 3695 imagines

699 3708 905 3762 divinae
935 3709 1264 3771 cognitionis
1297 3721 1349 3765 et
1378 3712 1618 3767 scientia:
1656 3716 2011 3785 percipimus.

767 3888 857 3944 ii.
890 3888 995 3952 Qui
1046 3886 1211 3943 habet
1254 3887 1592 3945 intellectum
1630 3892 2007 3961 perceptiones
2052 3893 2261 3963 cogita-

692 3971 904 4032 Fonum
937 3980 1078 4034 bene
1111 3978 1535 4046 discernentem,
1569 3992 1621 4037 et
1648 3983 1826 4038 divina
1861 3986 2094 4054 cogitata
2127 4002 2261 4055 pure

694 4070 1098 4135 auimittcntem,
1147 4076 1417 4127 rationem
1444 4077 1589 4133 fvero
1624 4076 2071 4143 interpretantem
2119 4078 2255 4147 phy-

2344 3352 2647 3423 ἐπιστήμη.
2701 3352 2797 3412 Είς
2831 3352 2981 3419 τρεῖς
3028 3348 3096 3402 δὲ’
3137 3350 3205 3419 τῇ
3250 3348 3395 3420 ψυχῇ
3426 3348 3708 3418 ἐνεργείας
3753 3348 3929 3403 ταῦτα

2344 3444 2638 3511 συνάγεται
2664 3457 2679 3473 ο
2720 3444 2801 3506 είς
2834 3442 2979 3507 νοῦν,
3021 3442 3104 3505 είς
3142 3441 3320 3511 λόγον,
3372 3440 3453 3504 είς
3493 3439 3768 3510 αἴσθησιν.
3812 3441 3929 3495 Καὶ

2340 3536 2430 3589 διὰ
2458 3536 2556 3603 μὲν
2594 3533 2688 3588 τοῦ
2713 3533 2853 3597 νοὸς,
2886 3532 2987 3596 τὰς
3021 3533 3327 3602 διανοήσεις
3348 3547 3362 3562 ο
3395 3530 3483 3585 διὰ
3508 3531 3566 3584 δὲ
3605 3528 3701 3585 τοῦ
3726 3531 3927 3600 ιλόγου,

2341 3625 2439 3687 τὰς
2480 3626 2781 3696 ἑρμηνείας
2807 3639 2822 3654 ⁸
2849 3622 2942 3677 διὰ
2977 3623 3077 3693 τῆς
3116 3622 3423 3694 αἰσθήσεως
3469 3622 3547 3688 δὲ,
3575 3620 3676 3684 τὰς
3718 3639 3928 3691 φαντα-

2344 3716 2465 3779 σίας
2497 3715 2599 3785 τῆς
2643 3713 2796 3778 θείας
2835 3715 3148 3785 ἐπιστήμης
3193 3715 3287 3768 καὶ
3334 3711 3589 3782 γνώσεως
3640 3712 3925 3782 λαμϐάνο-

2345 3824 2467 3877 μεν.

2413 3906 2500 3952 ια’.
2552 3901 2609 3951 '0
2654 3899 2747 3951 τὸν
2790 3897 2915 3951 νοῦν
2946 3896 3086 3970 ἔχων
3123 3900 3222 3962 τάς
3261 3897 3569 3968 διανοήσεις
3618 3899 3727 3952 τῶν
3767 3899 3925 3969 λογι-

2342 3992 2494 4062 σμῶν
2526 3992 2588 4046 εὖ
2612 3992 2978 4063 διακρίνοντα,
3013 3993 3202 4046 καὶτὰ
3230 3993 3349 4045 θεῖα
3379 3994 3628 4063 νοήματα
3658 3996 3924 4063 καθαρῶς

2339 4086 2717 4156 προσιέμενον,
2762 4085 2861 4157 τὸν,
2909 4085 2968 4137 δὲ
3012 4084 3195 4153 λόγον,
3229 4084 3570 4156 ἑρμηνευτήν
3606 4085 3714 4138 τῶν
3758 4102 3925 4154 φυσι-

692 4167 839 4217 sicos
897 4172 1079 4219 motus
1134 4165 1317 4219 omnis
1377 4176 1647 4220 creatura:
1701 4166 1976 4248 visibilis.
2036 4170 2087 4222 id
2150 4177 2254 4234 est,

2347 4178 2452 4231 κῶν
2484 4178 2752 4247 κινήσεων
2782 4178 2883 4248 τῆς
2929 4177 3214 4246 ὁρωμένης
3262 4176 3482 4246 ἁπάσης
3508 4177 3757 4242 κτίσεως,
3790 4178 3925 4241 τοὺς

693 4255 932 4309 rationes
986 4255 1196 4309 entium
1255 4264 1655 4324 penetrantem,
1711 4235 2255 4329 intell'ectualcmque

2347 4269 2528 4339 λόγους
2560 4235 2803 4339 δηλονότι
2961 4235 3133 4321 δντων
3160 4235 3573 4339 διατρανοῦντα,
3597 4267 3695 4337 τὴν
3715 4235 3783 4320 ⁷δὲ
3809 4235 3925 4321 vos;

692 4344 1112 4399 sensibilitatem
1142 4346 1384 4401 ctelestis
1413 4345 1703 4416 Sapientia:
1743 4357 1796 4403 et
1826 4350 2066 4405 scientias
2113 4353 2254 4405 noti-

2347 4360 2440 4430 ράν
2495 4360 2770 4431 αἴσθησιν,
2832 4358 3237 4430 ὑποδεχομένην
3269 4358 3370 4429 τῆς
3418 4358 3671 4426 οὐρανίου
3726 4359 3925 4429 σοφίας

690 4436 818 4489 tiam
853 4438 1266 4505 suscipientem,
1290 4454 1387 4509 per
1408 4439 1834 4496 illuminationes
1858 4442 2001 4498 Solis
2027 4443 2253 4514 iustitia:

2347 4452 2434 4507 Ital.
2474 4452 2730 4519 γνώσεως
2783 4450 2884 4522 τὴν
2930 4452 3271 4521 επιστήμην,
3320 4450 3411 4504 διά
3454 4449 3564 4503 τῶν
3592 4451 3923 4522 ἐλλάμψεων

690 4544 912 4582 omnem
975 4543 1200 4584 sensum
1274 4542 1740 4601 praetergressus,
1804 4550 1969 4602 super
2042 4536 2250 4607 objecta

2347 4544 2431 4599 τοῦ
2493 4543 2675 4597 Ἠλίου
2721 4543 2823 4612 τῆς
2876 4542 3225 4610 δικαιοσύνης
3281 4545 3460 4597 πᾶσαν
3516 4542 3763 4615 περάσας
3813 4543 3925 4615 τὴν

692 4621 967 4673 .m-usibiiia
1001 4621 1267 4686 elevatur,
1303 4630 1357 4676 et
1384 4621 1739 4677 invisibilium
1779 4624 1991 4680 deliciis
2028 4642 2253 4695 supera-

2347 4636 2628 4705 ιῐσθησιν,
2681 4635 2762 4696 είς
2809 4633 2880 4687 τά
2937 4633 3078 4703 ὑπὲρ
3111 4631 3364 4701 αἴσθησιν
3429 4634 3629 4703 γέγονε,
3673 4634 3767 4687 καὶ
3804 4634 3937 4689 τῶν

692 4711 922 4764 littndai.

769 4818 857 4871 η.
906 4817 1106 4872 Matres
1181 4819 1437 4886 potentias
1496 4818 1697 4875 mentis
1754 4827 1886 4875 sunt
1947 4831 2187 4892 quatuor
2236 4842 2250 4879 :

692 4909 998 4977 conceptio,
1038 4910 1455 4979 perspicacitas,
1505 4912 1967 4981 comprenhensio
2013 4922 2068 4968 et
2110 4915 2251 4969 acti-

695 5002 857 5053 iitas.
929 5000 1032 5064 Qui
1093 5001 1256 5070 igitur
1306 4987 1587 5072 conjungit
1644 5013 1848 5059 matres
1905 5005 2004 5059 has
2058 5007 2254 5060 animas

692 5090 1005 5154 facultates,
1049 5099 1097 5143 et
1127 5091 1217 5159 qui
1246 5091 1554 5148 intellectus
1600 5095 1941 5161 conceptioni
1974 5096 2252 5151 consociat

693 5181 891 5233 animas
920 5183 1353 5249 temperantiam,
1379 5192 1432 5236 et
1453 5184 1858 5253 perspicacitati
1880 5187 2248 5255 prudentiam,

691 5282 744 5323 et
777 5272 1253 5339 comprehensioni
1298 5272 1591 5339 justitiam,
1628 5285 1682 5329 et
1725 5278 1993 5331 activitati
2036 5278 2253 5332 fortitu-

690 5362 895 5428 dinem,
945 5363 1033 5417 ilie
1068 5377 1287 5416 currum
1322 5362 1631 5420 ﬂammeum
1660 5377 1713 5422 et
1754 5368 2028 5438 bijugibus
2080 5372 2248 5425 cmlos

692 5464 965 5508 secantem
1018 5455 1229 5523 junxit.
1289 5455 1553 5511 adversus
1621 5466 1731 5512 tres
1800 5461 2247 5527 generalissimos

689 5544 881 5596 duces,
920 5552 973 5595 et
1034 5546 1311 5598 exercitus
1381 5546 1503 5599 belli
1581 5546 1981 5615 cupiditatum,
2038 5551 2249 5605 scilicet

692 5652 930 5689 auorcm
969 5636 1304 5703 divitiarum,
1334 5639 1675 5705 voluptatum
1712 5648 1763 5696 et
1797 5642 2091 5696 bonorum.

768 5819 848 5871 13.
884 5818 982 5882 Qui
1040 5822 1239 5891 fugavit
1290 5835 1523 5874 amorem
1577 5818 1907 5884 divitiarum,
1960 5837 2047 5889 per
2092 5838 2240 5877 com-

2334 4728 2581 4798 ἀοράτων
2612 4726 2938 4795 κατατρυφᾷ
2966 4724 3067 4794 τῆς
3091 4724 3474 4795 τερπνότητος.

2407 4820 2494 4889 ιβ’.
2527 4818 2749 4872 Γενικαὶ
2778 4817 3037 4887 δυνάμεις
3079 4815 3173 4869 τοῦ
3200 4816 3313 4880 νοός
3346 4816 3451 4869 εἰσι
3478 4816 3763 4887 τέσσαρες
3787 4816 3919 4871 σύν-

2331 4926 2466 4973 εσις,
2517 4890 2801 4979 ἀγχίνοια,
2840 4905 3166 4977 κατάληψις,
3202 4905 3299 4958 καὶ
3356 4905 3659 4976 ἑντρέχεια.
3706 4904 3763 4959 Ὀ
3798 4907 3921 4960 τοί-

2329 5020 2423 5059 νυν
2451 5000 2653 5067 ταύτας
2685 4998 3023 5068 ὲπισυνάψας
3051 4997 3150 5061 τὰς
3177 4997 3399 5064 γενικὰς
3435 4998 3534 5069 τῆς
3578 4998 3756 5068 ψυχῆς
3782 4998 3922 5070 ἀρε-

2331 5094 2450 5158 τὰς,
2493 5093 2590 5146 καὶ
2638 5096 2704 5163 τῇ
2758 5092 2855 5161 μὲν
2892 5091 3108 5144 συνέσει
3144 5087 3236 5142 τοῦ
3286 5088 3404 5152 νοὸς
3450 5089 3550 5159 τὴν
3590 5091 3687 5159 τῆς
3730 5088 3919 5159 ψυχῆς

2334 5185 2689 5255 σωφροσύνην
2716 5184 2999 5249 συζεύξας,
3036 5184 3100 5253 τῇ
3126 5182 3183 5235 δὲ
3218 5182 3471 5252 ἀγχινοίᾳ
3496 5180 3597 5250 τὴν
3621 5180 3917 5251 φρόνησιν,

2329 5281 2395 5350 τῇ
2437 5277 2494 5330 δὲ
2519 5276 2819 5347 καταλήψει
2870 5274 2969 5345 τὴν
3007 5274 3379 5343 δικαιοσύνην,
3426 5277 3497 5343 τῇ
3527 5273 3585 5327 δὲ
3623 5275 3917 5347 εντρεχείᾳ

2329 5370 2428 5437 τὴν
2460 5367 2715 5439 ἀνδρείαν
2740 5366 2969 5432 ἑνώσας,
2999 5366 3151 5436 ἆρμα
3175 5364 3437 5435 φλογερὸν
3466 5365 3557 5418 καὶ
3586 5365 3917 5436 ούρανοδρό-

2332 5477 2430 5529 μον
2485 5446 2661 5528 ἑαυτῷ
2706 5458 2897 5521 διττῶς
2941 5457 3339 5527 συνηρμόσατο,
3393 5456 3535 5509 κατά
3584 5456 3692 5509 τῶν
3737 5457 3915 5527 τριιῖιν

2329 5552 2708 5617 γενικωτάτων
2750 5552 2936 5621 άρχῶν
2968 5550 3061 5603 καὶ
3105 5549 3386 5617 δυνάμεων
3419 5548 3517 5619 τῆς
3544 5545 3915 5618 παρατάξεως

2328 5642 2437 5694 τῶν
2499 5642 2709 5708 παθῶν,
2754 5641 3141 5712 φιλαργυρίας,
3196 5639 3509 5709 φιληδονίας
3538 5642 3651 5709 ,καὶ
3691 5640 3877 5709 φιλοδο

2328 5734 2467 5801 ξίας.

2406 5829 2492 5888 ιγ’.
2545 5824 2601 5875 Ὀ
2632 5820 2727 5890 τὴν
2764 5820 3129 5891 φιλαργυρίαν
3170 5819 3255 5873 διὰ
3295 5820 3394 5891 τῆς
3419 5820 3717 5889 καταλήψει
