4106 6336
671 370 780 438 859

1900 392 2196 455 NICETIE
2235 394 2663 477 PECTORATI

3786 413 3906 477 868

665 482 965 593 semiudum
994 494 1244 546 naturam
1270 502 1574 564 moveatur,
1607 497 1693 555 vel
1716 498 1989 569 iumento.
2023 505 2204 561 bestia

2290 505 2540 573 ,pqstxbv
2589 508 2684 562 καὶ
2731 507 3191 579 θεολογικὼτατον
3238 512 3425 585 μέσον,
3472 517 3749 593 δειχθῆναι
3794 496 3903 579 'zev

664 588 728 627 ac
772 568 1005 632 dazmoui
1040 577 1264 648 similis,
1290 583 1340 639 si
1378 584 1449 640 ab
1498 587 1695 646 ordine
1719 568 1981 649 litatum,
2014 609 2233 664 perver-

666 670 833 721 tatur.

736 844 821 899 l'l.
864 844 976 902 Nisi
1011 851 1134 921 quis
1156 853 1310 923 prius
1332 856 1477 914 vires
1502 862 1701 918 animas
1728 878 1842 920 sua;
1870 879 1964 935 per
1997 865 2231 921 labario-

657 948 778 987 sam
814 938 1192 1005 pmnitentiatn
1215 956 1269 1000 et
1293 951 1618 1006 continuum
1648 956 1967 1011 exercitium
1999 971 2232 1012 conver-

655 1036 772 1116 tas,
808 1026 943 1081 tales
970 1028 1213 1087 eﬂ‘ecerit
1244 1039 1434 1105 quales
1480 1041 1640 1098 nobis
1672 1043 1727 1099 in
1763 1047 2032 1116 principio
2081 1046 2228 1101 dedit

661 1109 826 1206 pene,
855 1120 1073 1186 quando
1104 1122 1273 1179 Adam
1308 1128 1630 1197 plasmavit;
1662 1142 1715 1189 et
1740 1109 2070 1206 spiraculum
2108 1139 2229 1193 vitae

658 1202 763 1272 ipsi
819 1206 1145 1279 inspiravit;
1211 1232 1493 1289 nunquam
1576 1225 1818 1295 seipsum
1890 1242 2227 1295 cognoscere

655 1299 882 1365 poterit,
936 1316 1037 1356 nec
1108 1320 1318 1374 partem
1371 1314 1694 1371 rationalem
1744 1333 1774 1372 a
1830 1319 2225 1385 cupiditatibus

653 1385 909 1456 liberam,
957 1394 1281 1465 modestam,
1329 1417 1439 1457 non
1493 1408 1793 1473 curiosam,
1843 1425 1950 1464 non
1984 1414 2221 1476 tristem,

656 1481 999 1551 simplicem,
1052 1487 1354 1559 humilem,
1431 1496 1645 1553 invidia:
1709 1507 1764 1555 et
1816 1500 2225 1561 obtrectationis

652 1580 930 1637 expertem
960 1586 1014 1632 et
1066 1582 1250 1636 omnia
1300 1587 1537 1655 cogitata
1593 1591 1959 1660 captivantem
2018 1595 2071 1648 in
2094 1595 2225 1649 obe-

651 1660 916 1720 dientiam
958 1667 1187 1738 Christi,
1240 1678 1545 1744 possidere.
1602 1681 1708 1737 Sed
1762 1672 1935 1753 neque
1982 1687 2218 1741 animam

649 1766 805 1807 suam
836 1758 1119 1818 ardentem
1161 1778 1566 1838 accensamque
1599 1771 1692 1827 Dei
1734 1788 1920 1830 amore
1947 1777 2217 1845 reperiet;

648 1854 826 1911 neque
854 1853 1227 1918 temperantia:
1250 1854 1383 1911 lines
1409 1867 1875 1927 praetergressam,
1904 1876 2216 1931 contentam
2248 1848 2291 1902 Β

648 1930 869 2001 oblatis,
926 1946 981 1991 et
1024 1940 1228 2009 quietis
1285 1956 1602 2003 sanctorum
1659 1953 1931 2020 cupidam.
1965 1955 2123 2021 Quod
2171 1957 2217 2012 si

648 2022 783 2078 hizec
815 2028 995 2082 omnia
1030 2046 1139 2086 non
1167 2033 1390 2102 habeat,
1428 2055 1601 2109 neque
1646 2056 1740 2097 cor
1774 2059 1933 2098 suum
1963 2062 2218 2103 mansue-

646 2120 783 2177 tum,
818 2118 1104 2185 paciﬁcum
1149 2126 1267 2180 sine
1336 2128 1441 2196 ira,
1470 2131 1794 2197 beneﬁcum,
1836 2136 1953 2191 sine
1983 2149 2217 2194 conten-

645 2203 814 2271 tione,
850 2210 1069 2277 plcnum
1109 2218 1501 2277 misericordia
1523 2232 1577 2278 et
1616 2225 1907 2283 hilaritatis
1936 2220 2217 2298 possidere

643 2299 865 2362 poterit.
913 2304 1039 2369 quia
1090 2308 1249 2361 sicin
1308 2312 1543 2380 seipsam
1600 2316 2130 2388 divideturanima,
2162 2337 2215 2379 et

643 2396 865 2457 propter
897 2393 1094 2448 virium
1154 2404 1627 2466 perturbationem
1683 2407 1901 2478 privata
1971 2412 2214 2469 manebit

640 2475 847 2535 lumine
874 2481 1111 2543 Spiritus
1134 2491 1331 2546 sancti.

708 2664 795 2719 l8.
835 2668 937 2735 Qui
976 2687 1081 2726 non
1112 2676 1193 2729 sic
1242 2680 1516 2746 primaevae
1561 2687 1794 2756 originis
1842 2690 2014 2749 decus
2045 2695 2101 2751 in
2151 2713 2211 2753 se

631 3031 683 3083 ci
716 3045 746 3084 a
775 3048 883 3101 quo
914 3051 976 3090 se
1018 3042 1293 3108 separavit
1340 3031 1677 3103 characteris
1727 3031 2199 3129 dissimilitudine,

631 3124 687 3173 et
719 3122 805 3175 cui
855 3131 1138 3195 oppositas
1191 3126 1450 3202 tanquam
1496 3154 1627 3193 vero
1682 3142 1875 3198 lumini
1926 3152 2195 3216 tenebras,
2226 3184 2268 3242 α

634 3209 842 3242 luunt..-
877 3220 1144 3242 -..-.:-.-.-
1197 3225 1244 3242 εκ.
1427 3238 1461 3242 -.
1572 3233 1583 3242 .
1633 3233 1655 3242 -
1684 3233 1724 3242 -.
1932 3241 1937 3242 ,

2311 594 2623 666 ἄνθρωπον,
2649 599 2748 670 τῆς
2778 600 2889 654 τῶν
2922 601 3132 655 πιστῶν
3172 594 3523 678 Ἐκκλησίας,
3550 606 3689 664 κατὰ
3728 614 3901 682 φύσιν

2311 688 2651 759 κινούμενον,
2684 690 2718 761 ἢ
2745 691 2993 763 κτηνώδη
3022 694 3116 748 καὶ
3144 694 3385 771 θηριώδη
3417 702 3512 755 καὶ
3538 702 3897 776 δαιμονιώδη,

2309 780 2391 845 εις
2418 780 2479 834 τὸ
2520 782 2672 852 παρά
2698 781 2863 850 φύσιν
2892 787 3405 859 παρατρεπόμενον.

2372 871 2470 936 ιζ’.
2520 874 2583 927 Ει
2615 876 2688 946 μή
2740 891 2826 940 τις
2863 878 3082 944 πρῶτον
3119 879 3219 944 τὰς
3267 881 3526 954 δυνάμεις
3566 886 3664 955 τῆς
3710 886 3899 959 ψυχῆς

2308 965 2504 1019 ἑαυτοῦ
2544 967 2612 1020 δι’
2644 968 2904 1021 ἐπιπόνου
2954 972 3245 1040 μετανοίας
3286 974 3383 1028 καί⁵
3419 976 3673 1031 συντόνου
3713 980 3897 1051 ἀσκή-

2310 1076 2450 1125 σεως
2500 1060 2757 1125 τοιαύτας
2803 1065 3183 1135 μεταστρέψας
3233 1068 3573 1136 ἀποτελέσει,
3605 1073 3723 1137 οίας
3758 1077 3897 1145 ἡμῖν

2307 1154 2367 1220 ἐξ
2391 1156 2567 1226 ἀρχῆς
2596 1156 2829 1210 δέδωκεν
2859 1159 2887 1210 ὁ
2916 1158 3050 1222 Θεὸς
3078 1159 3169 1213 τὸν
3204 1158 3376 1237 ’ᾼδὰμ
3405 1162 3893 1237 πλαστουργήσας,

2307 1247 2402 1301 καὶ
2624 1246 2770 1317 ζωῆς
2811 1220 3139 1319 ὲμφυσήνσας
3170 1220 3350 1322 αύτῷ,
3374 1253 3495 1306 οὐδὲ
3529 1220 3720 1309 ἑαυτὸν

2308 1357 2396 1392 ναι
2434 1339 2676 1409 ἰσχύσειέ
2715 1357 2847 1395 ποτε
2875 1357 2889 1372 ·
2929 1342 3050 1395 οὐδὲ
3080 1344 3172 1397 τὸν
3201 1346 3588 1418 αὐτοκράτορα
3623 1348 3893 1420 λογισμὸν

2306 1430 2413 1485 τῶν
2438 1430 2629 1486 παθῶν
2664 1431 2889 1501 ἄτυφον,
2934 1433 3286 1505 ἀπερίεργον,
3319 1436 3614 1508 ἀπόνηρον,
3657 1440 3890 1506 ἁπλοῦν,

2304 1526 2725 1599 ταπεινόφρονα,
2767 1520 2965 1595 φθόνου
2996 1530 3091 1580 καὶ
3135 1527 3434 1598 βασκανίας
3462 1528 3640 1597 ἐκτὸς,
3675 1531 3891 1600 κτήσα-

2310 1617 2456 1683 σθαι,
2486 1619 2597 1670 πᾶν
2646 1618 2827 1687 νόημα
2878 1618 3350 1690 αἰχμαλωτίζοντα
3403 1622 3483 1685 είς
3512 1622 3610 1692 τὴν
3638 1622 3889 1692 ὑπακοὴν

2305 1800 2474 1870 μένην
2516 1802 2613 1853 καὶ
2663 1800 3122 1873 πυρπολουμένην
3154 1802 3381 1873 εὑρήσει
3408 1804 3490 1867 είς
3527 1804 3626 1875 τὴν
3665 1805 3893 1875 ἀγάπην

2299 1890 2395 1943 τοῦ
2428 1888 2588 1955 Θεοῦ,
2620 1891 2759 1961 μήτε
2782 1890 2909 1953 τοὺς
2947 1892 3105 1962 ὄρους
3129 1891 3230 1962 τῆς
3257 1891 3586 1962 ἐγκρατείας
3618 1892 3893 1962 ὑπερϐαί-

2299 1995 2519 2043 νουσαν,
2578 1981 2673 2033 καὶ
2731 1982 3083 2051 ἀρκουμένην
3134 1987 3244 2045 τοῖς
3302 1982 3728 2053 προκειμένοις,
3794 1986 3893 2039 καὶ

2298 2068 2408 2123 τῶν
2436 2070 2608 2138 ἁγίων
2656 2072 2954 2142 ἐφιεμένην
2998 2073 3097 2144 τῆς
3151 2076 3570 2137 καταπαύσεως.
3628 2077 3690 2128 Ei
3721 2077 3776 2129 δὲ
3816 2078 3892 2146 μὴ

2300 2156 2444 2212 οὕτω
2499 2161 2762 2230 κτήσεται
2812 2160 3005 2228 ταῦτα,
3068 2163 3192 2215 οὐδὲ
3243 2165 3341 2233 τὴν
3399 2166 3595 2219 ἑαυτοῦ
3656 2168 3891 2237 καρδίαν

2303 2252 2561 2321 πραεῖαν,
2620 2252 2928 2323 εἰρηνικὴν,
2974 2253 3284 2323 ἀόργητον,
3335 2258 3600 2329 χρηστὴν,
3650 2260 3889 2329 ἄμαχον,

2303 2340 2508 2413 μεστὴν
2544 2341 2733 2406 ἐλέους
2776 2349 2871 2398 καὶ
2918 2345 3255 2418 ἱλαρότητος,
3288 2349 3594 2417 κτήσασθαί
3640 2368 3771 2403 ποτε
3798 2353 3891 2404 δυ-

2300 2433 2511 2504 νηθείη,
2541 2433 2686 2487 οὓτω
2727 2436 3124 2507 στασιαζούσης
3158 2438 3283 2492 καθ’
3317 2440 3515 2508 ἑαυτῆς
3557 2440 3654 2509 τῆς
3684 2441 3886 2512 ψυχῆς,

2300 2525 2397 2577 καὶ
2431 2524 2518 2577 διὰ
2556 2527 2805 2597 ταραχὴν
2842 2527 2951 2580 τῶν
2995 2528 3315 2599 δυνάμεων,
3362 2530 3651 2600 ἀχωρήτου
3696 2537 3890 2601 μενού-

2302 2631 2404 2685 σης
2432 2615 2542 2668 τῶν
2569 2617 2810 2671 ἀκτίνων
2838 2618 2932 2671 τοῦ
2956 2619 3300 2690 Πνεύματος.

2372 2706 2460 2776 ιη’.
2507 2707 2563 2761 '0
2618 2710 2693 2777 μὴ
2725 2708 2869 2763 οὕτω
2901 2712 2999 2779 τῆς
3031 2713 3271 2777 παλαιᾶς
3321 2715 3603 2783 εὐγενείας
3641 2718 3887 2789 ἀπολαμ-

2298 2796 2474 2852 ϐάνων
2516 2801 2572 2852 ἐν
2613 2802 2792 2872 ἑαυτῷ
2845 2807 2946 2871 τὴν
2997 2804 3355 2874 εὐπρέπειαν,
3403 2809 3498 2880 καὶ
3541 2811 3665 2873 τοὺς
3708 2828 3883 2882 χαρα-

2295 2892 2502 2960 κτῆρας
2528 2895 3017 2965 ἀναμορφούμενος
3048 2898 3134 2949 ἀεὶ
3167 2899 3268 2967 τῆς
3294 2900 3502 2964 είκόνος
3547 2901 3639 2953 τοῦ
3673 2904 3882 2957 ἀνωθεν

2295 2983 2460 3037 αὐτὸν
2512 2984 2636 3037 καθ’
2683 2987 2979 3057 ὁμοιότητα
3040 2989 3234 3043 ἑαυτοῦ
3291 2993 3882 3064 πλαστουργήσαντος,

2296 3072 2413 3137 πῶς
2468 3074 2693 3130 δυνατόν
2741 3095 2871 3131 ποτε
2918 3080 3208 3151 ένωθῆναι,
3254 3076 3316 3134 οὗ
3358 3083 3640 3154 διέστησεν
3689 3088 3882 3138 ἑαυτὸν

2291 3170 2356 3237 τῇ
2390 3166 2497 3221 τῶν
2548 3171 2913 3240 χαρακτήρων
2956 3173 3344 3243 ἀνομοιότητι;
3384 3178 3479 3229 καὶ
3519 3169 3563 3243 ᾧ
3602 3176 3719 3245 φῶς
3766 3179 3881 3230 δντι

632 3209 843 3268 lumine
875 3220 1150 3275 exstincto
1197 3225 1253 3278 in
1287 3242 1347 3281 se
1387 3233 1655 3286 attraxit?
1682 3233 1801 3289 Non
1849 3241 2035 3295 unitns
2071 3258 2198 3297 Vero

2301 3209 2356 3237 τη
2400 3209 2494 3221 πει-ιγ
2549 3209 2911 3240 Αν-ιινιηυιιμων
2956 3209 3305 3243 *μίμνον-ηδε
3332 3218 3344 3238 ’
3387 3209 3479 3229 ηυνξ
3519 3209 3563 3243 Ψ
3766 3209 3880 3230 υνδε

2291 3260 2655 3323 ἀποσϐεσθεὶς
2692 3263 2788 3316 τοῦ
2818 3266 3015 3330 φωτὸς,
3052 3266 3115 3319 τὸ
3148 3268 3390 3321 ἐναντίον
3432 3272 3512 3331 είς
3555 3272 3749 3323 ἑαυτὸν
3783 3274 3880 3324 ἐπ-

632 3303 683 3356 ei
714 3317 742 3355 a
786 3321 895 3373 quo
937 3312 1262 3382 principium
1312 3319 1505 3373 habuit
1538 3326 1883 3396 substantiae,
1929 3342 1983 3386 et
2033 3350 2062 3387 a
2091 3350 2199 3404 quo

627 3406 694 3445 ex
726 3395 899 3451 nihilo
932 3414 1213 3461 extractus
1268 3412 1514 3467 substitit
1556 3425 1608 3469 et
1643 3395 2027 3480 exsistentiam
2074 3395 2197 3481 sor-

628 3485 766 3580 titus
821 3500 925 3554 est,
980 3511 1162 3551 nonne
1206 3513 1583 3570 sequestratus
1640 3519 1898 3580 tanquam
1947 3515 2193 3574 Creatori

626 3572 936 3644 dissimilis,
961 3590 1356 3653 reprobabitur
1378 3594 1961 3672 ?Liquetvidentibus,
1980 3608 2197 3668 etiamsi

624 3678 724 3735 ego
756 3670 966 3727 sileam.

696 3788 781 3843 19.
844 3791 1093 3856 Quandiu
1147 3802 1433 3857 materiam
1514 3821 1830 3876 passwnum
1909 3813 1962 3869 in
2037 3820 2193 3877 nobis

623 3875 913 3963 habemus,
970 3894 1025 3938 et
1075 3888 1311 3957 objectis
1356 3908 1450 3951 eas
1516 3875 1885 3958 excitantibus
1958 3906 2191 3966 libenter

621 3969 982 4041 adliazremns,
1047 3977 1158 4034 hac
1209 3998 1317 4038 non
1370 3986 1652 4045 studentes
1706 4005 1985 4062 excutere,
2046 4002 2190 4070 viget

620 4072 809 4114 contra
834 4079 935 4120 nos
983 4068 1199 4126 illarum
1247 4075 1347 4140 vis,
1400 4079 1569 4134 robur
1619 4084 1870 4141 videlicet
1914 4105 1981 4144 ex
2030 4068 2188 4148 nobis

619 4152 879 4211 hauriens
904 4176 920 4222 ;
948 4160 1041 4215 ubi
1072 4178 1201 4218 vero
1238 4181 1332 4221 eas
1358 4182 1389 4220 a
1420 4171 1580 4226 nobis
1608 4177 1980 4245 avellerimus,
2008 4196 2061 4236 et
2088 4200 2184 4239 cor

620 4246 956 4315 paenitentia:
1006 4253 1266 4325 lacrymis
1300 4261 1795 4331 puriﬁcaverimus,
1828 4270 2184 4331 abhorrentes

616 4336 784 4391 etiam
813 4353 841 4391 a
877 4356 1060 4396 rerum
1116 4348 1414 4404 visibilium
1452 4355 1663 4410 fallacia
1690 4395 1704 4420 ,
1755 4366 1884 4415 tunc
1907 4361 2177 4420 Paracleti

617 4431 913 4493 praesentia:
974 4438 1269 4504 participes
1325 4444 1523 4509 simus,
1606 4451 1768 4505 Deum
1830 4455 2078 4513 videntes
2126 4460 2180 4513 in

616 4516 821 4573 lumine
858 4526 1119 4582 invisibili
1182 4532 1248 4585 ab
1272 4548 1446 4603 eoque
1480 4539 1602 4595 visi.

685 4697 775 4751 9.0.
805 4698 905 4763 Qui
941 4708 1199 4761 mundani
1230 4725 1426 4769 sensus
1462 4718 1675 4774 vincula
1703 4738 1987 4793 ruperunt,
2020 4731 2176 4788 liberi

611 4788 679 4840 ab
711 4792 860 4843 omni
895 4809 1155 4852 sensuum
1209 4808 1469 4861 servitute
1499 4811 1723 4879 degunt,
1771 4788 1884 4871 soli
1947 4788 2175 4890 spiritui

611 4890 877 4948 viventes,
914 4896 1111 4941 etcum
1147 4892 1265 4960 ipso
1316 4911 1728 4964 conversantes,
1780 4919 1965 4977 utpote
2016 4915 2086 4967 ab
2112 4932 2177 4969 eo

614 4970 762 5033 moti,
794 4988 889 5039 per
915 4992 1077 5042 quem
1110 4977 1673 5049 consubstantialibus
1713 4970 1860 5052 Patri
1911 5012 1963 5055 et
2000 5003 2177 5060 Verbo

614 5060 900 5155 conjungi,
933 5081 989 5121 et
1039 5088 1204 5128 unum
1240 5078 1523 5147 Spiritum,
1564 5088 1717 5155 juxta
1774 5094 1992 5148 beatum
2028 5096 2169 5151 Pau-

612 5148 771 5213 lum',
802 5158 1013 5213 cilicerc
1040 5166 1236 5223 solent.
1268 5170 1371 5236 Qui
1410 5178 1629 5243 quidem
1670 5180 1775 5235 nun
1805 5189 1982 5239 solum
2019 5191 2173 5245 inex-

613 5247 933 5311 pugnabiles
952 5268 1077 5308 sunt
1096 5259 1456 5332 damonibus,
1476 5272 1569 5324 sed
1591 5273 1752 5327 etiam
1777 5275 2171 5348 formidabiles,

611 5344 867 5442 tanquam
932 5347 1073 5414 ignis
1134 5354 1301 5409 divini
1362 5364 1676 5434 participes,
1732 5379 1785 5423 et
1860 5373 1961 5439 ipsi
2025 5344 2171 5442 ignis

606 5430 825 5485 realiter
858 5438 1007 5493 laeti.

680 5604 767 5659 2i.
803 5608 1005 5669 Tactus
1030 5630 1137 5670 non
1164 5631 1245 5675 est
1270 5626 1400 5692 quid
1428 5633 1675 5697 part‘iale,
1710 5636 1764 5689 in
1793 5652 1895 5691 una
1923 5644 2168 5711 corporis

610 5706 763 5764 parte
794 5717 951 5757 suam
987 5709 1091 5761 vim
1129 5728 1415 5783 exercens,
1456 5736 1513 5778 ut
1558 5728 1752 5784 reliqui
1808 5745 2025 5800 sensus,
2070 5735 2164 5789 sed

678 5812 697 5843 ⁸
734 5814 900 5874 lCur.
936 5839 1030 5887 xu,
1062 5826 1145 5880 ll.

2292 3356 2573 3408 εσπάσατο
2598 3372 2613 3386 ο
2668 3356 2742 3426 μὴ
2768 3354 2989 3421 ένωθεὶς
3022 3358 3077 3411 δὲ
3107 3359 3168 3423 ἐξ
3204 3355 3265 3414 οὗ
3289 3361 3386 3431 τὴν
3416 3362 3589 3433 ἀρχὴν
3625 3364 3750 3434 ἔσχε
3774 3364 3876 3433 τῆς

2291 3446 2663 3512 ὑποστάσεως,
2691 3448 2785 3501 κα)⁵
2814 3448 2944 3517 παρ’
2988 3443 3049 3502 οὗ
3081 3450 3140 3516 ἐξ
3180 3453 3278 3503 οὐκ
3309 3453 3477 3507 ὄντων
3511 3455 3741 3525 ὑπέστη,
3779 3457 3875 3508 καὶ

2288 3538 2396 3591 τῶν
2421 3538 2589 3590 ὄντων
2620 3539 2946 3610 ἐκράτησεν,
2976 3536 3087 3610 ἆρά
3120 3560 3222 3594 που
3254 3544 3484 3612 τμηθεὶς
3510 3544 3586 3607 ὡς
3616 3548 3873 3616 ἀνόμοιος

2288 3629 2366 3698 τῷ
2400 3629 2726 3698 πεποιηκότι
2784 3631 3115 3700 ριφήσεταις
3166 3632 3334 3702 Δῆλον
3385 3637 3497 3698 τοῖς
3534 3636 3723 3705 ὁρῶσι,
3770 3638 3871 3692 κᾶν

2287 3720 2399 3788 ἐγὼ
2430 3722 2819 3793 σιωπήσωμαι.

2360 3835 2445 3890 ιθ’.
2483 3836 2626 3899 Ἕως
2655 3837 2753 3906 μὲν
2775 3837 2873 3898 τὰς
2904 3835 3034 3899 ὕλας
3064 3839 3123 3890 ὲν
3151 3840 3366 3903 ἑαυτοῖς
3393 3840 3588 3912 ἔχομεν
3613 3842 3723 3896 τῶν
3763 3862 3867 3898 πα-

2284 3926 2415 3989 θῶν,
2457 3928 2550 3980 καὶ
2580 3928 2681 3990 τὰς
2726 3927 2933 3981 τούτων
2962 3928 3141 3992 αἰτίας
3172 3929 3475 3994 αὑτοθελῶς
3506 3933 3862 4002 περιέπομεν,

2282 4019 2678 4072 ἀποσείσασθαι
2712 4022 2913 4083 ταύτας
2936 4043 2941 4055 κ
2966 4020 3042 4093 μὴ
3076 4023 3525 4093 προαιρούμενοι,
3562 4025 3737 4095 ἰσχύει
3769 4028 3865 4079 αὒ-

2280 4111 2388 4165 τῶν
2419 4112 2539 4164 καθ’
2562 4112 2841 4181 ήμῶνθκαὶ
2864 4115 2898 4183 ἡ
2925 4112 3179 4183 δύναμις,
3211 4115 3273 4167 τὸ
3315 4116 3519 4184 ἰσχύειν
3549 4116 3861 4185 λαμϐάνουο

2281 4220 2349 4257 σα
2388 4204 2589 4274 δηλαδὴ
2638 4200 2697 4270 ιε
2744 4205 2921 4275 ἡμῶν.
2957 4204 3127 4259 Ἐπάν
3173 4205 3230 4259 δὲ
3285 4207 3490 4271 ταύτας
3540 4208 3599 4273 ἐξ
3649 4210 3859 4265 ἑαυτῶν

2278 4295 2696 4365 ἀπορῤίψωμεν,
2737 4298 2833 4348 καὶ
2868 4296 2968 4368 τὴν
3016 4297 3240 4367 καρδίαν
3281 4301 3391 4362 τοῖς
3423 4299 3525 4368 τῆς
3567 4300 3861 4369 μετανοίας

2276 4385 2509 4455 δάκρυσι
2570 4386 2971 4457 καθαρθῶμεν,
3041 4391 3377 4459 μισήσαντες
3436 4394 3531 4444 καὶ
3590 4393 3690 4461 τὴν
3751 4392 3859 4445 τῶν

2274 4477 2572 4545 ὁρωμένων
2615 4478 2851 4547 ἀπάτην,
2898 4481 3199 4549 τηνικαῦτα
3244 4481 3345 4550 τῆς
3374 4482 3468 4534 τοῦ
3499 4484 3857 4554 Παρακλήτου

2275 4569 2579 4638 παρουσίας
2632 4569 2691 4621 έν
2742 4571 2959 4640 μεθέξει
3012 4574 3299 4642 γινόμεθα,
3345 4575 3477 4627 Θεὸν
3529 4576 3767 4630 όοῶντεε
3800 4580 3857 4631 ὲν

2274 4663 2414 4729 φωτὶ
2442 4660 2598 4731 ἀϊδίῳ
2633 4660 2730 4714 καὶ
2764 4661 3033 4731 ὁρώμενοι
3061 4664 3152 4716 ὑπ’
3187 4664 3375 4718 αὑτοῦ.

2348 4732 2416 4790 κ’.
2479 4735 2542 4786 Ol
2592 4733 2695 4803 τῆς
2750 4736 3095 4804 παγκοσμίου
3148 4735 3454 4806 αἰσθήσεως
3498 4744 3759 4807 ῥήξαντες
3792 4748 3858 4795 τά

2272 4823 2469 4893 δεσμὰ,
2524 4827 2580 4878 ὲν
2615 4824 2901 4898 ἐλευθερίᾳ
2942 4827 3124 4897 πάσης
3173 4828 3417 4890 δουλείας
3465 4829 3711 4898 διάγουσι
3749 4832 3856 4886 τῶν

2275 4916 2608 4986 αἰσθήσεων,
2663 4918 2808 4993 μόνῳ
2859 4919 2938 4988 τῷ
2985 4919 3260 4988 πνεύματι
3300 4921 3523 4984 ζῶντες,
3578 4923 3671 4975 κα)⁵
3709 4924 3855 4993 αὐτῷ

2274 5006 2753 5077 προσομιλοῦντες,
2803 5009 2879 5072 ὼς
2918 5011 3010 5062 ὑπ’
3064 5011 3273 5064 ἐκείνου
3322 5014 3661 5082 κινούμενοι,
3691 5015 3761 5067 δι’
3795 5012 3854 5070 οὗ

2273 5102 2365 5151 καὶ
2404 5104 2513 5163 τοῖς
2540 5102 2843 5169 ὀμοουσίοις
2882 5103 3082 5173 Πατρὶ,
3135 5106 3229 5157 καὶ
3265 5106 3442 5175 Λόγῳ,
3486 5108 3853 5161 συνάπτεσθαί

2270 5209 2387 5251 πως
2439 5194 2685 5260 εἰώθασι,
2745 5197 2839 5249 καὶ
2892 5197 2949 5247 ἓν
2996 5197 3241 5266 Πνεῦμα,
3283 5200 3426 5250 κατά
3475 5199 3566 5251 τὸν
3616 5200 3848 5266 Παῦλον,

2270 5285 2677 5341 ἀποτελεῖσθαι.
2741 5288 2802 5339 Οἱ
2872 5291 2963 5340 καὶ
3020 5290 3081 5341 ού
3154 5291 3316 5359 μόνον
3386 5292 3675 5361 ἁχείρωτοί
3745 5296 3848 5346 εἰσι

2267 5376 2538 5445 δαίμοσιν,
2604 5379 2739 5432 ἀ).λά
2773 5382 2866 5432 καὶ
2917 5380 3155 5449 φοϐεροὶ,
3211 5382 3282 5445 ὡς
3326 5384 3721 5452 μεταλαίιόντες
3752 5386 3843 5437 τοῦ

2268 5466 2413 5519 θείου
2479 5469 2692 5537 πυρὸς,
2760 5473 2852 5527 καὶ
2907 5473 3017 5543 πῦρ
3083 5475 3407 5544 αὐτόχρημα
3467 5477 3840 5546 χρηματίσαν-

2266 5574 2373 5619 τες.

2332 5644 2437 5713 κιί.
2485 5645 2548 5697 Ἦ
2584 5646 2717 5717 ἁφὴ,
2757 5648 2816 5700 ού
2865 5654 3065 5720 μερικὴ
3114 5652 3199 5715 τίς
3238 5653 3387 5707 ἐστιν
3417 5657 3475 5707 ἐν
3501 5657 3577 5725 τῷ
3625 5660 3833 5727 σώματι

2262 5739 2319 5791 ἐν
2348 5736 2431 5791 ὲνὶ
2471 5736 2629 5809 μέρει
2670 5739 2768 5809 τὴν
2822 5742 3021 5813 ἑαυτῆς
3074 5744 3376 5815 ἐνέργειαν,
3412 5745 3601 5819 ὥσπερ
3637 5754 3692 5805 oi
3724 5752 3831 5809 λοι-
