4106 6336
215 351 330 414 881

1077 353 1624 416 PRACTICORUM
1663 356 1998 422 CAPITUM
2044 362 2432 428 CENTURIA
2476 368 2528 426 Ι.

3340 376 3447 440 832

211 464 329 517 παὶ
384 461 497 516 τῶν
539 461 870 533 αἰσθήσεων,
920 462 1182 535 φέρουσα,
1225 462 1341 517 ἀλλ’
1386 463 1542 536 όλνική
1577 481 1678 529 τις,
1711 462 1803 518 καὶ

1889 469 2096 539 aliquid
2124 472 2431 531 universale
2455 477 2508 532 in
2533 483 2706 533 totum
2738 493 2936 549 corpus
2965 489 3274 539 extensum.
3307 457 3444 543 Cum

211 553 457 610 καθόλου
517 551 617 606 τοῦ
670 551 944 623 σώματος.
1014 552 1183 607 Ὅταν
1244 551 1338 608 οὖν
1400 554 1476 627 μὴ
1535 556 1807 626 χρειωδῶς

211 644 599 718 προσψαύσειέ
643 661 811 710 τινος,
856 644 941 698 ἔτι
979 645 1410 717 προπάσχουσα
1441 648 1562 711 ταῖς
1599 647 1808 718 λειότη-

212 754 300 806 σι,
362 736 689 791 σαλεύεσθαι
740 737 836 791 τὸν
888 734 1017 792 νοῦν
1063 735 1168 791 ὑπὸ
1219 737 1495 809 λογισμῶν
1545 738 1807 809 ὲμπαθῶν

210 829 624 900 ἀπεργάζεται.
674 829 845 883 Ὀταν
880 828 938 884 δὲ
966 828 1109 884 κατὰ
1137 830 1344 900 χρείαν;
1369 831 1468 898 τὴν
1501 829 1806 898 ἀναγκαίαν

215 923 288 992 τῇ
326 920 489 988 φύσει
537 923 660 985 ταῖς
711 921 1048 994 ἀπαλότησιν
1103 920 1512 991 ἀποταξαμένη,
1563 922 1655 974 καὶ
1707 923 1805 993 τὴν

211 1013 478 1085 αἰσθησιν
511 1013 898 1084 ὑπερκύψασα,
930 1015 1032 1069 οὐκ
1057 1014 1246 1068 εἴωθεν
1277 1000 1588 1068 ὑποσαίνειν
1614 1015 1682 1068 τά
1706 1015 1805 1087 τῆς

211 1109 402 1183 ψυχῆς
434 1109 788 1182 αἰσθητήρια.

290 1223 401 1296 κβ’.
445 1224 551 1278 Τοῦ
606 1225 723 1289 νοὸς
764 1225 823 1278 ὲν
874 1225 987 1290 τοῖς
1033 1225 1172 1295 ὑπὲρ
1224 1223 1387 1294 φύσιν
1429 1226 1801 1296 χωρήσαντος,

210 1319 278 1374 αι
315 1317 598 1389 αἰσθήσεις
637 1319 778 1373 κατά
825 1319 991 1387 φύσιν
1030 1319 1286 1383 ἑστῶσαι,
1318 1317 1547 1381 ἀπαθῶς
1570 1321 1691 1382 ταῖς
1718 1319 1805 1370 αἰ-

210 1409 369 1474 τίαις
399 1409 810 1482 προσομιλοῦσι,
842 1413 966 1475 τοὺς
994 1411 1184 1481 λόγους
1209 1411 1406 1479 μόνους
1441 1411 1538 1465 καὶ
1573 1410 1672 1474 τὰς
1707 1402 1832 1483 φύέ

213 1517 342 1566 est;
397 1501 580 1556 αὐτῶν
625 1503 950 1573 ὲρευνῶσαι,
993 1504 1090 1558 καὶ
1118 1502 1382 1572 ,ἀψευδῶς
1432 1503 1803 1574 διακρίνουσαι

205 1591 319 1656 τὰς
344 1593 550 1648 τούτων
577 1595 856 1665 ἐνεργείας
883 1595 1019 1665 ὁμοῦ
1049 1597 1144 1651 καὶ
1169 1597 1486 1666 ποιότητας,
1520 1597 1596 1667 μὴ
1630 1615 1819 1666 προσ-η,

208 1677 556 1748 πάσχουσαι,
600 1680 633 1749 ἢ
661 1681 925 1750 σχετικῶς
955 1680 1107 1752 παρὰ
1133 1682 1296 1750 φύσιν
1326 1681 1642 1750 κινούμεναι
1669 1682 1806 1748 πρὸς

210 1768 420 1832 αὒτάς.

293 1867 404 1929 κγ’.
457 1859 699 1929 Ἀγῶνες
725 1857 820 1913 καὶ
854 1858 1006 1914 πόνοι
1043 1861 1432 1932 πνευματικοὶ,
1470 1864 1704 1932 γεννῶσι
1738 1865 1805 1936 τῇ

209 1953 368 2024 ψυχῇ
422 1953 805 2024 εὐφροσύνην-ο
845 1951 1071 2021 είρήνης
1127 1950 1372 2020 δηλονότι
1416 1957 1809 2024 προηγησαμέ-

210 2061 320 2113 νης
356 2043 570 2098 παθῶν.
610 2042 791 2114 Ὅπερ
837 2041 930 2096 οὖν
961 2043 1076 2104 τοῖς
1123 2041 1230 2095 ὑπὸ
1260 2042 1362 2114 τὴν
1399 2043 1649 2115 αἴσθησιν
1683 2045 1812 2101 δυσ-

214 2133 402 2206 χερὲς,
456 2132 620 2188 τοῦτο
667 2134 813 2205 ψυχῇ
863 2132 1101 2206 πονούσῃ
1159 2135 1252 2187 καὶ
1301 2134 1468 2190 πόθον
1536 2135 1598 2201 ἐξ
1644 2137 1810 2207 ἱερῶν

217 2224 470 2296 ἱδρώτων
502 2225 597 2279 ἐπὶ
627 2225 760 2279 Θεὸν
796 2225 1140 2298 κτησαμένη,
1179 2225 1273 2280 καὶ
1309 2225 1621 2299 βεϐλημὲνῃ
1658 2228 1808 2293 θείας

211 2318 481 2388 γνώσεως
520 2318 706 2390 ἔρωτι,
741 2320 871 2392 ῥᾷον
915 2321 1010 2372 καὶ
1059 2317 1261 2388 μᾶλλον
1300 2318 1582 2387 ἡδύτατον.
1627 2320 1808 2375 Ἐκείη

213 2426 331 2473 νοις
362 2409 462 2480 μὲν
495 2411 602 2479 γὰρ
651 2409 701 2462 ot
738 2410 892 2464 πόνοι
945 2409 1040 2463 καὶ
1088 2411 1137 2462 οἱ
1183 2410 1395 2478 ἀγῶνες
1433 2411 1534 2481 τῆς
1579 2411 1805 2481 ἀρετῆς,

215 2501 320 2556 ἆτε
380 2501 445 2574 δὴ
506 2503 726 2556 ἀνέσεσι
767 2504 1023 2574 σώματος
1075 2503 1167 2556 καὶ
1221 2502 1426 2573 ἡδονῶν
1472 2503 1806 2556 ἀπολαύσεσι

213 2597 661 2666 προσκειμένοις,
681 2595 966 2666 δυσχερεῖς
1000 2597 1132 2660 εἰσι,
1163 2593 1261 2647 καὶ
1292 2593 1415 2646 λίαν
1439 2593 1656 2646 δοκοῦσι
1676 2611 1809 2664 τρα-

215 2689 357 2756 χεῖς,
407 2690 483 2758 μὴ
537 2689 986 2761 προμελετήσασι
1034 2687 1097 2741 τὺ
1143 2685 1389 2756 ἁλμυρὸν
1425 2685 1535 2738 τῶν
1579 2684 1804 2757 ἡδονῶν,

215 2778 637 2832 ἀποκλύσασθαι
688 2782 804 2843 τοῖς
861 2779 1068 2850 νάμασι
1118 2777 1229 2832 τῶν
1283 2776 1574 2846 δακρύωνο
1631 2776 1805 2848 ταύτῃ

215 2868 278 2923 δὲ
302 2869 630 2940 ποθούμενοί
658 2887 717 2923 τε
749 2871 842 2924 καὶ
877 2867 1272 2939 ἀσπαζόμενοι,
1305 2866 1673 2938 βδελυξαμένῃ
1705 2867 1804 2930 τὰς

219 2959 523 3030 προξένους
577 2962 770 3029 ἡδονὰς
817 2961 918 3032 τῆς
960 2959 1176 3030 ὀδύνης,
1230 2959 1324 3012 καὶ
1363 2959 1464 3027 τὴν
1507 2958 1806 3012 εὐπάθειαν

216 3053 659 3126 ἀποσεισαμένῃ,
712 3052 850 3122 μετά
901 3053 1001 3121 τῆς
1045 3050 1332 3121 φιλαυτίας
1378 3049 1474 3103 τοῦ
1531 3049 1798 3120 σώματος,

1890 559 2058 629 igitur
2112 562 2233 617 sine
2285 565 2515 620 utilitate
2556 568 2759 638 aliquid
2812 566 3010 642 tetigit,
3062 573 3240 628 adhuc
3294 577 3448 634 laevia

1890 663 2168 722 appetens,
2202 664 2435 711 mentem
2467 659 2647 727 pravis
2676 663 2960 730 perturbat
2993 664 3448 736 cogitationibus.

1887 743 2025 800 Cum
2059 761 2190 801 vero
2220 757 2444 817 propter
2470 750 2786 814 utilitatem.
2818 755 2908 809 vix
2952 765 3161 814 natum
3199 759 3446 816 necessi-

1891 837 2095 893 tatibus
2123 838 2177 892 in
2215 839 2355 894 lenia
2403 843 2674 911 tangendo
2729 844 3002 914 impletis,
3039 849 3221 904 statim
3269 852 3448 906 sensi-

1891 929 2154 984 bilitatem
2187 947 2597 1004 supergressus,
2632 935 2827 992 animae
2864 953 3059 995 sensus
3099 956 3448 998 commovere

1890 1033 1998 1073 non
2032 1021 2190 1078 solet.

1963 1216 2055 1272 22.
2085 1217 2371 1275 intellectu
2417 1220 2563 1278 circa
2610 1237 2699 1278 res
2729 1226 3171 1293 supernaturales
3208 1233 3450 1293 versato,

1894 1323 2091 1364 sensus
2122 1309 2174 1365 in
2221 1312 2412 1369 ordine
2459 1323 2672 1370 natura:
2723 1317 2995 1379 sistentes,
3033 1333 3212 1371 rerum
3267 1317 3453 1373 causis

1893 1403 2133 1470 student,
2187 1405 2429 1462 rationes
2456 1416 2668 1462 tantum
2701 1418 2755 1465 et
2803 1419 3030 1462 naturas
3078 1425 3260 1465 earum
3293 1424 3452 1464 scru-

1894 1505 2115 1562 tantes,
2161 1506 2215 1552 et
2280 1497 2646 1554 inl‘allibiliter
2703 1500 3083 1556 discernentes
3130 1501 3449 1555 earumdem

1891 1587 2036 1645 vires
2089 1592 2252 1646 simul
2310 1602 2365 1648 et
2412 1595 2896 1668 qualitates,_non
2945 1611 3074 1652 vero
3119 1595 3446 1668 cupiditate,

1893 1680 2154 1740 aﬂ‘ectuve
2179 1684 2232 1740 in
2258 1700 2351 1743 eas
2371 1688 2650 1743 commoti.
2759 1665 2774 1686 ³

1956 1863 2048 1919 25.
2089 1862 2275 1920 Lucta:
2308 1864 2632 1936 laboresque
2652 1864 2966 1936 spirituales
3003 1865 3223 1935 pariunt
3253 1865 3449 1921 animae

1890 1957 2171 2027 gaudium,
2226 1972 2361 2027 pace
2396 1957 2646 2012 videlicet
2686 1957 3015 2027 cupiditates
3067 1958 3446 2028 praeveniente.

1891 2046 2043 2113 Quod
2092 2049 2256 2118 igitur
2284 2048 2629 2104 sensualibus
2683 2055 3056 2117 mgrum‘est,
3103 2049 3205 2102 hoc
3254 2049 3450 2103 anima:

1891 2137 2180 2202 laboranti,
2229 2148 2283 2193 et
2332 2154 2363 2193 e
2417 2139 2591 2194 sacris
2651 2139 2946 2196 sudoribus
3005 2139 3333 2194 desiderium
3395 2140 3450 2193 in

1884 2228 2059 2284 Deum
2089 2229 2294 2298 potitae,
2325 2237 2489 2299 atque
2511 2244 2696 2284 amore
2721 2229 2907 2284 divino
2938 2230 3253 2293 vulnerata,
3291 2227 3452 2284 facile

1891 2327 1977 2374 est
2022 2325 2076 2374 et
2105 2317 2257 2372 valde
2290 2333 2586 2374 amoenum.
2621 2318 2729 2372 Illis
2762 2318 2930 2384 enim,
2979 2329 3168 2389 utpote
3198 2321 3451 2389 corporis

1891 2408 2132 2465 mollitiae
2183 2408 2636 2478 voluptatumque
2695 2408 2940 2464 fruitioni
3000 2409 3448 2475 inservientibus,

1890 2499 2108 2555 labores
2154 2513 2464 2568 agonesque
2511 2498 2733 2554 virtutis
2783 2500 2980 2570 ingrati
3016 2507 3142 2554 sunt
3189 2509 3243 2555 et
3288 2501 3450 2557 nimis

1891 2591 2069 2660 asperi
2123 2591 2403 2653 videntur.
2459 2591 2588 2659 quia
2619 2607 2727 2645 non
2777 2593 3082 2660 recogitant
3113 2592 3448 2660 voluptatum

1889 2683 1972 2738 sal
2031 2683 2363 2737 torrentibus
2428 2671 2792 2752 lacrytri'arum
2868 2683 3050 2748 ablui;
3123 2684 3250 2738 huic
3323 2699 3451 2739 vero

1889 2774 2084 2828 animae
2107 2774 2245 2843 grati
2284 2782 2410 2830 sunt
2443 2789 2506 2829 ac
2530 2774 2942 2838 desiderabiles,
2975 2775 3100 2844 quia
3138 2776 3186 2829 ei
3216 2766 3452 2830 sordent

1887 2867 2198 2934 voluptates
2247 2866 2589 2922 irritamenta
2626 2867 2899 2931 dolorum,
2928 2875 2982 2920 et
3032 2867 3448 2922 delectationem

1888 2957 2084 3026 reiicit,
2117 2971 2240 3013 cum
2275 2972 2458 3012 amore
2512 2959 2720 3028 proprii
2779 2960 3047 3028 corporis,
3107 2974 3170 3013 ac
3227 2961 3451 3029 proinde

1891 3065 2058 3102 unum
2093 3049 2144 3104 ei
2194 3048 2465 3116 displicet,
2507 3064 2702 3117 nempe
2756 3050 3006 3103 laborum
3063 3050 3221 3117 quies
3278 3051 3451 3104 lucta-

223 3143 325 3197 Ἐν
359 3139 454 3198 οὖν
481 3125 619 3214 αὐτῇ
671 3143 938 3214 λυπηρὸν,
975 3144 1007 3211 ἡ
1040 3142 1226 3204 ἄνεσις
1274 3140 1386 3193 τῶν
1411 3141 1610 3207 πόνων,
1640 3144 1735 3196 καὶ
1768 3144 1801 3213 ὴ

1892 3125 2125 3207 rumque
2164 3140 2424 3194 cessatio.
2456 3138 2615 3204 Quod
2658 3153 2788 3208 ergo
2825 3139 2934 3194 illis
2973 3141 3130 3195 aﬂ'ert
3199 3143 3445 3208 corporis

215 3235 332 3289 τῶν
379 3235 614 3304 ἀγώνων
666 3235 859 3305 ἀργία.
911 3235 977 3286 Ὀ
1031 3234 1213 3286 τοίνυν
1261 3231 1523 3302 πρόξενον
1575 3233 1803 3307 ἐκείνοις

215 3327 367 3380 ἐστὶν
397 3328 478 3390 είς
504 3327 845 3398 εὐφροσύνην
878 3324 1219 3397 σωματικὴν,
1257 3325 1416 3378 τοῦτο
1443 3324 1590 3396 ψυχῇ
1637 3341 1805 3393 μετα-

222 3418 432 3492 θεμένῃ
459 3419 557 3482 τὰς
595 3421 812 3489 ἐφέσεις
855 3421 947 3473 ἐπὶ
992 3419 1062 3473 τά
1097 3419 1235 3484 θεῖα,
1271 3418 1448 3488 λύπης
1477 3420 1683 3472 αἴτιον⁸
1710 3419 1804 3472 καὶ

215 3511 246 3564 ὃ
285 3510 492 3579 ταύτης
522 3511 698 3564 αἴτιον
747 3510 1087 3582 εὐφροσύνης
1128 3514 1531 3582 πνευματικῆς,
1572 3510 1804 3572 ἐκείνοις

163 3671 166 3674 γ
218 3601 547 3670 στεναγμῶν
586 3600 679 3655 καὶ
713 3601 908 3671 ὀδύνης
932 3602 1244 3672 παραίτιον.

288 3688 386 3744 κδ’.
437 3692 500 3743 Ol
535 3689 687 3743 πόνοι
726 3690 942 3745 δοκοῦσι
981 3693 1078 3761 μὲν
1140 3693 1207 3745 ὲκ
1261 3693 1565 3762 προοιμίων
1612 3691 1802 3760 ὀδύνης

217 3778 359 3836 εἶναι
405 3784 684 3853 ποιητικοί.
715 3785 849 3838 πᾶσι
885 3787 997 3847 τοῖς
1031 3785 1408 3853 είσανομένοις
1453 3787 1535 3846 είς
1574 3783 1805 3854 ἱδρῶτας

217 3872 316 3926 καὶ
354 3872 575 3940 ἀγῶνας
609 3873 1013 3944 πνευματικούς
1039 3891 1052 3905 ·
1103 3872 1538 3944 γυμναζομένοις
1568 3872 1624 3925 δὲ
1665 3877 1804 3945 πρὸς

215 3961 466 4015 ἐπίδοσιν
502 3962 728 4031 ἀρετῆς,
766 3962 862 4014 καὶ
917 3962 1057 4032 πρὸς
1102 3961 1164 4014 τὸ
1214 3961 1802 4032 μέσονὲπεκτεινομέ-

216 4069 331 4116 νοις
382 4053 587 4116 αὐτοῖς,
652 4052 852 4123 ἡδονῆς
905 4070 1054 4115 τινος
1091 4052 1184 4105 καὶ
1233 4049 1534 4124 παραδόξου
1566 4051 1802 4112 ἀνέσεως

217 4147 524 4219 φαίνονται.
559 4145 731 4200 Ὅταν
775 4145 832 4199 δὲ
860 4145 918 4199 τὸ
951 4144 1142 4215 θνητὸν
1180 4145 1340 4197 τοῦτο
1359 4141 1645 4214 καταποθῇ
1676 4140 1801 4211 φρόο

200 4226 368 4308 ’νημαι
425 4237 525 4306 τῆς
590 4236 815 4305 σαρκὸς.
871 4236 975 4289 ὕπδ
1021 4239 1118 4306 τῆς
1172 4236 1442 4290 ἀθανάτω
1504 4235 1650 4305 ζωῆς
1702 4234 1802 4304 τῆς

215 4331 608 4402 ἐπιγινομένης
651 4330 711 4396 ἐξ
749 4330 1042 4401 ἐπιδημίας
1085 4330 1182 4385 τοῦ
1220 4329 1559 4399 Πνεύματος,
1603 4329 1662 4381 ὲν
1689 4329 1802 4390 τοῖς

215 4421 436 4493 ἀληθῶς
465 4422 934 4490 ἑπεκτεινομένοις
970 4421 1104 4492 πρὸς
1159 4421 1230 4474 τὰ
1272 4419 1403 4490 τέλη
1449 4418 1558 4472 τῶν
1590 4416 1802 4489 ἀρετῶν

1890 3232 2172 3300 gaudium,
2203 3232 2303 3284 hoc
2337 3231 2530 3285 animae
2570 3231 2838 3286 desideria
2872 3248 2970 3288 sua
3002 3233 3057 3286 in
3095 3232 3260 3286 Deum
3293 3249 3451 3301 repo-

1892 3322 2067 3384 nenti,
2101 3330 2185 3376 est
2238 3336 2404 3376 causa
2439 3321 2708 3388 tristitie;
2752 3330 2806 3377 et
2833 3325 2977 3393 quod
3036 3324 3162 3378 huic
3209 3324 3448 3378 laetitiam

1890 3414 1982 3468 dat
2014 3414 2373 3483 spiritualem,
2409 3413 2518 3493 illis
2546 3416 2780 3484 gemitus
2815 3429 2879 3470 ac
2903 3416 3146 3470 dolorem
3179 3416 3339 3485 parit.

1959 3693 2049 3747 24.
2079 3691 2319 3747 Labores
2368 3691 2619 3746 ridentur
2663 3691 2717 3744 in
2770 3690 2928 3744 initio
2961 3690 3204 3746 dolorem
3256 3706 3450 3761 parere

1890 3785 2143 3842 omnibus
2172 3785 2225 3839 in
2249 3783 2479 3841 sudores
2514 3797 2826 3854 agonesque
2849 3783 3162 3852 spirituales
3187 3784 3447 3841 inductis.

1889 3877 1986 3933 His
2037 3891 2166 3932 vero
2215 3877 2308 3946 qui
2367 3891 2464 3945 pro
2538 3878 2738 3931 virtute
2796 3875 3112 3944 adaugenda
3169 3877 3450 3932 luctantur

1883 3969 2105 4041 jamque
2135 3969 2201 4022 ad
2233 3967 2517 4021 dimidium
2555 3977 2685 4021 sunt
2719 3966 2910 4028 occisi,
2966 3965 3224 4035 gaudium
3275 3967 3450 4036 quod-

1890 4061 2012 4116 dam
2066 4069 2120 4114 et
2180 4059 2546 4113 incredibilem
2603 4057 2796 4111 afferre
2854 4057 3112 4112 videntur
3182 4058 3441 4126 quietem.

1889 4152 1967 4204 Ac
1993 4150 2208 4204 tandem
2238 4150 2328 4204 ubi
2361 4149 2604 4203 mortalis
2629 4148 2728 4202 iste
2758 4149 2987 4203 recessit
3007 4149 3190 4203 carnis
3224 4164 3444 4213 sensus,

1889 4242 2150 4311 expulsus
2202 4241 2270 4295 ab
2329 4240 2616 4294 immortali
2667 4240 2777 4293 vita
2844 4253 2966 4308 quae
3033 4254 3100 4293 ex
3153 4239 3447 4308 praesentia

1891 4333 2128 4402 Spiritus
2159 4333 2458 4387 innascitur
2501 4333 2567 4386 iis
2612 4332 2704 4401 qui
2735 4346 2860 4386 vere
2895 4331 3163 4387 interfecti
3201 4325 3332 4386 sunt
3363 4330 3445 4386 la-

1891 4425 2115 4480 boribus
2148 4440 2246 4494 pro
2292 4424 2623 4493 perfectione
2660 4423 2950 4487 virtutum,
3003 4433 3134 4478 tunc
3184 4423 3447 4479 inell'abili

215 4489 320 4568 διὰ.
347 4513 549 4578 πόνων,
600 4489 776 4583 χαρᾶς
822 4489 1062 4583 ἀρρήτου
1117 4513 1214 4565 καὶ
1267 4489 1608 4583 εὐφροσύνης
1659 4511 1799 4581 πλη-

1889 4517 2087 4586 gaudio
2118 4489 2171 4570 et
2202 4489 2383 4568 laetitia
2434 4514 2754 4584 implentur,
2813 4521 3000 4583 aperto
3036 4513 3285 4568 videlicet
3312 4514 3446 4582 ipsis

219 4604 463 4675 ροῦνται,
504 4603 984 4673 ἀναστομωθείσης
1037 4603 1221 4667 αὐτοῖς
1260 4602 1459 4674 δηλαδὴ
1490 4602 1674 4673 πηγῆς
1705 4618 1803 4654 καλ·

223 4697 392 4765 Ἰαρᾶς
418 4694 527 4747 τῶν
562 4694 814 4762 δακρύων
843 4693 940 4747 καὶ
983 4692 1253 4764 γλυκεροῦ
1304 4691 1549 4763 νάματος
1593 4690 1802 4746 ἀνωθεν

215 4784 658 4856 ὲπομὸρυθέντος
689 4785 787 4853 τῆς
824 4784 1188 4849 κατανύξεως.

290 4875 390 4929 κε’.
442 4877 506 4928 Εί
549 4875 728 4943 βούλει
781 4874 890 4930 τῶν
938 4876 1079 4944 ὅρων
1129 4873 1388 4942 ἐπιϐῆναι
1425 4872 1526 4942 τῆς
1577 4877 1799 4944 ἀρετῆς,

218 4971 315 5023 καὶ
355 4969 454 5037 τὴν
504 4969 643 5036 πρὸς
685 4967 818 5019 Θεὸν
864 4968 1135 5038 φέρουσαν
1188 4967 1370 5036 εὑρεῖν
1410 4964 1689 5030 ἀπλανῶς,
1724 4965 1799 5037 μὴ

216 5061 322 5130 δῷς
364 5061 535 5112 ὕπνον
564 5062 674 5122 τοῖς
702 5060 1003 5130 ὀφθαλμοῖς
1033 5077 1148 5126 σου,
1183 5060 1316 5130 μηδὲ
1343 5058 1654 5129 νυσταγμδν
1689 5060 1801 5122 τοῖς

219 5150 511 5221 βλεφάροις
567 5167 697 5216 σου,
729 5149 778 5219 ,ἢ
830 5151 1138 5206 ἀνάπαυσιν
1185 5151 1299 5212 τοῖς
1341 5150 1636 5221 κροτάφοις
1681 5164 1797 5215 σου⁹

217 5243 322 5304 ἕως
388 5237 473 5308 οὗ,
526 5243 616 5297 διὰ
666 5242 845 5296 πόνων
896 5241 1106 5295 πολλῶν
1164 5243 1258 5296 καὶ
1313 5239 1586 5310 δακρύων,
1632 5239 1799 5292 τόπον

214 5331 485 5394 ἀπαθείας
546 5331 715 5402 εὕρῃς
767 5332 834 5400 τῇ
898 5333 1289 5404 τετρυχωμένῃ
1327 5330 1471 5400 ψυχῇ
1515 5344 1644 5382 σου·
1701 5327 1798 5382 καὶ

215 5424 469 5495 εἰσέλθῃς
501 5425 581 5486 εἰς
607 5422 669 5476 τὸ
706 5422 1065 5492 ἀγιαστήριον
1092 5423 1189 5492 τῆς
1213 5420 1466 5489 γνώσεως
1485 5418 1581 5474 τοῦ
1620 5418 1755 5473 Θεοῦ
1777 5432 1797 5452 ο

211 5517 307 5569 καὶ
340 5516 428 5569 διὰ
451 5515 550 5584 τῆς
569 5516 934 5569 ἐνυποστάτου
958 5513 1146 5584 σοφίας
1174 5511 1363 5579 αὑτοῦ,
1395 5513 1477 5574 είς
1504 5512 1575 5567 τά
1596 5511 1799 5582 ἔσχατα

213 5604 357 5658 τέλει
395 5604 504 5657 τῶν
555 5603 914 5674 ἀνθρωπίνων
964 5600 1306 5674 πραγμάτων
1338 5599 1480 5672 μετὰ
1528 5600 1797 5660 συνέσεως

214 5695 349 5766 ἴδῃς,
383 5697 477 5748 καὶ
501 5695 611 5748 τῶν
637 5696 788 5750 κάτω
808 5693 1252 5765 καταφρονήσας,
1278 5690 1374 5742 ἐπὶ
1399 5689 1466 5742 τὰ
1491 5688 1673 5760 ὑψηλά
1697 5689 1797 5757 ὄρη

214 5787 323 5853 τῆς
349 5786 604 5857 θεωρίας,
653 5785 795 5839 κατά
823 5785 922 5850 τὰς
973 5785 1222 5853 ἐλάφους,
1274 5783 1365 5836 καὶ
1396 5780 1554 5844 αὐτὸς
1589 5780 1797 5850 διψητι-

217 5874 432 5932 κώτατα
476 5876 821 5946 ἀναδρᾶμης.

1884 4608 2034 4662 fonte
2079 4607 2435 4676 Iacrymarum
2483 4621 2547 4659 ac
2594 4605 2741 4661 dulci
2775 4604 3210 4674 compunctionis
3272 4603 3446 4658 imbre

1883 4700 2098 4755 caelitus
2127 4699 2362 4768 pluente.

1951 4871 2044 4925 25.
2079 4869 2136 4923 Si
2188 4869 2270 4924 vis
2316 4867 2380 4921 ad
2413 4866 2632 4919 virtutis
2687 4866 2892 4932 apicem
2926 4865 3240 4928 ascendere,
3279 4874 3332 4918 et
3363 4865 3450 4918 ἰηι

1885 4963 2069 5018 venire
2116 4961 2260 5014 viam
2319 4973 2440 5027 quae
2469 4957 2532 5010 ad
2583 4956 2752 5010 Deum
2811 4966 2954 5010 recta
2996 4956 3167 5017 ducit,
3233 4968 3301 5010 ne
3347 4955 3448 5009 des

1887 5066 2134 5107 somnum
2176 5052 2349 5105 oculis
2397 5050 2526 5112 tuis,
2572 5063 2674 5102 nec
2726 5047 3002 5116 palpebris
3034 5047 3144 5100 tuis
3183 5045 3444 5099 dormita-

1886 5147 2113 5208 tionem,
2189 5157 2289 5197 nec
2341 5141 2583 5209 requiem
2643 5138 2984 5206 temporibus
3049 5137 3178 5200 tuis,
3246 5134 3443 5200 donec,

1886 5235 2180 5292 sudoribus
2219 5231 2470 5301 perfusus
2513 5239 2566 5284 et
2608 5229 2882 5299 lacrymis,
2915 5229 3090 5281 locum
3128 5225 3445 5294 impassibi-

1886 5323 2054 5380 litatis
2082 5323 2328 5377 invenias
2359 5321 2667 5388 defatigatae
2700 5322 2896 5373 animae
2924 5325 3054 5382 tuae,
3104 5326 3159 5371 et
3199 5317 3442 5370 introeas

1887 5418 1943 5471 in
1969 5414 2336 5470 sanctuarium
2368 5411 2609 5466 scientiae
2642 5408 2759 5474 Dei,
2794 5423 2856 5462 ac
2887 5422 2982 5476 per
3013 5407 3134 5475 ejus
3176 5420 3440 5475 persona-

1887 5509 1990 5564 lem
2031 5505 2372 5574 sapientiam,
2399 5505 2465 5558 ad
2493 5501 2922 5572 perfectissimas
2961 5513 3144 5554 rerum
3176 5499 3442 5551 humana-

1889 5610 2006 5650 rum
2047 5594 2344 5663 prudenter
2397 5592 2668 5657 intendas,
2720 5599 2774 5644 et
2825 5605 2947 5660 quae
3002 5591 3256 5644 deorsum
3313 5592 3442 5642 sunt

1887 5687 2213 5755 despiciens,
2249 5684 2304 5737 in
2338 5684 2602 5738 sublimes
2640 5682 2860 5736 tbeuria:
2885 5690 3116 5744 montes,
3154 5691 3437 5735 cervorum

1891 5774 2066 5829 instar
2094 5782 2146 5828 et
2171 5773 2285 5832 in‘se
2323 5773 2410 5826 siti
2437 5771 2852 5826 ardentissimus
2879 5769 3133 5825 cursites.
