4106 6336
671 355 772 418 863

1892 351 1939 409 Ν
1953 355 1966 407 l
1979 347 2188 407 CET/E
2228 341 2508 403 PLCTOR
2522 349 2559 402 Α
2580 351 2600 403 l
2623 361 2640 403 ι

3780 337 3885 398 884

735 462 825 516 9.6.
860 460 951 516 Via
977 458 1157 516 brevis
1187 475 1287 532 pro
1317 460 1706 530 incipientibus
1737 471 1803 514 ad
1834 457 2220 530 acquirendam

2377 449 2489 513 κς¹.
2539 452 2685 514 Ὁδὸς
2725 452 2912 521 ταχεῖα
2951 449 3087 520 πρὸς
3128 449 3393 519 ἀγαπητήν
3434 449 3637 519 ἀρετῆς
3678 451 3710 518 ἡ
3757 467 3886 502 σιω-

673 555 944 618 virlutem,
964 561 1046 606 est
1067 552 1344 609 silentium
1369 553 1662 617 Iabiorum,
1683 553 1967 607 oculorum
1987 551 2222 611 caecitas,

671 654 720 697 et
769 645 1007 697 surditas
1059 645 1297 698 aurium.
1354 645 1602 710 Namque
1672 646 1884 698 animus
1944 643 2069 696 inde
2126 639 2226 693 ista

672 737 938 803 negligere
991 749 1339 799 assucsrcns,
1409 746 1777 805 externosque
1849 737 1913 788 ad
1987 735 2227 801 scipsum

672 828 929 879 claudi-us
987 827 1190 888 aditus,
1243 841 1363 881 sese
1425 843 1662 898 suosque
1721 837 1897 881 motus
1932 838 2231 893 cognocere

673 913 881 979 incipit.
934 915 1010 965 Ac
1066 915 1247 966 statim
1302 915 1527 984 inquirit
1564 932 1810 984 quaenam
1861 917 1972 968 sint
2023 916 2231 981 cogita-

674 1005 844 1055 tiones
874 1003 923 1054 in
958 1004 1284 1070 iutelligibili
1337 1020 1448 1059 sua:
1504 1008 1703 1060 mentis
1764 1008 1897 1058 mari
1954 1011 2228 1058 natantes.

675 1110 921 1161 quaenam
993 1095 1047 1146 in
1117 1095 1388 1149 fornacem
1442 1098 1526 1152 sui
1605 1100 1911 1152 intellectus
1981 1096 2231 1165 injectze;

676 1196 854 1238 utrum
887 1185 1135 1239 videlicet
1172 1203 1319 1256 pura:
1351 1190 1460 1242 sint
1496 1198 1548 1244 et
1579 1191 1697 1244 sine
1733 1189 1987 1243 mistione
2009 1188 2235 1242 seminis

676 1274 869 1337 amari,
900 1278 967 1328 ab
1015 1277 1332 1344 angelisque
1360 1279 1496 1331 lucis
1528 1280 1727 1343 missae,
1761 1294 1829 1332 an
1870 1293 2000 1332 vero
2029 1278 2236 1332 zizauia

675 1365 853 1418 mixta:
884 1380 945 1418 ac
977 1366 1167 1434 paleis,
1197 1368 1264 1422 ab
1289 1368 1636 1439 inimicisque
1672 1371 1810 1425 lucis
1843 1379 1996 1424 satae.
2022 1370 2235 1440 Itaque,

675 1453 822 1506 velut
855 1456 958 1508 dux
995 1457 1338 1525 omnipotens
1371 1462 1423 1513 in
1461 1461 1640 1515 medio
1669 1461 2022 1529 cogitatorum
2063 1471 2236 1526 stans,

678 1546 917 1598 secernit
974 1559 1299 1617 separatque
1357 1551 1500 1605 bona
1549 1567 1578 1605 a
1627 1553 1804 1618 malis,
1850 1563 1902 1606 et
1960 1568 2081 1622 qua:
2135 1552 2239 1607 sibi

677 1636 878 1688 inserta
913 1645 1062 1700 sunt,
1098 1637 1215 1707 ipse
1246 1640 1510 1695 triturans
1564 1649 1618 1694 et
1660 1643 1955 1704 ventilans,
1987 1643 2088 1695 alia
2119 1643 2241 1712 qui-

2308 547 2384 614 πή
2419 546 2533 596 ἐστι
2561 546 2670 606 τοῖς
2696 544 3076 610 είσαγωγικοῖς
3106 541 3213 594 τῶν
3251 541 3491 612 χειλέων,
3526 543 3618 594 καὶ
3648 544 3680 611 ἠ
3719 541 3885 610 μῦσις

2305 634 2416 687 τῶν
2447 633 2758 703 ὀφθαλμῶν,
2810 631 2906 685 καὶ
2946 631 3055 683 τῶν
3099 630 3252 682 ῶτων
3283 630 3316 700 ἡ
3355 626 3648 696 κώφευσις.
3683 628 3885 682 Λαϐὼν

2307 728 2416 798 γὰρ
2447 727 2693 780 ἐντεῦθεν
2721 728 2748 778 ὁ
2787 725 2910 788 νοῦς
2951 726 3050 794 τὴν
3090 724 3298 778 τούτων
3329 721 3547 792 ἀργίαν,
3586 720 3686 783 τὰς
3723 721 3885 783 ἐκτὸς

2308 821 2431 874 καθ’
2472 820 2660 873 ἐαυτὸν
2696 817 3088 879 ἐναποκλείσας
3145 814 3400 878 εἰσόδους,
3437 815 3718 866 κατανοεῖν
3747 813 3884 864 ἐαυ-

2307 913 2399 966 τὸν
2454 912 2679 982 ἄρχεται
2728 911 2821 962 καὶ
2866 909 2964 972 τὰς
3025 908 3162 971 ίδίας
3205 907 3461 976 κινήσεις.
3489 903 3599 956 Καὶ
3623 904 3746 957 τίνα
3779 902 3886 971 μέν

2308 1003 2446 1055 εἰσιν
2476 1002 2639 1064 εὐθὺς
2665 1001 2859 1070 ἐρευνᾷ
2882 1000 2951 1052 τά
2973 1000 3100 1068 περὶ
3123 998 3221 1070 τὴν
3242 997 3436 1067 νοητὴν
3463 995 3740 1049 Θάλασσαν
3769 993 3886 1048 τῶν

2309 1094 2584 1163 λογισμῶν
2627 1093 2899 1163 νηχόμενα
2945 1079 3306 1160 ἐνθυμήμοίτα
3334 1105 3348 1118 ο
3379 1089 3498 1142 τίνα
3532 1087 3586 1140 δὲ
3635 1086 3704 1138 τὰ
3750 1083 3887 1154 περὶ

2314 1187 2414 1255 τὴν
2443 1183 2621 1255 χώνην
2667 1184 2764 1252 τῆς
2809 1181 3046 1244 διανοίας
3098 1179 3261 1233 αὑτοῦ
3313 1178 3708 1247 εἰσϐαλλόμενα
3754 1178 3888 1246 νοή-

2320 1293 2496 1348 ματα·
2563 1279 2811 1345 πότερον,
2864 1274 3081 1341 καθαρά
3112 1289 3170 1324 τε
3205 1273 3299 1325 καὶ
3328 1271 3502 1340 ἀμιγῆ
3547 1269 3884 1339 σπερμάτων

2318 1367 2551 1438 πικρῶν,
2585 1366 2680 1420 καὶ
2731 1365 2862 1434 παρ’
2910 1365 3145 1432 ἀγγέλου
3195 1363 3390 1432 φωτὸς,
3423 1362 3457 1432 ἢ
3505 1359 3719 1425 ζιζάνια
3765 1361 3873 1412 ἐπι⁸

2318 1460 2451 1532 μιγῆ
2479 1476 2538 1512 τε
2564 1459 2659 1511 καὶ
2680 1457 2930 1527 ἀχυρώδτι
2963 1457 3059 1510 καὶ
3089 1456 3237 1526 παρά
3269 1455 3375 1511 τῶν
3403 1455 3494 1508 τοῦ
3524 1453 3697 1523 φωτὸς
3724 1455 3882 1506 ἐναν-

2316 1555 2464 1606 τίων.
2514 1552 2622 1604 Καὶ
2657 1547 2849 1612 οὕτως,
2894 1545 3078 1615 ὥσπερ
3126 1561 3211 1607 τις
3255 1545 3475 1614 ἡγεμὼν
3528 1545 3884 1614 αὐτοκράτωρ

2323 1645 2484 1716 μέσον
2522 1642 2810 1710 ἱστάμενος
2860 1637 3098 1700 ἐννοιῶν,
3135 1639 3334 1706 κρίνων
3374 1638 3468 1688 καὶ
3505 1634 3726 1707 διαιρῶν
3755 1636 3887 1698 τοὺς

678 1726 799 1777 dem
829 1727 884 1780 in
913 1728 1251 1798 intelligibila
1285 1731 1508 1798 deponit
1548 1731 1741 1786 horrea
1765 1774 1780 1797 ,
1812 1748 1983 1802 caque
2013 1734 2237 1803 spiritus

2329 1733 2631 1805 κρείττονας
2651 1729 2762 1781 τῶν
2789 1726 3064 1796 λογισμῶν
3087 1725 3192 1777 ἀπὸ
3218 1723 3327 1778 τῶν
3359 1725 3638 1795 χειρόνων,
3666 1724 3734 1776 τά
3760 1725 3886 1793 μὲν,

683 1817 805 1880 igne
838 1819 1060 1873 decocta
1090 1797 1143 1874 et
1170 1822 1327 1890 aquis
1356 1797 1661 1877 madefacta
1688 1797 2238 1888 divinis-comedens,

2329 1797 2426 1878 τῶν
2451 1819 2882 1890 είσὸαλλομένων
2917 1818 3201 1888 δεχόμενος
3234 1818 3299 1886 τῇ
3334 1816 3462 1886 παρ’
3494 1814 3686 1867 ἐαυτοῦ
3721 1815 3886 1885 τριϐῇ

679 1907 970 1962 roboratur
991 1917 1044 1962 et
1071 1911 1274 1966 lumine
1308 1915 1564 1982 repletur,
1628 1915 1731 1967 alia
1764 1923 1942 1967 autem
1976 1915 2149 1982 rejicit
2187 1913 2242 1968 in

2329 1916 2415 1969 καὶ
2459 1918 2688 1983 κινήσει,
2731 1913 2809 1973 είς
2854 1911 3045 1979 νοεράς
3081 1908 3398 1978 ἀνατίθησιν
3450 1907 3755 1978 ἀποθήκας,
3808 1906 3890 1975 τῷ

682 1999 968 2054 oblivionis
1010 2001 1292 2072 abyssum,
1340 2019 1525 2057 eorum
1573 2004 1938 2058 amaritudine
1987 2019 2240 2058 excussa.

2329 2007 2453 2076 πυρὶ
2492 2002 2857 2072 ἐξοπτηθέντα
2885 2000 2979 2053 τοῦ
3027 2000 3356 2067 πνεύματος,
3393 1999 3485 2050 καὶ
3517 1997 3706 2060 ὓδατος
3737 1997 3887 2050 θείου

683 2085 795 2142 Hoc
848 2095 1028 2142 autem
1076 2103 1161 2145 est
1213 2092 1359 2147 illius
1410 2094 1675 2147 duntaxat
1737 2095 1828 2164 qui
1887 2094 2244 2163 spiritualiter

2329 2093 2747 2164 πεπληρωμένα,
2780 2092 2871 2160 ἀφ’
2891 2085 2962 2143 ὧν
2995 2092 3088 2142 καὶ
3115 2089 3465 2158 τρεφόμενος,
3495 2087 3888 2156 ἐνδυναμοῦται

680 2188 1009 2234 consecutus
1041 2192 1122 2236 est
1154 2183 1295 2235 viam
1343 2184 1408 2239 ad
1455 2183 1622 2238 Deum
1665 2187 1944 2255 ccelosque
1970 2195 2115 2239 recta
2146 2185 2248 2238 du-

683 2277 916 2332 ceutem,
983 2281 1032 2325 et
1088 2273 1339 2330 luctuoso
1406 2279 1818 2333 teuebrosarum
1879 2278 2244 2347 cupiditatum

684 2359 846 2428 pallio
875 2377 994 2418 sese
1017 2365 1190 2420 exuit.

756 2716 847 2769 27.
875 2716 1068 2768 Anima
1097 2719 1262 2772 semel
1290 2727 1449 2774 exuta
1490 2721 1620 2776 vitio
1647 2730 1700 2776 et
1739 2723 1973 2780 curiosis
2021 2727 2247 2795 nequis-

689 2805 836 2858 simae
871 2806 1138 2874 superbiae
1168 2809 1610 2878 cogitationibus,
1641 2821 1690 2866 et
1723 2813 1959 2884 simplici
1988 2816 2250 2872 innocen-

687 2896 839 2962 tique
897 2896 1059 2949 corde
1109 2913 1203 2965 per
1256 2898 1518 2955 Paracleti
1546 2904 1772 2970 gratiam
1823 2905 2014 2971 ditata,
2064 2908 2246 2962 statim

691 2991 802 3035 tota
851 2982 958 3037 Deo
1015 2992 1068 3038 et
1107 2986 1425 3055 sibimetipsi
1484 2989 1733 3046 emcitur.
1794 2992 1860 3046 Et
1913 3010 2250 3066 quascunque

2320 2188 2416 2240 καὶ
2448 2184 2746 2255 πληροῦται
2781 2183 2957 2251 φωτός
2982 2200 2995 2214 ο
3024 2181 3094 2234 τά
3134 2182 3211 2246 δέ,
3245 2179 3632 2247 ἀποπέμπεται
3678 2179 3755 2248 τῷ
3789 2179 3891 2246 τῆς

2322 2279 2488 2348 λήθης
2523 2276 2688 2345 βυθῷ,
2715 2276 2811 2344 τὴν
2837 2275 3038 2328 τούτων
3063 2273 3285 2341 πικρίαν
3306 2271 3712 2341 ἀποσειόμενος.
3748 2271 3890 2324 Τοῦ-

2325 2389 2386 2424 το
2409 2371 2464 2422 δὲ
2507 2370 2666 2438 μόνου
2700 2365 2856 2436 ἔργον
2891 2367 3036 2417 ἐστὶν
3057 2362 3262 2416 ἐκείνου
3301 2360 3522 2432 νοερῶς,
3547 2359 3640 2414 τοῦ
3669 2361 3892 2430 ἁψαμέ-

2326 2480 2416 2516 νου
2439 2463 2534 2529 τῆς
2559 2457 2827 2528 φερούσης
2854 2455 2990 2527 πρὸς
3017 2455 3275 2525 οὐρανοὺς
3323 2455 3418 2507 καὶ
3445 2453 3578 2506 Θεδν
3610 2452 3892 2517 ἀπλανῶς,

2325 2555 2419 2607 καὶ
2449 2553 2538 2605 τδν
2573 2550 2817 2620 πενθήρη
2849 2547 3049 2617 χιτῶνα
3087 2546 3195 2599 τῶν
3223 2543 3511 2598 σκοτεινῶν
3544 2544 3894 2614 ἀποδυσαμέ-

2326 2660 2416 2698 νου
2448 2641 2656 2695 παθῶν.

2397 2732 2500 2797 κζ’.
2529 2732 2687 2802 Ψυχὴ
2716 2731 2916 2801 ἡᾶπαξ
2946 2727 3437 2798 ἀποσκευασαμένη
3477 2725 3574 2795 τὴν
3600 2724 3889 2796 πονηρίαν,

2327 2825 2421 2877 καὶ
2459 2825 2519 2876 τὸ
2569 2823 2859 2893 περίεργον
2888 2821 3141 2890 φρόνημα
3186 2819 3288 2888 τῆς
3327 2817 3663 2887 φαυλοτάτης
3692 2817 3897 2881 ἀλαζο-

2327 2915 2495 2976 νείας,
2535 2912 2710 2981 ἁπλῆν
2745 2913 2801 2964 δὲ
2842 2913 2934 2964 καὶ
2969 2913 3174 2965 ἄκακον
3206 2910 3303 2980 τὴν
3344 2909 3566 2977 καρδίαν
3612 2907 3671 2973 ἐξ
3702 2908 3896 2980 ἐπιδη-

2330 3005 2461 3075 μίας
2485 3004 2575 3057 τόῦ
2613 3004 2966 3074 Παρακλὴτου
3009 3002 3522 3071 καταπλουτήσασα,
3565 3001 3726 3065 εὐθὺς
3773 2998 3898 3070 Θεῷ

689 3073 836 3126 videt
869 3089 929 3127 ac
959 3076 1128 3139 audit,
1174 3078 1299 3131 cred
1327 3078 1430 3132 bila
1475 3089 1528 3134 et
1560 3096 1687 3136 vera
1729 3082 2107 3139 incunctanter
2159 3102 2244 3140 ar-

692 3163 925 3187 1.2ι.........
1021 3167 1138 3187 ---2-
1218 3183 1307 3187 _--_
1351 3185 1425 3187 μμγ
1449 3171 1481 3187 ·.
1655 3173 1664 3184 ι
1746 3174 1756 3187 ι
1959 3173 2045 3187 ..Μ
2072 3177 2081 3187 .
2167 3179 2196 3187 Α.

2330 3073 2387 3146 τε
2419 3095 2512 3147 καὶ
2547 3073 2714 3163 ἑαυτῇ
2750 3092 2978 3159 γίνεται.
3017 3091 3139 3157 Καὶξ
3165 3090 3201 3143 ἀ
3228 3092 3325 3160 ὁρᾷ
3351 3091 3443 3143 καὶ
3479 3088 3685 3152 ἀκούει,
3728 3087 3897 3141 πιστά

692 3163 962 3226 bitratur,
1016 3167 1142 3232 quia
1214 3171 1487 3234 superavit
1555 3173 1857 3240 periculosa
1939 3173 2244 3231 dimdentia:

2329 3185 2424 3238 καὶ
2460 3184 2637 3254 ἀληθῆ
2679 3183 2887 3252 νομίζει
2920 3181 3325 3244 ἀνενδοιάστως,
3369 3181 3444 3241 ὡς
3487 3179 3771 3248 ὑπερὸἄσα
3825 3179 3899 3232 τὰ

690 3251 968 3318 baratlira,
1004 3267 1054 3309 et
1087 3256 1303 3312 invidiae
1343 3260 1550 3316 inferno
1574 3271 1906 3333 supernatat.

763 3431 851 3485 28.
888 3431 1154 3488 Omnibus
1187 3435 1480 3492 virtutibus
1518 3441 1787 3495 antecedit
1836 3443 2047 3498 sincera
2093 3444 2246 3510 ﬁdes,

702 3539 797 3590 1ua
827 3524 1064 3592 gaudens
1103 3529 1283 3581 anima
1318 3543 1424 3582 non
1450 3530 1655 3585 incerta
1716 3535 1911 3602 pendet
1960 3540 2247 3601 sententia,

695 3614 788 3664 sed
818 3616 1040 3667 omnino
1071 3616 1260 3683 abjicit
1285 3633 1522 3672 amorem
1555 3623 1855 3690 proprium.
1911 3624 2054 3678 Nihil
2105 3627 2248 3679 enim

696 3704 838 3756 aliud
886 3706 957 3758 ita
988 3707 1126 3759 valet
1171 3707 1422 3762 athletam
1456 3726 1626 3780 nuper
1663 3713 1729 3766 ad
1763 3716 1958 3769 luctam
1988 3715 2248 3770 nudatqu

695 3795 971 3849 retrahere
1010 3801 1076 3848 ab
1105 3798 1484 3856 observatione
1522 3805 1917 3871 mandatorum,
1964 3823 2124 3877 quam
2157 3825 2254 3862 ne—

695 3884 995 3950 quissimus
1058 3904 1211 3942 amor
1257 3894 1531 3960 proprius.
1595 3893 1689 3948 llic
1743 3896 1922 3950 obstat
1984 3898 2248 3952 bonorum

697 3975 983 4039 profectui.
1062 3976 1161 4034 Hic
1217 3985 1590 4050 supposititios
1641 3985 1720 4039 eis
1774 3987 1969 4054 allegat
2031 3991 2251 4046 morbos

698 4070 1083 4139 cruciatusque
1145 4077 1388 4142 corporis
1452 4091 1591 4146 aegre
1676 4079 1981 4142 sanabiles,
2057 4081 2253 4148 quibus

701 4156 964 4212 fervorem
994 4161 1188 4216 anima:
1207 4165 1507 4235 refrigerat,
1535 4169 1830 4238 suadetque
1851 4179 1907 4223 ut
1943 4187 1969 4223 a
2003 4173 2254 4241 patiendo

699 4263 795 4315 pro
826 4251 1023 4306 virtute
1072 4255 1402 4320 abstineant,
1457 4266 1712 4328 tanquam
1760 4277 1789 4316 a
1845 4265 1971 4317 vita:
2029 4280 2254 4320 amcenze

701 4343 1104 4407 impedimento.
1134 4347 1302 4402 Amor
1330 4359 1511 4404 autem
1546 4353 1796 4420 proprius
1834 4361 1919 4409 est
1963 4355 2255 4410 irrationa-

2330 3275 2540 3346 χαλεπά
2576 3276 2673 3342 τῆς
2718 3273 2971 3333 ἀπιστίας
3003 3271 3270 3342 βάραθρα.
3303 3270 3398 3323 καὶ
3450 3271 3588 3342 ὑπὲρ
3643 3270 3733 3323 τὸν
3761 3270 3900 3340 ᾅδην

2333 3364 2603 3433 φερομένη
2638 3363 2732 3414 τοῦ
2776 3362 2989 3429 φθόνου.

2402 3450 2508 3523 κη’.
2549 3451 2746 3504 Πασῶν
2770 3451 2876 3504 τῶν
2921 3450 3131 3518 ἀρετῶν
3165 3448 3487 3517 προηγεῖται
3517 3447 3550 3515 ἡ
3594 3445 3902 3507 ἐνδιάθετος

2333 3542 2536 3605 πίστις,
2563 3542 2690 3595 ὅταν
2741 3541 2815 3610 μὴ
2849 3538 3147 3608 ἀμφίϐολον
3172 3538 3270 3604 τὴν
3312 3535 3537 3605 γνώμην
3569 3535 3902 3605 ἐπιφέρηται

2333 3634 2366 3702 ἡ
2397 3631 2561 3701 ψυχὴ,
2595 3631 2708 3682 ἀλλ’
2731 3631 2806 3691 είς
2831 3631 2888 3681 τὸ
2910 3629 3166 3689 παντελὲς
3193 3626 3562 3693 ἀποὸἀλληται
3582 3626 3680 3692 τὴν
3710 3623 3910 3692 φιλαυ-

2335 3723 2474 3782 τίαν.
2509 3720 2672 3772 Οὐδὲν
2714 3719 2820 3788 γὰρ
2853 3717 3022 3780 οὕτως
3054 3718 3238 3780 ἕτερον
3286 3711 3393 3767 οἶδε
3453 3714 3542 3766 τὸν
3596 3714 3722 3782 ἄρτι
3765 3712 3906 3781 πρδς

2334 3810 2549 3877 ἀγῶνας
2601 3809 3001 3877 ἀποδυσάμενον
3052 3805 3279 3860 κωλύειν
3331 3806 3429 3874 τῆς
3471 3804 3730 3874 ἐργασίας
3787 3802 3900 3855 τῶν

2339 3900 2590 3963 ἐντολῶν,
2630 3899 2704 3960 ὼς
2737 3901 2769 3968 ὴ
2798 3896 3175 3964 ’παγκάκιστος
3205 3892 3479 3964 φιλαυτία.
3510 3891 3656 3962 Αὕτη
3691 3893 3806 3943 ἐστὶ
3842 3891 3906 3943 τὸ

2339 3990 2596 4060 ἐμπόδιον
2632 3990 2731 4054 τῆς
2756 3968 3037 4058 προκοπῆς
3055 3985 3162 4038 τῶν
3187 3983 3506 4036 σπουδαίων.
3534 3981 3679 4049 Αὕτη
3712 3980 3903 4043 νόσους

2339 4079 2521 4139 αὐτοῖς
2576 4075 2906 4139 ὑποτίθεται,
2950 4074 3045 4126 καὶ
3091 4071 3504 4142 δυσθεράπευτα
3531 4069 3676 4138 πάθη
3709 4068 3901 4137 σώμα-

2339 4185 2447 4230 τος,
2482 4167 2547 4219 δι’
2579 4159 2654 4218 ὧν
2676 4166 2771 4233 τὴν
2801 4164 3007 4234 θέρμην
3035 4166 3132 4233 τῆς
3162 4163 3337 4232 ψυχῆς
3403 4158 3612 4230 ψυχρὰν
3653 4159 3902 4228 ἀπεργά-

2342 4257 2512 4322 ζεται,
2542 4257 2635 4309 καὶ
2667 4257 2727 4308 τὸ
2765 4255 3092 4308 κακοπαθεῖν
3133 4252 3272 4321 ὑπὲρ
3303 4251 3500 4319 ἀρετῆς
3556 4249 3731 4302 πείθει
3758 4265 3904 4320 παρ-

2343 4347 2642 4410 αιτεῖσθαι,
2697 4347 2772 4409 ὡς
2837 4345 3116 4398 ἐπίϐουλον
3182 4343 3282 4412 τῆς
3335 4340 3676 4411 εὐπαθούσης
3729 4341 3899 4410 ζωῆς.

700 4431 822 4484 bilis
877 4449 1029 4488 amor
1075 4439 1337 4506 corporis,
1380 4443 1468 4508 quj
1527 4445 1853 4496 monachum
1896 4447 2130 4501 reddens
2166 4451 2244 4502 sui

2344 4430 2599 4491 Φιλαυτία
2646 4439 2703 4492 δέ
2769 4441 2916 4492 ἐστιν
2957 4439 2990 4508 ὴ
3029 4437 3219 4502 ἄλογος
3267 4434 3416 4503 φιλία
3471 4433 3564 4487 τοῦ
3614 4432 3899 4502 σώματος·

700 4521 891 4587 ipsius,
930 4525 979 4577 id
1021 4535 1123 4588 est,
1161 4530 1390 4597 pr0prize
1433 4532 1627 4587 animae
1668 4535 1978 4604 propriique
2008 4541 2250 4606 corporis

699 4619 988 4678 amantem,
1020 4629 1141 4668 eum
1184 4629 1422 4673 removet
1453 4635 1482 4674 a
1516 4621 1622 4676 Deo
1653 4630 1706 4675 et
1727 4624 1846 4691 ejus
1875 4639 2059 4693 regno,
2096 4626 2250 4696 juxta

699 4716 910 4756 sacrum
946 4706 1043 4758 hoc
1075 4707 1352 4763 oraculum
1383 4727 1396 4763 :
1439 4729 1457 4761 ‹
1500 4709 1603 4777 Qui
1635 4722 1781 4766 amat
1805 4714 2036 4768 animam
2075 4732 2250 4783 suam,

697 4793 884 4857 perdet
913 4809 1053 4849 eam.
1089 4815 1108 4847 ι

768 4973 858 5027 29.
918 4974 1019 5039 Qui
1066 4977 1338 5033 laboriose
1381 4980 1585 5050 incepit
1633 4983 1931 5038 observare
1983 4994 2217 5056 praecept

709 5057 827 5122 Dei,
878 5068 933 5113 et
990 5063 1198 5117 fervido
1231 5080 1420 5118 amore
1479 5068 1593 5122 leve
1635 5071 1840 5124 ascesis
1880 5072 2069 5139 jugum
2110 5073 2251 5124 collo

702 5151 892 5213 subiit,
947 5168 1055 5204 non
1121 5156 1297 5221 parcit
1350 5157 1643 5212 valetudini
1695 5161 1964 5227 corporis.
2027 5175 2132 5214 non
2183 5162 2250 5214 ad

705 5242 1050 5307 asperitatem
1092 5245 1359 5300 bonorum
1407 5263 1630 5318 operum
1692 5253 1851 5304 vertit
1890 5252 2098 5312 oculos,
2146 5268 2252 5307 non

706 5331 924 5384 labores
972 5334 1172 5387 anxius
1210 5339 1457 5404 respicit,
1501 5354 1606 5392 non
1635 5340 1865 5393 attendit
1909 5340 1974 5393 ad
2015 5341 2251 5408 aliquem

703 5419 870 5471 alium
907 5423 1244 5492 negligenter
1287 5427 1617 5492 luctantem;
1653 5429 1744 5482 sed
1796 5429 2022 5482 ferventi
2072 5430 2254 5482 studio

706 5510 1117 5578 durissimoque
1146 5514 1331 5569 iabore
1359 5518 1568 5570 sulcum
1601 5517 1755 5571 ﬁndit
1786 5519 2063 5583 virtutum,
2101 5518 2166 5570 ad
2196 5533 2254 5572 se

707 5601 885 5655 solum
929 5614 1182 5671 speetans
1228 5619 1281 5660 ct
1333 5609 1398 5661 ad
1445 5608 1536 5663 Dei
1587 5619 1874 5677 praacepta,
1920 5621 1971 5662 et
2015 5609 2254 5676 quotidie

711 5707 835 5746 cum
860 5695 1109 5764 lacryuiis
1139 5697 1304 5756 mittit
1331 5701 1535 5754 sentina
1574 5716 1667 5755 sua
1699 5700 1749 5752 in
1780 5715 1907 5768 agro
1934 5699 2251 5762 viventium,

2345 4532 2463 4601 ἥτις
2493 4529 2745 4596 φίλαυτόν
2781 4544 2840 4579 τε
2885 4525 3221 4579 ἀποτελοῦσα
3257 4525 3346 4578 τὸν
3380 4522 3630 4594 μοναχὸν,
3672 4524 3788 4592 ῆτοι
3819 4540 3899 4590 cp:-

2345 4620 2591 4688 λόψυχον,
2649 4617 2740 4670 καὶ
2798 4616 3208 4684 φιλοσώματον,
3265 4615 3479 4684 μακρὰν
3537 4613 3681 4663 ποιεῖ
3738 4611 3892 4663 asset

2345 4707 2438 4760 τοῦ
2477 4705 2611 4757 Θεοῦ
2647 4708 2738 4757 καὶ
2761 4703 2859 4772 τῆς
2894 4703 3167 4773 βασιλείας
3192 4701 3377 4765 αὐτοῦ,
3410 4700 3544 4752 κατά
3569 4700 3627 4750 τὸ
3650 4699 3792 4751 ὅσιον
3815 4698 3878 4750 λό

2345 4811 2481 4863 γιον,
2521 4795 2581 4846 τό
2602 4809 2619 4824 ο
2648 4813 2666 4844 ι
2687 4792 2746 4844 '0
2784 4791 2953 4861 φιλῶν
2991 4792 3088 4862 τὴν
3119 4791 3296 4861 ψυχὴν
3322 4788 3486 4843 αὐτοῦ
3521 4787 3776 4842 ἀπολέσει
3801 4789 3896 4840 αὐ-

2346 4885 2465 4953 τήν.
2503 4902 2520 4935 .

2419 4985 2520 5041 κθ’.
2583 4987 2637 5040 ’0
2687 4984 2933 5055 ἐμπόνως
2970 4981 3270 5051 ἀρξάμενος
3331 4980 3746 5050 τῆςέργασίας
3793 4981 3906 5034 τῶν

2347 5075 2575 5130 ἐντολῶν
2616 5073 2707 5127 τοῦ
2745 5072 2904 5138 Θεοῦ,
2940 5071 3034 5123 καὶ
3078 5069 3262 5139 θερμῷ
3295 5067 3372 5138 τῷ
3420 5067 3584 5138 ἔρωτι
3636 5070 3727 5123 τὸν
3773 5069 3906 5123 έλα-

2347 5165 2481 5234 φρὸν
2507 5163 2668 5230 ζυγὸν
2689 5162 2787 5230 τῆς
2830 5160 3110 5229 ἀσκήσεως
3155 5158 3473 5226 ἐπαυχένιον
3505 5158 3662 5226 ἄρας,
3694 5157 3754 5210 οὗ
3784 5159 3908 5225 φει-

2347 5252 2493 5304 δεται
2535 5249 2721 5318 ὑγείας
2767 5246 3037 5316 σώματος,
3066 5246 3125 5297 οὐ
3155 5247 3288 5313 πρὸς
3328 5245 3425 5314 τὴν
3448 5245 3761 5315 τραχύτητα
3791 5247 3905 5303 τῶν

2348 5337 2521 5405 ἔργων
2576 5335 2674 5404 τῆς
2724 5332 2924 5402 ἀρετῆς
2967 5332 3190 5401 ίλιγγιᾷ,
3243 5330 3304 5382 οὑ
3368 5331 3500 5400 πρὸς
3546 5333 3671 5394 τοὺς
3706 5332 3906 5397 πόνους

2349 5426 2656 5490 ἀποκναίει,
2686 5424 2783 5493 οὐχ
2815 5421 2914 5491 ὁρᾷ
2945 5422 3081 5490 πρὸς
3128 5422 3311 5492 ἕτερόν
3339 5438 3458 5474 τινα
3490 5422 3745 5492 ῥαθύμως
3773 5426 3907 5493 περὶ

2350 5515 2475 5575 τοὺς
2503 5513 2718 5579 ἀγῶνας
2747 5511 2842 5564 καὶ
2872 5509 3087 5579 ἀμελῶς
3131 5509 3471 5578 διακείμενον
3491 5525 3503 5538 ·
3555 5510 3690 5563 ἀλλά
3721 5510 3906 5572 ζέοντι

2348 5604 2496 5672 πόοῳ
2523 5603 2622 5672 τὴν
2643 5600 2855 5653 αὕλακα
2883 5602 3069 5668 τέμνει
3123 5599 3227 5651 τῶν
3261 5599 3468 5668 ἀρετῶν
3513 5601 3569 5650 ἐν
3621 5599 3770 5670 πάσῃ
3797 5615 3904 5652 κα-

2349 5691 2631 5760 κοπαθείᾳ,
2676 5691 2811 5760 πρὸς
2858 5689 3048 5742 ἐαυτὸν
3096 5689 3254 5759 μόνον
3294 5688 3457 5759 ὀρῶν,
3508 5689 3766 5756 καὶπρὸς
3801 5691 3902 5752 τὰς
