4152 6338
154 414 274 476 865

1001 395 1545 460 PRACTICORUM
1578 390 1913 453 CAPITUM
1943 388 2335 450 CENTURIA
2378 389 2430 444 l.

3255 376 3361 437 866

157 514 264 566 τοῦ
292 510 429 564 Θεοῦ
466 506 684 571 ἐντολάς
711 522 725 536 ⁸
772 505 867 559 καὶ
895 506 1014 559 καθ’
1047 506 1281 576 ἑκάστην
1308 507 1365 558 ἐν
1401 507 1628 576 δάκρυσι
1653 506 1720 557 τὰ

1840 501 1999 555 ionec
2021 499 2231 552 oriatur
2258 495 2362 566 ipsi
2387 490 2551 546 herba
2578 484 3057 557 impassibilitatis,
3077 491 3131 539 et
3155 494 3366 537 crescat

161 606 467 674 σπέρματα
525 601 688 654 αὐτοῦ
738 596 1136 651 καταϐάλλεται
1200 572 1256 649 ἐν
1305 599 1369 667 τῇ
1431 572 1583 668 χώρᾳ
1615 597 1722 649 τῶν

1847 610 1878 646 n
1943 591 2214 645 calamum
2271 583 2468 639 divinae
2515 581 2774 646 scientiae,
2820 586 2874 632 et
2923 577 3174 631 crebrum
3228 572 3371 627 {erat

160 697 413 761 ζώντων,
464 694 568 756 ἓως
596 683 656 744 οὗ
709 693 815 760 φυῇ
860 688 1006 756 αὐτῷ
1057 690 1090 757 ή
1138 687 1267 757 χλόη
1296 688 1395 755 τῆς
1438 689 1721 752 ἀπαθείας,

1824 697 2051 753 granum
2079 677 2275 732 rationi
2309 673 2734 746 superpositum,
2754 677 2810 727 et
2827 675 2916 725 eat
2946 669 3126 723 ferens
3159 668 3369 721 fructus

162 789 266 857 atat
299 787 379 847 εἰς
408 783 660 853 καλάμην
683 781 890 850 αὐξήσῃ
913 774 1161 846 γνώσεως
1198 777 1366 839 θείας,
1401 778 1490 830 καὶ
1527 777 1724 857 στάχυν

1849 773 2051 829 ustitite
2089 785 2220 826 sum.

164 853 319 948 φέρῃ
372 876 462 928 τὸν
511 851 707 927 κόκκον
768 871 860 923 τοῦ
933 869 1090 937 λόγου
1146 851 1570 937 ἐπιφερόμενον,
1633 866 1728 918 καὶΙ

164 966 304 1035 ἔλθῃ
357 965 538 1035 φέρων
589 963 659 1016 τά
718 961 1031 1030 γεννήματα
1075 960 1172 1028 τῆς
1222 957 1568 1027 δικαιοσύνης
1629 959 1726 1011 αὑ-

164 1074 267 1109 του
277 1095 294 1112 ο

241 1145 309 1200 λ’.
343 1141 650 1213 Οὐδαμόθεν
698 1140 870 1203 οὕτως
915 1139 1101 1210 οἴομαι
1130 1139 1230 1206 τὴν
1278 1135 1560 1208 προκοπὴν
1589 1137 1731 1204 γίνε-

167 1237 304 1290 σθαι
337 1238 434 1305 τῆς
465 1235 641 1304 ψυχῆς
669 1234 892 1301 ταχεῖαν
933 1231 1027 1283 καὶ
1057 1230 1337 1299 σύντομον,
1367 1229 1440 1290 ὡς
1477 1230 1538 1280 ἐκ
1569 1229 1733 1297 μόνης

165 1327 274 1394 τῆς
306 1326 570 1386 πίστεως·
619 1323 852 1386 πίστεως
903 1322 981 1384 δὲ,
1029 1322 1088 1373 ού
1122 1322 1235 1390 τῆς
1283 1321 1361 1379 εἰς
1391 1318 1519 1370 Θεὸν
1554 1319 1731 1385 μόνον,

169 1415 273 1467 καὶ
303 1415 401 1484 τῆς
453 1413 590 1484 πρὸς
635 1411 726 1464 τὸν
780 1411 1040 1480 μονογενῆ
1084 1409 1272 1462 τούτου
1302 1409 1450 1471 Υίὸν,
1484 1407 1616 1460 ἀλλὰ
1641 1407 1736 1458 καὶ

168 1501 279 1569 τῆς
328 1501 650 1566 ἐνδιαθέτου,
701 1501 818 1570 μεθ’
863 1495 931 1570 ἧς
974 1498 1301 1566 πιστεύομεν
1339 1496 1558 1566 ἀληθεῖς
1601 1491 1736 1547 εἶναι

167 1591 274 1651 τὰς
303 1587 634 1655 ἐπαγγελίας
660 1586 920 1658 Χριστοῦ,
961 1587 1026 1649 ἃς
1060 1585 1423 1656 ἐπηγγείλατο
1463 1585 1557 1636 καὶ
1589 1585 1738 1654 ήτοί-

172 1694 318 1747 μασε
338 1679 452 1740 τοῖς
477 1677 765 1747 ἀγαπῶσιν
795 1677 978 1740 αὐτὸν,
1004 1674 1098 1728 καὶ
1129 1675 1228 1736 τὰς
1259 1673 1490 1736 ἀπειλὰς
1519 1675 1616 1726 καὶ
1645 1692 1739 1726 κο-

164 1744 362 1833 λάσεις
395 1763 490 1816 τοῦ
525 1744 673 1833 ᾅδου,
708 1763 805 1825 τὰς
833 1762 1234 1831 ήτοιμασμένας
1263 1761 1340 1829 τῷ
1372 1759 1600 1829 διαϐόλῳ
1647 1761 1740 1814 καὶ

1899 1127 1986 1182 50.
2042 1123 2161 1180 Non
2212 1124 2429 1180 aliunde
2483 1132 2590 1178 tam
2648 1124 2787 1178 citos
2841 1123 3136 1191 brevesque
3187 1125 3378 1177 animae

1829 1233 2155 1289 progressus
2206 1216 2318 1270 tieri
2371 1215 2622 1275 arbitror,
2671 1229 2826 1281 quam
2877 1213 3106 1267 exvsola
3161 1211 3295 1276 ﬁde;
3327 1219 3381 1265 et

1831 1309 2047 1379 quidem
2079 1322 2183 1360 non
2221 1306 2483 1357 duntaxat
2511 1319 2579 1356 ex
2609 1304 2709 1356 ﬁde
2742 1304 2793 1355 in
2827 1303 2987 1355 Deum
3017 1310 3068 1355 et
3106 1303 3157 1354 in
3182 1300 3383 1369 Unige-

1833 1403 2005 1456 nilum
2039 1402 2155 1469 ejus
2204 1399 2422 1461 Filium,
2467 1397 2558 1451 sed
2610 1411 2675 1450 ex
2724 1397 2929 1450 sincera
2976 1394 3081 1449 illa
3115 1394 3218 1448 title
3276 1409 3383 1460 qua

1831 1492 2106 1546 credimus
2148 1504 2305 1542 veras
2357 1503 2477 1542 esse
2527 1497 2640 1539 tum
2713 1486 3097 1555 promissiones
3146 1483 3383 1544 Christi,

1833 1598 1971 1652 quas
2022 1578 2275 1650 promisit
2310 1593 2373 1630 ac
2409 1576 2730 1646 praeparavit
2781 1573 3132 1644 diligentibus
3183 1573 3382 1639 ipsum,

1835 1684 1948 1727 tum
2000 1672 2180 1724 minas
2216 1683 2517 1738 poenasque
2559 1666 2758 1721 inferni
2807 1672 3028 1745 paratas
3077 1663 3292 1716 diabolo
3334 1673 3387 1715 et

1833 1758 1954 1825 ejus
2020 1754 2269 1809 asseclis.
2319 1753 2447 1806 Haec
2499 1752 2612 1820 ipsa
2664 1751 2795 1803 fides
2851 1751 3045 1803 animae
3101 1749 3152 1801 in
3218 1763 3389 1815 agone

164 1859 286 1915 τοῖς
317 1853 574 1923 ἐργάταις
610 1853 793 1905 αὐτοῦ.
836 1851 983 1922 Αῦτη
1006 1856 1038 1922 ή
1069 1853 1250 1914 πίστίς
1281 1850 1386 1921 πλη
1399 1853 1616 1920 ροφορεῖ
1643 1853 1740 1920 τὴν

1840 1846 2067 1912 luctanti
2105 1842 2403 1913 persuadet
2429 1849 2488 1894 ut
2519 1849 2699 1907 speret
2735 1854 2794 1894 se
2821 1847 3242 1894 consecuturam
3273 1851 3391 1890 esse

166 1941 354 2011 ψυχὴν
380 1942 620 2005 ἐλπίζειν
650 1943 943 2010 ἐναγώνιον
981 1941 1164 2008 οὖσαν,
1212 1945 1484 2014 ἐπιτυχεῖν
1511 1945 1609 2013 τῆς
1641 1959 1742 1996 κα-

166 2031 493 2092 ταστάσεως
543 2030 652 2082 τῶν
677 2031 868 2096 ἁγίων,
918 2032 1014 2100 τῆς
1066 2033 1340 2100 μακαρίας
1378 2031 1557 2084 αὐτῶν
1602 2033 1742 2084 ἀπα-

172 2120 355 2183 θείας,
387 2121 480 2172 καὶ
509 2109 838 2189 ἀναδραμεῖν
885 2122 1020 2191 πρὸς
1048 2122 1108 2173 τὸ
1152 2121 1282 2190 ὕψος
1317 2122 1414 2191 τῆς
1440 2122 1744 2192 ἁγιωσύνης

172 2208 384 2271 αὐτῶν,
433 2209 525 2261 καὶ
580 2209 1021 2280 συγκληρονόμον
1073 2211 1285 2274 τούτοις
1344 2210 1596 2278 γενέσθαι
1646 2193 1745 2280 τῆς

170 2294 272 2349 τοῦ
296 2294 431 2348 Θεοῦ
464 2295 756 2364 βασιλείας.
781 2297 937 2348 Οὕτω
961 2298 1017 2350 δὲ
1039 2298 1547 2368 πληροφορουμένη,
1581 2314 1744 2349 σπου-

173 2384 345 2446 δαίως
395 2385 532 2452 πρὸς
575 2385 674 2453 τὴν
738 2385 1002 2455 ἐργασίαν
1051 2386 1158 2438 τῶν
1213 2386 1442 2438 ἐντολῶν
1502 2387 1746 2439 ἐπεκτεί-

176 2489 373 2536 νεται,
435 2473 510 2542 μὴ
582 2473 925 2536 ἐνδοιάζουσα
979 2474 1103 2527 καθ’
1153 2473 1349 2542 ἑαυτὴν
1382 2511 1398 2538 ,
1462 2474 1597 2528 ἀλλά
1656 2493 1747 2541 μι-

179 2567 438 2633 μουμένη
465 2563 592 2626 τοὺς
632 2564 826 2627 πόνους
866 2564 1111 2628 ἐκείνων,
1155 2566 1248 2616 καὶ
1285 2564 1372 2617 διὰ
1401 2564 1510 2616 τῶν
1547 2564 1747 2634 ὁμοίων

176 2653 410 2719 ἀγώνων
479 2652 747 2706 διώκουσα
798 2653 1124 2707 καταλαϐεῖν
1173 2655 1270 2725 τὴν
1318 2653 1496 2707 αὐτῶν
1545 2654 1748 2707 τελειό·

180 2759 349 2812 τητα.

258 2832 362 2887 λα’.
396 2833 845 2887 Συναλλοιοῦσθαι
881 2834 1124 2903 πέφυκεν
1153 2837 1186 2904 ή
1221 2833 1418 2899 ἔξωθεν
1445 2836 1540 2888 τοῦ
1573 2853 1750 2904 προσ-

183 2923 343 2994 ώπου
399 2924 754 2989 κατάστασις,
816 2927 879 2994 τῇ
930 2925 1077 2987 ἐντὸς
1123 2925 1220 2994 τῆς
1257 2925 1433 2996 ψυχῆς
1477 2927 1752 2980 καταστά-

181 3032 293 3069 σει.
336 3017 468 3069 Οῖαν
527 3015 638 3086 γὰρ
689 3019 722 3087 ἡ
767 3017 929 3086 νοερὰ
963 3018 1176 3086 κίνησις
1223 3019 1390 3086 αὐτῆς
1423 3019 1520 3086 τὴν
1580 3020 1751 3088 ἐργα-

184 3106 313 3159 σίαν
359 3105 490 3176 ἔχει,
541 3107 798 3178 τοιαύτην
831 3107 926 3161 ttat
966 3110 999 3178 ή
1026 3108 1144 3175 ὄψις
1176 3107 1270 3160 τοῦ
1301 3109 1590 3174 προσώπου
1638 3111 1750 3171 τοῖς

1835 1930 2298 1992 restauratiodem
2348 1941 2664 1987 sanctorum
2708 1931 3035 2000 felicemque
3064 1945 3253 1982 eorum
3287 1928 3389 1982 im-

1835 2026 2277 2093 passibilitatem,
2314 2032 2483 2089 utque
2534 2023 2741 2074 nitatur
2772 2021 2838 2073 ad
2883 2022 3154 2074 excelsam
3197 2032 3389 2071 eorum

1840 2115 2290 2177 sanctimoniam,
2332 2122 2387 2167 et
2425 2113 2669 2166 cohaeres
2710 2111 2825 2179 ipsa
2874 2111 2967 2162 liat
3001 2111 3118 2163 vita:
3147 2116 3385 2162 aeternze.

1840 2205 1956 2259 Tali
1988 2217 2169 2260 autem
2205 2205 2401 2259 ﬁducia
2425 2205 2653 2270 repleta,
2686 2201 2992 2254 Studiosam
3030 2198 3392 2266 adimplendis

1839 2295 2116 2352 mandatis
2168 2310 2386 2364 Operam
2437 2293 2725 2361 impendit,
2775 2307 2882 2345 non
2917 2292 2970 2344 in
3022 2305 3080 2344 se
3112 2288 3394 2352 dubitans,

1841 2383 1935 2438 sed
1961 2382 2188 2435 imitans
2221 2381 2439 2434 illorum
2482 2381 2717 2442 labores,
2750 2386 2800 2431 et
2831 2393 2924 2447 per
2952 2377 3158 2432 similes
3185 2389 3395 2446 pugnas

1841 2472 2076 2528 similem
2109 2483 2448 2539 persequens
2487 2468 2908 2538 perfectionem.

1911 2825 2003 2879 3i.
2034 2821 2284 2878 Exterior
2321 2824 2503 2877 vultus
2541 2820 2764 2876 habitus
2797 2821 2961 2876 simul
2989 2836 3112 2876 cum
3149 2821 3396 2877 interiori

1843 2918 2040 2971 animae
2087 2915 2276 2969 habitu
2333 2915 2533 2967 mutari
2581 2915 2744 2968 solet.
2788 2913 2958 2977 Quam
3010 2913 3156 2968 enim
3206 2927 3402 2981 opera-

1843 3000 2049 3066 tionem
2096 3018 2280 3064 motus
2324 3007 2490 3076 hujus
2543 3000 2933 3061 intellectualis
2970 3013 3207 3065 exercet.
3261 3005 3401 3057 hanc

1845 3101 2018 3163 facies
2048 3113 2272 3168 preprto
2305 3111 2407 3153 suo
2440 3105 2586 3151 statu
2620 3112 2936 3165 expressam
2959 3097 3133 3150 oculis
3160 3094 3398 3149 exhibet.

183 3197 390 3267 ὁρῶσιν
418 3197 672 3267 ἐμφαίνει
699 3199 796 3266 τὴν
829 3197 964 3250 ίδίαν
993 3198 1252 3252 διάθεσιν.
1294 3199 1420 3261 Τοῖς
1463 3200 1570 3266 γὰρ
1599 3200 1746 3268 ἐνερε-

1842 3193 1984 3246 Nam
2032 3191 2199 3244 variis
2237 3203 2358 3245 sese
2398 3189 2750 3242 conformans
2784 3189 2980 3242 mentis
3022 3186 3403 3242 atl‘ectionibus

184 3286 345 3356 γοῦσι
369 3287 462 3340 τὸν
499 3286 754 3356 λογισμὸν
788 3288 1224 3358 συνδιατιθεμένη
1272 3288 1367 3341 καὶ
1401 3289 1753 3342 -συναλλοιου-

195 3377 357 3447 μένη,
392 3378 519 3430 ποτὲ
553 3379 652 3442 μέν
683 3379 874 3448 ὁρᾶται
907 3379 1127 3448 φαιδρὰ,
1162 3380 1258 3446 τῆς
1282 3379 1504 3450 καρδίας
1529 3382 1754 3450 εὐφραι-

186 3469 424 3538 νομένης
473 3471 564 3522 ἐπὶ
617 3469 943 3522 ἀναϐάσεσιν
978 3470 1209 3534 ἀγαθαῖς
1253 3471 1598 3540 ἐνθυμήσεων
1659 3473 1752 3526 καὶ

193 3559 396 3629 μελέτῃ
458 3558 593 3611 Θεοῦ
619 3572 633 3586 ⁶
671 3559 800 3610 ποτέ
852 3559 908 3611 δὲ
949 3560 1201 3628 κατηφὴς
1231 3563 1322 3613 καὶ
1364 3561 1629 3629 ζοφώδης,
1659 3563 1752 3616 ἐπὶ

189 3648 473 3717 λογισμοῖς
501 3648 728 3709 ἀτοπίας
767 3649 1190 3720 πικραινομένης
1209 3666 1222 3678 ·
1257 3651 1314 3704 ἐν
1341 3646 1420 3715 οἷς
1447 3652 1630 3705 λαθεῖν
1655 3653 1753 3706 οὐκ

190 3741 311 3794 ἐστι
339 3740 428 3793 τδν
459 3740 848 3809 ἐνεργούμενον
870 3741 995 3801 τοὺς
1037 3739 1104 3793 τὰ
1140 3741 1468 3812 αἰσθητήρια
1515 3744 1612 3812 τῆς
1651 3745 1752 3813 tilu-

190 3831 299 3901 χῆς
356 3830 785 3902 ἐπιφερομένους
832 3832 1271 3902 γεγυμνασμένα.
1317 3833 1444 3886 Είτε
1513 3835 1619 3903 γὰρ
1664 3837 1756 3888 ἀλ.

193 3919 416 3982 λοίωσίς
441 3921 556 3973 ἐστι
584 3921 682 3991 τῆς
704 3920 884 3986 δεξιᾶς
924 3922 1019 3974 τοῦ
1052 3921 1331 3992 Ὑψίστου,
1362 3925 1569 3995 φανερά
1612 3927 1756 3980 ἐστιν

196 4009 385 4071 αὐτοῖς
420 4009 496 4073 ὡς
521 4011 773 4081 γνωρίμη
816 4011 910 4064 καὶ
938 4013 1089 4082 φίλη,
1121 4012 1188 4065 δι’
1209 4014 1276 4084 ἢν
1304 4015 1756 4084 ἀναγεννηθέντες

198 4101 308 4154 ὑπὸ
335 4100 427 4153 τοῦ
459 4101 777 4170 Πνεύματος
809 4103 1034 4167 ἀνωθεν,
1069 4105 1182 4173 φῶς
1217 4100 1311 4157 καὶ
1340 4105 1470 4168 ἃλας
1503 4107 1753 4176 ἐχρημά-

195 4208 358 4244 τισαν
384 4193 493 4253 τοῖς
516 4190 741 4260 πλησίον
761 4208 774 4222 ·
813 4195 927 4247 εἴτε
962 4194 1062 4262 τῆς
1106 4193 1341 4257 στάσεώς
1363 4198 1476 4249 ἐστι
1502 4197 1611 4250 τῶν
1661 4199 1754 4252 δυ-

196 4281 438 4350 νάμεων,
496 4282 591 4335 καὶ
626 4281 738 4366 ,τῆς
775 4283 883 4336 τῶν
923 4283 1199 4354 λογισμῶν
1226 4287 1489 4357 ταραχῆς,
1519 4289 1648 4359 δήλη
1676 4289 1758 4354 τίς

199 4373 322 4422 ἐστι
349 4371 556 4433 τούτοις
588 4371 821 4440 τρανῶς,
845 4372 919 4434 ὡς
941 4372 1401 4444 ἀποδαλλομένοις
1430 4376 1618 4447 αὐτὴν,
1665 4379 1758 4431 καὶ

199 4458 294 4511 τὸν
353 4461 673 4529 χαρακτῆρα
719 4461 817 4528 τῆς
875 4463 1079 4525 εἰκόνος
1132 4463 1224 4516 τοῦ
1289 4464 1416 4518 Υίοῦ
1471 4467 1562 4519 τοῦ
1622 4467 1756 4520 Θεοῦ

200 4553 620 4621 ἐπιφερομένοις
675 4551 1052 4621 λαμπρότατον
1097 4554 1154 4606 ἐν
1215 4556 1326 4616 τοῖς
1381 4555 1542 4619 θείοις
1605 4558 1758 4628 χαρί-

204 4660 399 4713 σμασι.

271 4763 369 4836 λβ’.
418 4767 483 4819 Ἦ
508 4767 658 4830 ἐντὸς
707 4767 935 4837 ἐργασία
990 4767 1024 4836 ἢ
1079 4769 1354 4836 στεφάνων
1387 4769 1640 4836 πρόξενος
1669 4771 1756 4841 γί-

199 4872 351 4909 νεται
378 4859 443 4927 τῇ
471 4856 639 4927 ψυχῇ,
673 4857 707 4927 ἢ
738 4856 939 4910 ποινῶν
977 4859 1072 4911 καὶ
1110 4859 1403 4913 κολάσεων.
1435 4861 1494 4913 Εί
1522 4862 1621 4928 μὲν
1651 4863 1755 4933 γὰρ

201 4947 423 5018 περὶτὰ
451 4947 570 5001 θεῖα
613 4948 912 5018 πράγματα
956 4951 1323 5017 καταγίνεται,
1372 4953 1464 5003 καὶ
1511 4970 1760 5006 ταπεινο-

203 5039 475 5109 φροσύνης
502 5037 778 5106 φιλοκαλεῖ
803 5039 873 5090 τὰ
896 5040 1088 5109 χωρία,
1121 5039 1232 5108 ἔχει
1256 5041 1351 5109 τὴν
1376 5042 1592 5108 ἀρδείαν
1623 5044 1759 5096 ἀνω-

204 5130 297 5183 θεν
328 5128 436 5180 τῶν
461 5127 732 5197 δακρύων,
777 5130 870 5183 καὶ
898 5133 1136 5200 γεωργεῖ
1163 5130 1259 5200 τὴν
1290 5132 1425 5200 πρὸς
1464 5133 1595 5186 Θεὸν
1621 5134 1759 5202 ἀγά-

205 5235 316 5288 πην
343 5219 439 5271 καὶ
492 5218 696 5281 πίστιν,
748 5219 842 5271 καὶ
868 5219 966 5288 τὴν
1013 5222 1094 5283 είς
1136 5220 1225 5274 τὸν
1278 5222 1499 5291 πλησίον
1547 5227 1761 5294 συμπά-

208 5305 358 5359 θειαν
382 5322 397 5336 °
431 5305 498 5359 δι’
526 5303 600 5359 ὧν
639 5306 1094 5376 ἀναμορφουμένη
1126 5307 1185 5360 τὸ
1211 5307 1399 5371 κάλλος
1431 5310 1463 5378 ή
1492 5309 1633 5379 ψυχὴ
1663 5313 1761 5381 τῆς

213 5395 422 5457 εικόνος
463 5393 722 5465 Χριστοῦ,
771 5395 884 5463 φῶς
926 5396 1133 5462 γίνεται
1173 5399 1284 5460 τοῖς
1311 5398 1635 5466 ἀνθρώποις,
1668 5401 1762 5452 καὶ

208 5487 329 5546 ταῖς
377 5485 560 5536 ἀκτῖσι
589 5485 698 5537 τῶν
730 5485 936 5555 ἀρετῶν
962 5485 1242 5554 ἐφέλκεται
1272 5489 1407 5558 πρὸς
1441 5491 1635 5560 ἑαυτὴν
1666 5493 1762 5554 τὰς

211 5575 430 5642 ὁράσεις
461 5575 660 5640 αὐτῶν,
712 5577 805 5628 καὶ
855 5579 993 5629 κινεῖ
1022 5576 1228 5640 πάντας
1279 5580 1415 5649 πρὸς
1462 5559 1761 5646 δοξολογίαν

209 5661 366 5715 Θεοῦ.
419 5664 481 5715 Et
527 5664 582 5716 δὲ
625 5664 851 5732 περὶτὰ
888 5665 1034 5719 κάτω
1063 5667 1157 5719 καὶ
1188 5667 1257 5719 τὰ
1310 5669 1623 5738 ἀνθρώπινα
1673 5673 1764 5724 καὶ

207 5753 332 5814 τοὺς
377 5752 679 5823 ὑπονόμους
725 5753 921 5819 τόπους
952 5757 1276 5827 ἐκταράσσει
1316 5760 1406 5811 καὶ
1449 5761 1760 5815 ἁνασαλεύει

1765 4419 1818 4477 D

1845 3293 1899 3340 et
1929 3281 2356 3345 mutationibus,
2384 3281 2563 3336 modo
2593 3278 2812 3332 videtur
2848 3279 3089 3338 radians,
3133 3279 3261 3345 quia
3308 3291 3404 3330 cor

1844 3376 2044 3445 gaudet
2092 3372 2196 3442 piis
2232 3371 2633 3424 desideriorum
2675 3370 3090 3423 ascensionibus
3127 3376 3179 3422 et
3221 3383 3405 3421 amore

1843 3466 1962 3532 Dei,
2021 3463 2185 3516 modo
2237 3475 2368 3516 vero
2422 3462 2631 3530 dejecta
2678 3468 2731 3512 et
2770 3461 3026 3520 obscura.
3074 3461 3201 3527 quia
3247 3474 3402 3512 mens

1844 3555 2122 3625 perversis
2157 3551 2474 3619 amarisque
2507 3552 2718 3603 laborat
2764 3550 3208 3618 cogitatiOnibus.
3247 3548 3403 3603 Unde

1846 3661 2002 3701 mens
2037 3659 2166 3699 cum
2218 3643 2334 3698 suis
2371 3641 2785 3710 operationibus
2845 3642 3017 3696 latere
3071 3642 3261 3707 nequit
3306 3657 3402 3695 eos

1843 3739 1937 3806 qui
1973 3750 2176 3790 sensus
2228 3735 2426 3787 anima:
2454 3732 2533 3787 sic
2574 3748 2687 3802 prae
2718 3747 2777 3786 se
2804 3731 2985 3786 ferunt
3015 3733 3302 3786 exercitos.
3347 3732 3403 3786 Si

1844 3831 1990 3881 enim
2031 3825 2262 3878 mutatio
2282 3824 2365 3877 sit
2393 3822 2630 3876 dexterae
2654 3821 2887 3886 Excelsi,
2921 3828 3085 3888 patet,
3118 3820 3244 3886 quia
3270 3820 3404 3871 nitet

1843 3918 2030 3972 vultus
2086 3915 2176 3968 ille
2234 3913 2531 3968 benevolus
2585 3921 2638 3966 et
2696 3911 2930 3975 amicus,
2991 3926 3088 3979 per
3134 3925 3315 3978 quem,
3372 3923 3402 3961 a

1847 4007 2055 4076 Spiritu
2087 4011 2280 4058 sancto
2307 4003 2638 4071 regenerati.
2665 4002 2755 4055 lux
2785 4009 2839 4054 et
2872 3999 2951 4054 sal
2987 4001 3235 4068 proximo
3270 3996 3400 4050 facti

1845 4109 2010 4164 sunt;
2050 4099 2096 4152 si
2129 4111 2261 4150 vero
2299 4095 2586 4149 tribuenda
2615 4094 2686 4147 sit
2714 4092 2996 4146 rebellioni
3033 4089 3400 4158 potentiarum

1844 4202 1899 4246 et
1964 4189 2358 4260 cogitationum
2409 4185 2768 4256 perturbatio,
2821 4185 2972 4238 clare
3013 4182 3214 4251 liquet,
3270 4180 3401 4249 quia

1845 4301 1965 4340 eam
2005 4283 2330 4353 repudiant,
2362 4288 2417 4335 et
2453 4280 2827 4333 characterem
2863 4275 3117 4344 imaginis
3151 4272 3268 4327 Filii
3307 4271 3399 4324 Dei

1845 4376 2265 4448 fulgidissimam
2332 4371 2594 4429 exhibent
2665 4369 2718 4424 in
2773 4366 2977 4425 divinis
3041 4365 3396 4420 charismati-

1848 4475 1969 4526 bus.

1920 4774 2012 4829 32.
2053 4772 2264 4827 lnterna
2319 4771 2566 4839 operatio
2600 4770 2682 4824 vel
2729 4783 3052 4823 coronarum
3107 4782 3275 4822 causa
3317 4777 3401 4824 est

1851 4867 2066 4928 animae,
2110 4864 2194 4919 vel
2243 4877 2522 4930 poenarum
2570 4876 2632 4914 ac
2687 4859 3095 4928 suppliciorum.
3145 4860 3198 4910 Si
3253 4861 3398 4913 enim

1850 4957 1996 5010 circa
2027 4968 2115 5008 res
2151 4955 2371 5008 divinas
2415 4960 2723 5012 exercetur,
2777 4950 3211 5016 humilitatisque
3242 4965 3399 5018 agros

1813 5064 1818 5066 '
1848 5043 2161 5116 praediligit,
2188 5043 2384 5112 gaudet
2407 5055 2640 5109 superna
2667 5041 3028 5109 lacrymarum
3058 5039 3399 5106 inrigatione,

1850 5146 1904 5191 et
1941 5137 2069 5191 colit
2113 5135 2273 5188 [idem
2321 5142 2375 5188 et
2410 5133 2734 5186 cbaritatem
2779 5131 2836 5183 in
2890 5129 3057 5183 Deum
3091 5129 3401 5182 misericor-

1850 5228 2108 5293 diamque
2148 5228 2200 5278 in
2261 5224 2592 5294 proximum,
2643 5237 2740 5290 per
2796 5235 2918 5287 qua:
2975 5233 3124 5272 mens
3167 5217 3394 5270 formam

1847 5331 2182 5386 recuperans
2221 5330 2286 5370 ac
2334 5316 2499 5368 decus
2548 5313 2804 5380 imaginis
2839 5308 3064 5372 Christi,
3110 5309 3287 5361 lumen
3342 5308 3400 5362 (it

1849 5406 2192 5468 hominibus,
2224 5412 2278 5458 et
2307 5404 2477 5457 radiis
2509 5403 2770 5456 virtutum
2806 5398 3030 5453 attrahit
3063 5399 3126 5448 ad
3161 5397 3392 5464 seipsam

1848 5506 2037 5544 eorum
2071 5491 2280 5555 oculos,
2310 5503 2611 5556 omnesque
2638 5485 2863 5554 impellit
2887 5485 2951 5537 ad
2988 5482 3398 5552 gloriﬁcandum

1853 5585 2044 5636 Deum.
2090 5581 2146 5634 Si
2195 5595 2326 5634 vero
2361 5581 2509 5633 circa
2551 5578 2736 5631 inﬁma
2773 5577 3118 5640 humanaque
3160 5589 3221 5626 ac
3271 5574 3397 5626 sub-

1853 5683 2101 5725 teraneos
2128 5672 2336 5740 peccati
2365 5670 2517 5722 locos
2547 5684 2606 5721 se
2641 5669 2817 5722 turbet
2843 5676 2896 5721 et
2924 5667 3112 5735 agitet,
3145 5664 3395 5717 deorsum

1852 5765 2139 5818 inveniens
2193 5762 2465 5816 miseriam
2523 5761 2906 5828 tenebrasque,
2938 5756 3067 5811 colit
3108 5753 3290 5807 odium
3344 5762 3396 5807 et
