4152 6338
724 320 829 381 ρετ
991 358 995 363 .
1935 298 2229 364 meum
2274 295 2691 358 PECTOi‘iATl
3856 300 3968 364 εδδ

727 430 1071 487 aversionein
1121 428 1270 493 boni,
1309 443 1402 497 per
1456 442 1576 494 qua:
1633 425 1836 480 luteam
1895 432 1950 477 et
2001 423 2290 474 informem

2400 412 2475 476 ςῆς
2500 409 2791 477 ἁμαρτίας,
2829 410 3073 462 κατωθεν
3107 409 3303 478 ἔχουσα
3355 411 3416 462 τὸ
3438 412 3707 476 δυπσῶδες
3737 418 3830 467 καὶ
3861 422 3955 479 go-

731 538 1071 593 recuperatis
1107 522 1306 574 veteris
1341 519 1580 572 hominis
1615 518 1929 586 imaginem,
1963 529 2089 568 vera
2119 511 2292 578 caligo

2400 501 2568 568 ρερὺν,
2599 502 2836 569 γεωργεῖ
2889 500 2950 552 τὸ
2997 503 3150 569 μῖσος
3193 502 3288 553 καὶ
3337 501 3434 571 τὴν
3464 505 3816 577 ἀποστροφὴν
3859 507 3956 560 τοῦ

730 617 792 667 tit
831 587 1103 682 proximo,
1157 622 1211 664 et
1257 609 1520 678 operibus
1574 608 1862 674 verbisque
1911 603 2126 658 vitiosis
2174 614 2297 653 cor-

2400 591 2546 642 ιαλοῦ
2565 609 2579 622 ι
2609 591 2674 642 δι’
2705 587 2771 662 ἦς
2805 590 2902 660 τὴν
2936 594 3123 662 χοῖκὴν
3153 593 3611 664 ἀναμοριρουμένη
3648 597 3741 648 καὶ
3773 599 3948 667 ἀμορ-

736 702 941 769 rumpit
982 702 1193 753 aniiiias
1223 699 1508 767 simplices
1542 709 1594 750 et
1629 697 1926 750 imbecilles
1960 692 2298 762 impellitque

2400 700 2484 750 pou
2515 683 2698 735 εἰκόνα
2727 682 2818 734 τοῦ
2845 682 3098 747 παλαιοῦ,
3122 684 3310 745 σκότος
3335 686 3655 757 αὐτόχρημα
3679 690 3791 750 τοῖς
3820 687 3960 756 πλη-

738 791 806 842 ad
847 790 938 845 Dei
977 791 1374 858 blasphemiam
1407 805 1421 841 :
1457 799 1508 843 et
1544 790 1624 841 sic
1666 788 1757 840 ubi
1794 797 1969 840 morte
2001 792 2298 852 occupatur

2400 772 2633 834 διάξουσι
2675 774 2906 841 γίνεται,
2953 775 3046 825 καὶ
3073 776 3139 844 τῇ
3181 773 3288 826 τῶν
3332 776 3547 844 φαύλων
3587 779 3821 850 ἐργασία
3865 779 3960 831 καὶ

734 884 941 941 anima,
977 881 1049 935 ibi
1084 881 1338 934 similiter
1367 883 1725 934 mutationem
1761 878 1993 933 invenit.

808 1221 897 1274 '55.
955 1219 1056 1284 Qui
1124 1223 1296 1275 malas
1365 1222 1496 1274 colit
1551 1223 1954 1291 Cogitationes.
2011 1224 2306 1276 obscurum

738 1313 1066 1382 tristemque
1107 1314 1211 1367 sibi
1268 1313 1437 1367 eﬂieit
1477 1316 1714 1379 vultum,
1754 1323 1807 1367 et
1854 1315 2092 1384 linguam
2147 1317 2309 1371 habet

735 1406 970 1475 hymnos
1027 1405 1248 1459 divinos
1308 1414 1606 1469 tacentem,
1662 1415 1714 1460 ct
1749 1408 1996 1476 ingratus
2040 1409 2191 1463 auitu
2226 1416 2308 1463 est

734 1497 994 1550 omnibus
1023 1498 1472 1552 occurrentibus.
1501 1498 1603 1563 Qui
1635 1507 1858 1553 econtra
1881 1500 2054 1554 bonas
2086 1501 2310 1554 immor-

737 1588 982 1658 talesque
1009 1589 1195 1642 cordis
1219 1590 1437 1657 plantas
1459 1591 1900 1654 eolit,amoe.num
1926 1599 1980 1645 et
2004 1591 2305 1646 radiantem

736 1677 905 1731 habet
959 1680 1195 1741 vultum,
1255 1689 1310 1733 et
1358 1695 1617 1733 canoram
1670 1681 1735 1734 ad
1791 1696 1984 1748 preces
2039 1682 2306 1751 linguam,

2386 865 2594 934 ὁμιλίᾳ,
2611 863 2909 933 διαφθείρει
2931 863 3106 934 ψυχὰς
3129 865 3435 930 ἀπλάστους
3459 869 3549 919 καὶ
3573 869 3960 939 ἀστηρίκτους,

2390 957 2481 1008 καὶ
2528 958 2668 1006 κινεῖ
2720 959 2862 1008 κατά
2897 955 2992 1006 τοῦ
3039 955 3174 1008 Θεοῦ
3211 956 3556 1028 βλασφημίαν
3583 974 3600 990 ο
3649 962 3742 1012 καὶ
3786 961 3963 1022 οὕτως

2392 1047 2447 1096 ἐν
2479 1039 2557 1106 οἷς
2596 1045 2659 1096 ἂν
2696 1044 2799 1096 ὑπὸ
2835 1044 2927 1096 τοῦ
2978 1045 3206 1098 Θανάτου
3236 1049 3554 1119 καταληφθῇ
3587 1050 3620 1118 ή
3668 1050 3839 1119 ψυχὴ,
3867 1051 3965 1103 καὶ

2391 1137 2492 1196 τὰς
2523 1135 2758 1202 ἀμοιϐὰς
2785 1134 3059 1202 ἀναλόγως
3083 1136 3347 1206 εὑρίσκείι.

2463 1220 2565 1288 λγ¹.
2613 1222 2669 1274 '0
2725 1222 2833 1274 τῶν
2889 1222 3107 1290 φαύλων
3147 1225 3364 1279 ἐννοιῶν
3404 1229 3644 1297 γεωργὸς
3702 1229 3968 1297 ζοφώδεις

2397 1313 2560 1364 αὐτοῦ
2597 1315 2829 1366 ποιεῖται
2863 1315 2956 1366 καὶ
3006 1316 3241 1383 στυγνὰς
3271 1318 3367 1380 τάς
3414 1320 3566 1382 ἐκτὸς
3592 1321 3763 1389 ὄψεις,
3795 1320 3970 1373 ἅναυο

2400 1403 2486 1453 δον
2506 1419 2562 1454 τε
2595 1402 2692 1470 τὴν
2729 1401 2977 1468 γλῶτταν
3003 1402 3116 1473 ἔχει
3155 1405 3263 1456 τῶν
3289 1404 3447 1458 θείων
3480 1407 3685 1476 ὕμνων,
3709 1411 3805 1462 καὶ
3841 1410 3971 1461 δυσ-

2390 1489 2698 1556 απάντητός
2730 1489 2849 1539 ἐστι
2901 1489 3065 1541 πᾶσιν
3101 1490 3180 1552 είς
3205 1489 3480 1560 ἐντυχίαν.
3534 1491 3591 1546 Ὀ
3613 1493 3670 1546 δέ
3697 1495 3812 1545 τῶν
3835 1495 3972 1560 ἀγα·

2394 1578 2502 1632 θῶν
2558 1580 2652 1630 καὶ
2702 1577 2984 1633 ἀθανάτων
3034 1581 3218 1649 φυτῶν
3285 1582 3540 1652 γεωργὸς
3591 1585 3690 1654 τῆς
3741 1587 3973 1656 καρδίας

2395 1665 2632 1735 χαροπδν
2667 1666 3206 1736 καὶ¹γεγαννωμένον
3235 1669 3349 1736 ἐχει
3390 1669 3451 1720 τὸ
3479 1670 3791 1739 πρόσωπον,
3841 1672 3972 1738 μελ-

737 1777 1022 1839 totumque
1090 1772 1334 1839 seipsum
1389 1771 1443 1823 in
1519 1772 1943 1826 conversatione
2016 1772 2308 1839 jiicundis-

2400 1755 2527 1821 ῳδόν
2568 1773 2626 1808 τε
2661 1758 2740 1818 είς
2788 1756 3004 1826 δεήσεις
3049 1757 3149 1828 τὴν
3192 1757 3438 1824 γλῶτταν
3469 1757 3653 1823 αὑτοῦ,
3708 1763 3803 1812 καὶ
3853 1760 3972 1813 ὅλον

739 1861 938 1913 simum
985 1879 997 1913 :
1050 1862 1123 1914 ita
1159 1869 1220 1913 ut
1259 1861 1387 1914 inde
1422 1863 1567 1914 clare
1599 1863 1775 1914 oculis
1814 1871 1995 1931 pateat
2054 1865 2306 1932 quisnam

740 1950 971 2019 impuris
1022 1953 1202 2004 adhuc
1257 1954 1524 2005 inserviat
1581 1952 2014 2019 cogitationibus
2065 1955 2308 2022 tyranni-

736 2057 924 2110 caeque
948 2041 1151 2095 terreni
1179 2056 1381 2095 sensus
1414 2041 1517 2108 legi
1546 2041 1848 2110 subjaceat,
1881 2043 2133 2110 quisnam
2169 2045 2309 2099 liber

735 2134 804 2186 ab
843 2133 1156 2185 istiusmodi
1218 2134 1483 2186 servitute
1532 2132 1677 2185 vivat
1728 2132 1828 2185 sub
1881 2132 1998 2200 lege
2052 2134 2306 2202 spiritus,

731 2225 884 2291 juxta
921 2225 1226 2288 sapientem
1260 2221 1608 2273 Salonioncin
1637 2237 1651 2274 :
1685 2238 1702 2270 ι
1742 2220 1851 2274 Cor
1877 2221 2125 2288 gaudens
2155 2223 2311 2276 exhi-

733 2315 876 2365 larat
928 2314 1166 2379 faciem;
1235 2313 1289 2366 in
1353 2311 1776 2366 nimroreanimi
1827 2309 2082 2381 dejicitur
2147 2313 2310 2382 spiri-

735 2414 822 2459 tus
845 2405 887 2458 ⁸.
937 2423 959 2456 ι

805 2651 896 2703 54.
929 2651 1030 2703 Per
1059 2651 1276 2715 praxim
1303 2649 1558 2714 perfecta:
1593 2650 1945 2718 cupiditates,
1971 2668 2066 2722 per
2094 2655 2307 2721 praxim

734 2740 899 2792 etiam
963 2751 1252 2794 s:-i.aniiir.
1313 2741 1466 2791 Sit'lll
1521 2739 1667 2791 enim
1725 2741 2166 2808 intemperantia,
2215 2757 2309 2794 vo-

736 2829 938 2897 luptas,
1003 2831 1148 2896 gula,
1209 2830 1315 2882 vita
1373 2830 1553 2884 mollis
1619 2839 1673 2880 et
1722 2829 1991 2885 dissoluta
2059 2831 2305 2884 lialiitnni

737 2920 1059 2986 cupiditatis
1112 2919 1404 2988 perficiunt
1455 2921 1506 2972 in
1556 2920 1762 2982 anima,
1793 2935 2024 2988 eamque
2072 2921 2137 2973 ad
2184 2937 2308 2987 per-

736 3025 926 3063 versas
959 3010 1207 3063 actiones
1251 3010 1526 3062 inducunt
1560 3028 1575 3063 :
1608 3010 1688 3064 sic
1739 3009 2012 3078 angustia,
2069 3011 2307 3071 labores,

741 3109 794 3151 et
831 3101 990 3153 luctm
1026 3103 1343 3169 spiritnales
1397 3102 1790 3166 iinpassibilem
1841 3102 1987 3154 illam
2054 3105 2312 3166 reddunt,

741 3203 804 3240 ac
841 3189 906 3242 de
935 3191 1196 3257 passione
1240 3192 1291 3242 in
1332 3190 1829 3258 inipassibilitatem
1874 3191 2240 3246 transferunt.
2317 3208 2323 3220 ’

804 3388 896 3441 55.
937 3387 1169 3452 Quando
1227 3389 1430 3455 aliquis
1472 3397 1696 3457 propter
1745 3389 2080 3443 laboriosam
2129 3391 2308 3445 conti-

737 3493 1018 3545 nuaiiiqiic
1057 3479 1289 3532 BSCI‘SiIII
1327 3495 1521 3548 magna
1554 3481 1695 3533 dona
1735 3495 1765 3532 a
1800 3479 1908 3534 Deo
1936 3483 2184 3549 accipere
2214 3499 2312 3552 per

739 3569 1107 3623 humilitatem
1143 3573 1366 3634 meruit,
1405 3586 1467 3624 ac
1499 3583 1682 3640 postea
1719 3573 1848 3626 inde
1891 3562 2163 3638 revulsus,
2209 3591 2308 3629 eu-

736 3660 1026 3727 piditatum
1080 3675 1141 3712 ac
1171 3660 1484 3714 daemonum
1523 3661 1712 3716 ferula!
1742 3659 1980 3718 traditus
2006 3676 2117 3731 "est,
2169 3667 2311 3721 sciat

737 3767 794 3803 se
834 3750 1006 3804 fuisse
1041 3753 1268 3817 clatum,
1311 3769 1505 3820 magna
1558 3755 1623 3807 de
1663 3771 1723 3810 se
1778 3758 2222 3826 prazsumpsisse,
2255 3768 2310 3814 et

737 3843 871 3894 alias
904 3852 1258 3910 aspernatum
1285 3859 1427 3897 esse.
1454 3844 1572 3898 Non
1606 3844 1767 3898 aliter
1796 3848 1960 3916 igitur
1993 3847 2310 3918 hujusmodi

739 3937 824 3986 γὶι-
856 3937 1150 3988 sanitatem
1189 3937 1541 4004 recuperabit
1581 3947 1632 3992 et
1665 3938 2046 3994 liberationem
2085 3955 2114 3992 a
2156 3942 2310 4011 cupi-

737 4025 1004 4077 ditatibus
1037 4024 1442 4095 dtCIHOIIiiSQUC
1477 4028 1640 4081 iitain
1688 4045 1842 4083 suam
1894 4031 2308 4099 eoliibentibus,

738 4133 904 4183 quani
965 4117 1244 4170 redeundo
1305 4133 1398 4187 per
1449 4119 1822 4186 pmnitentiam
1885 4122 1949 4174 ad
2010 4121 2309 4190 pristinum

741 4215 969 4267 statum,
1007 4216 1061 4258 et
1100 4210 1503 4275 interponendo
1536 4217 1793 4276 tanquam
1832 4211 2064 4279 nptiinas
2105 4215 2313 4267 inedia-

740 4299 906 4350 triees
940 4297 1306 4352 humilitatem
1335 4309 1387 4353 et
1431 4303 1663 4368 propriae
1699 4302 2021 4369 exiguitatis
2076 4304 2311 4371 agnitio-

2394 1845 2584 1898 ἑαυτὸν
2609 1846 2689 1908 εἰς
2739 1846 2958 1914 ὁμιλίαν
2993 1847 3288 1918 ἡδύτατον·
3332 1849 3405 1911 ὡς
3432 1850 3662 1920 φανερὸν
3692 1846 3833 1903 εἶναι
3879 1853 3971 1902 καὶ

2397 1933 2638 2000 γίνεσθαι
2684 1936 2792 1997 τοῖς
2818 1935 3016 2004 ὁρῶσιν
3058 1935 3306 1990 ἐντεῦθεν
3355 1937 3556 2000 καλῶς,
3587 1938 3749 1990 αὐτόν
3775 1955 3837 1990 τε
3881 1938 3971 1990 τὸν

2399 2025 2501 2076 ὑπὸ
2527 2024 2770 2077 δουλείαν
2814 2024 2894 2077 ἔτι
2937 2025 3046 2078 τῶν
3094 2026 3422 2096 ἀκαθάρτων
3464 2017 3592 2080 ὄντα
3634 2028 3846 2093 παθῶν,
3877 2028 3969 2080 καὶ

2398 2115 2489 2166 ὑπ’
2518 2115 2764 2183 ἀνάγκην
2814 2115 2910 2167 τοῦ
2942 2115 3104 2184 νόμου
3145 2117 3405 2170 τελοῦντα
3442 2117 3535 2170 τοῦ
3571 2117 3808 2185 γεώδους
3840 2135 3970 2189 φρο-

2399 2209 2658 2275 νήματος.
2719 2207 2827 2259 Καὶ
2898 2206 2988 2259 τὸν
3059 2206 3493 2276 ἐλευθερωθέντα
3556 2208 3657 2274 τῆς
3715 2208 3973 2276 τοιαύτης

2399 2296 2664 2361 δουλείας,
2716 2296 2820 2348 ὑπὸ
2851 2296 2943 2348 τοῦ
2993 2296 3158 2366 νόμου
3208 2297 3303 2350 τοῦ
3345 2298 3674 2367 πνεύματος,
3709 2299 3856 2352 κατά
3884 2300 3971 2350 τὸν

2401 2389 2564 2456 σοφὸν
2609 2389 2929 2456 Σολομῶντα
2962 2404 2976 2418 ·
3012 2406 3029 2437 ι
3056 2388 3296 2457 Καρδίας
3345 2389 3798 2459 εὐφραινομένης,
3843 2385 3970 2440 θάλ-

2400 2481 2480 2531 λει
2545 2479 2881 2547 πρόσωπον·
2947 2479 3005 2531 ἐν
3079 2480 3136 2530 δὲ
3200 2479 3399 2542 λύπαις
3470 2479 3670 2550 οὔσης,
3735 2479 3971 2546 στυγνά-

2401 2572 2501 2635 ζει.
2539 2591 2556 2621 ι

2471 2660 2564 2716 λδ’.
2597 2662 2676 2714 Τὰ
2719 2663 3050 2731 ἐμπράκτως
3095 2661 3390 2730 τελούμενα
3421 2659 3568 2729 πάθη
3639 2661 3973 2730 ἐμπράκτως

2403 2757 2496 2808 καὶ
2536 2756 2950 2825 θεραπεύονται.
2985 2755 3195 2823 Ὥσπερ
3245 2755 3355 2824 γάρ
3396 2754 3654 2823 ἀκρασία,
3680 2755 3843 2824 ἡδονὴ
3882 2755 3973 2806 καὶ

2401 2847 2727 2913 ἀδδηφαγία,
2760 2846 2855 2897 καὶ
2897 2845 3010 2913 βίος
3054 2845 3260 2914 ἀμελὴς
3296 2844 3390 2896 καὶ
3431 2845 3846 2913 διακεχυμένος,
3876 2844 3973 2911 τὴν

2399 2938 2818 3006 ἐμπαθεστάτην
2850 2937 2965 3002 ἕξιν
2999 2936 3352 2989 ἀποτελοῦσιν
3383 2936 3439 2987 ἐν
3469 2940 3534 3006 τῇ
3575 2936 3743 3005 ψυχῇ,
3773 2935 3870 2988 καὶ
3895 2938 3972 2998 εἰς

2400 3029 2628 3098 πράξεις
2656 3029 2890 3089 ἀτόπους
2928 3029 3096 3092 αὐτὴν
3137 3028 3380 3093 ἄγουσιν,
3411 3027 3554 3080 οῦτω
3581 3029 3838 3089 στένωσις
3880 3029 3972 3079 καὶ

2398 3118 2719 3189 ἐγκράτεια,
2754 3117 2904 3168 πόνοι
2930 3118 3024 3170 καὶ
3048 3117 3259 3185 ἀγῶνες
3299 3117 3674 3186 πνευματικοὶ,
3701 3115 3800 3186 τὴν
3833 3118 3972 3169 ἀπά-

2402 3212 2553 3263 θειαν
2611 3206 3022 3278 περιποιοῦνται
3078 3208 3248 3276 αὐτῇ,
3303 3209 3397 3261 καὶ
3441 3207 3501 3271 ἐξ
3535 3206 3842 3275 ἐμπαθείας
3891 3207 3972 3268 είς

2403 3298 2672 3351 ἀπάθειαν
2703 3297 2870 3364 αὐτὴν
2899 3295 3318 3365 μεταφέρουσιν.

2472 3387 2565 3442 λε’.
2597 3382 2762 3441 Ὅταν
2787 3385 2845 3450 ἐξ
2870 3385 3126 3457 ἐπιπόνου
3156 3402 3238 3447 τις
3260 3385 3352 3438 καὶ
3378 3386 3626 3441 συντόνου
3685 3389 3972 3458 ἀσκήσεως

2401 3481 2620 3552 δωρεῶν
2656 3481 2902 3551 μεγάλων
2961 3478 3113 3550 παρά
3160 3477 3295 3530 Θεοῦ
3351 3477 3437 3531 διά
3473 3481 3973 3550 ταπεινοφροσύνης

2404 3573 2628 3641 ἀξιωθῇ,
2682 3568 2801 3624 εἶτα
2845 3572 3139 3641 ύποσυρεὶς
3186 3569 3417 3636 ἐκεῖθεν,
3476 3572 3702 3624 πάθεσιν
3759 3573 3968 3635 ἔκδοτος

2405 3663 2631 3732 γένηται
2677 3663 2771 3714 καί
2809 3661 3025 3730 δαίμοσι
3079 3659 3414 3724 παιδευταῖς,
3451 3660 3581 3713 ἵστω
3611 3662 3800 3714 ἑαυτὸν
3830 3661 3970 3730 ὑψω-

2405 3753 2588 3817 θὲντα,
2630 3753 2725 3804 καὶ
2779 3750 2990 3820 μεγάλα
3032 3751 3161 3820 περὶ
3203 3749 3398 3803 ἐαυτοῦ
3441 3749 3712 3819 οἰηθέντα,
3743 3752 3970 3803 καὶτῶν

2405 3844 2581 3899 ἄλλων
2642 3842 3090 3912 κατεπαρθέντα·
3153 3842 3450 3912 οὐδαμόθεν
3519 3840 3614 3896 οῦν
3673 3844 3894 3898 ἄλλοθεν
3943 3847 3971 3898 ό

2403 3933 2645 3996 τοιοῦτος
2673 3932 2899 4002 εὑρήσει
2923 3932 3022 4001 τὴν
3052 3930 3349 4001 θεραπείαν
3395 3933 3490 3985 καὶ
3518 3931 3838 4002 ἀπαλλαγὴν
3865 3931 3968 3986 τῶν

2405 4025 2743 4095 συνεχόντων
2774 4022 2942 4077 αὐτοῦ
2985 4023 3084 4093 τὴν
3129 4023 3277 4093 ζωὴν
3329 4023 3518 4075 παθῶν
3555 4023 3650 4076 καὶ
3677 4022 3966 4092 δαιμόνων,

2403 4118 2519 4172 ἀλλ’
2555 4117 2587 4186 ἧ
2619 4115 2727 4170 ἀπὸ
2767 4115 2859 4168 τοῦ
2889 4116 3219 4185 ἀναδραμεῖν
3249 4116 3410 4169 αὐτὸν
3444 4115 3531 4168 διὰ
3571 4114 3858 4185 μετανοίας
3892 4117 3966 4176 εἰς

2403 4207 2504 4277 τὴν
2527 4205 2750 4278 πρώτην
2781 4207 3134 4271 κατάστασιν,
3168 4206 3262 4259 καὶ
3289 4207 3596 4276 χρήσασθαι
3643 4205 3837 4276 μεσίτῃ
3875 4223 3968 4260 κα-

2405 4295 2504 4365 λῷ,
2547 4299 2614 4366 τῇ
2648 4295 2976 4348 ταπεινώσει
3034 4296 3128 4348 καὶ
3156 4298 3223 4366 τῇ
3267 4294 3558 4364 ἐπιγνώσει
3603 4295 3712 4348 τῶν
3757 4296 3967 4350 οἰκείων

744 4408 890 4453 iiciii,
948 4406 1041 4458 per
1088 4405 1224 4457 quas
1261 4391 1490 4459 quilibet
1536 4391 1588 4444 in
1645 4392 2001 4447 fundamento
2045 4395 2307 4450 virtutum

2408 4390 2620 4458 μέτρων
2647 4405 2660 4417 ·
2708 4387 2772 4440 δι’
2806 4384 2873 4458 ἦς
2916 4389 3022 4450 πᾶς
3067 4389 3096 4440 ὁ
3137 4388 3418 4457 ἱστάμενος
3455 4388 3635 4450 καλῶς
3669 4389 3724 4440 ἐν
3776 4386 3852 4456 τῷ
3885 4387 3971 4440 Os-

744 4484 877 4533 liiriie
938 4481 1235 4546 stabilitas,
1295 4483 1440 4534 omni
1506 4497 1626 4537 sese
1682 4495 1933 4538 creatura
1991 4485 2306 4540 inferiorem

740 4575 1039 4626 existimat.

811 4661 898 4710 36.
939 4659 1111 4728 {Eque
1143 4663 1346 4713 malum
1377 4670 1459 4713 est
1495 4663 1636 4729 apud
1677 4663 1842 4714 Deum
1884 4670 1937 4715 et
1966 4664 2217 4718 homines
2251 4666 2306 4720 iii

741 4751 962 4803 Chi-isto
1017 4756 1281 4812 viventes,
1333 4756 1426 4822 qui
1487 4754 1768 4808 luxuriosa
1818 4754 1967 4809 fovet
2023 4756 2307 4812 desideria

742 4841 940 4891 tuentis
969 4841 1404 4907 operationibus,
1456 4849 1508 4895 ct
1544 4842 1636 4910 qui
1687 4842 2002 4896 intumescit
2038 4843 2091 4895 in
2134 4845 2308 4898 virtu-

746 4935 888 4982 tiius
921 4931 1113 4997 spiritu
1150 4933 1616 5000 pi'tesumptioiiis.
1651 4932 2128 4996 Quemadmodum
2154 4938 2301 4989 enim

744 5039 863 5087 qua:
889 5023 980 5074 ille
1013 5023 1066 5073 in
1102 5023 1316 5076 oet-ulto
1351 5024 1479 5076 facit
1509 5041 1570 5078 ac
1609 5035 1885 5094 perpetrat
1917 5033 2073 5095 turpe
2104 5037 2187 5081 est
2224 5030 2310 5083 vel

744 5115 950 5174 dii-ere,
1003 5113 1075 5165 ita
1115 5123 1168 5167 et
1200 5116 1358 5182 hujus
1391 5132 1483 5168 eor
1528 5118 1826 5170 exaltatum
1864 5121 2058 5173 sordes
2113 5129 2195 5174 est
2252 5123 2306 5177 iii

744 5215 1036 5271 conspectu
1069 5205 1182 5258 Diri.
1225 5207 1286 5258 lit
1321 5211 1462 5260 sicut
1508 5209 1597 5260 ille
1647 5210 2032 5266 alioininabilis
2072 5222 2157 5267 est
2199 5212 2306 5265 Deo

747 5295 798 5347 in
832 5296 1097 5362 requiem,
1132 5297 1204 5349 ita
1236 5306 1288 5350 et
1313 5299 1398 5351 hic
1427 5300 1672 5368 impurus
1702 5313 1781 5355 est
1809 5317 1995 5356 coram
2022 5301 2153 5369 Deo,
2178 5305 2305 5373 quia

744 5391 829 5437 est
860 5383 1152 5451 superbus.

840 5697 858 5726 ⁵
885 5695 1040 5751 Prov.
1071 5713 1160 5762 xv,
1196 5701 1282 5754 15.

2407 4480 2575 4551 μελίῳ
2616 4478 2726 4531 τῶν
2771 4477 3016 4548 ἀρετῶν,
3074 4477 3335 4531 ὑποκάτω
3387 4479 3580 4532 ἐαυτὸν
3629 4478 3740 4548 ἔχει
3793 4479 3968 4547 πάσης

2405 4570 2655 4632 κτίσεως.

2475 4660 2582 4725 λς’.
2625 4662 2766 4712 Ἴσον
2822 4659 2992 4712 κακόν
3023 4669 3140 4711 εστι
3175 4659 3325 4729 παρά
3359 4659 3477 4727 Θεῷ
3525 4659 3617 4711 καὶ
3643 4658 3964 4726 ἀνθρώποις.

2405 4753 2540 4815 ζῶσι
2581 4751 2722 4805 κατά
2756 4749 3014 4819 Χριστὸν,
3045 4749 3105 4802 τὸ
3137 4752 3230 4802 καὶ
3273 4751 3496 4820 ἐμπαθῆ
3527 4767 3648 4802 τινα
3683 4747 3819 4802 εἶναι
3849 4753 3965 4811 ταῖς

2406 4842 2639 4911 πράξεσι
2699 4844 2924 4909 γνώμης
2969 4838 3255 4908 ἀκολασίᾳ,
3313 4840 3406 4891 καὶ
3445 4837 3859 4906 πεφυσιωμένον
3909 4839 3964 4888 ἐν

2403 4935 2521 4996 ταῖς
2558 4935 2779 5001 ἀρεταῖς
2800 4936 2878 5000 τῷ
2914 4931 3014 5000 τῆς
3043 4931 3266 4998 οἰήσεως
3305 4929 3595 5000 πνεύματι.
3646 4931 3742 4981 ⁸·ον
3775 4927 3967 4996 τρόπον

2403 5024 2514 5094 γὰρ
2553 5023 2645 5075 τοῦ
2705 5024 2923 5090 πρώτου
2969 5021 3034 5073 τά
3069 5022 3402 5090 ἐμπράκτως
3463 5022 3564 5072 καὶ
3602 5019 3785 5089 κρυφῆ
3829 5021 3968 5086 γινό-

2409 5131 2547 5185 μενα
2577 5114 2800 5181 αἰσχρόν
2831 5116 2947 5164 ἐστι
2985 5111 3080 5164 καὶ
3113 5111 3314 5178 λέγειν,
3355 5111 3496 5164 οὕτω
3535 5113 3629 5164 καὶ
3658 5110 3753 5162 τοῦ
3785 5111 3965 5162 δευτέ-

2410 5223 2502 5277 ρου
2560 5205 2629 5258 τὰ
2679 5205 2949 5272 ὑψώματα
2992 5204 3088 5272 τῆς
3146 5203 3371 5272 καρδίας
3441 5200 3784 5271 βδελύγματά
3830 5200 3965 5250 εἰσιν

2408 5294 2636 5348 ἐνώπιον
2686 5293 2780 5346 τοῦ
2842 5294 3000 5348 Θεοῦ.
3066 5293 3177 5346 Καὶ
3243 5293 3431 5364 ῶσπερ
3483 5294 3688 5355 ἐκεῖνος
3743 5291 3967 5359 ἀποτρό-

2409 5404 2565 5448 παιος
2615 5386 2694 5454 τῷ
2731 5386 2851 5454 Θεῴ
2903 5388 2980 5448 εἰς
3035 5386 3364 5449 ἀνάπαυσιν,
3403 5382 3489 5437 διά
3535 5384 3591 5435 τὸ
3635 5380 3772 5435 εἶναι
3805 5383 3968 5434 αὑτὸν

2410 5480 2774 5548 σάρκα,κατὰ
2811 5481 2872 5529 τὸ
2912 5479 3113 5544 λόγιον,
3167 5477 3308 5529 οῦτω
3349 5478 3441 5529 καὶ
3470 5471 3624 5537 οὗτος
3671 5472 3822 5543 παρά
3859 5474 3971 5526 Ku-

2413 5573 2512 5642 ρίῳ
2563 5572 2911 5638 ἀκάθαρτος,
2976 5571 3062 5623 διὰ
3129 5569 3188 5622 τὸ
3265 5565 3403 5622 εἶναι
3469 5567 3633 5620 αὑτὸν
3694 5568 3977 5637 ὑπερήφα-

2414 5676 2517 5713 νον.
