4152 6338
182 381 287 442 861i

1017 378 1554 441 PRACTICORUM
1592 377 1932 442 CAPITUM
1974 376 2369 445 CENTURIA
2398 380 2447 444 Ι.

3333 380 3441 444 870

268 504 365 567 λζ’.
410 501 482 554 Οὐ
523 501 634 570 γὰρ
678 500 731 553 εῖ
760 515 813 552 τι
862 496 1067 569 πάθος,
1112 497 1272 551 τοῦτο
1324 494 1769 578 καὶέμπρακτος

1935 492 2025 547 57.
2064 492 2182 547 Non
2248 493 2394 564 quod
2427 492 2703 565 cupiditas
2739 493 2813 549 sit
2871 502 3027 553 actus
3073 501 3305 569 l..ceati,
3340 506 3437 560 sed

200 590 444 662 ἁμαρτία
471 606 483 620 ·
524 589 659 642 ἀλλὰ
696 587 883 659 ἓτερον
922 586 1101 653 τοῦτο,
1139 588 1234 640 καὶ
1267 586 1395 641 ἄλλο
1426 587 1623 639 έκεῖνο.
1655 587 1770 639 Πά-

200 686 290 746 lio;
327 683 423 753 μὲν
457 678 552 735 οὖν
578 682 695 732 ὲστι
718 680 805 748 ςτδ
847 679 940 731 ἐπὶ
977 678 1155 748 ψυχὴν
1184 677 1502 746 κινούμενον
1526 691 1540 706 ο
1570 676 1771 747 πρᾶξις

196 775 254 829 δὲ
283 776 619 845 ὲφάμαρτος,
644 774 676 841 ἡ
712 772 802 825 ἐπὶ
832 770 891 824 τὸ
909 769 1066 841 σῶμα
1096 768 1441 841 θεωρουμένη
1465 784 1479 799 ο
1511 765 1621 822 οἷον
1652 768 1774 837 φιλ-

198 865 406 935 ηδονία,
460 862 815 933 φιλαργυρία,
862 861 957 915 καὶ
1006 861 1299 928 φιλοδοξία,
1363 860 1511 930 πάθη
1558 860 1772 931 χαλεπά

197 958 315 1008 ἔστι
369 956 470 1026 τῆς
507 954 718 1024 ψυχῆςο
768 954 993 1025 πορνεία
1045 953 1135 1018 δὲ,
1193 952 1285 1006 καὶ
1334 952 1633 1019 πλεονεξία,
1679 953 1773 1007 καὶ

198 1046 404 1113 ἀδικία,
456 1046 684 1117 πράξεις
718 1047 1026 1115 ἑφάμαρτοι
1057 1044 1159 1112 τῆς
1212 1042 1407 1113 σαρκός
1431 1058 1447 1073 ο
1485 1040 1768 1111 ἐπιθυμία,

201 1137 397 1210 θυμὸς,
430 1139 526 1191 καὶ
566 1136 964 1206 ὑπερηφάνεια,
1008 1134 1155 1205 πάθη
1192 1135 1390 1205 ψυχῆς.
1426 1132 1575 1204 παρὰ
1614 1132 1775 1201 φύσιν

200 1230 311 1283 τῶν
367 1229 651 1299 δυνάμεων
700 1229 1038 1298 κινουμένων
1071 1225 1276 1295 αύτῆςο
1323 1224 1509 1295 μοιχία
1555 1224 1613 1278 δὲ
1680 1224 1776 1278 καὶ

203 1323 387 1391 φόνος,
424 1322 599 1393 κλοπὴ
644 1321 741 1375 καὶ
780 1321 942 1392 μέθη,
982 1320 1076 1375 καὶ
1107 1318 1162 1373 εἴ
1186 1336 1238 1372 τι
1269 1318 1396 1373 ἄλλο
1418 1317 1507 1372 διά
1543 1316 1636 1370 τοῦ
1668 1318 1775 1397 σὼτ

205 1431 378 1484 ματος
434 1414 758 1485 πράττεται,
791 1411 1019 1484 πράξεις
1064 1410 1374 1482 ὲφάμαρτοι
1413 1410 1507 1464 καὶ
1542 1405 1781 1479 χαλεπαὶ

200 1504 306 1577 τῆς
330 1505 554 1576 σαρκός.

278 1593 382 1667 λη’.
417 1597 578 1669 Τρεῖς
615 1598 756 1653 εἰσιν
807 1600 855 1652 oi
895 1595 1248 1669 γενικώτατοι
1290 1596 1507 1650 πάντων
1534 1594 1641 1648 τῶν
1680 1610 1781 1650 παο

204 1684 317 1738 θῶν
356 1686 573 1757 ἔξαρχοι
593 1700 608 1715 ⁸
656 1689 751 1740 καὶ
780 1690 931 1759 τρεῖς
960 1689 1014 1741 αἱ
1046 1686 1167 1741 κατ’
1208 1684 1388 1741 αὐτῶν
1418 1683 1775 1755 παρατάξεις,

203 1773 299 1825 καὶ
340 1776 491 1843 τρεῖς
519 1775 568 1827 οἱ
606 1775 813 1829 τούτων
842 1774 1339 1846 καταγωνιζόμενοί
1376 1790 1437 1826 τε
1468 1773 1563 1826 καὶ
1606 1790 1778 1828 κατα-

203 1860 493 1926 ϐάλλοντες
516 1879 530 1895 ⁸
566 1866 595 1916 6
627 1865 1007 1934 είσαγωγικδς,
1060 1868 1089 1918 ό
1118 1866 1303 1935 μέσος,
1340 1865 1433 1917 καὶ
1458 1865 1487 1915 6
1526 1862 1732 1926 τέλειος
1761 1878 1775 1894 δ

201 1952 295 2005 τὸν
351 1953 451 2023 τῆς
501 1954 834 2025 φιληδονίας,
875 1956 966 2011 τὸν
999 1957 1097 2026 τῆς
1125 1953 1511 2025 φιλαργυρίας,
1558 1952 1653 2006 καὶ
1689 1952 1779 2006 τὸν

202 2045 304 2115 τῆς
331 2044 633 2114 φιλοδοξίας
666 2047 994 2118 τρικέφαλον
1033 2047 1321 2119 δράκοντα.

278 2153 374 2208 λθ’.
414 2156 522 2225 Οὐχ
544 2152 624 2218 εἷς
645 2158 742 2213 καὶ⁹
768 2161 796 2212 6
824 2162 985 2225 αὐτὸς
1003 2162 1150 2231 ἀγὼν
1184 2163 1296 2226 τοῖς
1316 2162 1463 2233 τρισὶ
1492 2162 1635 2215 κατά
1658 2162 1769 2215 τῶν

203 2243 373 2312 τριῶν
406 2246 589 2317 ἀρχῶν
618 2250 712 2301 καὶ
740 2248 1019 2317 δυνάμεων
1048 2251 1141 2304 τοῦ
1169 2252 1572 2317 ὲξουσιάζοντος
1606 2251 1776 2306 πνεύ-

208 2351 402 2403 ματος,
451 2337 567 2390 ἀλλ’
597 2339 755 2403 ἀλλος
807 2342 903 2394 καὶ
949 2341 1127 2405 ἄλλος.
1160 2342 1369 2406 Ἀλλως
1424 2342 1567 2395 κατά
1615 2360 1783 2413 στρα-

204 2427 505 2500 τευομένης
550 2431 650 2501 τῆς
709 2434 837 2499 μιᾶς
895 2433 988 2485 καὶ
1046 2434 1176 2502 μιᾶς
1228 2432 1435 2486 τούτων
1468 2433 1643 2503 ἀρχῆς
1689 2430 1782 2502 ὑφ’

206 2518 441 2570 ἑκάστου
482 2519 574 2573 τοῦ
597 2521 734 2587 πρὸς
771 2523 872 2592 τὴν
905 2522 1085 2593 μάχην
1145 2522 1316 2592 αὐτῆς
1346 2522 1638 2592 ἱσταμένου
1685 2522 1778 2575 καὶ

204 2608 673 2682 καθοπλιζομένου
703 2613 945 2683 φυσικῶς
968 2613 1045 2683 τῷ
1076 2613 1269 2682 δικαίῳ
1299 2612 1475 2683 θυμῷ.

288 2717 362 2786 μ’.
410 2718 469 2772 '0
496 2719 619 2791 ἄρτι
640 2722 778 2791 πρὸς
807 2724 933 2787 τοὺς
963 2723 1180 2792 ἀγῶνας
1211 2725 1309 2794 τῆς
1338 2723 1619 2788 εὐσεϐείας
1649 2723 1785 2777 ἀπο-

208 2809 529 2879 δυσάμενος,
588 2814 683 2866 καὶ
740 2814 1103 2882 είσαγωγικδς
1134 2812 1229 2867 ὣν
1278 2814 1413 2883 πρὸς
1476 2815 1784 2883 παράταξιν

208 2898 322 2951 τῶν
352 2899 558 2967 παθῶν,
589 2900 732 2954 κατὰ
752 2901 845 2954 τοῦ
868 2901 1177 2972 πνεύματος
1202 2902 1301 2971 τῆς
1334 2901 1645 2969 φιληδονίας
1673 2903 1782 2957 πᾶ-

208 3006 312 3042 σαν
332 2989 478 3060 αῖρει
513 2990 609 3061 τὴν
642 2992 823 3063 μάχην
854 2993 1043 3059 αὑτοῦ,
1076 2992 1171 3047 καὶ
1214 2992 1438 3056 δυνατὸς
1484 2993 1574 3047 διά
1601 2994 1782 3065 πάσης

206 3078 583 3143 κακοπαθείας
621 3082 744 3134 κατ’
797 3080 965 3135 αὑτοῦ
1020 3081 1404 3155 ὲκστρατεύει,
1443 3082 1652 3150 σάρκας
1685 3081 1782 3151 μὲν

204 3173 327 3234 ταῖς
359 3171 595 3235 ἀσιτίαις
621 3173 892 3242 ὲκτήκων,
923 3174 1043 3236 ταῖς
1078 3174 1422 3244 χαμευνίαις,
1462 3176 1583 3237 ταῖς
1612 3156 1833 3244 ἀγρυ-(ἶ

205 3260 416 3325 πνίαις,
447 3260 543 3315 καὶ
589 3264 711 3326 ταῖς
744 3262 1041 3333 παννύχοις
1074 3265 1314 3333 δεήσεσι,
1338 3264 1516 3333 ψυχὴν
1550 3263 1609 3317 δὲ
1653 3280 1782 3317 συν-

203 3349 410 3417 τρίϐων
446 3354 513 3421 τῇ
548 3352 739 3423 μνήμῃ
765 3352 872 3405 τῶν
901 3354 996 3407 τοῦ
1027 3352 1153 3424 ᾅδου
1182 3352 1406 3417 ποινῶν,
1448 3353 1544 3406 καὶ
1582 3354 1651 3425 τῇ
1683 3352 1780 3407 τοῦ

204 3438 441 3492 θανάτου
476 3440 697 3512 μελέτῃ,
734 3442 827 3495 καὶ
866 3442 967 3511 τὴν
1013 3443 1239 3513 καρδίαν
1290 3443 1629 3513 ἀποσμήχων
1680 3443 1777 3496 τοῦ

204 3530 382 3600 ῥύπου
414 3532 525 3586 τῶν
547 3534 901 3604 συνδυασμῶν
946 3534 1041 3588 καὶ
1067 3533 1517 3604 συγκαταθέσεων
1546 3535 1635 3589 διὰ
1678 3535 1779 3590 δα-

202 3622 389 3692 κρύων
421 3623 522 3693 τῆς
558 3622 862 3692 μετανοίας.

278 3762 391 3835 μα’.
431 3764 490 3817 '0
521 3763 660 3835 πρὸς
687 3762 745 3817 τδ
775 3763 940 3835 μέσον
968 3763 1067 3834 τῆς
1093 3763 1267 3834 ἀρχῆς
1292 3762 1661 3834 μεταθέμενος
1679 3760 1781 3832 τὴν

205 3855 479 3921 ἐπίϐασιν,
518 3855 614 3908 καὶ
630 3855 766 3918 τοὺς
802 3854 1035 3925 ἱδρῶτας
1062 3853 1187 3917 τοὺς
1212 3854 1353 3909 κατά
1373 3852 1467 3909 τοῦ
1497 3852 1779 3924 φιληδόνου

208 3946 519 4017 πνεύματος
546 3944 637 4000 διά
665 3945 759 3999 τοῦ
799 3947 1040 4015 σπόγγου
1082 3946 1183 4015 τῆς
1237 3943 1462 4017 πρώτης
1505 3944 1780 4008 ἀπαθείας

206 4038 653 4109 ἀπομαξάμενος,
666 4038 792 4109 ἄρτι
810 4038 866 4091 δὲ
884 4038 1010 4101 τοὺς
1027 4037 1335 4107 ὀφθαλμοὺς
1353 4035 1777 4105 ἀποκαλυφθεὶς,

208 4131 305 4183 καὶ
326 4129 425 4193 τὰς
456 4128 649 4198 φύσεις
675 4130 807 4200 δρᾷν
829 4128 937 4182 τῶν
958 4128 1128 4181 όντων
1157 4126 1488 4199 ἀρξάμενος,
1517 4126 1659 4180 κατά
1684 4125 1779 4180 τοῦ

207 4218 521 4289 πνεύματος
552 4220 651 4292 τῆς
681 4219 913 4274 ἀπίστου
952 4218 1318 4289 φιλαργυρίας
1350 4216 1495 4289 αἴρει
1543 4216 1613 4271 τὰ
1638 4216 1779 4271 ὅπλα

206 4311 308 4381 τῆς
335 4310 594 4375 πίστεως,
615 4310 707 4363 τὸν
729 4309 855 4363 νοῦν
888 4309 987 4381 μὲν
1014 4310 1232 4378 ἀνυψῶν
1261 4308 1454 4363 ἑαυτοῦ
1481 4310 1545 4379 τῇ
1582 4306 1780 4379 μελέτῃ

206 4404 320 4456 τῶν
372 4404 536 4457 θείων
590 4404 956 4475 πραγμάτων,
1011 4403 1101 4456 τὸν
1132 4404 1189 4457 δὲ
1232 4404 1390 4473 λόγον
1444 4402 1781 4474 παραθήγων

1864 583 2014 638 aliud
2047 584 2165 650 hic,
2193 585 2340 638 aliud
2363 584 2450 638 ilia
2468 584 2872 655 est.Cupiditas
2894 596 2978 641 est
3004 598 3186 646 motus
3213 595 3434 660 animae,

1866 684 2024 731 actus
2065 676 2486 745 peccaminosus
2520 678 2587 733 ad
2628 692 2836 747 corpus
2868 686 3099 749 spectat.
3131 679 3221 735 Sic
3245 684 3433 748 libido,

1864 766 2093 819 avaritia
2118 774 2172 820 et
2203 765 2433 821 ambitio
2464 776 2591 821 sunt
2622 782 2804 837 pravae
2838 771 3170 840 cupiditates
3196 775 3433 841 animae;

1867 853 2159 913 fornicatio
2192 864 2402 921 autem,
2429 859 2558 914 boni
2585 859 2749 915 alieni
2774 862 3060 932 usurpatio
3085 871 3141 919 et
3163 866 3438 937 injustitia

1868 957 1999 1002 sunt
2040 949 2410 1018 peccaminosi
2466 951 2652 1006 carnis
2697 959 2899 1007 actus:
2957 958 3437 1028 concupiscentia,

1870 1042 1953 1095 ira
1985 1051 2041 1097 et
2081 1043 2356 1112 superbia,
2390 1042 2723 1111 cupiditates
2786 1051 2913 1100 sunt
2941 1046 3135 1102 animae
3152 1048 3439 1106 facultates

1875 1148 2005 1188 suas
2055 1143 2244 1189 contra
2276 1145 2533 1191 naturam
2567 1136 2873 1205 moventis;
2930 1136 3263 1193 adulterium
3306 1155 3438 1195 vero

1870 1234 1924 1280 et
1968 1224 2169 1285 cades.
2214 1224 2421 1280 furtum
2458 1236 2512 1281 et
2560 1226 2821 1293 ebrietas,
2859 1237 2914 1283 et
2961 1228 3182 1299 quidvis
3215 1228 3365 1285 aliud
3407 1246 3437 1284 τι

1866 1331 2102 1385 corpore
2158 1324 2467 1386 patratum,
2526 1319 2898 1389 peccaminosi
2974 1329 3109 1387 sunt
3173 1321 3444 1393 pravique

1865 1406 2047 1461 carnis
2073 1414 2249 1463 actus.

1942 1598 2035 1655 38.
2064 1597 2204 1655 Tres
2235 1608 2368 1655 sunt
2406 1599 2811 1672 generalissimi
2852 1603 3234 1659 universarum
3284 1606 3441 1676 cupi-

1876 1691 2109 1746 ditatum
2162 1692 2353 1757 duces,
2385 1700 2441 1747 et
2476 1701 2590 1750 tres
2633 1701 2831 1749 contra
2872 1709 2968 1751 eos
3012 1694 3179 1758 acies,
3230 1703 3283 1749 et
3330 1706 3441 1751 tres

1871 1791 2023 1847 sunt,
2057 1797 2256 1852 nempe
2286 1782 2581 1854 incipiens,
2615 1783 2907 1855 proficiens
2927 1794 2983 1839 et
3014 1786 3319 1854 perfectus,
3349 1787 3442 1857 qui

1867 1886 1961 1928 eos
2023 1872 2318 1938 debellant,
2374 1888 2439 1928 ac
2490 1883 2851 1943 prosternunt
2892 1876 3190 1947 tricipitem
3238 1878 3447 1935 amoris

1866 1965 2237 2035 voluptatum,
2261 1966 2623 2036 pecuniaeque
2660 1975 2717 2021 et
2748 1968 3017 2024 honorum
3052 1972 3373 2026 draconem.

1938 2162 2028 2218 39.
2062 2160 2180 2216 Non
2212 2177 2382 2217 unum
2412 2170 2467 2218 et
2498 2160 2640 2217 idem
2676 2170 2761 2219 est
2785 2163 2971 2220 tribus
2997 2173 3274 2221 certamen
3311 2182 3443 2221 con-

1870 2263 1953 2308 tra
2008 2262 2121 2308 tres
2188 2255 2358 2309 duces
2401 2262 2455 2307 et
2509 2254 2787 2310 exercitus
2840 2256 3043 2310 summi
3087 2260 3446 2328 imperatoris

1870 2344 2118 2415 spiritus,
2145 2344 2240 2398 sed
2272 2342 2422 2398 aliud
2454 2349 2511 2399 et
2536 2343 2707 2398 aliud.
2756 2345 2928 2401 Aliter
2950 2357 3225 2418 pugnatur
3249 2358 3442 2404 contra

1870 2451 2066 2500 unum,
2096 2443 2151 2488 et
2180 2434 2341 2489 aliter
2369 2441 2562 2489 contra
2592 2437 2824 2490 alterum
2849 2437 3051 2492 ducum
3081 2439 3173 2507 qui
3200 2440 3442 2494 militant

1868 2528 1971 2583 sub
2005 2525 2238 2597 singulis
2290 2526 2565 2597 praefectis
2602 2540 2696 2582 eos
2740 2528 2805 2583 ad
2836 2529 3082 2597 praelium
3114 2530 3443 2589 ducentibus

1871 2628 1924 2674 et
1950 2618 2101 2689 justa
2138 2616 2463 2673 fortitudine
2486 2618 2814 2674 naturaliter
2843 2620 3089 2676 armatis.

1942 2710 2034 2783 δῖ).
2072 2727 2174 2795 Qui
2226 2743 2402 2799 nuper
2452 2728 2521 2783 ad
2590 2744 2792 2800 agones
2837 2732 3053 2801 pietatis
3080 2748 3142 2790 se
3194 2733 3437 2802 nudavit,

1868 2820 2075 2891 quique
2102 2819 2293 2889 incipit
2344 2835 2583 2890 pugnam
2620 2830 2810 2876 contra
2844 2824 3197 2894 cupiditates,
3245 2826 3432 2883 adver-

1869 2928 1964 2966 sus
1986 2910 2217 2965 lnxuriaa
2237 2910 2492 2980 spiritum
2515 2913 2715 2965 luctain
2738 2926 2954 2967 omnem
2981 2914 3185 2986 dirigit,
3208 2918 3432 2986 totisqut

1868 3001 2086 3056 viribus
2115 3016 2213 3073 per
2254 3001 2428 3056 multa
2463 3009 2739 3056 tormenta
2770 3011 2963 3057 contra
2998 3020 3123 3061 eum
3172 3006 3432 3075 decertat,

1868 3104 2089 3146 carnem
2122 3097 2427 3145 extenuans
2448 3090 2773 3146 abstinendo
2796 3094 2960 3161 cibis,
2989 3095 3136 3150 humi
3166 3099 3436 3163 cubando,

1872 3190 2045 3237 totam
2087 3191 2308 3238 noctem
2348 3181 2405 3236 in
2434 3181 2639 3250 vigiliis
2668 3190 2723 3238 et
2746 3189 2999 3241 oratione
3028 3190 3438 3256 consumendo;

1872 3274 2116 3328 animam
2170 3286 2303 3327 vero
2353 3280 2650 3328 conterens
2714 3276 3093 3333 recordatione
3153 3292 3441 3349 poenarum

1874 3363 2074 3419 inferni
2110 3370 2164 3418 et
2194 3361 2393 3417 mortis
2428 3361 2807 3429 meditatione,
2839 3373 2894 3419 et
2919 3381 2948 3420 a
2973 3367 3137 3422 corde
3156 3378 3441 3439 extergens

1872 3471 1971 3527 per
2003 3455 2341 3528 pmnitentiae
2379 3452 2650 3526 lacrymas
2695 3456 2913 3514 sordem
2954 3459 3165 3530 copulae
3195 3468 3251 3515 et
3288 3475 3441 3516 com-

1874 3548 2068 3603 mercii
2097 3548 2363 3604 carnalis.

1945 3768 2039 3822 41.
2081 3766 2184 3833 Qui
2220 3766 2289 3823 de
2326 3766 2486 3822 initio
2516 3766 2585 3822 ad
2620 3766 2862 3823 medium
2892 3781 3115 3837 gressus
3142 3768 3438 3834 convertit,

1872 3860 2210 3929 sudoresque
2254 3858 2309 3912 in
2353 3857 2617 3914 luctando
2660 3865 2855 3913 contra
2902 3858 3135 3913 luxuriae
3190 3858 3439 3927 spiritum

1870 3952 2087 4008 elicitos
2134 3949 2325 4020 prima:
2384 3948 2851 4020 impassibilitatis
2900 3946 3129 4019 spongia
3180 3950 3436 4015 extersit,

1872 4041 2079 4113 quique
2137 4045 2391 4096 recenter
2453 4038 2828 4108 discooperuit
2894 4036 3440 4107 oculos,rermnquc

1870 4142 2102 4188 naturas
2129 4130 2484 4188 considerare
2512 4126 2734 4199 incepit,
2762 4140 2957 4185 contra
2994 4128 3247 4199 spiritum
3292 4127 3440 4182 didi-

1870 4221 2056 4278 dentis
2092 4220 2339 4276 avaritia:
2391 4219 2537 4275 tollit
2580 4233 2731 4273 arma
2787 4218 2933 4283 fidei,
2991 4226 3227 4275 mentem
3279 4232 3436 4273 suam

1869 4314 2093 4369 elevans
2120 4311 2479 4366 meditatione
2510 4310 2823 4364 divinorum
2855 4323 3107 4379 Operum,
3165 4308 3436 4364 rationem

1870 4413 2086 4462 acutam
2140 4411 2196 4461 et
2253 4403 2628 4475 perspicacem
2683 4401 2918 4456 reddens
2972 4399 3041 4455 ad
3088 4399 3438 4470 explicandas

206 4497 322 4555 τοῖς
351 4493 531 4561 λόγοις
560 4495 663 4564 τῆς
694 4494 945 4558 κτίσεως,
995 4494 1092 4547 καὶ
1120 4495 1201 4557 είς
1248 4494 1311 4547 τὸ
1343 4494 1440 4557 τὰς
1470 4494 1659 4563 φύσεις
1684 4493 1778 4546 αύ-

1868 4497 2245 4553 creaturaruni
2283 4494 2526 4549 rationes
2556 4482 2625 4547 ac
2654 4488 2903 4558 naturas,
2956 4497 3012 4546 et
3056 4491 3296 4545 animam
3330 4491 3435 4545 du-

206 4584 319 4637 τῶν
344 4583 712 4655 ἐκδιηγεῖσθαι
761 4584 1061 4656 διατρανῶν
1085 4600 1101 4616 ο
1122 4585 1222 4655 τὴν
1266 4584 1324 4638 δὲ
1357 4584 1533 4656 ψυχὴν
1562 4585 1780 4654 ἀνάγων

205 4681 274 4749 τῇ
304 4676 485 4731 πίστει
514 4678 622 4731 ἀπὸ
650 4676 759 4731 τῶν
791 4677 1109 4750 δρωμένων,
1140 4677 1234 4730 ἐπὶ
1250 4678 1317 4731 τά
1347 4676 1457 4748 ὕψη
1483 4676 1593 4730 τῶν
1613 4676 1781 4745 ἀορά-

205 4782 339 4829 των,
373 4765 469 4819 καὶ
495 4765 699 4820 πείθων
725 4765 889 4820 αὐτὸν
919 4761 1060 4820 εἶναι
1089 4765 1413 4837 προνοητὴν,
1447 4766 1541 4819 τὸν
1590 4766 1655 4818 ὲκ
1684 4761 1783 4818 τοῦ

210 4854 288 4925 μὴ
313 4854 465 4920 ὄντος
491 4857 573 4920 είς
593 4855 653 4910 τὸ
675 4851 818 4909 εῖναι
846 4857 916 4911 τά
970 4856 1150 4912 πάντα
1183 4856 1575 4929 παραγαγόντα
1617 4855 1773 4925 Θεὸν,

204 4942 317 4995 τῶν
343 4942 559 4998 οἰκείων
583 4942 783 5015 ἔργων,
806 4945 900 4998 καὶ
923 4944 1053 5016 ὃλην
1084 4944 1184 5017 τὴν
1217 4946 1408 5000 ἐλπίδα
1462 4946 1636 5001 ποιῶν
1676 4946 1779 5017 τῆς

208 5031 393 5085 ἐνθέου
418 5030 583 5103 ζωῆς.

281 5127 392 5200 μβ’.
430 5129 489 5183 '0
515 5130 575 5184 τὺ
614 5134 779 5202 μέσον
798 5130 887 5186 διὰ
912 5130 1147 5204 θεωρίας
1176 5135 1272 5190 καὶ
1307 5134 1578 5200 ἀπαθείας
1607 5137 1781 5208 περά.

208 5236 331 5283 σας,
384 5221 479 5275 καὶ
512 5220 574 5274 τδ
595 5222 870 5294 ἀπατηλὸν
914 5224 1239 5296 ὑπερκύψας
1278 5229 1380 5299 τῆς
1429 5230 1777 5301 παγκοσμίου

207 5310 533 5381 αἰσθήσεως,
565 5313 690 5383 ἄρτι
716 5313 772 5366 δὲ
801 5314 941 5385 μετά
971 5315 1063 5368 τοῦ
1090 5315 1251 5385 λόγου
1282 5319 1380 5388 τῆς
1407 5318 1659 5386 γνώσεως
1682 5320 1779 5374 καὶ

209 5401 312 5471 τῆς
338 5403 703 5457 ένυποστάτου
728 5404 863 5459 Θεοῦ
890 5406 1104 5475 σοφίας,
1138 5406 1217 5480 τῷ
1253 5409 1435 5481 γνόφῳ
1470 5410 1569 5479 τῆς
1594 5412 1777 5465 θεολο-

213 5493 341 5561 γίας
396 5494 596 5559 εἰσδὺς,
637 5496 779 5550 κατά
813 5496 909 5551 τοῦ
950 5498 1259 5570 πνεύματος
1304 5502 1403 5569 τῆς
1452 5502 1775 5572 φιλοδοξίας,

214 5585 384 5652 αἴρει,
406 5585 634 5656 δυνάμει
659 5588 759 5657 τῆς
779 5588 1307 5661 ταπεινοφροσύνης,
1333 5592 1401 5643 τὰ
1422 5591 1583 5658 ὅπλα,
1602 5593 1778 5665 ψυχὴν

218 5678 317 5746 μὲν
346 5678 408 5730 ὲν
454 5681 577 5742 ταῖς
614 5680 786 5749 ἱεραῖς
824 5680 1201 5751 ἀποκαλύψεσι
1256 5683 1631 5749 κατανύσσων,
1682 5687 1778 5739 καὶ

211 5767 420 5833 δάκρυα
448 5769 701 5838 προχέειν
728 5769 1011 5835 ἀνωδύνως
1037 5772 1207 5827 ποιῶν
1227 5789 1241 5806 ο
1269 5773 1328 5825 τὸ
1351 5772 1407 5825 δέ
1430 5789 1491 5841 γε
1523 5774 1775 5845 φρόνημα

1861 4604 1994 4644 cens
2037 4603 2068 4642 ιι
2112 4585 2425 4642 visibilibus
2479 4584 2549 4638 ad
2582 4583 2942 4639 invisibilium
2977 4585 3172 4649 ardua,
3203 4582 3436 4638 credens

1862 4679 2215 4751 providentia:
2253 4676 2350 4732 Dei
2379 4676 2527 4732 illius
2563 4675 2657 4745 qui
2719 4676 2936 4745 propria
2966 4676 3280 4747 operatione
3308 4689 3434 4728 om-

1863 4772 1949 4826 nia
1977 4786 2043 4826 ex
2078 4769 2255 4826 nihilo
2286 4768 2354 4823 ad
2394 4783 2495 4825 ens
2518 4766 2729 4832 eduxit,
2760 4776 2927 4839 atque
2954 4775 3067 4823 tota
3116 4782 3216 4838 spe
3259 4769 3429 4824 vitam

1868 4862 2107 4918 divinam
2131 4870 2479 4933 exspectans.

1937 5141 2028 5198 η.
2059 5140 2161 5208 Qui
2183 5139 2471 5197 dimidium
2495 5156 2600 5211 ope
2630 5143 3113 5214 contemplationis
3138 5152 3195 5202 et
3227 5145 3431 5218 impas-

1867 5232 2153 5288 sibiiitatis
2200 5232 2441 5297 transiit,
2493 5231 2885 5304 fallaciamque
2924 5248 3118 5291 sensus
3163 5240 3426 5295 mundani

1861 5339 2251 5394 supergressus
2270 5333 2373 5391 est,
2399 5339 2463 5379 ac
2485 5332 2759 5387 recenter.
2784 5325 3012 5395 juvante
3042 5326 3219 5382 Verbo
3242 5331 3427 5385 scien-

1862 5419 1951 5473 tia:
1974 5427 2029 5473 et
2074 5418 2352 5488 personali
2382 5419 2477 5474 Dei
2520 5416 2832 5490 Sapientia,
2862 5418 3099 5473 obscura
3138 5419 3424 5488 ingressus

1859 5519 1946 5567 est
1977 5510 2270 5581 theologia:
2301 5510 2584 5582 mysteria,
2615 5518 2806 5566 contra
2838 5508 3095 5579 spiritum
3124 5509 3419 5579 superbiai,

1861 5602 2169 5658 humilitate
2194 5602 2542 5668 obfirmatus,
2568 5616 2719 5657 arma
2748 5600 2910 5666 tollit,
2947 5602 3187 5655 animam
3224 5602 3281 5654 in
3336 5600 3413 5655 di-

1860 5693 2006 5749 vinis
2062 5694 2489 5749 revelationibus
2553 5708 2968 5764 compungens,
3033 5693 3422 5761 lacrymasque

1863 5789 1986 5841 sine
2025 5784 2217 5844 dolore
2256 5786 2505 5845 eiiciens.
2537 5787 2774 5841 animum
2817 5800 2945 5842 vero
2992 5784 3252 5839 memoria
3309 5783 3416 5838 hu-
