  <div class='ocr_page' id='page_1' title='image "/cluster/home/n/w/nwhite01/storage/ocr_20150623/120/pst.000005714353/443.png"; bbox 0 0 4106 6336; ppageno 0'>
   <div class='ocr_carea' id='block_1_1' title="bbox 652 387 751 453">
    <p class='ocr_par' dir='ltr' id='par_1_1' title="bbox 652 387 751 453">
     <span class='ocr_line' id='line_1_1' title="bbox 652 387 751 453; baseline -0.03 -1"><span class='ocrx_word' id='word_1_1' title='bbox 652 387 751 453; x_wconf 84' lang='lat'>871</span> 
     </span>
    </p>
   </div>
   <div class='ocr_carea' id='block_1_2' title="bbox 1843 364 2606 450">
    <p class='ocr_par' dir='ltr' id='par_1_2' title="bbox 1843 364 2606 450">
     <span class='ocr_line' id='line_1_2' title="bbox 1843 364 2606 450; baseline -0.013 -14"><span class='ocrx_word' id='word_1_2' title='bbox 1843 372 2136 436; x_wconf 70' lang='lat' dir='ltr'><strong>uicere</strong></span> <span class='ocrx_word' id='word_1_3' title='bbox 2182 364 2606 450; x_wconf 69' lang='lat' dir='ltr'>PEQTORA’I‘I</span> 
     </span>
    </p>
   </div>
   <div class='ocr_carea' id='block_1_3' title="bbox 3767 363 3869 427">
    <p class='ocr_par' dir='ltr' id='par_1_3' title="bbox 3767 363 3869 427">
     <span class='ocr_line' id='line_1_3' title="bbox 3767 363 3869 427; baseline 0.029 -3"><span class='ocrx_word' id='word_1_4' title='bbox 3767 363 3869 427; x_wconf 62' lang='lat'>872</span> 
     </span>
    </p>
   </div>
   <div class='ocr_carea' id='block_1_4' title="bbox 656 468 2207 561">
    <p class='ocr_par' dir='ltr' id='par_1_4' title="bbox 656 484 2203 561">
     <span class='ocr_line' id='line_1_4' title="bbox 656 484 2203 561; baseline -0.012 -8"><span class='ocrx_word' id='word_1_5' title='bbox 656 511 829 555; x_wconf 62' lang='lat' dir='ltr'><strong>manat</strong></span> <span class='ocrx_word' id='word_1_6' title='bbox 878 492 1209 550; x_wconf 87' lang='lat' dir='ltr'><strong>infirmitatis</strong></span> <span class='ocrx_word' id='word_1_7' title='bbox 1241 492 1530 561; x_wconf 77' lang='lat' dir='ltr'>dejiciens,</span> <span class='ocrx_word' id='word_1_8' title='bbox 1575 484 1791 560; x_wconf 79' lang='lat' dir='ltr'><strong>erigens</strong></span> <span class='ocrx_word' id='word_1_9' title='bbox 1839 495 2020 541; x_wconf 88' lang='lat' dir='ltr'><strong>autem</strong></span> <span class='ocrx_word' id='word_1_10' title='bbox 2075 496 2203 537; x_wconf 91' lang='lat' dir='ltr'>cum</span> 
     </span>
    </p>
   </div>
   <div class='ocr_carea' id='block_1_5' title="bbox 2293 468 3864 561">
    <p class='ocr_par' dir='ltr' id='par_1_5' title="bbox 2302 468 3864 546">
     <span class='ocr_line' id='line_1_5' title="bbox 2302 468 3864 546; baseline -0.001 -22"><span class='ocrx_word' id='word_1_11' title='bbox 2302 473 2472 540; x_wconf 77' lang='grc' dir='ltr'>αὐτῆς</span> <span class='ocrx_word' id='word_1_12' title='bbox 2495 473 2563 543; x_wconf 78' lang='grc' dir='ltr'>τῇ</span> <span class='ocrx_word' id='word_1_13' title='bbox 2602 472 2706 542; x_wconf 82' lang='grc' dir='ltr'>μνή</span> <span class='ocrx_word' id='word_1_14' title='bbox 2717 487 2793 546; x_wconf 77' lang='grc' dir='ltr'>μη</span> <span class='ocrx_word' id='word_1_15' title='bbox 2831 468 3182 524; x_wconf 79' lang='grc' dir='ltr'>καταϐάλλων</span> <span class='ocrx_word' id='word_1_16' title='bbox 3201 470 3300 540; x_wconf 84' lang='grc' dir='ltr'>τῆς</span> <span class='ocrx_word' id='word_1_17' title='bbox 3329 470 3678 542; x_wconf 77' lang='grc' dir='ltr'>ἀνθρωπίνης</span> <span class='ocrx_word' id='word_1_18' title='bbox 3701 471 3864 526; x_wconf 82' lang='grc' dir='ltr'>ἀσθε-</span> 
     </span>
    </p>
   </div>
   <div class='ocr_carea' id='block_1_6' title="bbox 654 584 1593 655">
    <p class='ocr_par' dir='ltr' id='par_1_6' title="bbox 654 584 1593 655">
     <span class='ocr_line' id='line_1_6' title="bbox 654 584 1593 655; baseline -0.012 -10"><span class='ocrx_word' id='word_1_19' title='bbox 654 591 852 645; x_wconf 80' lang='lat' dir='ltr'><strong>divina:</strong></span> <span class='ocrx_word' id='word_1_20' title='bbox 885 586 1124 642; x_wconf 72' lang='lat' dir='ltr'><strong>scientiae</strong></span> <span class='ocrx_word' id='word_1_21' title='bbox 1149 584 1593 655; x_wconf 72' lang='lat' dir='ltr'>cogitationibus.</span> 
     </span>
    </p>
   </div>
   <div class='ocr_carea' id='block_1_7' title="bbox 725 758 2212 837">
    <p class='ocr_par' dir='ltr' id='par_1_7' title="bbox 725 758 2212 837">
     <span class='ocr_line' id='line_1_7' title="bbox 725 758 2212 837; baseline -0.009 -14"><span class='ocrx_word' id='word_1_22' title='bbox 725 769 816 825; x_wconf 70' lang='lat'>45.</span> <span class='ocrx_word' id='word_1_23' title='bbox 860 766 1112 837; x_wconf 80' lang='lat' dir='ltr'><strong>Jejuniis,</strong></span> <span class='ocrx_word' id='word_1_24' title='bbox 1148 764 1368 835; x_wconf 77' lang='lat' dir='ltr'><strong>vigiliis,</strong></span> <span class='ocrx_word' id='word_1_25' title='bbox 1424 760 1788 824; x_wconf 84' lang='lat' dir='ltr'><strong>orationibus,</strong></span> <span class='ocrx_word' id='word_1_26' title='bbox 1841 758 1990 812; x_wconf 88' lang='lat' dir='ltr'><strong>humi</strong></span> <span class='ocrx_word' id='word_1_27' title='bbox 2049 771 2212 811; x_wconf 89' lang='lat' dir='ltr'><strong>recu-</strong></span> 
     </span>
    </p>
   </div>
   <div class='ocr_carea' id='block_1_8' title="bbox 654 849 2216 922">
    <p class='ocr_par' dir='ltr' id='par_1_8' title="bbox 654 849 2216 922">
     <span class='ocr_line' id='line_1_8' title="bbox 654 849 2216 922; baseline -0.008 -8"><span class='ocrx_word' id='word_1_28' title='bbox 654 860 858 922; x_wconf 86' lang='lat' dir='ltr'><strong>bando,</strong></span> <span class='ocrx_word' id='word_1_29' title='bbox 907 857 1189 912; x_wconf 88' lang='lat' dir='ltr'><strong>laboribus</strong></span> <span class='ocrx_word' id='word_1_30' title='bbox 1243 855 1512 922; x_wconf 90' lang='lat' dir='ltr'><strong>corporis,</strong></span> <span class='ocrx_word' id='word_1_31' title='bbox 1547 861 1601 906; x_wconf 88' lang='lat' dir='ltr'>et</span> <span class='ocrx_word' id='word_1_32' title='bbox 1649 852 1878 920; x_wconf 68' lang='lat' dir='ltr'><strong>promise</strong></span> <span class='ocrx_word' id='word_1_33' title='bbox 1916 849 2216 903; x_wconf 72' lang='lat' dir='ltr'>voluntatis</span> 
     </span>
    </p>
   </div>
   <div class='ocr_carea' id='block_1_9' title="bbox 659 935 2217 1009">
    <p class='ocr_par' dir='ltr' id='par_1_9' title="bbox 659 935 2217 1009">
     <span class='ocr_line' id='line_1_9' title="bbox 659 935 2217 1009; baseline -0.007 -6"><span class='ocrx_word' id='word_1_34' title='bbox 659 948 1079 1003; x_wconf 85' lang='lat' dir='ltr'><strong>mortificatinne</strong></span> <span class='ocrx_word' id='word_1_35' title='bbox 1127 945 1419 1000; x_wconf 83' lang='lat' dir='ltr'><strong>humilitati</strong></span> <span class='ocrx_word' id='word_1_36' title='bbox 1469 944 1663 997; x_wconf 73' lang='lat' dir='ltr'><strong>animae</strong></span> <span class='ocrx_word' id='word_1_37' title='bbox 1708 943 2024 1009; x_wconf 50' lang='lat' dir='ltr'><strong>conjuncta»,</strong></span> <span class='ocrx_word' id='word_1_38' title='bbox 2067 935 2217 992; x_wconf 90' lang='lat' dir='ltr'><strong>iner-</strong></span> 
     </span>
    </p>
   </div>
   <div class='ocr_carea' id='block_1_10' title="bbox 658 1032 2218 1102">
    <p class='ocr_par' dir='ltr' id='par_1_10' title="bbox 658 1032 2218 1102">
     <span class='ocr_line' id='line_1_10' title="bbox 658 1032 2218 1102; baseline -0.005 -12"><span class='ocrx_word' id='word_1_39' title='bbox 658 1045 769 1090; x_wconf 86' lang='lat' dir='ltr'><strong>tem</strong></span> <span class='ocrx_word' id='word_1_40' title='bbox 803 1037 1081 1090; x_wconf 80' lang='lat' dir='ltr'>reddimus</span> <span class='ocrx_word' id='word_1_41' title='bbox 1109 1035 1344 1089; x_wconf 65' lang='lat' dir='ltr'><strong>luxuriae</strong></span> <span class='ocrx_word' id='word_1_42' title='bbox 1377 1034 1650 1102; x_wconf 80' lang='lat' dir='ltr'><strong>spiritum,</strong></span> <span class='ocrx_word' id='word_1_43' title='bbox 1697 1032 2054 1098; x_wconf 73' lang='lat' dir='ltr'><strong>subjugamus</strong></span> <span class='ocrx_word' id='word_1_44' title='bbox 2085 1042 2218 1083; x_wconf 88' lang='lat' dir='ltr'><strong>vero</strong></span> 
     </span>
    </p>
   </div>
   <div class='ocr_carea' id='block_1_11' title="bbox 656 1119 2217 1195">
    <p class='ocr_par' dir='ltr' id='par_1_11' title="bbox 656 1119 2217 1195">
     <span class='ocr_line' id='line_1_11' title="bbox 656 1119 2217 1195; baseline -0.007 -15"><span class='ocrx_word' id='word_1_45' title='bbox 656 1127 809 1180; x_wconf 90' lang='lat' dir='ltr'><strong>illum</strong></span> <span class='ocrx_word' id='word_1_46' title='bbox 854 1125 1190 1195; x_wconf 64' lang='lat' dir='ltr'><strong>poenitentiae</strong></span> <span class='ocrx_word' id='word_1_47' title='bbox 1235 1123 1510 1192; x_wconf 86' lang='lat' dir='ltr'><strong>lacrymis,</strong></span> <span class='ocrx_word' id='word_1_48' title='bbox 1548 1134 1781 1189; x_wconf 87' lang='lat' dir='ltr'><strong>eumque</strong></span> <span class='ocrx_word' id='word_1_49' title='bbox 1826 1119 1882 1172; x_wconf 93' lang='lat' dir='ltr'>in</span> <span class='ocrx_word' id='word_1_50' title='bbox 1940 1131 2217 1171; x_wconf 89' lang='lat' dir='ltr'><strong>carcerem</strong></span> 
     </span>
    </p>
   </div>
   <div class='ocr_carea' id='block_1_12' title="bbox 657 1205 2216 1286">
    <p class='ocr_par' dir='ltr' id='par_1_12' title="bbox 657 1205 2216 1286">
     <span class='ocr_line' id='line_1_12' title="bbox 657 1205 2216 1286; baseline -0.008 -15"><span class='ocrx_word' id='word_1_51' title='bbox 657 1216 1030 1286; x_wconf 70' lang='lat' dir='ltr'><strong>temperantia:</strong></span> <span class='ocrx_word' id='word_1_52' title='bbox 1073 1215 1323 1276; x_wconf 89' lang='lat' dir='ltr'><strong>ductum,</strong></span> <span class='ocrx_word' id='word_1_53' title='bbox 1363 1211 1697 1267; x_wconf 87' lang='lat' dir='ltr'><strong>immobilem</strong></span> <span class='ocrx_word' id='word_1_54' title='bbox 1739 1208 2085 1275; x_wconf 89' lang='lat' dir='ltr'><strong>debilemque</strong></span> <span class='ocrx_word' id='word_1_55' title='bbox 2133 1205 2216 1260; x_wconf 82' lang='lat' dir='ltr'><strong>fa-</strong></span> 
     </span>
    </p>
   </div>
   <div class='ocr_carea' id='block_1_13' title="bbox 659 1297 2214 1371">
    <p class='ocr_par' dir='ltr' id='par_1_13' title="bbox 659 1297 2214 1371">
     <span class='ocr_line' id='line_1_13' title="bbox 659 1297 2214 1371; baseline -0.007 -9"><span class='ocrx_word' id='word_1_56' title='bbox 659 1312 858 1371; x_wconf 84' lang='lat' dir='ltr'><strong>cimus,</strong></span> <span class='ocrx_word' id='word_1_57' title='bbox 918 1321 1043 1361; x_wconf 90' lang='lat' dir='ltr'>cum</span> <span class='ocrx_word' id='word_1_58' title='bbox 1096 1305 1350 1361; x_wconf 79' lang='lat' dir='ltr'><strong>videlicet</strong></span> <span class='ocrx_word' id='word_1_59' title='bbox 1406 1303 1464 1359; x_wconf 90' lang='lat' dir='ltr'>in</span> <span class='ocrx_word' id='word_1_60' title='bbox 1511 1300 1836 1358; x_wconf 79' lang='lat' dir='ltr'><strong>ferventium</strong></span> <span class='ocrx_word' id='word_1_61' title='bbox 1886 1297 2214 1352; x_wconf 87' lang='lat' dir='ltr'><strong>athletarum</strong></span> 
     </span>
    </p>
   </div>
   <div class='ocr_carea' id='block_1_14' title="bbox 658 1397 1142 1452">
    <p class='ocr_par' dir='ltr' id='par_1_14' title="bbox 658 1397 1142 1452">
     <span class='ocr_line' id='line_1_14' title="bbox 658 1397 1142 1452; baseline 0.002 -2"><span class='ocrx_word' id='word_1_62' title='bbox 658 1400 776 1451; x_wconf 87' lang='lat' dir='ltr'><strong>acie</strong></span> <span class='ocrx_word' id='word_1_63' title='bbox 821 1397 1142 1452; x_wconf 83' lang='lat' dir='ltr'><strong>militamus.</strong></span> 
     </span>
    </p>
   </div>
   <div class='ocr_carea' id='block_1_15' title="bbox 728 1569 2213 1640">
    <p class='ocr_par' dir='ltr' id='par_1_15' title="bbox 728 1569 2213 1640">
     <span class='ocr_line' id='line_1_15' title="bbox 728 1569 2213 1640; baseline -0.002 -13"><span class='ocrx_word' id='word_1_64' title='bbox 728 1574 817 1627; x_wconf 68' lang='grc'>44.</span> <span class='ocrx_word' id='word_1_65' title='bbox 835 1573 1016 1627; x_wconf 84' lang='lat' dir='ltr'><strong>Armis</strong></span> <span class='ocrx_word' id='word_1_66' title='bbox 1042 1572 1166 1627; x_wconf 83' lang='lat' dir='ltr'><strong>fidei</strong></span> <span class='ocrx_word' id='word_1_67' title='bbox 1195 1576 1247 1625; x_wconf 85' lang='lat' dir='ltr'>et</span> <span class='ocrx_word' id='word_1_68' title='bbox 1274 1572 1499 1640; x_wconf 83' lang='lat' dir='ltr'><strong>spiritus</strong></span> <span class='ocrx_word' id='word_1_69' title='bbox 1527 1570 1730 1638; x_wconf 74' lang='lat' dir='ltr'><strong>gladio.</strong></span> <span class='ocrx_word' id='word_1_70' title='bbox 1759 1570 1847 1637; x_wconf 85' lang='lat' dir='ltr'>qui</span> <span class='ocrx_word' id='word_1_71' title='bbox 1871 1577 1954 1624; x_wconf 89' lang='lat' dir='ltr'>est</span> <span class='ocrx_word' id='word_1_72' title='bbox 1984 1569 2213 1626; x_wconf 81' lang='lat' dir='ltr'><strong>verbum</strong></span> 
     </span>
    </p>
   </div>
   <div class='ocr_carea' id='block_1_16' title="bbox 658 1653 2216 1738">
    <p class='ocr_par' dir='ltr' id='par_1_16' title="bbox 658 1653 2216 1738">
     <span class='ocr_line' id='line_1_16' title="bbox 658 1653 2216 1738; baseline -0.001 -22"><span class='ocrx_word' id='word_1_73' title='bbox 658 1653 773 1725; x_wconf 83' lang='lat' dir='ltr'><strong>Dei,</strong></span> <span class='ocrx_word' id='word_1_74' title='bbox 815 1664 1093 1718; x_wconf 90' lang='lat' dir='ltr'><strong>devictum</strong></span> <span class='ocrx_word' id='word_1_75' title='bbox 1147 1663 1393 1738; x_wconf 75' lang='lat' dir='ltr'><strong>avaritia:</strong></span> <span class='ocrx_word' id='word_1_76' title='bbox 1440 1663 1697 1732; x_wconf 85' lang='lat' dir='ltr'><strong>spiritum</strong></span> <span class='ocrx_word' id='word_1_77' title='bbox 1734 1660 2098 1725; x_wconf 87' lang='lat' dir='ltr'><strong>trucidamus,</strong></span> <span class='ocrx_word' id='word_1_78' title='bbox 2151 1677 2216 1716; x_wconf 89' lang='lat' dir='ltr'>ac</span> 
     </span>
    </p>
   </div>
   <div class='ocr_carea' id='block_1_17' title="bbox 657 1751 2212 1820">
    <p class='ocr_par' dir='ltr' id='par_1_17' title="bbox 657 1751 2212 1820">
     <span class='ocr_line' id='line_1_17' title="bbox 657 1751 2212 1820; baseline -0.002 -13"><span class='ocrx_word' id='word_1_79' title='bbox 657 1754 842 1807; x_wconf 82' lang='lat' dir='ltr'><strong>statim</strong></span> <span class='ocrx_word' id='word_1_80' title='bbox 878 1753 944 1808; x_wconf 90' lang='lat' dir='ltr'>ad</span> <span class='ocrx_word' id='word_1_81' title='bbox 987 1753 1505 1820; x_wconf 83' lang='lat' dir='ltr'><strong>contemplationem</strong></span> <span class='ocrx_word' id='word_1_82' title='bbox 1538 1753 1742 1805; x_wconf 89' lang='lat' dir='ltr'><strong>entium</strong></span> <span class='ocrx_word' id='word_1_83' title='bbox 1774 1767 1895 1806; x_wconf 86' lang='lat' dir='ltr'>cum</span> <span class='ocrx_word' id='word_1_84' title='bbox 1930 1751 2094 1806; x_wconf 88' lang='lat' dir='ltr'><strong>verbo</strong></span> <span class='ocrx_word' id='word_1_85' title='bbox 2121 1766 2212 1806; x_wconf 85' lang='lat' dir='ltr'><strong>sa-</strong></span> 
     </span>
    </p>
   </div>
   <div class='ocr_carea' id='block_1_18' title="bbox 2301 559 3864 633">
    <p class='ocr_par' dir='ltr' id='par_1_18' title="bbox 2301 559 3864 633">
     <span class='ocr_line' id='line_1_18' title="bbox 2301 559 3864 633; baseline -0.001 -17"><span class='ocrx_word' id='word_1_86' title='bbox 2301 562 2469 626; x_wconf 86' lang='grc' dir='ltr'>νείας,</span> <span class='ocrx_word' id='word_1_87' title='bbox 2511 562 2604 615; x_wconf 76' lang='grc' dir='ltr'>καὶ</span> <span class='ocrx_word' id='word_1_88' title='bbox 2632 561 2850 630; x_wconf 80' lang='grc' dir='ltr'>ἀνυψῶν</span> <span class='ocrx_word' id='word_1_89' title='bbox 2871 560 3001 615; x_wconf 74' lang='grc' dir='ltr'>αὐτὸ</span> <span class='ocrx_word' id='word_1_90' title='bbox 3020 561 3118 633; x_wconf 86' lang='grc' dir='ltr'>τῆς</span> <span class='ocrx_word' id='word_1_91' title='bbox 3147 559 3296 624; x_wconf 81' lang='grc' dir='ltr'><strong>θείας</strong></span> <span class='ocrx_word' id='word_1_92' title='bbox 3320 560 3572 629; x_wconf 86' lang='grc' dir='ltr'>γνώσεως</span> <span class='ocrx_word' id='word_1_93' title='bbox 3597 563 3711 625; x_wconf 87' lang='grc' dir='ltr'>τοῖς</span> <span class='ocrx_word' id='word_1_94' title='bbox 3737 561 3864 631; x_wconf 78' lang='grc' dir='ltr'>νοή-</span> 
     </span>
    </p>
   </div>
   <div class='ocr_carea' id='block_1_19' title="bbox 2305 669 2457 722">
    <p class='ocr_par' dir='ltr' id='par_1_19' title="bbox 2305 669 2457 722">
     <span class='ocr_line' id='line_1_19' title="bbox 2305 669 2457 722; baseline 0 -17"><span class='ocrx_word' id='word_1_95' title='bbox 2305 669 2457 722; x_wconf 83' lang='grc' dir='ltr'>μασι.</span> 
     </span>
    </p>
   </div>
   <div class='ocr_carea' id='block_1_20' title="bbox 2377 740 3868 814">
    <p class='ocr_par' dir='ltr' id='par_1_20' title="bbox 2377 740 3868 814">
     <span class='ocr_line' id='line_1_20' title="bbox 2377 740 3868 814; baseline -0.001 -17"><span class='ocrx_word' id='word_1_96' title='bbox 2377 749 2486 812; x_wconf 84' lang='grc' dir='ltr'>μγ⁴.</span> <span class='ocrx_word' id='word_1_97' title='bbox 2507 741 2800 812; x_wconf 87' lang='grc' dir='ltr'>Νηστείαις</span> <span class='ocrx_word' id='word_1_98' title='bbox 2827 740 2927 812; x_wconf 82' lang='grc' dir='ltr'>μὲν</span> <span class='ocrx_word' id='word_1_99' title='bbox 2957 741 3087 812; x_wconf 86' lang='grc' dir='ltr'>γὰρ,</span> <span class='ocrx_word' id='word_1_100' title='bbox 3103 742 3197 795; x_wconf 75' lang='grc' dir='ltr'>καὶ</span> <span class='ocrx_word' id='word_1_101' title='bbox 3222 742 3571 814; x_wconf 82' lang='grc' dir='ltr'>ἀγρυπνίαις,</span> <span class='ocrx_word' id='word_1_102' title='bbox 3587 744 3683 796; x_wconf 68' lang='grc' dir='ltr'>καὶ</span> <span class='ocrx_word' id='word_1_103' title='bbox 3706 759 3868 812; x_wconf 85' lang='grc' dir='ltr'>προσ-</span> 
     </span>
    </p>
   </div>
   <div class='ocr_carea' id='block_1_21' title="bbox 2304 833 3865 903">
    <p class='ocr_par' dir='ltr' id='par_1_21' title="bbox 2304 833 3865 903">
     <span class='ocr_line' id='line_1_21' title="bbox 2304 833 3865 903; baseline -0.001 -18"><span class='ocrx_word' id='word_1_104' title='bbox 2304 835 2509 903; x_wconf 81' lang='grc' dir='ltr'>ευχαῖς,</span> <span class='ocrx_word' id='word_1_105' title='bbox 2551 833 2870 903; x_wconf 86' lang='grc' dir='ltr'>χαμευνίαις</span> <span class='ocrx_word' id='word_1_106' title='bbox 2908 848 2967 885; x_wconf 88' lang='grc' dir='ltr'>τε</span> <span class='ocrx_word' id='word_1_107' title='bbox 3007 833 3102 886; x_wconf 77' lang='grc' dir='ltr'>καὶ</span> <span class='ocrx_word' id='word_1_108' title='bbox 3143 834 3334 895; x_wconf 81' lang='grc' dir='ltr'>κόποις</span> <span class='ocrx_word' id='word_1_109' title='bbox 3391 834 3659 902; x_wconf 87' lang='grc' dir='ltr'>σώματος,</span> <span class='ocrx_word' id='word_1_110' title='bbox 3684 835 3778 886; x_wconf 78' lang='grc' dir='ltr'>καὶ</span> <span class='ocrx_word' id='word_1_111' title='bbox 3800 835 3865 903; x_wconf 78' lang='grc' dir='ltr'>τῇ</span> 
     </span>
    </p>
   </div>
   <div class='ocr_carea' id='block_1_22' title="bbox 2306 908 3864 994">
    <p class='ocr_par' dir='ltr' id='par_1_22' title="bbox 2306 922 3864 994">
     <span class='ocr_line' id='line_1_22' title="bbox 2306 922 3864 994; baseline -0.001 -17"><span class='ocrx_word' id='word_1_112' title='bbox 2306 927 2513 994; x_wconf 75' lang='grc' dir='ltr'>ὲκκοπῇ</span> <span class='ocrx_word' id='word_1_113' title='bbox 2537 923 2645 976; x_wconf 89' lang='grc' dir='ltr'>τῶν</span> <span class='ocrx_word' id='word_1_114' title='bbox 2665 923 2982 991; x_wconf 82' lang='grc' dir='ltr'>θελημάτων</span> <span class='ocrx_word' id='word_1_115' title='bbox 3012 924 3069 976; x_wconf 83' lang='grc' dir='ltr'>ὲν</span> <span class='ocrx_word' id='word_1_116' title='bbox 3089 922 3415 977; x_wconf 83' lang='grc' dir='ltr'>ταπεινώσει</span> <span class='ocrx_word' id='word_1_117' title='bbox 3455 924 3652 994; x_wconf 69' lang='grc' dir='ltr'>ψυχῆς,</span> <span class='ocrx_word' id='word_1_118' title='bbox 3687 925 3864 993; x_wconf 73' lang='grc' dir='ltr'>ἀπραυ</span> 
     </span>
    </p>
   </div>
   <div class='ocr_carea' id='block_1_23' title="bbox 2307 1014 3872 1087">
    <p class='ocr_par' dir='ltr' id='par_1_23' title="bbox 2307 1014 3872 1087">
     <span class='ocr_line' id='line_1_23' title="bbox 2307 1014 3872 1087; baseline 0.003 -21"><span class='ocrx_word' id='word_1_119' title='bbox 2307 1031 2432 1068; x_wconf 84' lang='grc' dir='ltr'>κτον</span> <span class='ocrx_word' id='word_1_120' title='bbox 2461 1014 2694 1082; x_wconf 75' lang='grc' dir='ltr'>ἱστῶμεν</span> <span class='ocrx_word' id='word_1_121' title='bbox 2723 1014 2783 1066; x_wconf 84' lang='grc' dir='ltr'>τὸ</span> <span class='ocrx_word' id='word_1_122' title='bbox 2810 1016 2909 1085; x_wconf 81' lang='grc' dir='ltr'>τῆς</span> <span class='ocrx_word' id='word_1_123' title='bbox 2935 1014 3242 1085; x_wconf 77' lang='grc' dir='ltr'>φιληδονίας</span> <span class='ocrx_word' id='word_1_124' title='bbox 3267 1016 3482 1085; x_wconf 83' lang='grc' dir='ltr'>πνεῦμα</span> <span class='ocrx_word' id='word_1_125' title='bbox 3504 1033 3518 1046; x_wconf 69' lang='grc'><strong><em>⁸</em></strong></span> <span class='ocrx_word' id='word_1_126' title='bbox 3546 1016 3872 1087; x_wconf 76' lang='grc' dir='ltr'>χειρούμεθα</span> 
     </span>
    </p>
   </div>
   <div class='ocr_carea' id='block_1_24' title="bbox 2306 1105 3875 1178">
    <p class='ocr_par' dir='ltr' id='par_1_24' title="bbox 2306 1105 3875 1178">
     <span class='ocr_line' id='line_1_24' title="bbox 2306 1105 3875 1178; baseline 0.001 -19"><span class='ocrx_word' id='word_1_127' title='bbox 2306 1107 2362 1160; x_wconf 77' lang='grc' dir='ltr'>δὲ</span> <span class='ocrx_word' id='word_1_128' title='bbox 2392 1105 2524 1158; x_wconf 77' lang='grc' dir='ltr'>αὐτὸ</span> <span class='ocrx_word' id='word_1_129' title='bbox 2585 1108 2697 1168; x_wconf 89' lang='grc' dir='ltr'>τοῖς</span> <span class='ocrx_word' id='word_1_130' title='bbox 2746 1105 2844 1175; x_wconf 83' lang='grc' dir='ltr'>τῆς</span> <span class='ocrx_word' id='word_1_131' title='bbox 2891 1106 3181 1176; x_wconf 77' lang='grc' dir='ltr'>μετανοίας</span> <span class='ocrx_word' id='word_1_132' title='bbox 3219 1107 3469 1176; x_wconf 84' lang='grc' dir='ltr'>δάκρυσι,</span> <span class='ocrx_word' id='word_1_133' title='bbox 3517 1109 3611 1160; x_wconf 74' lang='grc' dir='ltr'>καὶ</span> <span class='ocrx_word' id='word_1_134' title='bbox 3645 1109 3781 1178; x_wconf 67' lang='grc' dir='ltr'>πρὸς</span> <span class='ocrx_word' id='word_1_135' title='bbox 3814 1108 3875 1161; x_wconf 81' lang='grc' dir='ltr'>τὸ</span> 
     </span>
    </p>
   </div>
   <div class='ocr_carea' id='block_1_25' title="bbox 2318 1197 3872 1270">
    <p class='ocr_par' dir='ltr' id='par_1_25' title="bbox 2318 1197 3872 1270">
     <span class='ocr_line' id='line_1_25' title="bbox 2318 1197 3872 1270; baseline 0.002 -21"><span class='ocrx_word' id='word_1_136' title='bbox 2318 1197 2683 1266; x_wconf 70' lang='grc' dir='ltr'>δεσμωτήριον</span> <span class='ocrx_word' id='word_1_137' title='bbox 2738 1197 2964 1263; x_wconf 74' lang='grc' dir='ltr'>ἄγοντες</span> <span class='ocrx_word' id='word_1_138' title='bbox 3024 1197 3122 1265; x_wconf 81' lang='grc' dir='ltr'>τῆς</span> <span class='ocrx_word' id='word_1_139' title='bbox 3181 1199 3540 1268; x_wconf 73' lang='grc' dir='ltr'>ἐγκρατείας,</span> <span class='ocrx_word' id='word_1_140' title='bbox 3613 1201 3872 1270; x_wconf 85' lang='grc' dir='ltr'>ἀκίνητον</span> 
     </span>
    </p>
   </div>
   <div class='ocr_carea' id='block_1_26' title="bbox 2308 1271 3872 1362">
    <p class='ocr_par' dir='ltr' id='par_1_26' title="bbox 2308 1271 3872 1362">
     <span class='ocr_line' id='line_1_26' title="bbox 2308 1271 3872 1362; baseline 0.005 -23"><span class='ocrx_word' id='word_1_141' title='bbox 2308 1287 2467 1340; x_wconf 89' lang='grc' dir='ltr'>τοῦτο</span> <span class='ocrx_word' id='word_1_142' title='bbox 2517 1288 2612 1339; x_wconf 80' lang='grc' dir='ltr'>καὶ</span> <span class='ocrx_word' id='word_1_143' title='bbox 2657 1286 3020 1356; x_wconf 84' lang='grc' dir='ltr'>ἀνενέργητον</span> <span class='ocrx_word' id='word_1_144' title='bbox 3073 1271 3441 1358; x_wconf 73' lang='grc' dir='ltr'>ἀποτ³ελοῦμεν</span> <span class='ocrx_word' id='word_1_145' title='bbox 3472 1331 3486 1356; x_wconf 92' lang='grc'>,</span> <span class='ocrx_word' id='word_1_146' title='bbox 3545 1293 3603 1345; x_wconf 83' lang='grc' dir='ltr'>ὲν</span> <span class='ocrx_word' id='word_1_147' title='bbox 3656 1297 3719 1362; x_wconf 83' lang='grc' dir='ltr'>τῇ</span> <span class='ocrx_word' id='word_1_148' title='bbox 3763 1294 3872 1347; x_wconf 91' lang='grc' dir='ltr'>τῶν</span> 
     </span>
    </p>
   </div>
   <div class='ocr_carea' id='block_1_27' title="bbox 2311 1371 3876 1451">
    <p class='ocr_par' dir='ltr' id='par_1_27' title="bbox 2311 1371 3876 1451">
     <span class='ocr_line' id='line_1_27' title="bbox 2311 1371 3876 1451; baseline 0.005 -22"><span class='ocrx_word' id='word_1_149' title='bbox 2311 1375 2617 1429; x_wconf 85' lang='grc' dir='ltr'>σπουδαίων</span> <span class='ocrx_word' id='word_1_150' title='bbox 2667 1371 2910 1445; x_wconf 87' lang='grc' dir='ltr'>δηλονότι</span> <span class='ocrx_word' id='word_1_151' title='bbox 2957 1377 3052 1430; x_wconf 79' lang='grc' dir='ltr'>καὶ</span> <span class='ocrx_word' id='word_1_152' title='bbox 3119 1378 3538 1447; x_wconf 78' lang='grc' dir='ltr'>ἀγωνιζομένων</span> <span class='ocrx_word' id='word_1_153' title='bbox 3593 1382 3876 1451; x_wconf 73' lang='grc' dir='ltr'>ἱστάμενοι</span> 
     </span>
    </p>
   </div>
   <div class='ocr_carea' id='block_1_28' title="bbox 2310 1466 2628 1537">
    <p class='ocr_par' dir='ltr' id='par_1_28' title="bbox 2310 1466 2628 1537">
     <span class='ocr_line' id='line_1_28' title="bbox 2310 1466 2628 1537; baseline -0.003 -17"><span class='ocrx_word' id='word_1_154' title='bbox 2310 1466 2628 1537; x_wconf 81' lang='grc' dir='ltr'>παρατάξει.</span> 
     </span>
    </p>
   </div>
   <div class='ocr_carea' id='block_1_29' title="bbox 2384 1547 3872 1639">
    <p class='ocr_par' dir='ltr' id='par_1_29' title="bbox 2384 1547 3872 1639">
     <span class='ocr_line' id='line_1_29' title="bbox 2384 1547 3872 1639; baseline 0.007 -26"><span class='ocrx_word' id='word_1_155' title='bbox 2384 1562 2486 1631; x_wconf 66' lang='grc' dir='ltr'>μδθ.</span> <span class='ocrx_word' id='word_1_156' title='bbox 2526 1562 2765 1625; x_wconf 85' lang='grc' dir='ltr'>Πίστεως</span> <span class='ocrx_word' id='word_1_157' title='bbox 2791 1547 2976 1626; x_wconf 76' lang='grc' dir='ltr'>ὅπλοις</span> <span class='ocrx_word' id='word_1_158' title='bbox 3005 1563 3101 1616; x_wconf 79' lang='grc' dir='ltr'>καὶ</span> <span class='ocrx_word' id='word_1_159' title='bbox 3137 1566 3380 1639; x_wconf 77' lang='grc' dir='ltr'>μαχαίρᾳ</span> <span class='ocrx_word' id='word_1_160' title='bbox 3419 1567 3510 1620; x_wconf 88' lang='grc' dir='ltr'>τοῦ</span> <span class='ocrx_word' id='word_1_161' title='bbox 3544 1568 3872 1636; x_wconf 84' lang='grc' dir='ltr'>πνεύματος,</span> 
     </span>
    </p>
   </div>
   <div class='ocr_carea' id='block_1_30' title="bbox 2300 1651 3881 1728">
    <p class='ocr_par' dir='ltr' id='par_1_30' title="bbox 2300 1651 3881 1728">
     <span class='ocr_line' id='line_1_30' title="bbox 2300 1651 3881 1728; baseline 0.005 -22"><span class='ocrx_word' id='word_1_162' title='bbox 2300 1651 2329 1706; x_wconf 80' lang='grc' dir='ltr'>δ</span> <span class='ocrx_word' id='word_1_163' title='bbox 2352 1655 2469 1708; x_wconf 70' lang='grc' dir='ltr'>ἔστι</span> <span class='ocrx_word' id='word_1_164' title='bbox 2503 1655 2654 1725; x_wconf 81' lang='grc' dir='ltr'>ῥῆμα</span> <span class='ocrx_word' id='word_1_165' title='bbox 2678 1653 2834 1720; x_wconf 82' lang='grc' dir='ltr'>Θεοῦ,</span> <span class='ocrx_word' id='word_1_166' title='bbox 2864 1653 2925 1707; x_wconf 59' lang='lat' dir='ltr'>“Eb</span> <span class='ocrx_word' id='word_1_167' title='bbox 2946 1654 3042 1725; x_wconf 83' lang='grc' dir='ltr'>τῆς</span> <span class='ocrx_word' id='word_1_168' title='bbox 3076 1655 3441 1725; x_wconf 70' lang='grc' dir='ltr'>φιλαργυρίας</span> <span class='ocrx_word' id='word_1_169' title='bbox 3463 1657 3681 1728; x_wconf 84' lang='grc' dir='ltr'>πνεῦμα</span> <span class='ocrx_word' id='word_1_170' title='bbox 3708 1677 3881 1714; x_wconf 88' lang='grc' dir='ltr'>κατα-</span> 
     </span>
    </p>
   </div>
   <div class='ocr_carea' id='block_1_31' title="bbox 2301 1745 3878 1821">
    <p class='ocr_par' dir='ltr' id='par_1_31' title="bbox 2301 1745 3878 1821">
     <span class='ocr_line' id='line_1_31' title="bbox 2301 1745 3878 1821; baseline 0.004 -22"><span class='ocrx_word' id='word_1_171' title='bbox 2301 1745 2740 1818; x_wconf 88' lang='grc' dir='ltr'>τροπωσάμενοι,</span> <span class='ocrx_word' id='word_1_172' title='bbox 2770 1745 3190 1815; x_wconf 87' lang='grc' dir='ltr'>ἀποσφάττομεν</span> <span class='ocrx_word' id='word_1_173' title='bbox 3211 1761 3224 1774; x_wconf 88' lang='grc'><strong>·</strong></span> <span class='ocrx_word' id='word_1_174' title='bbox 3269 1747 3393 1818; x_wconf 79' lang='grc' dir='ltr'>ἄρτι</span> <span class='ocrx_word' id='word_1_175' title='bbox 3440 1750 3576 1820; x_wconf 77' lang='grc' dir='ltr'>πρὸς</span> <span class='ocrx_word' id='word_1_176' title='bbox 3609 1751 3706 1821; x_wconf 85' lang='grc' dir='ltr'>τὴν</span> <span class='ocrx_word' id='word_1_177' title='bbox 3738 1752 3878 1805; x_wconf 84' lang='grc' dir='ltr'>θεω-</span> 
     </span>
    </p>
   </div>
   <div class='ocr_carea' id='block_1_32' title="bbox 657 1824 2207 1912">
    <p class='ocr_par' dir='ltr' id='par_1_32' title="bbox 657 1837 2207 1911">
     <span class='ocr_line' id='line_1_32' title="bbox 657 1837 2207 1911; baseline 0 -19"><span class='ocrx_word' id='word_1_178' title='bbox 657 1841 876 1911; x_wconf 74' lang='lat' dir='ltr'><strong>pientize</strong></span> <span class='ocrx_word' id='word_1_179' title='bbox 907 1851 1213 1905; x_wconf 86' lang='lat' dir='ltr'><strong>currentes,</strong></span> <span class='ocrx_word' id='word_1_180' title='bbox 1251 1847 1307 1894; x_wconf 89' lang='lat' dir='ltr'>et</span> <span class='ocrx_word' id='word_1_181' title='bbox 1336 1839 1605 1893; x_wconf 75' lang='lat' dir='ltr'><strong>vilitatem</strong></span> <span class='ocrx_word' id='word_1_182' title='bbox 1635 1839 1930 1892; x_wconf 79' lang='lat' dir='ltr'><strong>visibilium</strong></span> <span class='ocrx_word' id='word_1_183' title='bbox 1957 1854 2051 1908; x_wconf 90' lang='lat' dir='ltr'>per</span> <span class='ocrx_word' id='word_1_184' title='bbox 2081 1837 2207 1892; x_wconf 81' lang='lat' dir='ltr'><strong>Ver-</strong></span> 
     </span>
    </p>
   </div>
   <div class='ocr_carea' id='block_1_33' title="bbox 2293 1824 3879 1912">
    <p class='ocr_par' dir='ltr' id='par_1_33' title="bbox 2304 1836 3879 1912">
     <span class='ocr_line' id='line_1_33' title="bbox 2304 1836 3879 1912; baseline 0.004 -23"><span class='ocrx_word' id='word_1_185' title='bbox 2304 1837 2427 1908; x_wconf 86' lang='grc' dir='ltr'>ρίαν</span> <span class='ocrx_word' id='word_1_186' title='bbox 2457 1837 2563 1888; x_wconf 91' lang='grc' dir='ltr'>τῶν</span> <span class='ocrx_word' id='word_1_187' title='bbox 2601 1837 2768 1890; x_wconf 76' lang='grc' dir='ltr'>ὄντων</span> <span class='ocrx_word' id='word_1_188' title='bbox 2817 1838 2956 1906; x_wconf 81' lang='grc' dir='ltr'>μετὰ</span> <span class='ocrx_word' id='word_1_189' title='bbox 3007 1836 3164 1904; x_wconf 87' lang='grc' dir='ltr'>λόγου</span> <span class='ocrx_word' id='word_1_190' title='bbox 3224 1838 3416 1906; x_wconf 80' lang='grc' dir='ltr'>σοφίας</span> <span class='ocrx_word' id='word_1_191' title='bbox 3447 1842 3879 1912; x_wconf 71' lang='grc' dir='ltr'>ἀναδραμόντες,</span> 
     </span>
    </p>
   </div>
   <div class='ocr_carea' id='block_1_34' title="bbox 658 1930 2216 1997">
    <p class='ocr_par' dir='ltr' id='par_1_34' title="bbox 658 1930 2216 1997">
     <span class='ocr_line' id='line_1_34' title="bbox 658 1930 2216 1997; baseline -0.003 -9"><span class='ocrx_word' id='word_1_192' title='bbox 658 1932 785 1988; x_wconf 83' lang='lat' dir='ltr'>hum</span> <span class='ocrx_word' id='word_1_193' title='bbox 827 1932 1071 1985; x_wconf 64' lang='lat' dir='ltr'><strong>satentiaa</strong></span> <span class='ocrx_word' id='word_1_194' title='bbox 1108 1930 1506 1990; x_wconf 85' lang='lat' dir='ltr'><strong>transilientes,</strong></span> <span class='ocrx_word' id='word_1_195' title='bbox 1567 1930 1632 1983; x_wconf 85' lang='lat' dir='ltr'>ad</span> <span class='ocrx_word' id='word_1_196' title='bbox 1677 1930 1879 1997; x_wconf 87' lang='lat' dir='ltr'><strong>palatia</strong></span> <span class='ocrx_word' id='word_1_197' title='bbox 1930 1930 2216 1984; x_wconf 88' lang='lat' dir='ltr'><strong>charltatis</strong></span> 
     </span>
    </p>
   </div>
   <div class='ocr_carea' id='block_1_35' title="bbox 657 2021 2107 2092">
    <p class='ocr_par' dir='ltr' id='par_1_35' title="bbox 657 2021 2107 2092">
     <span class='ocr_line' id='line_1_35' title="bbox 657 2021 2107 2092; baseline 0.001 -16"><span class='ocrx_word' id='word_1_198' title='bbox 657 2037 780 2076; x_wconf 90' lang='lat' dir='ltr'>cum</span> <span class='ocrx_word' id='word_1_199' title='bbox 811 2022 1098 2078; x_wconf 85' lang='lat' dir='ltr'><strong>ditissimis</strong></span> <span class='ocrx_word' id='word_1_200' title='bbox 1126 2022 1243 2092; x_wconf 82' lang='lat' dir='ltr'><strong>spei</strong></span> <span class='ocrx_word' id='word_1_201' title='bbox 1279 2021 1484 2076; x_wconf 74' lang='lat' dir='ltr'><strong>diviuze</strong></span> <span class='ocrx_word' id='word_1_202' title='bbox 1516 2022 1786 2078; x_wconf 78' lang='lat' dir='ltr'><strong>thesauris</strong></span> <span class='ocrx_word' id='word_1_203' title='bbox 1813 2021 2107 2078; x_wconf 88' lang='lat' dir='ltr'><strong>tendimus.</strong></span> 
     </span>
    </p>
   </div>
   <div class='ocr_carea' id='block_1_36' title="bbox 727 2278 2214 2358">
    <p class='ocr_par' dir='ltr' id='par_1_36' title="bbox 727 2278 2214 2358">
     <span class='ocr_line' id='line_1_36' title="bbox 727 2278 2214 2358; baseline 0.007 -27"><span class='ocrx_word' id='word_1_204' title='bbox 727 2279 817 2334; x_wconf 71' lang='grc' dir='ltr'>ιδ.</span> <span class='ocrx_word' id='word_1_205' title='bbox 865 2278 980 2334; x_wconf 80' lang='lat' dir='ltr'><strong>Alis</strong></span> <span class='ocrx_word' id='word_1_206' title='bbox 1031 2280 1486 2358; x_wconf 80' lang='lat' dir='ltr'><strong>impassibilitatis</strong></span> <span class='ocrx_word' id='word_1_207' title='bbox 1527 2289 1579 2336; x_wconf 88' lang='lat' dir='ltr'>et</span> <span class='ocrx_word' id='word_1_208' title='bbox 1604 2282 1927 2341; x_wconf 87' lang='lat' dir='ltr'><strong>humilitatis</strong></span> <span class='ocrx_word' id='word_1_209' title='bbox 1980 2286 2035 2344; x_wconf 90' lang='lat' dir='ltr'><strong>in</strong></span> <span class='ocrx_word' id='word_1_210' title='bbox 2087 2303 2214 2342; x_wconf 83' lang='lat' dir='ltr'><strong>acre</strong></span> 
     </span>
    </p>
   </div>
   <div class='ocr_carea' id='block_1_37' title="bbox 656 2370 2210 2450">
    <p class='ocr_par' dir='ltr' id='par_1_37' title="bbox 656 2370 2210 2450">
     <span class='ocr_line' id='line_1_37' title="bbox 656 2370 2210 2450; baseline 0.006 -28"><span class='ocrx_word' id='word_1_211' title='bbox 656 2370 900 2436; x_wconf 80' lang='lat' dir='ltr'><strong>mysticae</strong></span> <span class='ocrx_word' id='word_1_212' title='bbox 934 2371 1217 2437; x_wconf 70' lang='lat' dir='ltr'><strong>theologia:</strong></span> <span class='ocrx_word' id='word_1_213' title='bbox 1253 2381 1524 2435; x_wconf 89' lang='lat' dir='ltr'><strong>natantes,</strong></span> <span class='ocrx_word' id='word_1_214' title='bbox 1549 2373 1683 2450; x_wconf 84' lang='lat' dir='ltr'><strong>etin</strong></span> <span class='ocrx_word' id='word_1_215' title='bbox 1709 2390 2008 2444; x_wconf 88' lang='lat' dir='ltr'><strong>supernum</strong></span> <span class='ocrx_word' id='word_1_216' title='bbox 2036 2379 2210 2432; x_wconf 90' lang='lat' dir='ltr'><strong>scien-</strong></span> 
     </span>
    </p>
   </div>
   <div class='ocr_carea' id='block_1_38' title="bbox 655 2462 2210 2538">
    <p class='ocr_par' dir='ltr' id='par_1_38' title="bbox 655 2462 2210 2538">
     <span class='ocr_line' id='line_1_38' title="bbox 655 2462 2210 2538; baseline 0.006 -24"><span class='ocrx_word' id='word_1_217' title='bbox 655 2462 744 2515; x_wconf 76' lang='lat' dir='ltr'><strong>tia:</strong></span> <span class='ocrx_word' id='word_1_218' title='bbox 780 2463 1167 2532; x_wconf 85' lang='lat' dir='ltr'><strong>mysteriorum</strong></span> <span class='ocrx_word' id='word_1_219' title='bbox 1205 2462 1297 2516; x_wconf 90' lang='lat' dir='ltr'><strong>Dei</strong></span> <span class='ocrx_word' id='word_1_220' title='bbox 1323 2465 1582 2533; x_wconf 85' lang='lat' dir='ltr'><strong>abyssum</strong></span> <span class='ocrx_word' id='word_1_221' title='bbox 1619 2481 1740 2520; x_wconf 93' lang='lat' dir='ltr'>cum</span> <span class='ocrx_word' id='word_1_222' title='bbox 1782 2478 1972 2522; x_wconf 90' lang='lat' dir='ltr'><strong>sancto</strong></span> <span class='ocrx_word' id='word_1_223' title='bbox 2004 2468 2210 2538; x_wconf 89' lang='lat' dir='ltr'><strong>Spiritu</strong></span> 
     </span>
    </p>
   </div>
   <div class='ocr_carea' id='block_1_39' title="bbox 655 2554 2213 2632">
    <p class='ocr_par' dir='ltr' id='par_1_39' title="bbox 655 2554 2213 2632">
     <span class='ocr_line' id='line_1_39' title="bbox 655 2554 2213 2632; baseline 0.008 -28"><span class='ocrx_word' id='word_1_224' title='bbox 655 2554 916 2621; x_wconf 77' lang='lat' dir='ltr'><strong>ingressi,</strong></span> <span class='ocrx_word' id='word_1_225' title='bbox 952 2555 1228 2609; x_wconf 87' lang='lat' dir='ltr'><strong>sideribus</strong></span> <span class='ocrx_word' id='word_1_226' title='bbox 1255 2556 1568 2610; x_wconf 82' lang='lat' dir='ltr'><strong>divinorum</strong></span> <span class='ocrx_word' id='word_1_227' title='bbox 1613 2559 1926 2628; x_wconf 70' lang='lat' dir='ltr'><strong>dogmatum</strong></span> <span class='ocrx_word' id='word_1_228' title='bbox 1965 2573 2019 2615; x_wconf 91' lang='lat' dir='ltr'>et</span> <span class='ocrx_word' id='word_1_229' title='bbox 2065 2564 2213 2632; x_wconf 81' lang='lat' dir='ltr'><strong>cogi-</strong></span> 
     </span>
    </p>
   </div>
   <div class='ocr_carea' id='block_1_40' title="bbox 657 2647 2212 2717">
    <p class='ocr_par' dir='ltr' id='par_1_40' title="bbox 657 2647 2212 2717">
     <span class='ocr_line' id='line_1_40' title="bbox 657 2647 2212 2717; baseline 0.009 -22"><span class='ocrx_word' id='word_1_230' title='bbox 657 2653 916 2708; x_wconf 83' lang='lat' dir='ltr'><strong>talorum,</strong></span> <span class='ocrx_word' id='word_1_231' title='bbox 978 2647 1250 2715; x_wconf 67' lang='lat' dir='ltr'><strong>superbia:</strong></span> <span class='ocrx_word' id='word_1_232' title='bbox 1312 2648 1562 2716; x_wconf 87' lang='lat' dir='ltr'><strong>spiritum</strong></span> <span class='ocrx_word' id='word_1_233' title='bbox 1626 2651 1994 2717; x_wconf 87' lang='lat' dir='ltr'><strong>incendimus,</strong></span> <span class='ocrx_word' id='word_1_234' title='bbox 2038 2652 2212 2709; x_wconf 89' lang='lat' dir='ltr'><strong>imbre</strong></span> 
     </span>
    </p>
   </div>
   <div class='ocr_carea' id='block_1_41' title="bbox 654 2736 2209 2811">
    <p class='ocr_par' dir='ltr' id='par_1_41' title="bbox 654 2736 2209 2811">
     <span class='ocr_line' id='line_1_41' title="bbox 654 2736 2209 2811; baseline 0.008 -25"><span class='ocrx_word' id='word_1_235' title='bbox 654 2743 836 2788; x_wconf 85' lang='lat' dir='ltr'><strong>autem</strong></span> <span class='ocrx_word' id='word_1_236' title='bbox 891 2736 1253 2806; x_wconf 83' lang='lat' dir='ltr'><strong>lacrymarum</strong></span> <span class='ocrx_word' id='word_1_237' title='bbox 1306 2747 1359 2792; x_wconf 88' lang='lat' dir='ltr'>et</span> <span class='ocrx_word' id='word_1_238' title='bbox 1411 2737 1728 2794; x_wconf 87' lang='lat' dir='ltr'><strong>fluminibus</strong></span> <span class='ocrx_word' id='word_1_239' title='bbox 1770 2745 2209 2811; x_wconf 89' lang='lat' dir='ltr'><strong>compunctionis</strong></span> 
     </span>
    </p>
   </div>
   <div class='ocr_carea' id='block_1_42' title="bbox 657 2822 2213 2897">
    <p class='ocr_par' dir='ltr' id='par_1_42' title="bbox 657 2822 2213 2897">
     <span class='ocr_line' id='line_1_42' title="bbox 657 2822 2213 2897; baseline 0.008 -24"><span class='ocrx_word' id='word_1_240' title='bbox 657 2822 712 2874; x_wconf 90' lang='lat' dir='ltr'><strong>in</strong></span> <span class='ocrx_word' id='word_1_241' title='bbox 753 2823 911 2877; x_wconf 90' lang='lat' dir='ltr'><strong>finem</strong></span> <span class='ocrx_word' id='word_1_242' title='bbox 949 2825 1310 2880; x_wconf 86' lang='lat' dir='ltr'><strong>humanarum</strong></span> <span class='ocrx_word' id='word_1_243' title='bbox 1345 2841 1526 2881; x_wconf 90' lang='lat' dir='ltr'><strong>rerum</strong></span> <span class='ocrx_word' id='word_1_244' title='bbox 1583 2830 1955 2897; x_wconf 86' lang='lat' dir='ltr'><strong>respicientes,</strong></span> <span class='ocrx_word' id='word_1_245' title='bbox 1992 2834 2213 2888; x_wconf 89' lang='lat' dir='ltr'><strong>immer-</strong></span> 
     </span>
    </p>
   </div>
   <div class='ocr_carea' id='block_1_43' title="bbox 656 2911 2204 2989">
    <p class='ocr_par' dir='ltr' id='par_1_43' title="bbox 656 2911 2204 2989">
     <span class='ocr_line' id='line_1_43' title="bbox 656 2911 2204 2989; baseline 0.007 -26"><span class='ocrx_word' id='word_1_246' title='bbox 656 2911 834 2976; x_wconf 76' lang='lat' dir='ltr'><strong>gimus</strong></span> <span class='ocrx_word' id='word_1_247' title='bbox 890 2921 998 2968; x_wconf 90' lang='lat' dir='ltr'><strong>tres</strong></span> <span class='ocrx_word' id='word_1_248' title='bbox 1059 2916 1183 2982; x_wconf 88' lang='lat' dir='ltr'><strong>ejus</strong></span> <span class='ocrx_word' id='word_1_249' title='bbox 1236 2916 1553 2981; x_wconf 69' lang='lat' dir='ltr'><strong>daemones,</strong></span> <span class='ocrx_word' id='word_1_250' title='bbox 1606 2919 1700 2986; x_wconf 91' lang='lat' dir='ltr'>qui</span> <span class='ocrx_word' id='word_1_251' title='bbox 1761 2922 2204 2989; x_wconf 59' lang='lat' dir='ltr'><strong>presumptione,</strong></span> 
     </span>
    </p>
   </div>
   <div class='ocr_carea' id='block_1_44' title="bbox 652 3001 2066 3072">
    <p class='ocr_par' dir='ltr' id='par_1_44' title="bbox 652 3001 2066 3072">
     <span class='ocr_line' id='line_1_44' title="bbox 652 3001 2066 3072; baseline 0.006 -18"><span class='ocrx_word' id='word_1_252' title='bbox 652 3001 808 3055; x_wconf 83' lang='lat' dir='ltr'><strong>inani</strong></span> <span class='ocrx_word' id='word_1_253' title='bbox 839 3002 1013 3072; x_wconf 78' lang='lat' dir='ltr'><strong>gloria</strong></span> <span class='ocrx_word' id='word_1_254' title='bbox 1040 3012 1096 3058; x_wconf 91' lang='lat' dir='ltr'>et</span> <span class='ocrx_word' id='word_1_255' title='bbox 1123 3005 1379 3072; x_wconf 84' lang='lat' dir='ltr'><strong>superbia</strong></span> <span class='ocrx_word' id='word_1_256' title='bbox 1415 3015 1603 3060; x_wconf 86' lang='lat' dir='ltr'><strong>contra</strong></span> <span class='ocrx_word' id='word_1_257' title='bbox 1635 3022 1735 3062; x_wconf 85' lang='lat' dir='ltr'>nos</span> <span class='ocrx_word' id='word_1_258' title='bbox 1765 3009 2066 3063; x_wconf 87' lang='lat' dir='ltr'><strong>decertant.</strong></span> 
     </span>
    </p>
   </div>
   <div class='ocr_carea' id='block_1_45' title="bbox 718 3180 2208 3259">
    <p class='ocr_par' dir='ltr' id='par_1_45' title="bbox 718 3180 2208 3259">
     <span class='ocr_line' id='line_1_45' title="bbox 718 3180 2208 3259; baseline 0.009 -25"><span class='ocrx_word' id='word_1_259' title='bbox 718 3182 811 3236; x_wconf 77' lang='grc'>46.</span> <span class='ocrx_word' id='word_1_260' title='bbox 850 3180 954 3247; x_wconf 84' lang='lat' dir='ltr'><strong>Qui</strong></span> <span class='ocrx_word' id='word_1_261' title='bbox 1001 3182 1499 3251; x_wconf 82' lang='lat' dir='ltr'><strong>concupiscentiam</strong></span> <span class='ocrx_word' id='word_1_262' title='bbox 1551 3187 1754 3248; x_wconf 90' lang='lat' dir='ltr'><strong>carnis,</strong></span> <span class='ocrx_word' id='word_1_263' title='bbox 1801 3202 2208 3259; x_wconf 81' lang='lat' dir='ltr'><strong>concupiscen-</strong></span> 
     </span>
    </p>
   </div>
   <div class='ocr_carea' id='block_1_46' title="bbox 651 3272 2209 3351">
    <p class='ocr_par' dir='ltr' id='par_1_46' title="bbox 651 3272 2209 3351">
     <span class='ocr_line' id='line_1_46' title="bbox 651 3272 2209 3351; baseline 0.01 -26"><span class='ocrx_word' id='word_1_264' title='bbox 651 3272 780 3325; x_wconf 88' lang='lat' dir='ltr'><strong>tiam</strong></span> <span class='ocrx_word' id='word_1_265' title='bbox 808 3273 1086 3325; x_wconf 84' lang='lat' dir='ltr'><strong>ocnlorum</strong></span> <span class='ocrx_word' id='word_1_266' title='bbox 1138 3274 1444 3341; x_wconf 86' lang='lat' dir='ltr'><strong>superbiam</strong></span> <span class='ocrx_word' id='word_1_267' title='bbox 1495 3276 1618 3329; x_wconf 64' lang='lat' dir='ltr'><strong>vitae</strong></span> <span class='ocrx_word' id='word_1_268' title='bbox 1679 3278 1854 3340; x_wconf 81' lang='lat' dir='ltr'><strong>(hanc</strong></span> <span class='ocrx_word' id='word_1_269' title='bbox 1906 3283 2209 3351; x_wconf 88' lang='lat' dir='ltr'><strong>iniquitatis</strong></span> 
     </span>
    </p>
   </div>
   <div class='ocr_carea' id='block_1_47' title="bbox 653 3360 2209 3438">
    <p class='ocr_par' dir='ltr' id='par_1_47' title="bbox 653 3360 2209 3438">
     <span class='ocr_line' id='line_1_47' title="bbox 653 3360 2209 3438; baseline 0.01 -24"><span class='ocrx_word' id='word_1_270' title='bbox 653 3360 976 3429; x_wconf 85' lang='lat' dir='ltr'><strong>mundum),</strong></span> <span class='ocrx_word' id='word_1_271' title='bbox 1030 3377 1126 3430; x_wconf 89' lang='lat' dir='ltr'>per</span> <span class='ocrx_word' id='word_1_272' title='bbox 1158 3377 1278 3430; x_wconf 78' lang='lat' dir='ltr'><strong>quae</strong></span> <span class='ocrx_word' id='word_1_273' title='bbox 1306 3378 1335 3416; x_wconf 90' lang='lat' dir='ltr'>a</span> <span class='ocrx_word' id='word_1_274' title='bbox 1367 3365 1634 3418; x_wconf 87' lang='lat' dir='ltr'><strong>charitate</strong></span> <span class='ocrx_word' id='word_1_275' title='bbox 1667 3365 1761 3421; x_wconf 90' lang='lat' dir='ltr'><strong>Die</strong></span> <span class='ocrx_word' id='word_1_276' title='bbox 1795 3369 2113 3438; x_wconf 71' lang='lat' dir='ltr'><strong>alienantur,</strong></span> <span class='ocrx_word' id='word_1_277' title='bbox 2143 3390 2209 3429; x_wconf 80' lang='lat' dir='ltr'><strong>ex</strong></span> 
     </span>
    </p>
   </div>
   <div class='ocr_carea' id='block_1_48' title="bbox 651 3452 2206 3528">
    <p class='ocr_par' dir='ltr' id='par_1_48' title="bbox 651 3452 2206 3528">
     <span class='ocr_line' id='line_1_48' title="bbox 651 3452 2206 3528; baseline 0.008 -23"><span class='ocrx_word' id='word_1_278' title='bbox 651 3453 814 3505; x_wconf 89' lang='lat' dir='ltr'><strong>corde</strong></span> <span class='ocrx_word' id='word_1_279' title='bbox 847 3452 1152 3506; x_wconf 89' lang='lat' dir='ltr'><strong>detestatur</strong></span> <span class='ocrx_word' id='word_1_280' title='bbox 1183 3469 1248 3508; x_wconf 91' lang='lat' dir='ltr'>ac</span> <span class='ocrx_word' id='word_1_281' title='bbox 1290 3455 1546 3519; x_wconf 89' lang='lat' dir='ltr'><strong>debellat,</strong></span> <span class='ocrx_word' id='word_1_282' title='bbox 1584 3458 1911 3528; x_wconf 88' lang='lat' dir='ltr'><strong>sibimetipsi</strong></span> <span class='ocrx_word' id='word_1_283' title='bbox 1947 3467 2206 3519; x_wconf 89' lang='lat' dir='ltr'><strong>mundum</strong></span> 
     </span>
    </p>
   </div>
   <div class='ocr_carea' id='block_1_49' title="bbox 651 3542 2208 3613">
    <p class='ocr_par' dir='ltr' id='par_1_49' title="bbox 651 3542 2208 3613">
     <span class='ocr_line' id='line_1_49' title="bbox 651 3542 2208 3613; baseline 0.012 -21"><span class='ocrx_word' id='word_1_284' title='bbox 651 3542 942 3606; x_wconf 81' lang='lat' dir='ltr'><strong>crucifixit,</strong></span> <span class='ocrx_word' id='word_1_285' title='bbox 974 3552 1027 3596; x_wconf 89' lang='lat' dir='ltr'>et</span> <span class='ocrx_word' id='word_1_286' title='bbox 1064 3544 1178 3613; x_wconf 88' lang='lat' dir='ltr'><strong>ipse</strong></span> <span class='ocrx_word' id='word_1_287' title='bbox 1228 3547 1525 3601; x_wconf 84' lang='lat' dir='ltr'><strong>crucifixus</strong></span> <span class='ocrx_word' id='word_1_288' title='bbox 1576 3559 1660 3602; x_wconf 90' lang='lat' dir='ltr'>cst</span> <span class='ocrx_word' id='word_1_289' title='bbox 1709 3550 1934 3613; x_wconf 86' lang='lat' dir='ltr'><strong>mundo,</strong></span> <span class='ocrx_word' id='word_1_290' title='bbox 1971 3553 2208 3610; x_wconf 84' lang='lat' dir='ltr'><strong>inimici-</strong></span> 
     </span>
    </p>
   </div>
   <div class='ocr_carea' id='block_1_50' title="bbox 651 3627 2207 3709">
    <p class='ocr_par' dir='ltr' id='par_1_50' title="bbox 651 3627 2207 3709">
     <span class='ocr_line' id='line_1_50' title="bbox 651 3627 2207 3709; baseline 0.012 -31"><span class='ocrx_word' id='word_1_291' title='bbox 651 3629 756 3680; x_wconf 85' lang='lat' dir='ltr'><strong>tias</strong></span> <span class='ocrx_word' id='word_1_292' title='bbox 787 3629 923 3681; x_wconf 84' lang='lat' dir='ltr'><strong>inter</strong></span> <span class='ocrx_word' id='word_1_293' title='bbox 956 3629 1121 3684; x_wconf 82' lang='lat' dir='ltr'><strong>Deum</strong></span> <span class='ocrx_word' id='word_1_294' title='bbox 1159 3641 1212 3685; x_wconf 92' lang='lat' dir='ltr'>et</span> <span class='ocrx_word' id='word_1_295' title='bbox 1258 3635 1492 3686; x_wconf 90' lang='lat' dir='ltr'><strong>animam</strong></span> <span class='ocrx_word' id='word_1_296' title='bbox 1528 3627 1746 3691; x_wconf 79' lang='lat' dir='ltr'><strong>solvens</strong></span> <span class='ocrx_word' id='word_1_297' title='bbox 1794 3638 1847 3691; x_wconf 89' lang='lat' dir='ltr'>in</span> <span class='ocrx_word' id='word_1_298' title='bbox 1896 3655 2061 3696; x_wconf 87' lang='lat' dir='ltr'><strong>carne</strong></span> <span class='ocrx_word' id='word_1_299' title='bbox 2087 3659 2207 3709; x_wconf 90' lang='lat' dir='ltr'><strong>sua,</strong></span> 
     </span>
    </p>
   </div>
   <div class='ocr_carea' id='block_1_51' title="bbox 650 3716 2206 3800">
    <p class='ocr_par' dir='ltr' id='par_1_51' title="bbox 650 3716 2206 3800">
     <span class='ocr_line' id='line_1_51' title="bbox 650 3716 2206 3800; baseline 0.013 -32"><span class='ocrx_word' id='word_1_300' title='bbox 650 3727 704 3768; x_wconf 91' lang='lat' dir='ltr'>et</span> <span class='ocrx_word' id='word_1_301' title='bbox 755 3716 962 3772; x_wconf 83' lang='lat' dir='ltr'><strong>faciens</strong></span> <span class='ocrx_word' id='word_1_302' title='bbox 992 3729 1224 3790; x_wconf 89' lang='lat' dir='ltr'><strong>utraque</strong></span> <span class='ocrx_word' id='word_1_303' title='bbox 1258 3739 1446 3777; x_wconf 91' lang='lat' dir='ltr'><strong>unum.</strong></span> <span class='ocrx_word' id='word_1_304' title='bbox 1495 3725 1595 3789; x_wconf 87' lang='lat' dir='ltr'>Qui</span> <span class='ocrx_word' id='word_1_305' title='bbox 1630 3730 1773 3780; x_wconf 89' lang='lat' dir='ltr'><strong>enim</strong></span> <span class='ocrx_word' id='word_1_306' title='bbox 1821 3730 1927 3785; x_wconf 89' lang='lat' dir='ltr'><strong>illis</strong></span> <span class='ocrx_word' id='word_1_307' title='bbox 1959 3748 2055 3800; x_wconf 91' lang='lat' dir='ltr'>per</span> <span class='ocrx_word' id='word_1_308' title='bbox 2083 3749 2206 3788; x_wconf 87' lang='lat' dir='ltr'><strong>car-</strong></span> 
     </span>
    </p>
   </div>
   <div class='ocr_carea' id='block_1_52' title="bbox 653 3806 2208 3882">
    <p class='ocr_par' dir='ltr' id='par_1_52' title="bbox 653 3806 2208 3882">
     <span class='ocr_line' id='line_1_52' title="bbox 653 3806 2208 3882; baseline 0.014 -25"><span class='ocrx_word' id='word_1_309' title='bbox 653 3806 790 3859; x_wconf 87' lang='lat' dir='ltr'><strong>nalis</strong></span> <span class='ocrx_word' id='word_1_310' title='bbox 841 3824 1031 3862; x_wconf 84' lang='lat' dir='ltr'><strong>scnsus</strong></span> <span class='ocrx_word' id='word_1_311' title='bbox 1086 3812 1461 3879; x_wconf 82' lang='lat' dir='ltr'><strong>spoliatiOnem</strong></span> <span class='ocrx_word' id='word_1_312' title='bbox 1515 3826 1760 3871; x_wconf 89' lang='lat' dir='ltr'><strong>mortuus</strong></span> <span class='ocrx_word' id='word_1_313' title='bbox 1805 3831 1906 3882; x_wconf 89' lang='lat' dir='ltr'><strong>est,</strong></span> <span class='ocrx_word' id='word_1_314' title='bbox 1959 3825 2208 3878; x_wconf 87' lang='lat' dir='ltr'><strong>reconci-</strong></span> 
     </span>
    </p>
   </div>
   <div class='ocr_carea' id='block_1_53' title="bbox 653 3897 2207 3968">
    <p class='ocr_par' dir='ltr' id='par_1_53' title="bbox 653 3897 2207 3968">
     <span class='ocr_line' id='line_1_53' title="bbox 653 3897 2207 3968; baseline 0.015 -22"><span class='ocrx_word' id='word_1_315' title='bbox 653 3897 801 3950; x_wconf 81' lang='lat' dir='ltr'><strong>liavit</strong></span> <span class='ocrx_word' id='word_1_316' title='bbox 834 3901 1184 3968; x_wconf 87' lang='lat' dir='ltr'><strong>semetipsum</strong></span> <span class='ocrx_word' id='word_1_317' title='bbox 1221 3903 1346 3968; x_wconf 91' lang='lat' dir='ltr'><strong>Deo,</strong></span> <span class='ocrx_word' id='word_1_318' title='bbox 1385 3905 1566 3967; x_wconf 81' lang='lat' dir='ltr'><strong>odium</strong></span> <span class='ocrx_word' id='word_1_319' title='bbox 1599 3909 1784 3962; x_wconf 90' lang='lat' dir='ltr'><strong>mundi</strong></span> <span class='ocrx_word' id='word_1_320' title='bbox 1818 3910 1872 3964; x_wconf 92' lang='lat' dir='ltr'>in</span> <span class='ocrx_word' id='word_1_321' title='bbox 1906 3915 2207 3968; x_wconf 83' lang='lat' dir='ltr'><strong>mortifica-</strong></span> 
     </span>
    </p>
   </div>
   <div class='ocr_carea' id='block_1_54' title="bbox 653 3983 2202 4057">
    <p class='ocr_par' dir='ltr' id='par_1_54' title="bbox 653 3983 2202 4057">
     <span class='ocr_line' id='line_1_54' title="bbox 653 3983 2202 4057; baseline 0.014 -22"><span class='ocrx_word' id='word_1_322' title='bbox 653 3983 852 4038; x_wconf 90' lang='lat' dir='ltr'><strong>tionem</strong></span> <span class='ocrx_word' id='word_1_323' title='bbox 881 3991 1223 4057; x_wconf 87' lang='lat' dir='ltr'><strong>voluptatum</strong></span> <span class='ocrx_word' id='word_1_324' title='bbox 1273 4008 1369 4057; x_wconf 92' lang='lat' dir='ltr'>per</span> <span class='ocrx_word' id='word_1_325' title='bbox 1425 3994 1739 4048; x_wconf 76' lang='lat' dir='ltr'><strong>crucifixam</strong></span> <span class='ocrx_word' id='word_1_326' title='bbox 1788 3999 1991 4053; x_wconf 88' lang='lat' dir='ltr'><strong>mundo</strong></span> <span class='ocrx_word' id='word_1_327' title='bbox 2035 4004 2202 4057; x_wconf 88' lang='lat' dir='ltr'><strong>vitam</strong></span> 
     </span>
    </p>
   </div>
   <div class='ocr_carea' id='block_1_55' title="bbox 650 4074 2200 4146">
    <p class='ocr_par' dir='ltr' id='par_1_55' title="bbox 650 4074 2200 4146">
     <span class='ocr_line' id='line_1_55' title="bbox 650 4074 2200 4146; baseline 0.015 -23"><span class='ocrx_word' id='word_1_328' title='bbox 650 4074 1017 4141; x_wconf 88' lang='lat' dir='ltr'><strong>interficiens,</strong></span> <span class='ocrx_word' id='word_1_329' title='bbox 1071 4089 1125 4132; x_wconf 89' lang='lat' dir='ltr'>et</span> <span class='ocrx_word' id='word_1_330' title='bbox 1174 4082 1471 4137; x_wconf 88' lang='lat' dir='ltr'><strong>amicitiam</strong></span> <span class='ocrx_word' id='word_1_331' title='bbox 1528 4084 1653 4137; x_wconf 85' lang='lat' dir='ltr'><strong>Jesn</strong></span> <span class='ocrx_word' id='word_1_332' title='bbox 1707 4086 1810 4140; x_wconf 87' lang='lat' dir='ltr'><strong>sibi</strong></span> <span class='ocrx_word' id='word_1_333' title='bbox 1871 4092 2200 4146; x_wconf 88' lang='lat' dir='ltr'><strong>conciliavit.</strong></span> 
     </span>
    </p>
   </div>
   <div class='ocr_carea' id='block_1_56' title="bbox 653 4165 2204 4247">
    <p class='ocr_par' dir='ltr' id='par_1_56' title="bbox 653 4165 2204 4247">
     <span class='ocr_line' id='line_1_56' title="bbox 653 4165 2204 4247; baseline 0.013 -32"><span class='ocrx_word' id='word_1_334' title='bbox 653 4165 834 4232; x_wconf 83' lang='lat' dir='ltr'><strong>Itaque</strong></span> <span class='ocrx_word' id='word_1_335' title='bbox 868 4167 1178 4234; x_wconf 89' lang='lat' dir='ltr'><strong>hujusmodi</strong></span> <span class='ocrx_word' id='word_1_336' title='bbox 1218 4172 1306 4224; x_wconf 89' lang='lat' dir='ltr'>vir</span> <span class='ocrx_word' id='word_1_337' title='bbox 1345 4173 1456 4240; x_wconf 83' lang='lat' dir='ltr'><strong>jam</strong></span> <span class='ocrx_word' id='word_1_338' title='bbox 1490 4187 1596 4226; x_wconf 92' lang='lat' dir='ltr'>non</span> <span class='ocrx_word' id='word_1_339' title='bbox 1631 4175 1887 4232; x_wconf 87' lang='lat' dir='ltr'><strong>inimicus</strong></span> <span class='ocrx_word' id='word_1_340' title='bbox 1924 4179 2013 4233; x_wconf 87' lang='lat' dir='ltr'>Dei</span> <span class='ocrx_word' id='word_1_341' title='bbox 2049 4181 2204 4247; x_wconf 90' lang='lat' dir='ltr'><strong>(tan—</strong></span> 
     </span>
    </p>
   </div>
   <div class='ocr_carea' id='block_1_57' title="bbox 652 4257 2203 4339">
    <p class='ocr_par' dir='ltr' id='par_1_57' title="bbox 652 4257 2203 4339">
     <span class='ocr_line' id='line_1_57' title="bbox 652 4257 2203 4339; baseline 0.015 -35"><span class='ocrx_word' id='word_1_342' title='bbox 652 4271 811 4320; x_wconf 85' lang='lat' dir='ltr'><strong>quam</strong></span> <span class='ocrx_word' id='word_1_343' title='bbox 848 4257 939 4310; x_wconf 84' lang='lat' dir='ltr'><strong>Dei</strong></span> <span class='ocrx_word' id='word_1_344' title='bbox 980 4259 1303 4328; x_wconf 90' lang='lat' dir='ltr'><strong>inimicus),</strong></span> <span class='ocrx_word' id='word_1_345' title='bbox 1339 4263 1430 4315; x_wconf 88' lang='lat' dir='ltr'>sed</span> <span class='ocrx_word' id='word_1_346' title='bbox 1464 4267 1674 4319; x_wconf 89' lang='lat' dir='ltr'><strong>amicus</strong></span> <span class='ocrx_word' id='word_1_347' title='bbox 1705 4266 1852 4321; x_wconf 89' lang='lat' dir='ltr'><strong>illius</strong></span> <span class='ocrx_word' id='word_1_348' title='bbox 1881 4278 1985 4335; x_wconf 87' lang='lat' dir='ltr'><strong>est,</strong></span> <span class='ocrx_word' id='word_1_349' title='bbox 2019 4279 2203 4339; x_wconf 87' lang='lat' dir='ltr'><strong>utpote</strong></span> 
     </span>
    </p>
   </div>
   <div class='ocr_carea' id='block_1_58' title="bbox 650 4346 2201 4418">
    <p class='ocr_par' dir='ltr' id='par_1_58' title="bbox 650 4346 2201 4418">
     <span class='ocr_line' id='line_1_58' title="bbox 650 4346 2201 4418; baseline 0.015 -24"><span class='ocrx_word' id='word_1_350' title='bbox 650 4346 944 4399; x_wconf 77' lang='lat' dir='ltr'><strong>crucifixus</strong></span> <span class='ocrx_word' id='word_1_351' title='bbox 974 4351 1194 4413; x_wconf 90' lang='lat' dir='ltr'><strong>mundo,</strong></span> <span class='ocrx_word' id='word_1_352' title='bbox 1220 4360 1273 4406; x_wconf 86' lang='lat' dir='ltr'>et</span> <span class='ocrx_word' id='word_1_353' title='bbox 1297 4352 1475 4407; x_wconf 90' lang='lat' dir='ltr'><strong>dicere</strong></span> <span class='ocrx_word' id='word_1_354' title='bbox 1503 4358 1682 4410; x_wconf 86' lang='lat' dir='ltr'><strong>valens</strong></span> <span class='ocrx_word' id='word_1_355' title='bbox 1707 4374 1721 4411; x_wconf 87' lang='lat'><strong>:</strong></span> <span class='ocrx_word' id='word_1_356' title='bbox 1763 4375 1780 4407; x_wconf 79' lang='grc' dir='ltr'>ι</span> <span class='ocrx_word' id='word_1_357' title='bbox 1814 4357 1942 4412; x_wconf 85' lang='lat' dir='ltr'><strong>Mihi</strong></span> <span class='ocrx_word' id='word_1_358' title='bbox 1970 4365 2201 4418; x_wconf 89' lang='lat' dir='ltr'><strong>mundus</strong></span> 
     </span>
    </p>
   </div>
   <div class='ocr_carea' id='block_1_59' title="bbox 654 4434 1646 4508">
    <p class='ocr_par' dir='ltr' id='par_1_59' title="bbox 654 4434 1646 4508">
     <span class='ocr_line' id='line_1_59' title="bbox 654 4434 1646 4508; baseline 0.01 -25"><span class='ocrx_word' id='word_1_359' title='bbox 654 4434 952 4489; x_wconf 78' lang='lat' dir='ltr'><strong>cruciﬁxus</strong></span> <span class='ocrx_word' id='word_1_360' title='bbox 980 4447 1088 4503; x_wconf 89' lang='lat' dir='ltr'><strong>est,</strong></span> <span class='ocrx_word' id='word_1_361' title='bbox 1122 4447 1175 4490; x_wconf 91' lang='lat' dir='ltr'>et</span> <span class='ocrx_word' id='word_1_362' title='bbox 1205 4455 1305 4508; x_wconf 74' lang='lat' dir='ltr'><strong>ego</strong></span> <span class='ocrx_word' id='word_1_363' title='bbox 1338 4442 1540 4495; x_wconf 89' lang='lat' dir='ltr'><strong>mundo</strong></span> <span class='ocrx_word' id='word_1_364' title='bbox 1561 4445 1603 4496; x_wconf 82' lang='grc'>⁸.</span> <span class='ocrx_word' id='word_1_365' title='bbox 1628 4463 1646 4493; x_wconf 76' lang='grc' dir='ltr'>ι</span> 
     </span>
    </p>
   </div>
   <div class='ocr_carea' id='block_1_60' title="bbox 719 4631 2199 4717">
    <p class='ocr_par' dir='ltr' id='par_1_60' title="bbox 719 4631 2199 4717">
     <span class='ocr_line' id='line_1_60' title="bbox 719 4631 2199 4717; baseline 0.013 -32"><span class='ocrx_word' id='word_1_366' title='bbox 719 4633 819 4685; x_wconf 71' lang='grc'>47.</span> <span class='ocrx_word' id='word_1_367' title='bbox 857 4631 1090 4689; x_wconf 89' lang='lat' dir='ltr'><strong>Omnino</strong></span> <span class='ocrx_word' id='word_1_368' title='bbox 1116 4636 1391 4693; x_wconf 88' lang='lat' dir='ltr'><strong>derelictis</strong></span> <span class='ocrx_word' id='word_1_369' title='bbox 1444 4639 1776 4697; x_wconf 83' lang='lat' dir='ltr'><strong>luctantihus</strong></span> <span class='ocrx_word' id='word_1_370' title='bbox 1832 4656 2053 4717; x_wconf 82' lang='lat' dir='ltr'><strong>prepter</strong></span> <span class='ocrx_word' id='word_1_371' title='bbox 2101 4649 2199 4705; x_wconf 87' lang='lat' dir='ltr'>has</span> 
     </span>
    </p>
   </div>
   <div class='ocr_carea' id='block_1_61' title="bbox 647 4723 2192 4806">
    <p class='ocr_par' dir='ltr' id='par_1_61' title="bbox 647 4723 2192 4806">
     <span class='ocr_line' id='line_1_61' title="bbox 647 4723 2192 4806; baseline 0.011 -30"><span class='ocrx_word' id='word_1_372' title='bbox 647 4723 959 4792; x_wconf 73' lang='lat' dir='ltr'><strong>contingere</strong></span> <span class='ocrx_word' id='word_1_373' title='bbox 1012 4725 1148 4780; x_wconf 88' lang='lat' dir='ltr'><strong>solet</strong></span> <span class='ocrx_word' id='word_1_374' title='bbox 1179 4741 1394 4794; x_wconf 83' lang='lat' dir='ltr'><strong>causas,</strong></span> <span class='ocrx_word' id='word_1_375' title='bbox 1451 4733 1659 4787; x_wconf 86' lang='lat' dir='ltr'><strong>scilicet</strong></span> <span class='ocrx_word' id='word_1_376' title='bbox 1698 4733 1909 4789; x_wconf 87' lang='lat' dir='ltr'><strong>inanem</strong></span> <span class='ocrx_word' id='word_1_377' title='bbox 1945 4739 2192 4806; x_wconf 79' lang='lat' dir='ltr'><strong>gloriam,</strong></span> 
     </span>
    </p>
   </div>
   <div class='ocr_carea' id='block_1_62' title="bbox 650 4814 2196 4885">
    <p class='ocr_par' dir='ltr' id='par_1_62' title="bbox 650 4814 2196 4885">
     <span class='ocr_line' id='line_1_62' title="bbox 650 4814 2196 4885; baseline 0.013 -21"><span class='ocrx_word' id='word_1_378' title='bbox 650 4814 876 4880; x_wconf 77' lang='lat' dir='ltr'><strong>proximi</strong></span> <span class='ocrx_word' id='word_1_379' title='bbox 913 4817 1446 4885; x_wconf 89' lang='lat' dir='ltr'><strong>condemnationem,</strong></span> <span class='ocrx_word' id='word_1_380' title='bbox 1482 4831 1537 4876; x_wconf 90' lang='lat' dir='ltr'>ct</span> <span class='ocrx_word' id='word_1_381' title='bbox 1588 4824 1858 4880; x_wconf 87' lang='lat' dir='ltr'><strong>elationes</strong></span> <span class='ocrx_word' id='word_1_382' title='bbox 1889 4827 1957 4882; x_wconf 92' lang='lat' dir='ltr'>de</span> <span class='ocrx_word' id='word_1_383' title='bbox 2022 4830 2196 4884; x_wconf 84' lang='lat' dir='ltr'><strong>virtu-</strong></span> 
     </span>
    </p>
   </div>
   <div class='ocr_carea' id='block_1_63' title="bbox 648 4904 2193 4976">
    <p class='ocr_par' dir='ltr' id='par_1_63' title="bbox 648 4904 2193 4976">
     <span class='ocr_line' id='line_1_63' title="bbox 648 4904 2193 4976; baseline 0.012 -22"><span class='ocrx_word' id='word_1_384' title='bbox 648 4904 814 4956; x_wconf 89' lang='lat' dir='ltr'><strong>tibus.</strong></span> <span class='ocrx_word' id='word_1_385' title='bbox 873 4904 931 4958; x_wconf 89' lang='lat' dir='ltr'>Si</span> <span class='ocrx_word' id='word_1_386' title='bbox 989 4907 1118 4974; x_wconf 88' lang='lat' dir='ltr'><strong>quid</strong></span> <span class='ocrx_word' id='word_1_387' title='bbox 1159 4908 1322 4976; x_wconf 80' lang='lat' dir='ltr'><strong>igitur</strong></span> <span class='ocrx_word' id='word_1_388' title='bbox 1355 4910 1582 4964; x_wconf 90' lang='lat' dir='ltr'><strong>istorum</strong></span> <span class='ocrx_word' id='word_1_389' title='bbox 1618 4915 1828 4970; x_wconf 89' lang='lat' dir='ltr'><strong>animas</strong></span> <span class='ocrx_word' id='word_1_390' title='bbox 1875 4917 2193 4972; x_wconf 89' lang='lat' dir='ltr'><strong>luctantium</strong></span> 
     </span>
    </p>
   </div>
   <div class='ocr_carea' id='block_1_64' title="bbox 649 4995 2197 5064">
    <p class='ocr_par' dir='ltr' id='par_1_64' title="bbox 649 4995 2197 5064">
     <span class='ocr_line' id='line_1_64' title="bbox 649 4995 2197 5064; baseline 0.012 -17"><span class='ocrx_word' id='word_1_391' title='bbox 649 4995 907 5048; x_wconf 60' lang='lat' dir='ltr'><strong>nivadens</strong></span> <span class='ocrx_word' id='word_1_392' title='bbox 946 4998 1276 5062; x_wconf 88' lang='lat' dir='ltr'><strong>dominetur,</strong></span> <span class='ocrx_word' id='word_1_393' title='bbox 1314 5001 1394 5053; x_wconf 89' lang='lat' dir='ltr'>eis</span> <span class='ocrx_word' id='word_1_394' title='bbox 1442 5001 1852 5060; x_wconf 91' lang='lat' dir='ltr'><strong>derelictionem</strong></span> <span class='ocrx_word' id='word_1_395' title='bbox 1902 5024 1929 5059; x_wconf 88' lang='lat' dir='ltr'>a</span> <span class='ocrx_word' id='word_1_396' title='bbox 1967 5009 2074 5064; x_wconf 84' lang='lat' dir='ltr'><strong>Deo</strong></span> <span class='ocrx_word' id='word_1_397' title='bbox 2111 5011 2197 5064; x_wconf 91' lang='lat' dir='ltr'>in-</span> 
     </span>
    </p>
   </div>
   <div class='ocr_carea' id='block_1_65' title="bbox 648 5083 2197 5165">
    <p class='ocr_par' dir='ltr' id='par_1_65' title="bbox 648 5083 2197 5165">
     <span class='ocr_line' id='line_1_65' title="bbox 648 5083 2197 5165; baseline 0.012 -28"><span class='ocrx_word' id='word_1_398' title='bbox 648 5083 770 5146; x_wconf 87' lang='lat' dir='ltr'><strong>fert,</strong></span> <span class='ocrx_word' id='word_1_399' title='bbox 798 5100 894 5138; x_wconf 90' lang='lat' dir='ltr'>nec</span> <span class='ocrx_word' id='word_1_400' title='bbox 926 5097 1178 5155; x_wconf 90' lang='lat' dir='ltr'><strong>poterunt</strong></span> <span class='ocrx_word' id='word_1_401' title='bbox 1210 5092 1339 5159; x_wconf 90' lang='lat' dir='ltr'><strong>quin</strong></span> <span class='ocrx_word' id='word_1_402' title='bbox 1371 5097 1436 5147; x_wconf 89' lang='lat' dir='ltr'>de</span> <span class='ocrx_word' id='word_1_403' title='bbox 1463 5093 1563 5149; x_wconf 89' lang='lat' dir='ltr'>hac</span> <span class='ocrx_word' id='word_1_404' title='bbox 1589 5108 1708 5165; x_wconf 92' lang='lat' dir='ltr'><strong>post</strong></span> <span class='ocrx_word' id='word_1_405' title='bbox 1738 5099 1976 5154; x_wconf 65' lang='lat' dir='ltr'><strong>offensas</strong></span> <span class='ocrx_word' id='word_1_406' title='bbox 2001 5104 2197 5156; x_wconf 90' lang='lat' dir='ltr'><strong>merito</strong></span> 
     </span>
    </p>
   </div>
   <div class='ocr_carea' id='block_1_66' title="bbox 649 5186 2200 5256">
    <p class='ocr_par' dir='ltr' id='par_1_66' title="bbox 649 5186 2200 5256">
     <span class='ocr_line' id='line_1_66' title="bbox 649 5186 2200 5256; baseline 0.014 -30"><span class='ocrx_word' id='word_1_407' title='bbox 649 5186 1007 5242; x_wconf 89' lang='lat' dir='ltr'><strong>accusentur,</strong></span> <span class='ocrx_word' id='word_1_408' title='bbox 1039 5187 1395 5251; x_wconf 88' lang='lat' dir='ltr'><strong>quoadusque</strong></span> <span class='ocrx_word' id='word_1_409' title='bbox 1442 5187 1798 5256; x_wconf 80' lang='lat' dir='ltr'><strong>principalem</strong></span> <span class='ocrx_word' id='word_1_410' title='bbox 1833 5192 2200 5248; x_wconf 84' lang='lat' dir='ltr'><strong>derelictionis</strong></span> 
     </span>
    </p>
   </div>
   <div class='ocr_carea' id='block_1_67' title="bbox 651 5275 2195 5354">
    <p class='ocr_par' dir='ltr' id='par_1_67' title="bbox 651 5275 2195 5354">
     <span class='ocr_line' id='line_1_67' title="bbox 651 5275 2195 5354; baseline 0.014 -37"><span class='ocrx_word' id='word_1_411' title='bbox 651 5280 872 5320; x_wconf 88' lang='lat' dir='ltr'><strong>causam</strong></span> <span class='ocrx_word' id='word_1_412' title='bbox 924 5280 1285 5337; x_wconf 88' lang='lat' dir='ltr'><strong>removentes,</strong></span> <span class='ocrx_word' id='word_1_413' title='bbox 1341 5275 1395 5330; x_wconf 90' lang='lat' dir='ltr'>in</span> <span class='ocrx_word' id='word_1_414' title='bbox 1430 5277 1747 5336; x_wconf 84' lang='lat' dir='ltr'><strong>humilitatis</strong></span> <span class='ocrx_word' id='word_1_415' title='bbox 1781 5297 1962 5339; x_wconf 86' lang='lat' dir='ltr'><strong>arcem</strong></span> <span class='ocrx_word' id='word_1_416' title='bbox 2012 5285 2195 5354; x_wconf 88' lang='lat' dir='ltr'><strong>perfu-</strong></span> 
     </span>
    </p>
   </div>
   <div class='ocr_carea' id='block_1_68' title="bbox 643 5368 809 5424">
    <p class='ocr_par' dir='ltr' id='par_1_68' title="bbox 643 5368 809 5424">
     <span class='ocr_line' id='line_1_68' title="bbox 643 5368 809 5424; baseline 0.006 -14"><span class='ocrx_word' id='word_1_417' title='bbox 643 5368 809 5424; x_wconf 67' lang='lat' dir='ltr'><strong>stant.</strong></span> 
     </span>
    </p>
   </div>
   <div class='ocr_carea' id='block_1_69' title="bbox 719 5739 1181 5804">
    <p class='ocr_par' dir='ltr' id='par_1_69' title="bbox 719 5739 1181 5804">
     <span class='ocr_line' id='line_1_69' title="bbox 719 5739 1181 5804; baseline 0.024 -20"><span class='ocrx_word' id='word_1_418' title='bbox 719 5747 739 5765; x_wconf 86' lang='grc'><strong>⁸</strong></span> <span class='ocrx_word' id='word_1_419' title='bbox 772 5739 943 5792; x_wconf 67' lang='grc' dir='ltr'>ωιτη.</span> <span class='ocrx_word' id='word_1_420' title='bbox 986 5755 1058 5804; x_wconf 73' lang='lat' dir='ltr'><strong>Vl,</strong></span> <span class='ocrx_word' id='word_1_421' title='bbox 1095 5745 1181 5796; x_wconf 72' lang='lat' dir='ltr'>‘H.</span> 
     </span>
    </p>
   </div>
   <div class='ocr_carea' id='block_1_70' title="bbox 2301 1925 3876 2003">
    <p class='ocr_par' dir='ltr' id='par_1_70' title="bbox 2301 1925 3876 2003">
     <span class='ocr_line' id='line_1_70' title="bbox 2301 1925 3876 2003; baseline 0.004 -23"><span class='ocrx_word' id='word_1_422' title='bbox 2301 1927 2398 1981; x_wconf 66' lang='lat' dir='ltr'><strong>uel.</strong></span> <span class='ocrx_word' id='word_1_423' title='bbox 2428 1925 2683 1996; x_wconf 86' lang='grc' dir='ltr'>ὑπεράνω</span> <span class='ocrx_word' id='word_1_424' title='bbox 2716 1927 2815 1995; x_wconf 80' lang='grc' dir='ltr'>τῆς</span> <span class='ocrx_word' id='word_1_425' title='bbox 2842 1925 3225 1990; x_wconf 83' lang='grc' dir='ltr'>ταπεινώσεως</span> <span class='ocrx_word' id='word_1_426' title='bbox 3253 1931 3541 1998; x_wconf 87' lang='grc' dir='ltr'>γεγονότες</span> <span class='ocrx_word' id='word_1_427' title='bbox 3586 1932 3696 1986; x_wconf 86' lang='grc' dir='ltr'>τῶν</span> <span class='ocrx_word' id='word_1_428' title='bbox 3730 1936 3876 2003; x_wconf 80' lang='grc' dir='ltr'>ὁρω-</span> 
     </span>
    </p>
   </div>
   <div class='ocr_carea' id='block_1_71' title="bbox 2301 2015 3879 2095">
    <p class='ocr_par' dir='ltr' id='par_1_71' title="bbox 2301 2015 3879 2095">
     <span class='ocr_line' id='line_1_71' title="bbox 2301 2015 3879 2095; baseline 0.005 -25"><span class='ocrx_word' id='word_1_429' title='bbox 2301 2019 2503 2087; x_wconf 86' lang='grc' dir='ltr'>μένων,</span> <span class='ocrx_word' id='word_1_430' title='bbox 2530 2017 2619 2070; x_wconf 71' lang='grc' dir='ltr'>διὰ</span> <span class='ocrx_word' id='word_1_431' title='bbox 2655 2015 2751 2070; x_wconf 89' lang='grc' dir='ltr'>τοῦ</span> <span class='ocrx_word' id='word_1_432' title='bbox 2784 2016 2942 2085; x_wconf 85' lang='grc' dir='ltr'>λόγου</span> <span class='ocrx_word' id='word_1_433' title='bbox 2968 2021 3067 2088; x_wconf 81' lang='grc' dir='ltr'>τῆς</span> <span class='ocrx_word' id='word_1_434' title='bbox 3088 2018 3367 2086; x_wconf 86' lang='grc' dir='ltr'>γνώσεως,</span> <span class='ocrx_word' id='word_1_435' title='bbox 3401 2025 3495 2076; x_wconf 72' lang='grc' dir='ltr'>καὶ</span> <span class='ocrx_word' id='word_1_436' title='bbox 3517 2023 3653 2093; x_wconf 82' lang='grc' dir='ltr'>πρὸς</span> <span class='ocrx_word' id='word_1_437' title='bbox 3682 2025 3752 2077; x_wconf 82' lang='grc' dir='ltr'>τά</span> <span class='ocrx_word' id='word_1_438' title='bbox 3777 2026 3879 2095; x_wconf 84' lang='grc' dir='ltr'>βα-</span> 
     </span>
    </p>
   </div>
   <div class='ocr_carea' id='block_1_72' title="bbox 2309 2112 3878 2189">
    <p class='ocr_par' dir='ltr' id='par_1_72' title="bbox 2309 2112 3878 2189">
     <span class='ocr_line' id='line_1_72' title="bbox 2309 2112 3878 2189; baseline 0.004 -23"><span class='ocrx_word' id='word_1_439' title='bbox 2309 2114 2482 2166; x_wconf 87' lang='grc' dir='ltr'>σίλεια</span> <span class='ocrx_word' id='word_1_440' title='bbox 2507 2115 2606 2183; x_wconf 79' lang='grc' dir='ltr'>τῆς</span> <span class='ocrx_word' id='word_1_441' title='bbox 2634 2114 2857 2180; x_wconf 82' lang='grc' dir='ltr'>ἀγάπης</span> <span class='ocrx_word' id='word_1_442' title='bbox 2899 2113 3038 2181; x_wconf 86' lang='grc' dir='ltr'>μετὰ</span> <span class='ocrx_word' id='word_1_443' title='bbox 3089 2112 3196 2167; x_wconf 84' lang='grc' dir='ltr'>τῶν</span> <span class='ocrx_word' id='word_1_444' title='bbox 3229 2115 3541 2170; x_wconf 79' lang='grc' dir='ltr'>πολυόλὸων</span> <span class='ocrx_word' id='word_1_445' title='bbox 3583 2117 3878 2189; x_wconf 84' lang='grc' dir='ltr'>θησαυρῶν</span> 
     </span>
    </p>
   </div>
   <div class='ocr_carea' id='block_1_73' title="bbox 2297 2202 3517 2274">
    <p class='ocr_par' dir='ltr' id='par_1_73' title="bbox 2297 2202 3517 2274">
     <span class='ocr_line' id='line_1_73' title="bbox 2297 2202 3517 2274; baseline 0.004 -17"><span class='ocrx_word' id='word_1_446' title='bbox 2297 2204 2394 2274; x_wconf 83' lang='grc' dir='ltr'>τῆς</span> <span class='ocrx_word' id='word_1_447' title='bbox 2418 2205 2554 2273; x_wconf 79' lang='grc' dir='ltr'>πρὸς</span> <span class='ocrx_word' id='word_1_448' title='bbox 2583 2203 2716 2256; x_wconf 81' lang='grc' dir='ltr'>Θεὸν</span> <span class='ocrx_word' id='word_1_449' title='bbox 2738 2202 2956 2267; x_wconf 83' lang='grc' dir='ltr'>ἐλπίδος</span> <span class='ocrx_word' id='word_1_450' title='bbox 2977 2205 3517 2270; x_wconf 82' lang='grc' dir='ltr'>ὲγκαταπαύσαντες.</span> 
     </span>
    </p>
   </div>
   <div class='ocr_carea' id='block_1_74' title="bbox 2369 2293 3867 2371">
    <p class='ocr_par' dir='ltr' id='par_1_74' title="bbox 2369 2293 3867 2371">
     <span class='ocr_line' id='line_1_74' title="bbox 2369 2293 3867 2371; baseline 0.004 -25"><span class='ocrx_word' id='word_1_451' title='bbox 2369 2293 2471 2362; x_wconf 86' lang='grc' dir='ltr'>με’.</span> <span class='ocrx_word' id='word_1_452' title='bbox 2503 2295 2728 2364; x_wconf 82' lang='grc' dir='ltr'>Πτεροϊς</span> <span class='ocrx_word' id='word_1_453' title='bbox 2757 2293 3027 2356; x_wconf 83' lang='grc' dir='ltr'>ἀπαθείας</span> <span class='ocrx_word' id='word_1_454' title='bbox 3051 2294 3659 2368; x_wconf 70' lang='grc' dir='ltr'>καὶταπεινοφροσύνης</span> <span class='ocrx_word' id='word_1_455' title='bbox 3692 2300 3751 2352; x_wconf 80' lang='grc' dir='ltr'>ὲν</span> <span class='ocrx_word' id='word_1_456' title='bbox 3801 2300 3867 2371; x_wconf 69' lang='grc' dir='ltr'>τᾷ</span> 
     </span>
    </p>
   </div>
   <div class='ocr_carea' id='block_1_75' title="bbox 2297 2365 3867 2454">
    <p class='ocr_par' dir='ltr' id='par_1_75' title="bbox 2297 2365 3867 2454">
     <span class='ocr_line' id='line_1_75' title="bbox 2297 2365 3867 2454; baseline 0.003 -20"><span class='ocrx_word' id='word_1_457' title='bbox 2297 2365 2419 2453; x_wconf 78' lang='grc' dir='ltr'>ἀέρι</span> <span class='ocrx_word' id='word_1_458' title='bbox 2453 2385 2550 2453; x_wconf 80' lang='grc' dir='ltr'>τῆς</span> <span class='ocrx_word' id='word_1_459' title='bbox 2579 2381 2847 2453; x_wconf 81' lang='grc' dir='ltr'>μυστικῆς</span> <span class='ocrx_word' id='word_1_460' title='bbox 2877 2380 3155 2450; x_wconf 79' lang='grc' dir='ltr'>θεολογίας</span> <span class='ocrx_word' id='word_1_461' title='bbox 3177 2385 3490 2454; x_wconf 81' lang='grc' dir='ltr'>νηχόμενοι,</span> <span class='ocrx_word' id='word_1_462' title='bbox 3523 2365 3624 2437; x_wconf 31' lang='grc' dir='ltr'>καὶ.</span> <span class='ocrx_word' id='word_1_463' title='bbox 3653 2387 3735 2449; x_wconf 89' lang='grc' dir='ltr'>είς</span> <span class='ocrx_word' id='word_1_464' title='bbox 3782 2365 3867 2440; x_wconf 66' lang='grc' dir='ltr'>τδζ</span> 
     </span>
    </p>
   </div>
   <div class='ocr_carea' id='block_1_76' title="bbox 2296 2466 3872 2546">
    <p class='ocr_par' dir='ltr' id='par_1_76' title="bbox 2296 2466 3872 2546">
     <span class='ocr_line' id='line_1_76' title="bbox 2296 2466 3872 2546; baseline 0.001 -18"><span class='ocrx_word' id='word_1_465' title='bbox 2296 2475 2407 2529; x_wconf 80' lang='grc' dir='ltr'>ἀνω</span> <span class='ocrx_word' id='word_1_466' title='bbox 2435 2474 2597 2546; x_wconf 73' lang='grc' dir='ltr'>βυθὸν</span> <span class='ocrx_word' id='word_1_467' title='bbox 2629 2476 2728 2544; x_wconf 86' lang='grc' dir='ltr'>τῆς</span> <span class='ocrx_word' id='word_1_468' title='bbox 2766 2474 3022 2541; x_wconf 86' lang='grc' dir='ltr'>γνώσεως</span> <span class='ocrx_word' id='word_1_469' title='bbox 3061 2474 3171 2526; x_wconf 89' lang='grc' dir='ltr'>τῶν</span> <span class='ocrx_word' id='word_1_470' title='bbox 3207 2476 3522 2544; x_wconf 80' lang='grc' dir='ltr'>μυστηρίων</span> <span class='ocrx_word' id='word_1_471' title='bbox 3571 2475 3705 2528; x_wconf 92' lang='grc' dir='ltr'>Θεοῦ</span> <span class='ocrx_word' id='word_1_472' title='bbox 3735 2466 3872 2546; x_wconf 81' lang='grc' dir='ltr'>μετό</span> 
     </span>
    </p>
   </div>
   <div class='ocr_carea' id='block_1_77' title="bbox 2297 2563 3879 2637">
    <p class='ocr_par' dir='ltr' id='par_1_77' title="bbox 2297 2563 3879 2637">
     <span class='ocr_line' id='line_1_77' title="bbox 2297 2563 3879 2637; baseline 0.003 -20"><span class='ocrx_word' id='word_1_473' title='bbox 2297 2565 2441 2618; x_wconf 91' lang='grc' dir='ltr'>θείου</span> <span class='ocrx_word' id='word_1_474' title='bbox 2475 2563 2792 2634; x_wconf 87' lang='grc' dir='ltr'>Πνεύματος</span> <span class='ocrx_word' id='word_1_475' title='bbox 2841 2563 3215 2633; x_wconf 75' lang='grc' dir='ltr'>εἰσερχόμενοι</span> <span class='ocrx_word' id='word_1_476' title='bbox 3269 2566 3732 2637; x_wconf 85' lang='grc' dir='ltr'>ταῖςάστραπαῖς</span> <span class='ocrx_word' id='word_1_477' title='bbox 3769 2568 3879 2622; x_wconf 89' lang='grc' dir='ltr'>τῶν</span> 
     </span>
    </p>
   </div>
   <div class='ocr_carea' id='block_1_78' title="bbox 2295 2655 3882 2726">
    <p class='ocr_par' dir='ltr' id='par_1_78' title="bbox 2295 2655 3882 2726">
     <span class='ocr_line' id='line_1_78' title="bbox 2295 2655 3882 2726; baseline 0.003 -20"><span class='ocrx_word' id='word_1_478' title='bbox 2295 2655 2492 2708; x_wconf 77' lang='grc' dir='ltr'>ἐνθέων</span> <span class='ocrx_word' id='word_1_479' title='bbox 2527 2656 2814 2726; x_wconf 81' lang='grc' dir='ltr'>δογμάτων</span> <span class='ocrx_word' id='word_1_480' title='bbox 2848 2657 2940 2708; x_wconf 71' lang='grc' dir='ltr'>καὶ</span> <span class='ocrx_word' id='word_1_481' title='bbox 2969 2655 3284 2722; x_wconf 86' lang='grc' dir='ltr'>νοημάτων,</span> <span class='ocrx_word' id='word_1_482' title='bbox 3343 2655 3404 2707; x_wconf 85' lang='grc' dir='ltr'>τὸ</span> <span class='ocrx_word' id='word_1_483' title='bbox 3443 2656 3540 2724; x_wconf 84' lang='grc' dir='ltr'>τῆς</span> <span class='ocrx_word' id='word_1_484' title='bbox 3572 2655 3882 2724; x_wconf 79' lang='grc' dir='ltr'>φιλοδοξίας</span> 
     </span>
    </p>
   </div>
   <div class='ocr_carea' id='block_1_79' title="bbox 2295 2744 3882 2816">
    <p class='ocr_par' dir='ltr' id='par_1_79' title="bbox 2295 2744 3882 2816">
     <span class='ocr_line' id='line_1_79' title="bbox 2295 2744 3882 2816; baseline 0.002 -19"><span class='ocrx_word' id='word_1_485' title='bbox 2295 2744 2713 2816; x_wconf 82' lang='grc' dir='ltr'>καταφλέγομεν</span> <span class='ocrx_word' id='word_1_486' title='bbox 2740 2745 3000 2815; x_wconf 86' lang='grc' dir='ltr'>πνεῦμα·</span> <span class='ocrx_word' id='word_1_487' title='bbox 3029 2745 3258 2814; x_wconf 76' lang='grc' dir='ltr'>ὅμσροις</span> <span class='ocrx_word' id='word_1_488' title='bbox 3286 2744 3342 2797; x_wconf 87' lang='grc' dir='ltr'>δὲ</span> <span class='ocrx_word' id='word_1_489' title='bbox 3374 2746 3624 2815; x_wconf 84' lang='grc' dir='ltr'>δακρύων</span> <span class='ocrx_word' id='word_1_490' title='bbox 3658 2749 3757 2802; x_wconf 74' lang='grc' dir='ltr'>καὶ</span> <span class='ocrx_word' id='word_1_491' title='bbox 3783 2767 3882 2800; x_wconf 83' lang='grc' dir='ltr'>πο-</span> 
     </span>
    </p>
   </div>
   <div class='ocr_carea' id='block_1_80' title="bbox 2296 2833 3881 2906">
    <p class='ocr_par' dir='ltr' id='par_1_80' title="bbox 2296 2833 3881 2906">
     <span class='ocr_line' id='line_1_80' title="bbox 2296 2833 3881 2906; baseline 0.002 -17"><span class='ocrx_word' id='word_1_492' title='bbox 2296 2839 2491 2905; x_wconf 82' lang='grc' dir='ltr'>ταμοῖς</span> <span class='ocrx_word' id='word_1_493' title='bbox 2552 2833 2903 2899; x_wconf 77' lang='grc' dir='ltr'>κατανύξεως</span> <span class='ocrx_word' id='word_1_494' title='bbox 2937 2837 3014 2897; x_wconf 89' lang='grc' dir='ltr'>είς</span> <span class='ocrx_word' id='word_1_495' title='bbox 3065 2836 3132 2889; x_wconf 85' lang='grc' dir='ltr'>τά</span> <span class='ocrx_word' id='word_1_496' title='bbox 3182 2836 3310 2906; x_wconf 81' lang='grc' dir='ltr'>τέλη</span> <span class='ocrx_word' id='word_1_497' title='bbox 3357 2835 3466 2890; x_wconf 87' lang='grc' dir='ltr'>τῶν</span> <span class='ocrx_word' id='word_1_498' title='bbox 3521 2837 3881 2906; x_wconf 80' lang='grc' dir='ltr'>ἀνθρωπίνων</span> 
     </span>
    </p>
   </div>
   <div class='ocr_carea' id='block_1_81' title="bbox 2294 2926 3882 2998">
    <p class='ocr_par' dir='ltr' id='par_1_81' title="bbox 2294 2926 3882 2998">
     <span class='ocr_line' id='line_1_81' title="bbox 2294 2926 3882 2998; baseline 0.003 -20"><span class='ocrx_word' id='word_1_499' title='bbox 2294 2927 2638 2996; x_wconf 78' lang='grc' dir='ltr'>πραγμάτων</span> <span class='ocrx_word' id='word_1_500' title='bbox 2660 2927 2917 2997; x_wconf 72' lang='grc' dir='ltr'>ὁρῶντες,</span> <span class='ocrx_word' id='word_1_501' title='bbox 2943 2926 3069 2988; x_wconf 84' lang='grc' dir='ltr'>τοὺς</span> <span class='ocrx_word' id='word_1_502' title='bbox 3097 2927 3392 2998; x_wconf 87' lang='grc' dir='ltr'>τριστάτας</span> <span class='ocrx_word' id='word_1_503' title='bbox 3419 2929 3584 2981; x_wconf 82' lang='grc' dir='ltr'>αὐτοῦ</span> <span class='ocrx_word' id='word_1_504' title='bbox 3608 2946 3882 2984; x_wconf 79' lang='grc' dir='ltr'>καταπονο</span> 
     </span>
    </p>
   </div>
   <div class='ocr_carea' id='block_1_82' title="bbox 2292 3016 3883 3092">
    <p class='ocr_par' dir='ltr' id='par_1_82' title="bbox 2292 3016 3883 3092">
     <span class='ocr_line' id='line_1_82' title="bbox 2292 3016 3883 3092; baseline 0.004 -22"><span class='ocrx_word' id='word_1_505' title='bbox 2292 3018 2513 3087; x_wconf 73' lang='grc' dir='ltr'>τίξομεν</span> <span class='ocrx_word' id='word_1_506' title='bbox 2568 3016 2829 3086; x_wconf 87' lang='grc' dir='ltr'>δαίμονας</span> <span class='ocrx_word' id='word_1_507' title='bbox 2859 3019 3113 3086; x_wconf 69' lang='grc' dir='ltr'>,ζοίήσει</span> <span class='ocrx_word' id='word_1_508' title='bbox 3155 3035 3214 3071; x_wconf 91' lang='grc' dir='ltr'>τε</span> <span class='ocrx_word' id='word_1_509' title='bbox 3268 3018 3362 3071; x_wconf 76' lang='grc' dir='ltr'>καὶ</span> <span class='ocrx_word' id='word_1_510' title='bbox 3416 3021 3694 3092; x_wconf 69' lang='grc' dir='ltr'>κενοδοξία</span> <span class='ocrx_word' id='word_1_511' title='bbox 3723 3061 3738 3086; x_wconf 90' lang='grc'>,</span> <span class='ocrx_word' id='word_1_512' title='bbox 3784 3024 3883 3076; x_wconf 73' lang='grc' dir='ltr'>καὶ</span> 
     </span>
    </p>
   </div>
   <div class='ocr_carea' id='block_1_83' title="bbox 2295 3107 3565 3179">
    <p class='ocr_par' dir='ltr' id='par_1_83' title="bbox 2295 3107 3565 3179">
     <span class='ocr_line' id='line_1_83' title="bbox 2295 3107 3565 3179; baseline 0.004 -18"><span class='ocrx_word' id='word_1_513' title='bbox 2295 3110 2664 3178; x_wconf 79' lang='grc' dir='ltr'>ὑπερηφανίᾳ.</span> <span class='ocrx_word' id='word_1_514' title='bbox 2694 3107 2819 3159; x_wconf 86' lang='grc' dir='ltr'>καθ’</span> <span class='ocrx_word' id='word_1_515' title='bbox 2852 3107 3010 3176; x_wconf 82' lang='grc' dir='ltr'>ἡμῶν</span> <span class='ocrx_word' id='word_1_516' title='bbox 3033 3109 3565 3179; x_wconf 83' lang='grc' dir='ltr'>ὲκστρατεύσαντας.</span> 
     </span>
    </p>
   </div>
   <div class='ocr_carea' id='block_1_84' title="bbox 2363 3195 3881 3271">
    <p class='ocr_par' dir='ltr' id='par_1_84' title="bbox 2363 3195 3881 3271">
     <span class='ocr_line' id='line_1_84' title="bbox 2363 3195 3881 3271; baseline 0.003 -20"><span class='ocrx_word' id='word_1_517' title='bbox 2363 3196 2482 3268; x_wconf 89' lang='grc' dir='ltr'>μς·’.</span> <span class='ocrx_word' id='word_1_518' title='bbox 2534 3197 2590 3251; x_wconf 86' lang='grc' dir='ltr'>Ὀ</span> <span class='ocrx_word' id='word_1_519' title='bbox 2633 3197 2735 3267; x_wconf 83' lang='grc' dir='ltr'>τὴν</span> <span class='ocrx_word' id='word_1_520' title='bbox 2776 3197 3075 3268; x_wconf 74' lang='grc' dir='ltr'>ἐπιθυμίαν</span> <span class='ocrx_word' id='word_1_521' title='bbox 3116 3195 3216 3268; x_wconf 74' lang='grc' dir='ltr'>τῆς</span> <span class='ocrx_word' id='word_1_522' title='bbox 3246 3201 3467 3270; x_wconf 79' lang='grc' dir='ltr'>σαρκὸς,</span> <span class='ocrx_word' id='word_1_523' title='bbox 3492 3204 3586 3254; x_wconf 71' lang='grc' dir='ltr'>καὶ</span> <span class='ocrx_word' id='word_1_524' title='bbox 3631 3203 3732 3271; x_wconf 77' lang='grc' dir='ltr'>τὴν</span> <span class='ocrx_word' id='word_1_525' title='bbox 3760 3205 3881 3257; x_wconf 73' lang='grc' dir='ltr'>ἑπι-</span> 
     </span>
    </p>
   </div>
   <div class='ocr_carea' id='block_1_85' title="bbox 2293 3286 3880 3361">
    <p class='ocr_par' dir='ltr' id='par_1_85' title="bbox 2293 3286 3880 3361">
     <span class='ocr_line' id='line_1_85' title="bbox 2293 3286 3880 3361; baseline 0.001 -19"><span class='ocrx_word' id='word_1_526' title='bbox 2293 3288 2495 3359; x_wconf 87' lang='grc' dir='ltr'>θυμίαν</span> <span class='ocrx_word' id='word_1_527' title='bbox 2522 3287 2631 3341; x_wconf 90' lang='grc' dir='ltr'>τῶν</span> <span class='ocrx_word' id='word_1_528' title='bbox 2653 3286 2972 3358; x_wconf 82' lang='grc' dir='ltr'>ὀφθαλμῶν,</span> <span class='ocrx_word' id='word_1_529' title='bbox 3004 3289 3099 3341; x_wconf 75' lang='grc' dir='ltr'>καὶ</span> <span class='ocrx_word' id='word_1_530' title='bbox 3139 3288 3238 3357; x_wconf 83' lang='grc' dir='ltr'>τὴν</span> <span class='ocrx_word' id='word_1_531' title='bbox 3264 3291 3601 3354; x_wconf 76' lang='grc' dir='ltr'>ἀλαζωνείαν</span> <span class='ocrx_word' id='word_1_532' title='bbox 3623 3292 3715 3345; x_wconf 87' lang='grc' dir='ltr'>τοῦ</span> <span class='ocrx_word' id='word_1_533' title='bbox 3732 3294 3880 3361; x_wconf 80' lang='grc' dir='ltr'>βίου,</span> 
     </span>
    </p>
   </div>
   <div class='ocr_carea' id='block_1_86' title="bbox 2290 3377 3884 3454">
    <p class='ocr_par' dir='ltr' id='par_1_86' title="bbox 2290 3377 3884 3454">
     <span class='ocr_line' id='line_1_86' title="bbox 2290 3377 3884 3454; baseline 0.004 -21"><span class='ocrx_word' id='word_1_534' title='bbox 2290 3383 2383 3433; x_wconf 82' lang='grc' dir='ltr'>τὸν</span> <span class='ocrx_word' id='word_1_535' title='bbox 2416 3381 2642 3449; x_wconf 81' lang='grc' dir='ltr'>κόσμον,</span> <span class='ocrx_word' id='word_1_536' title='bbox 2675 3379 2848 3433; x_wconf 84' lang='grc' dir='ltr'>ταῦτα</span> <span class='ocrx_word' id='word_1_537' title='bbox 2877 3380 2976 3448; x_wconf 87' lang='grc' dir='ltr'>τῆς</span> <span class='ocrx_word' id='word_1_538' title='bbox 3012 3380 3227 3444; x_wconf 83' lang='grc' dir='ltr'>ἀδικίας</span> <span class='ocrx_word' id='word_1_539' title='bbox 3255 3421 3269 3446; x_wconf 95' lang='grc'>,</span> <span class='ocrx_word' id='word_1_540' title='bbox 3317 3382 3384 3435; x_wconf 82' lang='grc' dir='ltr'>δι’</span> <span class='ocrx_word' id='word_1_541' title='bbox 3428 3377 3503 3436; x_wconf 83' lang='grc' dir='ltr'>ὧν</span> <span class='ocrx_word' id='word_1_542' title='bbox 3539 3384 3638 3454; x_wconf 80' lang='grc' dir='ltr'>τῆς</span> <span class='ocrx_word' id='word_1_543' title='bbox 3695 3384 3884 3453; x_wconf 81' lang='grc' dir='ltr'>φιλίας</span> 
     </span>
    </p>
   </div>
   <div class='ocr_carea' id='block_1_87' title="bbox 2291 3471 3882 3546">
    <p class='ocr_par' dir='ltr' id='par_1_87' title="bbox 2291 3471 3882 3546">
     <span class='ocr_line' id='line_1_87' title="bbox 2291 3471 3882 3546; baseline 0.004 -21"><span class='ocrx_word' id='word_1_544' title='bbox 2291 3473 2476 3545; x_wconf 73' lang='grc' dir='ltr'>ἐχθροὶ</span> <span class='ocrx_word' id='word_1_545' title='bbox 2503 3473 2767 3542; x_wconf 87' lang='grc' dir='ltr'>γινόμεθα</span> <span class='ocrx_word' id='word_1_546' title='bbox 2791 3471 2869 3542; x_wconf 84' lang='grc' dir='ltr'>τῷ</span> <span class='ocrx_word' id='word_1_547' title='bbox 2889 3472 3029 3542; x_wconf 85' lang='grc' dir='ltr'>Θεῷ,</span> <span class='ocrx_word' id='word_1_548' title='bbox 3053 3474 3584 3546; x_wconf 78' lang='grc' dir='ltr'>ὲκθύμως¹μισήσας,</span> <span class='ocrx_word' id='word_1_549' title='bbox 3613 3481 3708 3530; x_wconf 76' lang='grc' dir='ltr'>καὶ</span> <span class='ocrx_word' id='word_1_550' title='bbox 3732 3479 3882 3531; x_wconf 81' lang='grc' dir='ltr'>ταύ-</span> 
     </span>
    </p>
   </div>
   <div class='ocr_carea' id='block_1_88' title="bbox 2289 3563 3879 3638">
    <p class='ocr_par' dir='ltr' id='par_1_88' title="bbox 2289 3563 3879 3638">
     <span class='ocr_line' id='line_1_88' title="bbox 2289 3563 3879 3638; baseline 0.003 -21"><span class='ocrx_word' id='word_1_551' title='bbox 2289 3581 2411 3628; x_wconf 84' lang='grc' dir='ltr'>ταις</span> <span class='ocrx_word' id='word_1_552' title='bbox 2456 3563 2890 3632; x_wconf 81' lang='grc' dir='ltr'>ἀποταξάμενος,</span> <span class='ocrx_word' id='word_1_553' title='bbox 2928 3563 3106 3633; x_wconf 78' lang='grc' dir='ltr'>ἐαυτῷ</span> <span class='ocrx_word' id='word_1_554' title='bbox 3159 3564 3249 3618; x_wconf 78' lang='grc' dir='ltr'>τὸν</span> <span class='ocrx_word' id='word_1_555' title='bbox 3289 3567 3492 3637; x_wconf 87' lang='grc' dir='ltr'>κόσμον</span> <span class='ocrx_word' id='word_1_556' title='bbox 3534 3569 3879 3638; x_wconf 85' lang='grc' dir='ltr'>ὲσταύρωσε,</span> 
     </span>
    </p>
   </div>
   <div class='ocr_carea' id='block_1_89' title="bbox 2290 3653 3874 3728">
    <p class='ocr_par' dir='ltr' id='par_1_89' title="bbox 2290 3653 3874 3728">
     <span class='ocr_line' id='line_1_89' title="bbox 2290 3653 3874 3728; baseline 0.003 -20"><span class='ocrx_word' id='word_1_557' title='bbox 2290 3657 2386 3708; x_wconf 75' lang='grc' dir='ltr'>καὶ</span> <span class='ocrx_word' id='word_1_558' title='bbox 2437 3653 2599 3717; x_wconf 83' lang='grc' dir='ltr'>αὐτὸς</span> <span class='ocrx_word' id='word_1_559' title='bbox 2627 3653 2946 3724; x_wconf 72' lang='grc' dir='ltr'>ἐσταυρώθη</span> <span class='ocrx_word' id='word_1_560' title='bbox 2993 3654 3164 3723; x_wconf 76' lang='grc' dir='ltr'>αὐτῷ,</span> <span class='ocrx_word' id='word_1_561' title='bbox 3212 3655 3380 3719; x_wconf 92' lang='grc' dir='ltr'>λύσας</span> <span class='ocrx_word' id='word_1_562' title='bbox 3420 3657 3518 3728; x_wconf 86' lang='grc' dir='ltr'>τὴν</span> <span class='ocrx_word' id='word_1_563' title='bbox 3556 3657 3874 3728; x_wconf 64' lang='grc' dir='ltr'>ἀναμεταξὶ</span> 
     </span>
    </p>
   </div>
   <div class='ocr_carea' id='block_1_90' title="bbox 2289 3741 3870 3818">
    <p class='ocr_par' dir='ltr' id='par_1_90' title="bbox 2289 3741 3870 3818">
     <span class='ocr_line' id='line_1_90' title="bbox 2289 3741 3870 3818; baseline 0.002 -22"><span class='ocrx_word' id='word_1_564' title='bbox 2289 3742 2423 3797; x_wconf 82' lang='grc' dir='ltr'>Θεοῦ</span> <span class='ocrx_word' id='word_1_565' title='bbox 2453 3744 2544 3794; x_wconf 76' lang='grc' dir='ltr'>καὶ</span> <span class='ocrx_word' id='word_1_566' title='bbox 2571 3743 2748 3814; x_wconf 78' lang='grc' dir='ltr'>ψυχῆς</span> <span class='ocrx_word' id='word_1_567' title='bbox 2771 3741 2968 3813; x_wconf 77' lang='grc' dir='ltr'>ἔχθραν</span> <span class='ocrx_word' id='word_1_568' title='bbox 3002 3743 3058 3793; x_wconf 78' lang='grc' dir='ltr'>ἐν</span> <span class='ocrx_word' id='word_1_569' title='bbox 3085 3746 3149 3813; x_wconf 81' lang='grc' dir='ltr'>τῇ</span> <span class='ocrx_word' id='word_1_570' title='bbox 3176 3746 3340 3815; x_wconf 76' lang='grc' dir='ltr'>σαρκὶ</span> <span class='ocrx_word' id='word_1_571' title='bbox 3364 3745 3552 3810; x_wconf 79' lang='grc' dir='ltr'>αὑτοῦ,</span> <span class='ocrx_word' id='word_1_572' title='bbox 3584 3751 3677 3799; x_wconf 78' lang='grc' dir='ltr'>καὶ</span> <span class='ocrx_word' id='word_1_573' title='bbox 3710 3749 3870 3818; x_wconf 83' lang='grc' dir='ltr'>ποιή-</span> 
     </span>
    </p>
   </div>
   <div class='ocr_carea' id='block_1_91' title="bbox 2289 3833 3871 3910">
    <p class='ocr_par' dir='ltr' id='par_1_91' title="bbox 2289 3833 3871 3910">
     <span class='ocr_line' id='line_1_91' title="bbox 2289 3833 3871 3910; baseline 0.003 -23"><span class='ocrx_word' id='word_1_574' title='bbox 2289 3851 2388 3898; x_wconf 91' lang='grc' dir='ltr'>σας</span> <span class='ocrx_word' id='word_1_575' title='bbox 2434 3836 2492 3887; x_wconf 80' lang='grc' dir='ltr'>ὲν</span> <span class='ocrx_word' id='word_1_576' title='bbox 2522 3833 2851 3904; x_wconf 79' lang='grc' dir='ltr'>ἀμφοτέροις</span> <span class='ocrx_word' id='word_1_577' title='bbox 2903 3835 3148 3905; x_wconf 83' lang='grc' dir='ltr'>εἰρήνην.</span> <span class='ocrx_word' id='word_1_578' title='bbox 3194 3836 3254 3888; x_wconf 82' lang='lat'>&#39;0</span> <span class='ocrx_word' id='word_1_579' title='bbox 3304 3836 3413 3908; x_wconf 86' lang='grc' dir='ltr'>γάρ</span> <span class='ocrx_word' id='word_1_580' title='bbox 3461 3838 3673 3901; x_wconf 75' lang='grc' dir='ltr'>τούτοις</span> <span class='ocrx_word' id='word_1_581' title='bbox 3719 3841 3777 3891; x_wconf 80' lang='grc' dir='ltr'>ὲν</span> <span class='ocrx_word' id='word_1_582' title='bbox 3807 3845 3871 3910; x_wconf 64' lang='grc' dir='ltr'>τῇ</span> 
     </span>
    </p>
   </div>
   <div class='ocr_carea' id='block_1_92' title="bbox 2287 3923 3875 3999">
    <p class='ocr_par' dir='ltr' id='par_1_92' title="bbox 2287 3923 3875 3999">
     <span class='ocr_line' id='line_1_92' title="bbox 2287 3923 3875 3999; baseline 0.003 -19"><span class='ocrx_word' id='word_1_583' title='bbox 2287 3926 2585 3980; x_wconf 83' lang='grc' dir='ltr'>ἀπεκδύσει</span> <span class='ocrx_word' id='word_1_584' title='bbox 2610 3923 2702 3979; x_wconf 88' lang='grc' dir='ltr'>τοῦ</span> <span class='ocrx_word' id='word_1_585' title='bbox 2725 3925 2988 3994; x_wconf 86' lang='grc' dir='ltr'>σαρκικοῦ</span> <span class='ocrx_word' id='word_1_586' title='bbox 3022 3927 3376 3997; x_wconf 84' lang='grc' dir='ltr'>φρονήματος</span> <span class='ocrx_word' id='word_1_587' title='bbox 3399 3930 3714 3999; x_wconf 75' lang='grc' dir='ltr'>νεκρωθεὶς,</span> <span class='ocrx_word' id='word_1_588' title='bbox 3743 3949 3875 3984; x_wconf 88' lang='grc' dir='ltr'>κατ-</span> 
     </span>
    </p>
   </div>
   <div class='ocr_carea' id='block_1_93' title="bbox 2288 4015 3879 4092">
    <p class='ocr_par' dir='ltr' id='par_1_93' title="bbox 2288 4015 3879 4092">
     <span class='ocr_line' id='line_1_93' title="bbox 2288 4015 3879 4092; baseline 0.004 -24"><span class='ocrx_word' id='word_1_589' title='bbox 2288 4015 2516 4087; x_wconf 77' lang='grc' dir='ltr'>ήλλαξεν</span> <span class='ocrx_word' id='word_1_590' title='bbox 2563 4015 2766 4079; x_wconf 52' lang='grc' dir='ltr'>ἑαυτὸν,</span> <span class='ocrx_word' id='word_1_591' title='bbox 2801 4015 2879 4085; x_wconf 84' lang='grc' dir='ltr'>τῷ</span> <span class='ocrx_word' id='word_1_592' title='bbox 2934 4016 3054 4087; x_wconf 89' lang='grc' dir='ltr'>Θεῷ</span> <span class='ocrx_word' id='word_1_593' title='bbox 3081 4057 3095 4082; x_wconf 95' lang='grc'>,</span> <span class='ocrx_word' id='word_1_594' title='bbox 3133 4018 3461 4082; x_wconf 86' lang='grc' dir='ltr'>ἀποκτείνας</span> <span class='ocrx_word' id='word_1_595' title='bbox 3513 4021 3610 4092; x_wconf 81' lang='grc' dir='ltr'>τὴν</span> <span class='ocrx_word' id='word_1_596' title='bbox 3670 4021 3879 4091; x_wconf 75' lang='grc' dir='ltr'>ἔχθραν</span> 
     </span>
    </p>
   </div>
   <div class='ocr_carea' id='block_1_94' title="bbox 2287 4106 3878 4183">
    <p class='ocr_par' dir='ltr' id='par_1_94' title="bbox 2287 4106 3878 4183">
     <span class='ocr_line' id='line_1_94' title="bbox 2287 4106 3878 4183; baseline 0.003 -23"><span class='ocrx_word' id='word_1_597' title='bbox 2287 4106 2381 4160; x_wconf 84' lang='grc' dir='ltr'>τοῦ</span> <span class='ocrx_word' id='word_1_598' title='bbox 2428 4110 2634 4176; x_wconf 87' lang='grc' dir='ltr'>κόσμου</span> <span class='ocrx_word' id='word_1_599' title='bbox 2674 4108 2733 4160; x_wconf 83' lang='grc' dir='ltr'>ὲν</span> <span class='ocrx_word' id='word_1_600' title='bbox 2772 4109 2847 4180; x_wconf 74' lang='grc' dir='ltr'>Ιτῇ</span> <span class='ocrx_word' id='word_1_601' title='bbox 2899 4108 3167 4178; x_wconf 88' lang='grc' dir='ltr'>νεκρώσει</span> <span class='ocrx_word' id='word_1_602' title='bbox 3216 4110 3324 4168; x_wconf 73' lang='grc' dir='ltr'>τῶν</span> <span class='ocrx_word' id='word_1_603' title='bbox 3358 4112 3582 4180; x_wconf 76' lang='grc' dir='ltr'>ἡδονῶν,</span> <span class='ocrx_word' id='word_1_604' title='bbox 3633 4111 3720 4164; x_wconf 82' lang='grc' dir='ltr'>διὰ</span> <span class='ocrx_word' id='word_1_605' title='bbox 3773 4114 3878 4183; x_wconf 84' lang='grc' dir='ltr'>τῆς</span> 
     </span>
    </p>
   </div>
   <div class='ocr_carea' id='block_1_95' title="bbox 2289 4196 3874 4272">
    <p class='ocr_par' dir='ltr' id='par_1_95' title="bbox 2289 4196 3874 4272">
     <span class='ocr_line' id='line_1_95' title="bbox 2289 4196 3874 4272; baseline 0.003 -22"><span class='ocrx_word' id='word_1_606' title='bbox 2289 4197 2713 4267; x_wconf 63' lang='grc' dir='ltr'>ἐσταυρωμένης</span> <span class='ocrx_word' id='word_1_607' title='bbox 2738 4196 2815 4268; x_wconf 82' lang='grc' dir='ltr'>τῷ</span> <span class='ocrx_word' id='word_1_608' title='bbox 2842 4198 3033 4267; x_wconf 87' lang='grc' dir='ltr'>κόσμῳ</span> <span class='ocrx_word' id='word_1_609' title='bbox 3063 4196 3230 4269; x_wconf 78' lang='grc' dir='ltr'>ζωῆς,</span> <span class='ocrx_word' id='word_1_610' title='bbox 3259 4201 3353 4254; x_wconf 77' lang='grc' dir='ltr'>καὶ</span> <span class='ocrx_word' id='word_1_611' title='bbox 3379 4201 3478 4272; x_wconf 84' lang='grc' dir='ltr'>τὴν</span> <span class='ocrx_word' id='word_1_612' title='bbox 3510 4202 3649 4271; x_wconf 85' lang='grc' dir='ltr'>μετά</span> <span class='ocrx_word' id='word_1_613' title='bbox 3694 4203 3874 4272; x_wconf 84' lang='grc' dir='ltr'>Ἰησοῦ</span> 
     </span>
    </p>
   </div>
   <div class='ocr_carea' id='block_1_96' title="bbox 2290 4285 3872 4363">
    <p class='ocr_par' dir='ltr' id='par_1_96' title="bbox 2290 4285 3872 4363">
     <span class='ocr_line' id='line_1_96' title="bbox 2290 4285 3872 4363; baseline 0.004 -24"><span class='ocrx_word' id='word_1_614' title='bbox 2290 4286 2471 4357; x_wconf 78' lang='grc' dir='ltr'>φιλίαν</span> <span class='ocrx_word' id='word_1_615' title='bbox 2497 4287 2809 4356; x_wconf 76' lang='grc' dir='ltr'>ἠσπάσατο.</span> <span class='ocrx_word' id='word_1_616' title='bbox 2846 4287 3039 4342; x_wconf 84' lang='grc' dir='ltr'>Τοίνυν</span> <span class='ocrx_word' id='word_1_617' title='bbox 3068 4287 3168 4344; x_wconf 78' lang='grc' dir='ltr'>οὐκ</span> <span class='ocrx_word' id='word_1_618' title='bbox 3204 4285 3285 4342; x_wconf 70' lang='grc' dir='ltr'>ἔτι</span> <span class='ocrx_word' id='word_1_619' title='bbox 3316 4291 3344 4343; x_wconf 84' lang='grc' dir='ltr'>δ</span> <span class='ocrx_word' id='word_1_620' title='bbox 3394 4290 3631 4350; x_wconf 84' lang='grc' dir='ltr'>τοιοῦτος</span> <span class='ocrx_word' id='word_1_621' title='bbox 3677 4292 3872 4363; x_wconf 80' lang='grc' dir='ltr'>ἐχθρὸς</span> 
     </span>
    </p>
   </div>
   <div class='ocr_carea' id='block_1_97' title="bbox 2291 4377 3871 4447">
    <p class='ocr_par' dir='ltr' id='par_1_97' title="bbox 2291 4377 3871 4447">
     <span class='ocr_line' id='line_1_97' title="bbox 2291 4377 3871 4447; baseline 0.002 -15"><span class='ocrx_word' id='word_1_622' title='bbox 2291 4378 2367 4444; x_wconf 82' lang='grc' dir='ltr'>ὡς</span> <span class='ocrx_word' id='word_1_623' title='bbox 2400 4377 2550 4447; x_wconf 86' lang='grc' dir='ltr'>φίλος</span> <span class='ocrx_word' id='word_1_624' title='bbox 2581 4377 2674 4431; x_wconf 85' lang='grc' dir='ltr'>τοῦ</span> <span class='ocrx_word' id='word_1_625' title='bbox 2716 4378 2943 4446; x_wconf 88' lang='grc' dir='ltr'>κόσμου,</span> <span class='ocrx_word' id='word_1_626' title='bbox 2972 4377 3109 4432; x_wconf 85' lang='grc' dir='ltr'>ἀλλὰ</span> <span class='ocrx_word' id='word_1_627' title='bbox 3136 4379 3286 4447; x_wconf 88' lang='grc' dir='ltr'>φίλος</span> <span class='ocrx_word' id='word_1_628' title='bbox 3316 4380 3408 4433; x_wconf 86' lang='grc' dir='ltr'>τοῦ</span> <span class='ocrx_word' id='word_1_629' title='bbox 3437 4381 3571 4434; x_wconf 84' lang='grc' dir='ltr'>Θεοῦ</span> <span class='ocrx_word' id='word_1_630' title='bbox 3611 4382 3871 4436; x_wconf 76' lang='grc' dir='ltr'>καθίστα.</span> 
     </span>
    </p>
   </div>
   <div class='ocr_carea' id='block_1_98' title="bbox 2236 4465 3872 4546">
    <p class='ocr_par' dir='ltr' id='par_1_98' title="bbox 2236 4465 3872 4546">
     <span class='ocr_line' id='line_1_98' title="bbox 2236 4465 3872 4546; baseline 0.007 -26"><span class='ocrx_word' id='word_1_631' title='bbox 2236 4465 2398 4538; x_wconf 79' lang='grc' dir='ltr'>ῡται,</span> <span class='ocrx_word' id='word_1_632' title='bbox 2429 4471 2505 4535; x_wconf 86' lang='grc' dir='ltr'>ὡς</span> <span class='ocrx_word' id='word_1_633' title='bbox 2539 4473 2954 4543; x_wconf 74' lang='grc' dir='ltr'>ἐσταυρωμένος</span> <span class='ocrx_word' id='word_1_634' title='bbox 2987 4471 3066 4543; x_wconf 86' lang='grc' dir='ltr'>τῷ</span> <span class='ocrx_word' id='word_1_635' title='bbox 3099 4473 3310 4543; x_wconf 84' lang='grc' dir='ltr'>κόσμῳ,</span> <span class='ocrx_word' id='word_1_636' title='bbox 3344 4477 3437 4528; x_wconf 76' lang='grc' dir='ltr'>καὶ</span> <span class='ocrx_word' id='word_1_637' title='bbox 3462 4477 3755 4546; x_wconf 84' lang='grc' dir='ltr'>δυνάμενος</span> <span class='ocrx_word' id='word_1_638' title='bbox 3778 4478 3872 4531; x_wconf 86' lang='grc' dir='ltr'>λέ-</span> 
     </span>
    </p>
   </div>
   <div class='ocr_carea' id='block_1_99' title="bbox 2286 4561 3870 4639">
    <p class='ocr_par' dir='ltr' id='par_1_99' title="bbox 2286 4561 3870 4639">
     <span class='ocr_line' id='line_1_99' title="bbox 2286 4561 3870 4639; baseline 0.002 -24"><span class='ocrx_word' id='word_1_639' title='bbox 2286 4579 2440 4630; x_wconf 84' lang='grc' dir='ltr'>γειν·</span> <span class='ocrx_word' id='word_1_640' title='bbox 2490 4562 2647 4631; x_wconf 74' lang='grc' dir='ltr'>Ἐμοὶ</span> <span class='ocrx_word' id='word_1_641' title='bbox 2701 4563 2904 4630; x_wconf 86' lang='grc' dir='ltr'>κόσμος</span> <span class='ocrx_word' id='word_1_642' title='bbox 2955 4561 3323 4632; x_wconf 73' lang='grc' dir='ltr'>ἐσταύρωται,</span> <span class='ocrx_word' id='word_1_643' title='bbox 3355 4564 3510 4632; x_wconf 87' lang='grc' dir='ltr'>κάγὼ</span> <span class='ocrx_word' id='word_1_644' title='bbox 3536 4564 3615 4635; x_wconf 85' lang='grc' dir='ltr'>τῷ</span> <span class='ocrx_word' id='word_1_645' title='bbox 3653 4567 3870 4639; x_wconf 84' lang='grc' dir='ltr'>κόσμῳ,</span> 
     </span>
    </p>
   </div>
   <div class='ocr_carea' id='block_1_100' title="bbox 2360 4650 3876 4725">
    <p class='ocr_par' dir='ltr' id='par_1_100' title="bbox 2360 4650 3876 4725">
     <span class='ocr_line' id='line_1_100' title="bbox 2360 4650 3876 4725; baseline 0.003 -19"><span class='ocrx_word' id='word_1_646' title='bbox 2360 4650 2467 4723; x_wconf 60' lang='grc' dir='ltr'>με.</span> <span class='ocrx_word' id='word_1_647' title='bbox 2522 4653 2677 4705; x_wconf 82' lang='grc' dir='ltr'>Πᾶσα</span> <span class='ocrx_word' id='word_1_648' title='bbox 2720 4654 2832 4714; x_wconf 81' lang='grc' dir='ltr'>τοῖς</span> <span class='ocrx_word' id='word_1_649' title='bbox 2879 4652 3302 4721; x_wconf 75' lang='grc' dir='ltr'>ἀγωνιζομένοις</span> <span class='ocrx_word' id='word_1_650' title='bbox 3360 4655 3745 4725; x_wconf 84' lang='grc' dir='ltr'>ὲγκατάλειψις</span> <span class='ocrx_word' id='word_1_651' title='bbox 3779 4658 3876 4711; x_wconf 82' lang='grc' dir='ltr'>διά</span> 
     </span>
    </p>
   </div>
   <div class='ocr_carea' id='block_1_101' title="bbox 2288 4743 3875 4820">
    <p class='ocr_par' dir='ltr' id='par_1_101' title="bbox 2288 4743 3875 4820">
     <span class='ocr_line' id='line_1_101' title="bbox 2288 4743 3875 4820; baseline 0.001 -21"><span class='ocrx_word' id='word_1_652' title='bbox 2288 4744 2460 4799; x_wconf 83' lang='grc' dir='ltr'>ταῦτα</span> <span class='ocrx_word' id='word_1_653' title='bbox 2488 4743 2736 4812; x_wconf 78' lang='grc' dir='ltr'>γίνεσθαι</span> <span class='ocrx_word' id='word_1_654' title='bbox 2759 4743 2993 4812; x_wconf 71' lang='grc' dir='ltr'>πέφυκεο</span> <span class='ocrx_word' id='word_1_655' title='bbox 3028 4743 3117 4796; x_wconf 87' lang='grc' dir='ltr'>διὰ</span> <span class='ocrx_word' id='word_1_656' title='bbox 3153 4746 3484 4812; x_wconf 78' lang='grc' dir='ltr'>κενοδοξίαν,</span> <span class='ocrx_word' id='word_1_657' title='bbox 3518 4746 3605 4800; x_wconf 85' lang='grc' dir='ltr'>διὰ</span> <span class='ocrx_word' id='word_1_658' title='bbox 3649 4749 3746 4820; x_wconf 84' lang='grc' dir='ltr'>τὴν</span> <span class='ocrx_word' id='word_1_659' title='bbox 3786 4749 3875 4813; x_wconf 79' lang='grc' dir='ltr'>εἰς</span> 
     </span>
    </p>
   </div>
   <div class='ocr_carea' id='block_1_102' title="bbox 2286 4836 3879 4909">
    <p class='ocr_par' dir='ltr' id='par_1_102' title="bbox 2286 4836 3879 4909">
     <span class='ocr_line' id='line_1_102' title="bbox 2286 4836 3879 4909; baseline 0.001 -18"><span class='ocrx_word' id='word_1_660' title='bbox 2286 4839 2376 4891; x_wconf 80' lang='grc' dir='ltr'>τὸν</span> <span class='ocrx_word' id='word_1_661' title='bbox 2405 4836 2634 4907; x_wconf 86' lang='grc' dir='ltr'>πλησίον</span> <span class='ocrx_word' id='word_1_662' title='bbox 2692 4837 3040 4904; x_wconf 81' lang='grc' dir='ltr'>κατάκρισιν,</span> <span class='ocrx_word' id='word_1_663' title='bbox 3079 4838 3172 4888; x_wconf 72' lang='grc' dir='ltr'>καὶ</span> <span class='ocrx_word' id='word_1_664' title='bbox 3222 4837 3311 4890; x_wconf 81' lang='grc' dir='ltr'>διὰ</span> <span class='ocrx_word' id='word_1_665' title='bbox 3356 4838 3452 4908; x_wconf 80' lang='grc' dir='ltr'>τὴν</span> <span class='ocrx_word' id='word_1_666' title='bbox 3504 4840 3589 4892; x_wconf 79' lang='grc' dir='ltr'>ἐπ’</span> <span class='ocrx_word' id='word_1_667' title='bbox 3645 4843 3879 4909; x_wconf 82' lang='grc' dir='ltr'>ἀρεταῖς</span> 
     </span>
    </p>
   </div>
   <div class='ocr_carea' id='block_1_103' title="bbox 2285 4923 3881 5000">
    <p class='ocr_par' dir='ltr' id='par_1_103' title="bbox 2285 4923 3881 5000">
     <span class='ocr_line' id='line_1_103' title="bbox 2285 4923 3881 5000; baseline 0.003 -20"><span class='ocrx_word' id='word_1_668' title='bbox 2285 4927 2538 4998; x_wconf 78' lang='grc' dir='ltr'>ἔπαρσιν.</span> <span class='ocrx_word' id='word_1_669' title='bbox 2566 4925 2634 4978; x_wconf 79' lang='grc' dir='ltr'>Εἴ</span> <span class='ocrx_word' id='word_1_670' title='bbox 2654 4942 2705 4977; x_wconf 87' lang='grc' dir='ltr'>τι</span> <span class='ocrx_word' id='word_1_671' title='bbox 2735 4923 2828 4979; x_wconf 82' lang='grc' dir='ltr'>οῦν</span> <span class='ocrx_word' id='word_1_672' title='bbox 2857 4925 3059 4978; x_wconf 87' lang='grc' dir='ltr'>τούτων</span> <span class='ocrx_word' id='word_1_673' title='bbox 3083 4927 3140 4979; x_wconf 86' lang='grc' dir='ltr'>ὲν</span> <span class='ocrx_word' id='word_1_674' title='bbox 3169 4930 3289 4991; x_wconf 88' lang='grc' dir='ltr'>ταῖς</span> <span class='ocrx_word' id='word_1_675' title='bbox 3311 4928 3508 5000; x_wconf 77' lang='grc' dir='ltr'>ψυχαῖς</span> <span class='ocrx_word' id='word_1_676' title='bbox 3536 4931 3642 4983; x_wconf 88' lang='grc' dir='ltr'>τῶν</span> <span class='ocrx_word' id='word_1_677' title='bbox 3665 4933 3881 4998; x_wconf 80' lang='grc' dir='ltr'>ἀγωνι-</span> 
     </span>
    </p>
   </div>
   <div class='ocr_carea' id='block_1_104' title="bbox 2288 5015 3877 5088">
    <p class='ocr_par' dir='ltr' id='par_1_104' title="bbox 2288 5015 3877 5088">
     <span class='ocr_line' id='line_1_104' title="bbox 2288 5015 3877 5088; baseline 0.003 -19"><span class='ocrx_word' id='word_1_678' title='bbox 2288 5018 2532 5086; x_wconf 78' lang='grc' dir='ltr'>ζομένων</span> <span class='ocrx_word' id='word_1_679' title='bbox 2585 5015 3045 5086; x_wconf 87' lang='grc' dir='ltr'>προσεμπελάσαν</span> <span class='ocrx_word' id='word_1_680' title='bbox 3083 5017 3370 5085; x_wconf 76' lang='grc' dir='ltr'>ἡγήσεται,</span> <span class='ocrx_word' id='word_1_681' title='bbox 3431 5020 3530 5088; x_wconf 83' lang='grc' dir='ltr'>τὴν</span> <span class='ocrx_word' id='word_1_682' title='bbox 3573 5020 3680 5072; x_wconf 84' lang='grc' dir='ltr'>ἀπὸ</span> <span class='ocrx_word' id='word_1_683' title='bbox 3729 5021 3877 5074; x_wconf 88' lang='grc' dir='ltr'>Θεοῦ</span> 
     </span>
    </p>
   </div>
   <div class='ocr_carea' id='block_1_105' title="bbox 2286 5106 3882 5181">
    <p class='ocr_par' dir='ltr' id='par_1_105' title="bbox 2286 5106 3882 5181">
     <span class='ocr_line' id='line_1_105' title="bbox 2286 5106 3882 5181; baseline 0.003 -20"><span class='ocrx_word' id='word_1_684' title='bbox 2286 5107 2500 5169; x_wconf 84' lang='grc' dir='ltr'>τούτοις</span> <span class='ocrx_word' id='word_1_685' title='bbox 2553 5106 2942 5175; x_wconf 78' lang='grc' dir='ltr'>ὲγκατάλειψιν</span> <span class='ocrx_word' id='word_1_686' title='bbox 2978 5107 3249 5176; x_wconf 68' lang='grc' dir='ltr'>προξενεῖν</span> <span class='ocrx_word' id='word_1_687' title='bbox 3283 5110 3514 5172; x_wconf 77' lang='grc' dir='ltr'>καὶούκ</span> <span class='ocrx_word' id='word_1_688' title='bbox 3565 5111 3631 5162; x_wconf 87' lang='grc' dir='ltr'>ἂν</span> <span class='ocrx_word' id='word_1_689' title='bbox 3659 5111 3882 5181; x_wconf 76' lang='grc' dir='ltr'>ταύτης</span> 
     </span>
    </p>
   </div>
   <div class='ocr_carea' id='block_1_106' title="bbox 2284 5196 3880 5273">
    <p class='ocr_par' dir='ltr' id='par_1_106' title="bbox 2284 5196 3880 5273">
     <span class='ocr_line' id='line_1_106' title="bbox 2284 5196 3880 5273; baseline 0.004 -24"><span class='ocrx_word' id='word_1_690' title='bbox 2284 5200 2382 5268; x_wconf 85' lang='grc' dir='ltr'>τὴν</span> <span class='ocrx_word' id='word_1_691' title='bbox 2408 5199 2502 5249; x_wconf 73' lang='grc' dir='ltr'>ἐπὶ</span> <span class='ocrx_word' id='word_1_692' title='bbox 2535 5197 2798 5267; x_wconf 86' lang='grc' dir='ltr'>πτώμασι</span> <span class='ocrx_word' id='word_1_693' title='bbox 2835 5196 3055 5250; x_wconf 88' lang='grc' dir='ltr'>δικαίαν</span> <span class='ocrx_word' id='word_1_694' title='bbox 3081 5199 3366 5266; x_wconf 74' lang='grc' dir='ltr'>ἐκφύγωσι</span> <span class='ocrx_word' id='word_1_695' title='bbox 3413 5200 3617 5271; x_wconf 88' lang='grc' dir='ltr'>κρίσιν,</span> <span class='ocrx_word' id='word_1_696' title='bbox 3672 5202 3880 5273; x_wconf 83' lang='grc' dir='ltr'>μέχρις</span> 
     </span>
    </p>
   </div>
   <div class='ocr_carea' id='block_1_107' title="bbox 2285 5285 3882 5362">
    <p class='ocr_par' dir='ltr' id='par_1_107' title="bbox 2285 5285 3882 5362">
     <span class='ocr_line' id='line_1_107' title="bbox 2285 5285 3882 5362; baseline 0.005 -22"><span class='ocrx_word' id='word_1_697' title='bbox 2285 5285 2344 5344; x_wconf 76' lang='grc' dir='ltr'>οὗ</span> <span class='ocrx_word' id='word_1_698' title='bbox 2384 5287 2483 5359; x_wconf 76' lang='grc' dir='ltr'>τὴν</span> <span class='ocrx_word' id='word_1_699' title='bbox 2546 5288 3013 5359; x_wconf 83' lang='grc' dir='ltr'>προηγησαμένην</span> <span class='ocrx_word' id='word_1_700' title='bbox 3066 5291 3247 5344; x_wconf 86' lang='grc' dir='ltr'>αίτίαν</span> <span class='ocrx_word' id='word_1_701' title='bbox 3291 5295 3390 5362; x_wconf 83' lang='grc' dir='ltr'>τῆς</span> <span class='ocrx_word' id='word_1_702' title='bbox 3427 5293 3882 5362; x_wconf 76' lang='grc' dir='ltr'>ὲγκαταλείψεως</span> 
     </span>
    </p>
   </div>
   <div class='ocr_carea' id='block_1_108' title="bbox 2285 5379 3880 5455">
    <p class='ocr_par' dir='ltr' id='par_1_108' title="bbox 2285 5379 3880 5455">
     <span class='ocr_line' id='line_1_108' title="bbox 2285 5379 3880 5455; baseline 0.006 -25"><span class='ocrx_word' id='word_1_703' title='bbox 2285 5379 2727 5446; x_wconf 84' lang='grc' dir='ltr'>ἀποσεισάμενοι,</span> <span class='ocrx_word' id='word_1_704' title='bbox 2772 5382 2851 5445; x_wconf 88' lang='grc' dir='ltr'>είς</span> <span class='ocrx_word' id='word_1_705' title='bbox 2915 5380 2976 5433; x_wconf 86' lang='grc' dir='ltr'>τὸ</span> <span class='ocrx_word' id='word_1_706' title='bbox 3022 5379 3152 5448; x_wconf 76' lang='grc' dir='ltr'>ὕψος</span> <span class='ocrx_word' id='word_1_707' title='bbox 3213 5382 3310 5455; x_wconf 82' lang='grc' dir='ltr'>τῆς</span> <span class='ocrx_word' id='word_1_708' title='bbox 3357 5385 3880 5455; x_wconf 80' lang='grc' dir='ltr'>ταπεινοφροσύνης</span> 
     </span>
    </p>
   </div>
   <div class='ocr_carea' id='block_1_109' title="bbox 2293 5468 2693 5530">
    <p class='ocr_par' dir='ltr' id='par_1_109' title="bbox 2293 5468 2693 5530">
     <span class='ocr_line' id='line_1_109' title="bbox 2293 5468 2693 5530; baseline 0.018 -14"><span class='ocrx_word' id='word_1_709' title='bbox 2293 5468 2693 5530; x_wconf 78' lang='grc' dir='ltr'>τοοσιούγωσιν.</span> 
     </span>
    </p>
   </div>
  </div>
