4152 6338
187 402 303 466 873
1068 406 1613 473 PRACTICORUM
1659 412 1827 474 CAPI

1752 412 1995 476 PITUM
2048 416 2428 481 CENTURIA
2474 422 2524 481 Ι.
3290 435 3391 496 874

256 508 370 580 μη’.
400 507 475 562 Οὐ
497 508 603 579 γάρ
631 510 691 560 τὸ
718 509 795 578 μὴ
820 507 1146 578 καθαρεύειν
1171 508 1434 580 ὲμπαθῶν
1456 514 1760 581 νοημάτων,
1778 533 1823 587 Α

1723 530 1823 587 ἰιι
1917 531 2008 585 48.
2048 532 2162 589 Νοη
2211 536 2355 590 enim
2407 536 2497 592 ille
2550 546 2757 595 tantum
2791 540 3037 612 impurus
3081 550 3242 603 corde
3282 558 3363 605 ani

181 598 341 653 τοῦτό
371 601 488 651 ἐστι
526 599 688 668 μόνον
719 598 947 668 καροίας
974 597 1285 669 ἀκαθαρσία
1322 601 1413 653 καὶ
1458 602 1647 665 σπῖλος
1665 601 1768 671 ψυ-

1752 635 1768 647 -
1849 635 2047 691 maque
2077 623 2516 694 inquinatusest,
2546 630 2636 697 qui
2657 631 2949 689 immundis
2980 638 3161 693 sordet
3194 644 3392 712 cogita-

184 693 306 765 κῆςν
337 691 476 745 ἀλλά
505 690 681 744 καὶτὸ
736 692 795 744 ἐν
828 690 1022 762 πλήθει
1065 691 1505 763 κατορθωμάτων
1538 694 1760 763 ἐπαίρε-

1726 714 1760 746 ι··
1848 690 2106 778 tionibus.
2145 690 2242 770 sed
2277 719 2441 771 etiam
2478 690 2576 773 ille.
2594 722 2687 789 qui
2718 723 2878 780 bonis
2913 728 3186 784 exaltatur
3217 690 3366 802 operi

1845 802 1948 859 bus
1982 817 2046 858 ac
2078 804 2146 861 de
2170 806 2463 864 virtutibus
2496 809 2745 878 intumel,
2776 815 2868 882 qui
2899 831 3092 886 magna
3116 835 3346 888 praesum
3377 836 3395 876 ι

1845 894 1912 949 de
1939 909 2034 948 sua
2070 895 2336 964 sapientia
2386 897 2586 967 Deique
2619 901 2832 965 netitia,
2880 906 2974 973 qui
3015 906 3211 963 fratres
3242 912 3391 965 incn.

1844 990 1927 1037 sat
1963 983 2156 1039 molles
2213 990 2267 1039 et
2311 987 2668 1057 negligentes.
2722 991 2895 1061 Atque
2948 995 3079 1052 illud
3127 1007 3275 1068 patet
3325 1019 3392 1058 ex

1844 1072 2104 1135 Pharisaei
2124 1082 2176 1130 et
2202 1072 2483 1132 Publicani
2510 1081 2764 1148 parabola
2794 1083 2815 1114 ⁸

185 781 333 848 σθαι,
361 780 454 834 καὶ
479 780 540 833 τὸ
568 780 655 832 ἐπ’
678 780 905 850 ἀρεταῖς
934 778 1281 849 φυσιοῦσθαι,
1309 782 1405 835 καὶ
1450 782 1514 836 τὸ
1546 782 1757 853 μεγάλα

184 871 398 926 οἴεσθαι
442 870 534 923 ἐπὶ
568 868 729 941 σοφίᾳ
763 868 856 923 καὶ
892 869 1091 938 γνώσει
1122 868 1279 940 Θεοῦ,
1317 873 1415 925 καὶ
1444 875 1506 926 τδ
1554 876 1763 945 μέμφε-

184 961 308 1015 σθαι
340 959 449 1013 τῶν
477 959 724 1029 ἀδελφῶν
757 960 885 1024 τοὺς
913 960 1195 1033 ῥᾳθύμους
1233 964 1326 1019 καὶ
1376 964 1602 1035 ἀμελεῖς
1624 982 1636 996 ·
1666 967 1760 1020 καὶ

182 1054 343 1108 τοῦτο
367 1053 530 1124 δῆλον
554 1054 622 1106 ὲκ
665 1052 768 1123 τῆς
800 1052 893 1106 τοῦ
923 1053 1252 1124 Φαρισσαίου
1281 1056 1488 1110 καὶτοῦ
1520 1056 1763 1112 Τελώνου

186 1144 528 1215 παραϐολῆς.

258 1232 366 1305 μθ¹.
397 1234 491 1305 Μὴ
519 1234 631 1287 οίου
662 1235 774 1289 τῶν
814 1236 1006 1291 παθῶν
1038 1236 1318 1310 ἀνεθῆναι,
1345 1241 1437 1294 καὶ
1479 1240 1586 1295 τῶν
1613 1258 1767 1311 γενο-

182 1326 370 1395 μένων
422 1327 636 1381 ἐκεῖθεν
697 1327 963 1399 ὲμπαθῶν
1019 1331 1309 1401 νοημάτων
1348 1332 1439 1388 τὸν
1494 1334 1769 1406 μολυσμὸν

185 1419 472 1487 ἐκφυγεῖν,
494 1417 777 1490 ἀγέρωχον
804 1418 884 1473 ἑτι
903 1420 1085 1491 φέρων
1113 1421 1175 1474 τὸ
1199 1423 1453 1493 φρόνημα
1474 1426 1568 1478 καὶ
1597 1426 1769 1495 ἐξωγ-

186 1511 437 1581 κωμένον
452 1509 538 1563 ἐπ’
570 1511 814 1581 ἀρεταῖς·
848 1513 907 1565 ού
937 1512 1046 1584 γὰρ
1068 1513 1143 1585 μὴ
1175 1512 1295 1584 ίδῃς
1328 1517 1551 1587 εἰρήνης
1578 1518 1768 1589 αύλὴν,

186 1604 247 1657 ιν
282 1602 612 1675 ἀγαθωσύνῃ
638 1602 746 1659 τῶν
774 1603 1074 1675 λογισμῶν,
1103 1605 1226 1658 οὐδὲ
1262 1606 1343 1669 εἰς
1388 1607 1514 1661 ναὸν
1553 1608 1771 1680 ἀγάπης

188 1694 443 1767 εἰσέλθῃς
469 1697 608 1765 μετὰ
644 1697 843 1790 χαρᾶς,
890 1699 948 1750 ὲν
988 1696 1140 1771 πάσῃ
1161 1698 1499 1790 χρηστότητι
1540 1703 1633 1790 καὶΪ
1668 1718 1771 1771 γα-

1752 1730 1771 1744 ·
1845 1719 2022 1775 neque
2083 1707 2344 1777 templum
2401 1711 2689 1781 charitatis
2750 1716 2907 1773 laetus
2963 1694 3283 1790 in'gredieris
3340 1694 3392 1780 in

184 1786 325 1859 λήνῃ
351 1784 598 1857 καρδίας,
638 1786 742 1849 ἕως
772 1778 833 1840 οὗ
876 1788 935 1842 ὲν
988 1788 1205 1859 σεαυτῷ
1258 1789 1535 1849 πεποιθὼς
1593 1787 1645 1846 εἴ
1680 1794 1817 1886 καὶ.)

1752 1794 1817 1886 tn
1844 1798 1993 1851 omni
2048 1799 2288 1855 bonitate
2347 1813 2402 1858 et
2456 1778 2849 1875 tranquillitate
2894 1778 3106 1879 cordis,
3155 1818 3392 1886 quandiu

184 1853 675 1967 «ageam-
748 1955 768 1967 .
988 1957 1000 1967 .
1174 1853 1189 1859 '
1333 1958 1345 1967 _
1588 1965 1649 1967 η
1772 1853 1818 1911 Β

1333 1958 1345 1967 _
1588 1965 1597 1967 _
1642 1965 1649 1967 Α
1772 1853 1818 1911 Β
1846 1887 2075 1943 confidis
2103 1889 2155 1943 in
2183 1891 2359 1961 teipso
2394 1853 2612 1967 tuisquel
2631 1899 2907 1967 operibus.

259 1953 325 2010 v'.
344 1955 476 2010 Ἐὰν
491 1956 569 2020 εἰς
582 1955 834 2027 εὐχροίας
851 1957 1118 2027 σωμάτων
1131 1958 1456 2033 προσπάσχῃ
1472 1978 1561 2015 σου
1576 1965 1607 2030 ή
1624 1965 1767 2039 ψυχὴ

1757 1985 1767 2039 |
1917 1980 2005 2036 50.
2051 1981 2107 2036 Si
2138 1997 2387 2040 amoenos
2414 2000 2701 2055 corporum
2732 1992 2942 2049 colores
2973 1998 3153 2051 anima
3181 2006 3270 2054 tua
3302 2017 3397 2057 cu-

189 2047 313 2100 xa'r‘
362 2046 688 2119 ἑμπάθειαν,
718 2050 811 2102 καὶ
846 2050 952 2104 ὑπὸ
991 2050 1099 2103 τῶν
1133 2051 1341 2105 ἐκεῖθέν
1370 2070 1452 2107 σοι
1481 2055 1641 2126 δῆθεν
1685 2076 1765 2112 τι·

1757 2088 1765 2100 -
1846 2073 1968 2143 pide
1998 2082 2231 2144 appetat,
2263 2086 2319 2131 et
2350 2079 2533 2147 pravis
2572 2083 2993 2152 cogitationibus
3018 2087 3141 2144 inde
3174 2092 3397 2147 orienti-

189 2140 472 2209 κτομένων
511 2140 773 2211 ἑμπαθῶν
801 2140 1080 2211 λογισμῶν
1109 2144 1463 2214 τυραννῆται,
1519 2147 1593 2217 μὴ
1631 2144 1765 2201 ὑπο-

1758 2178 1765 2189 ’
1847 2164 1949 2220 bus
1980 2165 2277 2233 inserviat,
2301 2183 2369 2223 ne
2404 2170 2687 2227 arbitreris
2719 2174 2840 2229 illos
2872 2191 2992 2232 esse
3027 2194 3220 2237 causas
3247 2187 3398 2238 vehe-

186 2226 436 2299 λάμϐανε
466 2229 673 2294 ταύτας
734 2225 873 2284 εἶναι
904 2231 1085 2306 αἰτίας
1131 2233 1230 2303 τῆς
1291 2232 1351 2287 ὲν
1403 2236 1486 2289 σοὶ
1530 2240 1769 2310 ταραχῆς

1756 2257 1769 2304 ς
1846 2258 2313 2314 mentissimorum
2345 2261 2543 2331 quibus
2583 2265 2922 2334 perturbarls
2957 2269 3277 2341 impetuum,
3303 2281 3396 2331 sed

188 2321 287 2373 καὶ
355 2320 776 2391 ἑμπαθεστὰτης
828 2324 1118 2394 κινήσεως,
1179 2324 1315 2380 ἀλλά
1375 2331 1769 2401 κεκρυμμένην

2362 2320 2376 2331 _
2583 2320 2601 2334 _
2790 2320 2795 2321 ,
2874 2320 2917 2322 η
3036 2320 3277 2341 τ---,--.-,
3303 2320 3396 2331 --η

1756 2348 1769 2383 ⁹
1845 2348 1984 2404 scito
2014 2363 2197 2405 veram
2228 2351 2281 2404 in
2315 2350 2572 2408 interiore
2605 2356 2783 2410 anima
2819 2365 2909 2411 tua
2956 2358 3124 2416 latere
3149 2378 3396 2430 causam.

188 2410 301 2463 ῐσθι
330 2410 481 2475 ἐντὸς
512 2409 651 2485 εἶναι
676 2411 777 2484 τὴν
803 2412 983 2467 αἰτίαν
1014 2415 1112 2484 τῆς
1158 2417 1257 2485 σῇς
1290 2416 1490 2488 ψυχῆς,
1519 2416 1592 2483 ὡς
1619 2420 1767 2475 λίθον

1756 2438 1767 2473 ν
1846 2454 1985 2507 qua),
2025 2441 2166 2495 sicut
2193 2441 2332 2510 lapis
2367 2445 2703 2512 magneticus
2757 2447 2984 2516 ferrum,
3022 2454 3071 2505 vi
3125 2409 3396 2513 libidinosi

182 2503 463 2573 ¹μαγνίίιτίν
484 2521 626 2570 τινα,
658 2504 927 2559 ἕλκουσαν
957 2506 1096 2578 πρὸς
1118 2505 1317 2588 ἑαυτὴν
1343 2508 1570 2580 δυνᾶμει
1602 2510 1769 2576 ἕξεως

1754 2529 1769 2576 ῖ
1844 2503 2105 2599 pravique
2162 2503 2380 2585 habitus
2432 2503 2486 2586 av
2514 2534 2754 2592 vultibus
2802 2503 3394 2617 malum

187 2592 473 2663 ἔμπαθοῦς
517 2595 611 2647 καὶ
663 2597 910 2665 πονηρᾶς
974 2596 1264 2677 συνηθείας
1340 2598 1452 2668 τὴν
1496 2600 1604 2654 ἀπὸ
1656 2601 1763 2656 τῶν

1756 2620 1763 2649 ’
1844 2592 2092 2676 attrahit.
2124 2619 2323 2679 Omnes
2351 2625 2505 2681 enim
2526 2623 2619 2681 Dei
2664 2637 2930 2686 creaturae
2959 2635 3175 2703 propria
3204 2592 3396 2694 natura

188 2685 498 2757 προσώπων
520 2686 718 2759 λύμην,
773 2688 849 2752 ὡς
877 2686 1116 2761 σίδηρον,
1172 2688 1295 2743 ἐπεὶ
1350 2691 1446 2746 καὶ
1496 2692 1768 2764 κτίσματα

1752 2712 1768 2748 ι
1842 2720 1974 2769 sunt
2004 2715 2160 2771 valde
2206 2713 2385 2783 bonae,
2423 2732 2525 2774 nec
2555 2719 2719 2775 ullam
2767 2685 2982 2778 habenti
3013 2685 3392 2796 prcipuam".

187 2775 325 2849 Θεοῦ
353 2778 547 2842 πάντα,
598 2781 692 2833 καὶ
722 2778 841 2833 λίαν
879 2779 960 2851 τῷ
1014 2781 1129 2851 ίδίῳ
1182 2782 1328 2853 λόγῳ
1361 2784 1525 2853 καλὰ,
1564 2786 1767 2858 μηδένα

1039 2781 1144 2879 δίῳΔ
1182 2782 1328 2879 λόγῳ
1361 2784 1531 2879 καξάξ
1564 2786 1767 2879 μηδένα
1845 2805 1966 2876 qua
1995 2819 2133 2875 opus
2163 2806 2259 2863 Del
2290 2775 2679 2879 reprehendat.

186 2867 365 2938 λόγων
396 2872 702 2943 κατήγορον
734 2872 930 2944 ἔχοντα
961 2873 1063 2945 τῆς
1089 2874 1343 2940 πλάσεως
1378 2876 1474 2931 τοῦ
1501 2877 1659 2933 Θεοῦ.

259 2958 362 3015 να’.
394 2963 603 3035 Ὠσπερ
666 2965 716 3017 οἱ
757 2963 1031 3019 θάλασσαν
1066 2968 1457 3041 περαιούμενοι
1494 2970 1589 3024 καὶ
1632 2988 1765 3025 ναυ-

1750 2996 1765 3012 ’
1916 2982 2005 3039 51.
2047 2982 2201 3039 Sicut
2233 2984 2568 3055 trajicientes
2604 3003 2755 3046 mare
2784 3004 2849 3046 ac
2883 3004 3233 3059 nauseantes.
3283 3013 3390 3054 non

188 3049 439 3117 τιῶντες,
470 3052 531 3107 ού
557 3054 707 3125 παρά
740 3056 837 3127 τὴν
872 3056 970 3129 τῆς
997 3056 1273 3132 θαλάσσης
1303 3059 1467 3131 φύσιν
1493 3062 1767 3132 πάσχουσι

1756 3079 1767 3115 ι
1845 3081 2065 3143 propter
2086 3049 2348 3129 .naturam
2384 3076 2549 3131 maris
2580 3076 2682 3133 hoc
2711 3079 3007 3148 patiuntur,
3042 3082 3134 3137 sed

186 3143 371 3209 τοῦτο,
400 3140 540 3200 ἀλλά
569 3150 720 3219 παρὰ
746 3149 843 3220 τὴν
882 3150 985 3221 τῆς
1034 3150 1247 3208 ἔνδοθεν
1292 3155 1815 3246 προαποκειμένηςρ

1756 3173 1815 3246 {C
1845 3140 1965 3215 sam
1994 3160 2372 3228 intrinsecam,
2408 3178 2605 3235 nempe
2637 3168 2916 3224 humorem
2947 3171 3219 3240 putridum
3253 3190 3266 3228 :
3318 3176 3396 3231 sic

180 3237 369 3300 αἰτίας
400 3236 495 3291 τοῦ
543 3241 842 3308 σεσηπότας
869 3242 1069 3313 χυμοῦ,
1120 3244 1264 3297 οὕτω
1298 3246 1394 3298 καὶ
1442 3247 1477 3316 ἡ
1507 3244 1672 3317 ψυχὴ,
1706 3236 1815 3298 ob“

1755 3236 1815 3298 Γ
1848 3258 1900 3304 et
1946 3252 2148 3319 anima,
2200 3268 2317 3307 non
2371 3263 2593 3323 propter
2635 3256 2835 3324 vultus,
2895 3236 2990 3315 sed
3044 3272 3264 3333 propter
3310 3264 3395 3318 iu-

186 3329 342 3401 παρά
380 3331 481 3402 τὴν
506 3329 615 3384 τῶν
645 3334 953 3403 προσώπων
983 3333 1183 3395 αἰτίαν,
1213 3335 1349 3389 ἀλλά
1381 3338 1529 3405 παρά
1546 3337 1643 3407 τὴν
1670 3336 1770 3407 τῆς

1754 3351 1770 3401 ς
1850 3342 2137 3397 trinseeam
2188 3345 2314 3398 mali
2373 3347 2861 3414 consuetudinem,
2921 3352 3062 3405 intra
3123 3370 3181 3409 se
3227 3356 3394 3411 vehe-

187 3421 267 3475 ιτι
295 3421 730 3494 ὲναποκειμένης
750 3424 844 3477 τοῦ
873 3424 1049 3479 κακοῦ
1076 3424 1267 3492 ἕξεως,
1298 3429 1355 3481 ὲν
1381 3428 1520 3498 αὐτῇ
1546 3427 1638 3481 τὸν
1668 3427 1771 3498 tn.

1752 3451 1771 3468 -
1842 3436 2045 3491 mentis
2084 3434 2277 3491 simum
2327 3437 2473 3493 subit
2522 3441 2834 3511 cupiditatis
2879 3442 3138 3515 impetum
3199 3457 3252 3505 et
3304 3458 3392 3505 tu-

186 3515 531 3569 παθέστατον
564 3515 859 3586 ὑφίσταται
888 3517 1077 3571 κλόνον
1102 3518 1197 3571 καὶ
1237 3520 1501 3590 τάραχον.
1849 3525 2099 3580 multum.

258 3601 357 3673 νβ’.
383 3603 541 3659 Κατά
570 3604 670 3689 τὴν
693 3604 905 3675 ἔνδοθεν
939 3607 1178 3661 διάθεσιν
1205 3611 1302 3680 τῆς
1346 3610 1543 3681 ψυχῆς,
1576 3611 1768 3666 συναλη

1750 3638 1768 3652 ο
1916 3616 2005 3670 52.
2046 3618 2153 3672 Pro
2186 3618 2397 3674 interno
2436 3621 2627 3677 animm
2660 3623 2868 3690 habitu,
2925 3638 3162 3686 mutatur
3200 3643 3390 3690 natura

186 3694 461 3749 λοιοῦσθαι
492 3686 709 3765 πέφυκε
733 3698 829 3752 καὶ
855 3702 888 3770 ἡ
926 3699 1087 3768 φύσις
1115 3703 1253 3775 αὐτὴ
1270 3701 1380 3755 τῶν
1403 3702 1761 3771 πραγμάτοιν·

1748 3718 1761 3733 ⁸
1847 3708 1963 3777 ipsa
2014 3723 2223 3765 rerum.
2275 3710 2501 3776 Quando
2570 3715 2734 3781 igitur
2791 3721 3087 3774 secundum
3140 3733 3388 3779 naturam

180 3786 319 3841 ὅταν
348 3784 440 3841 οὖν
469 3788 611 3841 κατά
639 3788 802 3859 φύσιν
831 3790 1046 3845 ἵσταται
1083 3784 1222 3865 αὐτῇ
1262 3793 1331 3846 τὰ
1364 3793 1529 3864 νοερά
1563 3792 1759 3862 αἰσθη-

1752 3822 1759 3833 ·
1846 3801 2259 3854 constituuntur
2293 3802 2686 3861 intellectuales
2733 3806 2875 3863 illius
2907 3824 3125 3877 sensus,
3152 3822 3204 3868 et
3241 3831 3392 3871 mens

184 3878 374 3949 τήρια,
406 3879 500 3932 καὶ
526 3880 553 3931 ὀ
582 3879 708 3943 νοῦς
752 3881 883 3952 περὶ
916 3881 1043 3945 τοὺς
1092 3881 1287 3951 λόγους
1325 3883 1433 3936 τῶν
1467 3884 1766 3973 γεγονότων

1750 3898 1766 3936 θ
1836 3892 2082 3947 .rationes
2114 3906 2294 3947 rerum
2328 3903 2472 3949 recte
2503 3896 2817 3964 perlustrat,
2853 3901 3065 3956 ratione
3096 3917 3390 3973 penetrans

186 3968 446 4033 ἀπλανῶς
480 3969 661 4041 ὁδεύῃ,
710 3971 802 4024 τὸν
850 3971 1009 4042 λόγον
1056 3971 1196 4044 ἔχων
1252 3972 1644 4044 διατρανοῦντα
1668 3972 1765 4036 τὰς

1751 3988 1765 4036 ς
1845 3996 2027 4036 earum
2061 3991 2285 4039 naturas
2315 3991 2368 4039 et
2402 3994 2603 4052 motus,
2649 3995 2772 4043 tunc
2824 3990 2900 4043 illi
2953 3996 3254 4049 secundum
3294 4014 3391 4051 na-

188 4060 382 4131 φύσεις
422 4062 651 4127 καὶ-τὰς
684 4064 929 4137 κινήσεις
952 4064 1154 4131 αὐτῶν,
1198 4064 1339 4118 κατά
1387 4063 1549 4134 φύσιν
1575 4063 1766 4133 ὁρᾶται

1754 4078 1766 4114 ι
1845 4080 2022 4126 turam
2053 4074 2303 4129 videntur
2334 4091 2422 4131 res
2455 4086 2509 4131 et
2543 4093 2787 4147 persona:
2816 4082 3107 4152 omniaque
3143 4090 3394 4144 materia.

187 4150 325 4223 αὐτῇ
362 4153 456 4206 καὶ
486 4153 554 4206 τὰ
580 4154 901 4225 πράγματα,
934 4156 1028 4209 καὶ
1056 4156 1125 4210 τά
1152 4152 1443 4227 πρόσωπα,
1485 4157 1582 4210 καὶ
1615 4157 1766 4209 πᾶσα

1751 4173 1766 4209 ι
1844 4163 1915 4217 lia
1946 4179 2191 4234 corpora,
2254 4182 2353 4222 nec
2404 4170 2563 4224 ullam
2612 4172 2810 4227 habent
2845 4150 3096 4231 latentem
3136 4182 3391 4248 perniciei

187 4243 353 4311 φύσις
404 4243 609 4297 ὲνύλων
646 4245 935 4316 σωμάτων,
969 4246 1045 4317 μὴ
1101 4246 1293 4318 ἔχοντά
1336 4263 1456 4301 τινα
1502 4246 1679 4317 λύμης
1729 4247 1762 4317 ἢ

190 4332 396 4403 βλάϐης
429 4335 886 4409 ἐγκεκρυμμένην
930 4337 1129 4395 αἰτίαν.
1156 4339 1323 4393 Ὅταν
1369 4338 1429 4392 δὲ
1478 4339 1626 4410 παρά
1667 4338 1767 4408 φύ-

1751 4365 1767 4378 -
1846 4352 2024 4397 turam
2077 4356 2362 4401 moventur
2403 4347 2644 4418 ejusdem
2692 4352 2997 4419 facultates,
3050 4370 3235 4415 contra
3271 4379 3391 4417 sese

190 4441 277 4479 σιν
298 4425 471 4496 αὐτῆς
502 4429 560 4480 αἰ
591 4427 848 4499 δυνάμεις
888 4430 1168 4494 κινῶνται,
1196 4431 1333 4501 πρὸς
1375 4426 1579 4493 ἑαυτὰς
1634 4445 1799 4508 στα-Α

1746 4457 1799 4508 -ᾼ
1846 4436 2079 4489 invicem
2129 4437 2491 4508 insurgentes,
2543 4450 2671 4495 tunc
2706 4445 2795 4497 illa
2826 4457 3015 4501 contra
3049 4460 3294 4507 naturam
3341 4458 3386 4508 υἱ

190 4515 497 4583 σιάζουσαι,
529 4519 679 4598 παρά
705 4519 864 4589 φύσιν
899 4520 1039 4591 αὐτῇ
1076 4521 1170 4574 καὶ
1201 4518 1375 4577 ταῦτα
1419 4521 1611 4590 ὁρᾶται
1636 4534 1650 4549 ο
1687 4506 1820 4590 μὴῙ)

1749 4506 1820 4590 1D
1847 4525 2115 4592 videntur,
2147 4506 2331 4595 atque,
2364 4529 2559 4584 nedum
2606 4548 2701 4601 per
2738 4538 3036 4592 naturalem
3088 4554 3239 4595 suam
3273 4506 3389 4611 pul;

187 4608 273 4662 διά
301 4609 402 4681 τῆς
448 4610 687 4683 φυσικῆς
724 4612 905 4666 αὐτῶν
942 4613 1207 4683 καλλονῆς
1257 4614 1393 4682 πρὸς
1434 4612 1759 4681 κατανόησιν

1750 4627 1759 4659 ν
1846 4617 2208 4673 chritudinem
2244 4620 2308 4673 ad
2354 4622 2599 4675 notitiam
2633 4623 2905 4681 Creatoris
2935 4629 3106 4697 ipsam
3162 4608 3390 4698 elevem,

1913 1251 2006 1307 49.
2046 1253 2124 1307 Ne
2154 1262 2312 1323 putes
2360 1261 2414 1311 te
2453 1258 2908 1327 aicupiditatibus
2961 1264 3201 1320 solutum
3254 1283 3394 1333 esse,

1846 1351 1897 1396 et
1945 1358 2233 1412 pravarum
2287 1361 2420 1415 quas
2472 1348 2694 1416 pariunt
2743 1354 3129 1423 cogitationum
3185 1352 3382 1417 [redita-

1846 1440 1951 1488 tem
1983 1434 2203 1505 fugisse,
2231 1438 2470 1506 quandiu
2505 1456 2726 1505 sensum
2754 1444 2928 1500 adhuc
2956 1464 3064 1517 prae
3095 1460 3147 1505 te
3176 1452 3287 1509 fers
3313 1470 3399 1510 su-

1845 1524 2069 1591 perbum
2104 1540 2167 1579 ac
2211 1528 2280 1582 de
2309 1527 2599 1585 virtutibus
2659 1542 2975 1590 tumentem.
3024 1537 3206 1609 Neque
3250 1545 3393 1598 enim

1845 1614 2055 1671 videbis
2100 1618 2251 1687 pacis
2301 1621 2561 1688 palatium
2622 1624 2676 1678 in
2729 1625 2887 1681 bonis
2940 1631 3384 1701 cogitationibus,

1848 4255 1929 4308 vel
1959 4258 2272 4310 nocumenti
2321 4273 2564 4314 causam.
2598 4262 2825 4326 Quando
2857 4278 3036 4322 autem
3072 4281 3261 4325 contra
3289 4290 3396 4326 na-

185 4699 281 4753 τοῦ
320 4703 709 4773 γενεσιουργοῦ
756 4702 963 4774 ταύτην
1021 4704 1313 4771 ἀνάγοντα,
1356 4702 1490 4757 ene
1520 4702 1607 4756 διά
1666 4702 1764 4772 τῆς

186 4792 607 4864 ἐμπαθεστάτης
635 4794 800 4861 ἕξεως
830 4794 1002 4865 αὐτῆς
1036 4797 1115 4859 εἰς
1142 4795 1301 4866 βυθὸν
1329 4796 1604 4859 ἀπωλείας
1632 4811 1763 4849 κατ-

189 4882 415 4951 ἀγοντα.

258 4979 361 5043 νγ’.
381 4974 441 5027 Εἰ
460 4975 754 5039 πέπτωκας
775 4975 1229 5045 ἐγκαταλειφθεὶς
1255 4975 1511 5048 πτώματι
1536 4978 1759 5049 σαρκὸς,

187 5064 223 5134 ἢ
252 5064 520 5135 γλώττης,
549 5067 583 5138 ἢ
615 5067 902 5139 λογισμοῦ,
934 5071 1190 5124 ἐπίπονον
1214 5071 1388 5124 ἕλκων
1420 5073 1516 5125 καὶ
1551 5072 1759 5142 τραχύ-

187 5174 349 5211 τατον
382 5158 517 5229 βίον,
559 5158 633 5229 μὴ
670 5158 818 5223 ξένον
842 5161 1003 5215 τοῦτο
1023 5163 1116 5214 καὶ
1141 5160 1441 5232 παράδοξόν
1474 5178 1556 5215 σοι
1592 5179 1761 5215 κατα-

190 5252 371 5320 φανῇ·
404 5250 497 5303 σὸν
530 5251 637 5319 γάρ
687 5252 803 5303 ἐστι
864 5251 925 5303 τδ
971 5252 1195 5321 πτῶμα,
1234 5254 1327 5305 καὶ
1362 5253 1470 5305 ἀπὸ
1513 5254 1611 5322 τῆς
1661 5253 1760 5321 σῆς

1846 4722 1967 4761 eam
1999 4722 2189 4763 contra
2242 4722 2462 4779 propter
2495 4713 2843 4770 libidinosum
2898 4721 3069 4789 ipsius
3123 4722 3389 4791 habitum,

1848 4800 1913 4853 ad
1943 4800 2197 4871 abyssum
2233 4805 2558 4872 perditionis
2587 4808 2880 4864 deducunt.

1917 4978 2003 5032 55.
2046 4977 2101 5033 Si
2134 4979 2421 5034 infeltcuer
2440 4984 2699 5054 cecideris
2728 4984 2879 5053 lapsu
2906 4987 3110 5053 carnis,
3130 4988 3392 5059 linguaeve

1841 5077 1937 5121 aut
1988 5068 2354 5137 cogitationis,
2407 5072 2731 5126 laboriosam
2770 5079 3235 5147 asperrimamqne
3282 5089 3391 5133 tra-

1843 5159 1981 5213 hens
2024 5160 2209 5222 vitam,
2241 5177 2308 5214 ne
2338 5161 2439 5214 hoc
2478 5170 2536 5214 ut
2568 5163 2839 5231 singulare
2869 5174 2921 5218 et
2952 5166 3269 5221 incredibile
3303 5187 3390 5222 ar-

1847 5249 2092 5315 bitreris;
2125 5265 2247 5303 nam
2272 5260 2391 5304 tuus
2412 5264 2486 5305 est
2508 5252 2713 5321 lapsus,
2734 5261 2890 5322 teque
2916 5255 3071 5308 habet
3092 5266 3390 5323 auctorem,

190 5340 372 5404 αἰτίας
397 5357 409 5369 ·
440 5342 488 5393 εἰ
526 5342 601 5412 μὴ
632 5343 741 5413 γὰρ
770 5342 931 5404 αὐτὸς
974 5342 1007 5412 ἢ
1059 5344 1247 5396 καινόν
1294 5361 1347 5396 τι
1393 5344 1609 5413 πρῶτον
1672 5346 1766 5396 καὶ

1750 5346 1766 5393 ἱ
1850 5349 1897 5391 et
1929 5340 2033 5391 nisi
2078 5341 2227 5407 prius
2257 5341 2371 5408 ipse
2417 5343 2711 5395 insolenter
2754 5356 2808 5396 et
2847 5358 3178 5414 arroganter
3226 5351 3293 5403 de
3341 5361 3390 5404 te

188 5431 355 5499 δγκου
400 5433 616 5500 μεστὸν,
642 5432 717 5495 ὼς
744 5434 843 5485 οὐκ
872 5431 1099 5499 ὤφελον,
1139 5433 1325 5503 ᾠήθης
1364 5435 1493 5503 περί
1542 5435 1763 5496 σαυτοῦ,

190 5520 225 5590 ἢ
258 5519 613 5595 κατεπήρθης
672 5520 858 5588 ἑτέρου
917 5520 1222 5589 ἀλαζονικῷ
1251 5522 1329 5589 τῷ
1358 5523 1687 5591 φρονήματι,
1732 5524 1763 5591 ἢ

190 5609 413 5680 ικρινας
432 5610 491 5661 ὲν
512 5608 771 5679 ἀσθενείᾳ
802 5609 1017 5679 φύσεως
1037 5609 1385 5678 ἀνθρωπίνης
1407 5612 1547 5677 τινὰ,
1576 5613 1674 5671 οὐκ
1702 5613 1764 5667 ἂν

263 5780 286 5812 ⁸
310 5777 441 5835 Luc.
481 5793 634 5839 mn,
672 5778 738 5832 10
765 5792 917 5845 seqq.

508 5870 778 5933 ΡΑτιιοι..
823 5870 936 5931 Gn.
973 5869 1146 5929 CXX.

1849 5430 2115 5483 sensisses
2162 5428 2329 5499 (quod
2366 5434 2507 5485 Deus
2560 5448 2587 5484 a
2622 5448 2703 5485 me
2742 5436 2993 5501 avertat),
3032 5439 3110 5488 vel
3156 5440 3385 5491 alterum

1847 5521 2076 5586 superbo
2110 5522 2290 5573 animo
2321 5516 2679 5589 despexisses,
2715 5524 2791 5574 vel
2826 5523 3056 5590 aliquem
3086 5525 3389 5593 judicasses

1846 5609 1899 5662 in
1934 5612 2243 5664 inlirniitatc
2296 5625 2496 5664 naznrn
2548 5612 2813 5676 humanae,
2850 5628 2954 5665 non
2985 5614 3078 5680 ita,
3108 5616 3256 5680 justo
3292 5617 3385 5674 Dei

2980 5876 3052 5941 28
