4106 6336
674 397 776 456 8ἴῦ
1917 375 2208 438 ΝἶΕΕΤίΕ
2239 374 2255 434 l

2342 372 2657 433 CTORATI
3810 370 3920 429 £75

668 504 879 573 judicio
913 499 1230 560 derelictus,
1260 503 1407 551 tuam
1440 491 1613 563 ipsius
1653 487 1971 558 agnovisses
2003 483 2234 539 infirmi.

2342 474 2769 547 γκαταλειφθείς
2816 474 2997 553 κρίσει
3040 476 3226 549 δικαίᾳ
3251 476 3409 544 Θεοῦ,
3453 481 3552 548 τὴν
3595 480 3793 533 ἑαυτοῦ
3816 484 3918 534 ὲπ-

674 605 863 661 tatem,
907 602 959 647 ut
996 592 1120 646 inde
1160 589 1402 645 diseeres
1434 581 1829 653 nonjuilieare,
1870 594 1977 633 nou
2029 587 2082 632 te
2116 575 2241 646 plus

2342 570 2497 636 ἱγνως
2532 565 2841 631 ἀσθένειαν,
2876 566 3048 634 έγνως
3075 568 3154 631 δὲ,
3187 569 3252 622 ἵν’
3310 570 3558 624 ἐντεῦθεν
3601 571 3781 642 μάθῃς
3836 573 3913 644 μὴ

672 703 828 759 aequo
859 686 1153 746 mstimare,
1182 694 1291 736 non
1329 678 1613 749 despicere
1646 684 2004 745 quemquam.

2342 660 2556 732 ιρίνειν,
2618 660 2695 731 μὴ
2747 662 2965 731 φρονεῖν
3013 661 3145 732 παρ’
3177 660 3205 713 ὃ
3249 662 3331 715 δεῖ
3363 667 3611 732 φρονεῖν,
3655 665 3731 735 μή
3766 680 3916 727 τινος

2342 751 2791 804 κατεπαίοεσθαι.

2332 769 2791 823 κατεπαιρεσυαι.

2390 843 2481 899 νδ’.
2520 843 2833 908 Πεπτωκὼς
2860 845 2937 907 εἰς
2964 843 3106 914 βάθη
3139 845 3347 911 κακῶν,
3374 845 3638 918 μηδαμῶς
3661 851 3759 919 τὴν
3781 848 3919 903 ἀνά-

2317 937 2511 1007 κλησιν
2546 937 2876 1008 ἀπελπίσῃς,
2934 938 2982 989 εἰ
3019 940 3115 991 καὶ
3150 940 3229 1003 εἰς
3252 939 3525 1012 πέταυρον
3566 942 3918 1014 κατηνέχθης

2318 1029 2542 1100 ἔσχατον
2573 1028 2704 1100 ᾅδου
2737 1029 2933 1092 κακίας
2956 1044 2969 1057 ⁸
3005 1032 3055 1082 εἰ
3090 1031 3197 1102 γὰρ
3228 1035 3349 1095 ταῖς
3399 1035 3744 1103 ἐμπράκτως
3777 1038 3915 1105 ἀρε-

2318 1123 2440 1183 ταῖς
2487 1120 3010 1191 προκαταϐληθέντα
3059 1121 3279 1193 θερμῶς
3325 1124 3416 1176 τὸν
3455 1123 3711 1194 θεμέλιον
3764 1127 3915 1198 ἔχεις

2321 1210 2473 1281 παρά
2504 1211 2587 1262 σοὶ
2616 1209 2717 1280 τῆς
2748 1210 3057 1275 εὐσεϐείας,
3083 1213 3132 1264 εἰ
3158 1213 3254 1266 καὶ
3294 1213 3505 1267 πτῶσιν
3556 1217 3766 1287 ὑπέστη
3809 1234 3914 1269 xz-

2323 1302 2607 1356 τασεισθῖεν
2642 1303 2703 1355 τὸ
2737 1304 3093 1375 οἰκοδομηθὲν
3115 1305 3324 1375 ταύτης
3357 1306 3568 1377 οἴκημα
3597 1310 3749 1380 παρά
3784 1308 3908 1375 σοῦ,

2320 1398 2385 1449 ἐκ
2427 1396 2702 1468 διαφόρων
2747 1397 2911 1451 λίθων
2960 1399 3060 1469 τῆς
3109 1400 3337 1472 ἀρετῆς,
3385 1400 3492 1464 ἕως
3533 1401 3765 1471 ἐδάφους
3810 1406 3912 1476 τῆς

674 1513 1003 1569 vimeutum,
1040 1500 1399 1558 nihilominus
1439 1511 1546 1550 non
1584 1493 1941 1549 obliviscetur
1973 1490 2115 1545 Deus
2151 1502 2248 1542 an—

2342 1488 2744 1557 ιμπαθεστάτης
2767 1491 2870 1561 γῆς
2900 1490 3007 1543 τῶν
3038 1491 3246 1556 κακῶν,
3293 1492 3408 1544 ἀλλ’
3457 1493 3559 1546 οὐκ
3606 1494 3911 1567 ὲπιλησθή-

677 1604 860 1670 liquos
902 1604 1027 1649 tuos
1056 1593 1271 1647 labores
1327 1604 1391 1641 ac
1436 1587 1695 1647 sudores,
1747 1585 1792 1638 si
1848 1584 2144 1639 contritum
2182 1582 2249 1636 de

2342 1580 2475 1632 πεταί
2508 1597 2601 1633 σου
2628 1574 2735 1633 τῶν
2759 1582 3007 1635 παλαιῶν
3047 1584 3226 1638 πόνων
3270 1585 3366 1638 καί
3408 1584 3651 1656 ἰδρώτων
3682 1589 3710 1641 ό
3744 1586 3903 1653 Θεὸς,

677 1697 790 1750 tuis
823 1688 1063 1762 peccatis
1111 1701 1207 1740 cur
1239 1683 1465 1748 habeas,
1521 1690 1576 1733 et
1628 1694 1839 1733 memor
1893 1678 2245 1745 antiquorum

2342 1672 2439 1739 εἴγε
2471 1673 2944 1744 συντετριμμένην
2976 1676 3070 1729 ἐπὶ
3090 1678 3205 1740 τοῖς
3236 1677 3498 1747 πτώμασι
3524 1694 3618 1732 σου
3644 1679 3743 1752 τὴν
3766 1697 3880 1753 καρ

677 1791 913 1854 dierum,
968 1789 1179 1857 lapsum
1232 1798 1355 1838 cum
1414 1780 1709 1849 gemitibus
1760 1777 1855 1831 tibi
1913 1789 2140 1830 revoces
2188 1774 2241 1828 in

2342 1765 2440 1817 ἰίαν
2458 1766 2666 1859 φέροις,
2690 1769 3047 1838 μεμνημένην
3074 1787 3131 1823 τε
3159 1771 3384 1842 ἡμερῶν
3407 1773 3669 1844 ἀρχαιων,
3688 1775 3783 1827 καῖ
3809 1774 3914 1845 τὴν

676 1890 972 1953 conspectu
1016 1881 1185 1934 illius.
1246 1873 1562 1941 Respiciens
1609 1870 1753 1924 enim
1805 1868 1954 1923 brevi
1986 1868 2243 1937 respiciet

2342 1857 2529 1927 ;αυτῆς
2549 1859 2998 1930 ἀνακαλουμένην
3031 1862 3239 1917 πτῶσιν
3268 1866 3325 1917 ἐν
3349 1869 3697 1935 στεναγμοῖς,
3738 1865 3909 1919 αὐτοῦ

677 1984 729 2029 te
755 1948 1079 2028 trementem
1110 1979 1391 2024 sermones
1426 1961 1603 2031 ipsius
1632 1961 1674 2025 ',
1729 1966 2021 2030 tangetque
2051 1958 2243 2011 invisi-

2342 1949 2446 2001 ιατ⁹
2487 1948 2739 2004 ἐνώπιον.
2800 1950 3019 2017 Ἐπιϐλέ
3036 1970 3143 2005 πων
3181 1955 3289 2024 γὰρ
3334 1954 3686 2025 ὲοτιϐλέψεται
3722 1958 3913 2028 τάχιον

678 2068 861 2123 hiliter
892 2063 1086 2120 oculos
1119 2057 1303 2114 cordis
1334 2056 1413 2109 tui
1450 2051 1708 2119 dolentis,
1769 2060 1821 2107 et
1847 2048 2127 2105 laboriose
2160 2048 2245 2116 ja-

2342 2038 2423 2091 ἐπὶ
2464 2040 2524 2093 σὲ
2562 2040 2834 2110 τρέμοντα
2858 2044 2983 2106 τοὺς
3013 2042 3207 2111 λόγους
3236 2045 3427 2110 αὐτοῦ,
3461 2047 3558 2101 καὶ
3588 2046 3784 2116 ἀψεταί
3811 2065 3909 2103 σου

677 2167 825 2213 etum
867 2171 895 2208 a
928 2164 981 2210 te
1025 2150 1245 2206 virtutis
1271 2145 1683 2202 fundamentum
1714 2141 2009 2206 custodiet,
2051 2154 2113 2194 ac
2149 2137 2245 2192 tibi

2342 2128 2447 2180 τῶν
2477 2129 2768 2199 ὀφθαλμῶν
2791 2130 3035 2200 ἀοράτως
3059 2134 3155 2201 τῆς
3187 2134 3492 2187 κατωδύνω
3529 2137 3779 2205 καρδίας,
3812 2139 3909 2189 καὶ

677 2247 828 2303 dabit
861 2245 1009 2299 vires
1062 2241 1338 2312 prioribus
1371 2238 1608 2307 majores
1658 2244 1711 2289 et
1761 2232 2139 2303 perfectiores,
2189 2230 2245 2282 in

2342 2218 2415 2288 τῷ
2445 2221 2946 2292 προκαταϐληθέντι
2984 2224 3132 2294 παρά
3178 2223 3272 2276 σοῦ
3306 2225 3537 2297 θεμελίῳ
3569 2228 3667 2296 τῆς
3704 2227 3913 2297 ἀρετῆς

676 2342 858 2395 calore
889 2310 1122 2408 spiritus
1156 2331 1410 2395 fervoris.
1442 2342 1501 2386 ut
1531 2344 1628 2400 per
1667 2326 1987 2398 patientiam
2018 2338 2241 2394 recupe-

2342 2310 2701 2408 μετάπόνων,
2735 2314 3070 2383 ἐπιστήσειε,
3100 2316 3193 2377 καῖ
3234 2313 3342 2387 δώῃ
3384 2332 3466 2367 σοι
3502 2316 3601 2387 τῆς
3640 2318 3915 2387 προτέρας

680 2450 767 2490 res
799 2397 966 2500 opera
996 2428 1223 2485 virtutis
1253 2424 1457 2481 invidia
1501 2397 1726 2493 maligni
1752 2418 2056 2490 deperdita,
2085 2426 2249 2486 atque

2343 2397 2522 2467 ἰσχύος
2561 2399 2845 2469 κρείττονά
2871 2417 2929 2453 τε
2955 2403 3047 2454 καὶ
3063 2401 3401 2474 τελειοτέραν
3429 2405 3599 2473 ἰσχὺν,
3634 2407 3691 2457 ἑν
3731 2404 3911 2477 θέρμῃ

678 2490 995 2585 restaures,
1059 2518 1114 2572 in
1167 2516 1366 2584 spiritu
1421 2490 1785 2577 humilitatis,
1846 2508 2069 2563 domum
2130 2506 2246 2577 ipsa

2342 2490 2555 2554 ζέοντος
2604 2490 2914 2561 πνεύματος
2937 2510 2951 2524 ·
2992 2496 3070 2557 εἰς
3102 2495 3162 2547 τὸ
3197 2496 3357 2549 πάλιν
3393 2496 3805 2565 ἀνακτήσασθαι
3844 2496 3914 2549 τά

745 870 836 926 54.
876 866 1090 936 Lapsus
1138 862 1194 915 in
1249 860 1509 930 abyssum
1565 856 1858 916 malorum,
1913 850 2142 905 minime
2173 848 2243 904 de

676 966 851 1023 salute
877 964 1160 1030 desperes,
1191 954 1404 1011 etiamsi
1430 952 1498 1006 ad
1529 960 1772 1005 extrema
1795 946 2009 1001 delatus
2041 944 2243 998 fuisses

678 1057 875 1114 inferni
910 1040 1164 1123 nequitiae
1199 1054 1464 1102 transtra.
1495 1043 1554 1099 Si
1591 1042 1736 1097 enim
1786 1035 2045 1109 practieis
2071 1033 2245 1089 virtu-

677 1152 825 1207 tibus
858 1145 1204 1217 propositum
1254 1152 1469 1205 semper
1496 1132 1638 1205 apud
1692 1140 1744 1186 te
1782 1130 1991 1184 habeas
2043 1124 2242 1217 funda-

678 1213 920 1295 mentum
963 1213 1219 1303 pietatis.
1252 1228 1378 1281 licet
1429 1223 1596 1293 hujus
1643 1220 1957 1283 aedilicium,
2006 1213 2147 1285 quod
2178 1230 2240 1269 ex

676 1330 846 1383 variis
909 1334 1297 1378 ennstruxeras
1359 1314 1576 1369 virtutis
1635 1310 1931 1381 lapidibus.
1989 1320 2242 1362 eversum

678 1417 955 1475 corruerit
985 1426 1160 1481 usque
1189 1409 1257 1461 ad
1312 1406 1675 1475 pessimarum
1723 1399 2085 1469 cupiditatum
2146 1409 2245 1464 pa-

679 2616 862 2685 priore
913 2608 1370 2683 splendidiorem,
1428 2604 1485 2659 in
1543 2603 1789 2673 requiem
1827 2602 1912 2670 (ut
1977 2597 2245 2668 scriptum

679 2718 764 2763 est
794 2705 859 2776 ⁸)
896 2704 1016 2775 ejus
1046 2710 1329 2758 aeternam.

750 3060 840 3114 55.
908 3056 1104 3113 Omnia
1135 3054 1203 3109 ad
1249 3051 1611 3125 Ignominiam
1647 3050 1808 3107 nobis
1849 3052 2248 3122 contingentia,

2339 2580 2771 2649 καταϐληθέντα,
2808 2581 3079 2654 βασκανίᾳ
3105 2584 3200 2637 τοῦ
3252 2584 3512 2655 πονηροῦ,
3556 2585 3674 2655 μεθ’
3698 2588 3912 2657 ὑπομοο

2341 2670 2439 2739 νῆς
2468 2671 2604 2741 ἔργα
2650 2672 2746 2742 τῆς
2779 2675 2980 2745 ἀρετῆς
3004 2690 3020 2705 ο
3069 2677 3166 2728 καῖ
3197 2677 3496 2747 ἀνεγεῖραι,
3542 2679 3601 2731 ὲν
3638 2680 3912 2749 πνεύματι

2341 2764 2742 2827 ταπεινώσεως,
2777 2764 2864 2818 τὸν
2914 2763 3063 2820 οἶκον
3097 2758 3268 2837 αὐτῆς
3304 2768 3397 2821 τοῦ
3449 2768 3720 2843 προτέρου
3767 2771 3913 2841 λαμ·

2342 2854 2639 2927 πρότερον*
2697 2860 2777 2921 εἰς
2817 2859 3142 2926 ἀνάπαυσιν,
3190 2860 3331 2915 κατά
3388 2863 3449 2915 τὸ
3498 2862 3912 2934 γεγραμμένον,

2342 2948 2564 3000 αἰωνίαν
2597 2949 2783 3004 αὑτοῦ,

2414 3036 2503 3093 νε’.
2533 3041 2714 3093 Πάντα
2764 3042 2831 3095 τὰ
2880 3042 3014 3111 πρὸς
3054 3043 3281 3112 ἀτιμίαν
3332 3044 3463 3113 ἡμῖν
3519 3044 3913 3115 συμϐαίνοντα,

683 3155 799 3207 sive
851 3149 918 3204 ab
959 3144 1299 3208 hominibus,
1340 3143 1457 3200 sive
1510 3158 1538 3197 a
1592 3142 1905 3206 daemoniis,
1946 3142 2100 3213 justo
2159 3140 2250 3195 Dei

2344 3128 2454 3180 εἴτε
2494 3127 2553 3193 ἐξ
2573 3130 2897 3200 ἀνθρώπων,
2929 3133 3040 3185 εἴτε
3074 3134 3137 3186 ὲκ
3163 3133 3454 3202 δαιμόνων,
3492 3134 3671 3204 κρίσει
3725 3134 3915 3204 δικαίᾳ

679 3244 891 3313 judicio
934 3246 991 3296 ct
1029 3235 1336 3293 oeconomia
1388 3234 1547 3290 nobis
1594 3237 1925 3305 contingunt
1974 3232 2041 3287 ad
2074 3233 2253 3286 lunul-

684 3335 925 3389 liandum
975 3332 1194 3385 inanem
1228 3328 1537 3382 animarum
1592 3335 1905 3382 nostrarum
1953 3326 2250 3395 spiritum:

688 3428 801 3480 vult
833 3423 979 3479 enim
1035 3410 1371 3491 gubernator
1398 3419 1525 3474 vitas
1566 3424 1767 3473 nostra:
1817 3417 1963 3473 Deus
1996 3430 2097 3472 nos
2132 3430 2256 3471 esse

686 3530 899 3585 semper
931 3512 1191 3574 humiles,
1224 3523 1325 3565 nec
1356 3523 1459 3563 nos
1499 3508 1621 3577 plus
1645 3521 1804 3576 aequo
1833 3506 2130 3569 aestimare,
2156 3520 2257 3559 nec

687 3622 885 3679 magna
927 3606 1137 3661 sentire
1162 3601 1230 3656 de
1262 3599 1446 3665 nobis,
1493 3600 1587 3654 sed
1622 3599 1688 3652 ad
1742 3598 1895 3652 illum
1947 3596 2252 3658 intendere,

687 3710 743 3757 et
793 3696 1039 3761 imitari,
1089 3700 1355 3763 quantum
1405 3688 1668 3760 possibile
1720 3698 1821 3751 est,
1877 3686 2086 3742 felicem
2136 3686 2256 3752 ejus

688 3789 1074 3851 humilitatem,
1107 3798 1233 3839 cum
1285 3780 1452 3836 fuerit
1498 3780 1647 3833 mitis
1696 3790 1750 3834 et
1801 3777 2021 3832 humilis
2051 3774 2254 3830 corde:

689 3886 824 3938 tales
881 3890 1059 3935 autem
1124 3890 1226 3932 nos
1287 3873 1403 3930 fieri
1455 3871 1727 3929 desiderat
1778 3871 1870 3941 qui
1920 3884 2114 3942 passus
2171 3875 2257 3924 est

689 3990 790 4045 pro
857 3970 1012 4025 nobis
1074 3973 1305 4035 mortem
1368 3963 1623 4034 injustam
1684 3974 1740 4017 et
1796 3962 2253 4032 ignominiosam;

692 4064 825 4121 nihil
854 4062 997 4116 enim
1030 4058 1178 4114 aliud
1233 4057 1369 4111 adeo
1401 4056 1479 4110 illi
1530 4054 1709 4125 placet
1757 4053 1812 4108 in
1857 4053 2119 4122 omnique
2145 4053 2255 4109 vir-

696 4166 813 4213 tute
840 4168 967 4209 vere
1021 4154 1283 4205 immauet
1318 4159 1482 4219 atque
1518 4163 1546 4199 a
1601 4158 1842 4202 stercore
1893 4144 2253 4213 cupiditatum

691 4247 901 4315 erigere
930 4243 1089 4305 valet,
1126 4255 1286 4311 quam
1318 4235 1706 4299 mansuetudo,
1734 4233 2018 4289 humilitas
2045 4240 2100 4287 et
2128 4232 2257 4286 cha-

700 4341 833 4394 ritas
866 4351 990 4408 erga
1026 4334 1330 4405 proximum
1359 4347 1374 4387 :
1425 4345 1548 4402 quze
1582 4330 1628 4387 si
1666 4329 1848 4384 desint
1895 4326 2056 4381 nobis
2087 4327 2261 4380 virtu-

2342 3218 2501 3282 Θεοῦ,
2544 3221 2661 3273 κατ’
2692 3223 3003 3291 οἰκονομίαν
3033 3221 3488 3291 ὲπισυμϐαίνουσι
3533 3223 3671 3292 πρὸς
3716 3225 3913 3277 ταπεί-

2344 3332 2506 3367 νωσιν
2557 3313 2650 3367 τοῦ
2710 3316 2940 3383 ματαίου
2996 3301 3315 3385 φυσήματος
3358 3315 3466 3368 τῶν
3487 3313 3674 3385 ψυχῶν
3710 3315 3909 3383 ήμῶνο

2346 3405 2547 3468 σκοπὸς
2581 3404 2689 3474 γάρ
2714 3404 2792 3474 τῷ
2828 3404 3139 3475 κυϐερνήτῃ
3164 3404 3282 3475 Θεῷ
3304 3404 3404 3473 τῆς
3439 3404 3710 3475 ἡμετέρας
3743 3404 3911 3474 ζωῆς,

2345 3491 2406 3542 τὸ
2435 3492 2522 3544 ἀεὶ
2564 3494 2854 3556 ταπεινοὺς
2887 3494 3034 3560 ἡμᾶς
3072 3489 3234 3557 εἶναι,
3272 3494 3366 3546 καῖ
3407 3493 3482 3563 μὴ
3527 3495 3742 3562 φρονεῖν
3782 3495 3913 3562 παρ’

2345 3580 2373 3633 δ
2407 3581 2486 3635 δεῖ
2506 3585 2744 3652 φρονεῖν,
2770 3584 2905 3637 άλλά
2941 3586 3157 3652 φρονεῖν
3191 3586 3270 3646 εἰς
3298 3583 3355 3636 τὸ
3391 3585 3689 3652 σωφρονεῖν
3714 3596 3728 3610 ’
3759 3583 3836 3655 μὴ
3858 3584 3915 3637 δι

2346 3671 2551 3726 οἴεσθαι
2586 3676 2795 3743 μεγάλα
2827 3678 2953 3745 περὶ
2994 3676 3225 3739 ἑαυτῶν,
3251 3674 3389 3729 ἀλλά
3421 3675 3556 3745 πρὸς
3590 3674 3753 3730 αὐτὸν
3784 3676 3920 3744 ἀφο-

2351 3767 2471 3835 ρᾷν,
2512 3766 2607 3819 καὶ
2668 3768 2953 3836 μιμεῖσθαι
3002 3766 3187 3831 αὑτοῦ,
3226 3766 3365 3821 κατά
3410 3768 3470 3820 τὸ
3526 3766 3766 3834 ἐφικτὸν,
3818 3767 3917 3839 τὴν

2351 3856 2629 3926 μακαρίαν
2661 3858 3015 3921 ταπείνωσιν,
3059 3858 3248 3928 ἐπειδὴ
3284 3860 3457 3926 πρᾶος
3493 3853 3685 3929 ἦνκαὶ
3720 3874 3919 3912 ταπειο

2348 3947 2435 4009 νὸς
2472 3950 2570 4017 τὴν
2602 3950 2834 4019 καρδίαν
2856 3966 2869 3979 ·
2904 3950 2997 4001 καὶ
3037 3949 3311 4011 τοιούτους
3341 3951 3485 4019 ἡμᾶς
3516 3949 3769 4018 γενέσθαι
3794 3951 3916 4003 ἔπι·

2352 4036 2505 4087 ποθεῖ
2532 4038 2559 4089 ὁ
2580 4036 3011 4107 ὑπομεμενηκὼς
3046 4036 3187 4107 ὑπὲρ
3216 4036 3371 4107 ἡμῶν
3395 4020 3622 4092 θάνατον
3651 4036 3833 4091 ἄδικόν
3859 4053 3921 4091 τε

2350 4130 2441 4181 καὶ
2472 4130 2663 4199 ἄτιμον
2682 4143 2697 4160 ο
2728 4130 2878 4183 οὐδὲν
2906 4130 3014 4201 γὰρ
3044 4127 3217 4192 οὓτως
3249 4128 3434 4203 ἕτερον
3451 4130 3603 4198 φίλον
3630 4129 3801 4199 αύτῷ,
3825 4129 3921 4182 καὶ

2347 4220 2714 4289 οἰκειούμενον
2740 4224 2796 4273 ὲν
2837 4220 2989 4293 πάσῃ
3019 4220 3238 4291 ἀληθῶς
3277 4221 3469 4291 ἀρετῇ,
3505 4221 3598 4274 καὶ
3620 4221 3921 4289 δυνάμενον

2348 4310 2455 4362 ἀπὸ
2493 4311 2726 4379 κοπρίας
2754 4311 2942 4364 παθῶν
2972 4312 3231 4381 ἀνυψοῦν,
3267 4311 3341 4373 ὡς
3374 4310 3638 4380 πραότης,
3688 4310 3783 4362 καὶ
3822 4326 3921 4362 τα-

702 4387 831 4394 --___
872 4387 989 4408 vr
1027 4387 1051 4405 τ
1101 4387 1155 4390 ,,
1444 4387 1459 4402 ,

702 4441 809 4485 tem
841 4428 1176 4492 colentibus,
1208 4439 1370 4480 omne
1400 4438 1539 4493 opus
1568 4430 1652 4478 est
1680 4422 1921 4483 irritum,
1974 4417 2255 4486 omnisque

2350 4399 2626 4464 πείνωσις,
2657 4400 2749 4451 καὶ
2786 4401 2976 4469 ἀγάπη
3004 4401 3145 4475 πρὸς
3186 4400 3274 4451 τὸν
3306 4400 3567 4471 πλησίον
3616 4387 3822 4451 τούτων
3862 4398 3921 4452 δὲ

704 4523 855 4577 labor
885 4522 1133 4574 aseetieae
1163 4518 1282 4570 vitae
1316 4515 1527 4568 inutilis
1557 4521 1610 4567 et
1642 4512 1750 4567 Deo
1775 4512 2046 4581 ingratus.

776 4786 865 4841 56.
904 4784 1007 4850 Qui
1044 4785 1206 4837 vitam
1258 4782 1478 4835 virtutis
1509 4779 1789 4844 iuchoant,
1822 4776 2117 4845 instigante
2149 4787 2269 4841 poe-

708 4890 901 4930 narum
937 4884 1105 4935 melu,
1126 4880 1346 4926 servant
1378 4868 1627 4923 mandata
1655 4878 1709 4922 et
1741 4867 2016 4922 declinant
2051 4881 2078 4916 a
2106 4864 2266 4917 malo.

705 4966 811 5032 Qui
850 4974 1032 5017 autem
1086 4963 1141 5016 in
1189 4962 1390 5016 virtute
1423 4959 1774 5029 profecerunt
1820 4972 1995 5025 usque
2030 4957 2096 5011 ad
2132 4970 2265 5010 con-

706 5056 1115 5124 templationem
1151 5049 1335 5121 gloria:
1364 5051 1481 5112 Dei,
1519 5050 1625 5103 alio
1656 5051 1867 5118 pariter
1912 5057 2149 5118 aguntur
2200 5047 2268 5101 ti-

705 5160 877 5209 more,
911 5146 1008 5211 qui
1064 5142 1452 5197 timidissinius
1480 5150 1562 5196 est
1613 5155 1676 5193 ac
1708 5140 1958 5210 provenit
1992 5156 2057 5195 ea
2085 5140 2268 5195 chari-

705 5249 842 5299 tate.
875 5252 1069 5306 nempe
1098 5248 1279 5291 castus
1311 5236 1400 5289 ille
1425 5245 1602 5289 metus
1632 5234 1722 5304 qui
1770 5233 1835 5287 ad
1868 5236 2048 5302 quiete
2083 5248 2267 5302 perse-

708 5330 1011 5385 verandum
1076 5330 1128 5381 in
1192 5343 1375 5382 amore
1407 5326 1501 5379 Dei
1566 5341 1661 5381 cos
1721 5326 1962 5395 adjuvat,
2017 5334 2268 5379 verentes

708 5418 1113 5473 formidandam
1176 5418 1337 5485 hujus
1396 5416 1692 5485 iacturam.
1754 5417 1880 5470 lllos
1933 5415 2179 5484 quidem,
2238 5429 2267 5465 e

706 5512 993 5581 proposito
1023 5509 1130 5563 liue
1160 5509 1441 5578 delapsos,
1471 5523 1533 5564 ac
1567 5518 1754 5578 postea
1790 5508 2179 5577 resipisceutes
2212 5518 2270 5561 et

706 5607 1074 5670 resurgentes,
1108 5600 1307 5666 excipit
1339 5598 1486 5667 prior
1534 5609 1749 5663 metus;
1793 5599 1877 5652 his
1923 5613 2071 5662 vero,
2108 5598 2153 5651 si
2199 5614 2267 5652 ex

815 5780 832 5809 τ
864 5777 964 5829 Ira.
986 5790 1124 5840 vai,
1154 5774 1207 5825 2.
1286 5776 1305 5805 ⁸
1340 5772 1525 5825 Matth.
1567 5786 1643 5838 χι,
1675 5771 1765 5825 2.).

2299 4476 2429 4558 ῧμὴ
2460 4491 2725 4544 συνόντων
2754 4492 2883 4561 ἡμῖν
2911 4486 3303 4561 ἐργαζομένοις
3354 4491 3453 4553 τάς
3500 4489 3725 4561 ἀρετάς,
3764 4490 3919 4543 πᾶσα

2355 4583 2580 4651 μάταιος
2634 4585 2667 4654 ή
2724 4583 2975 4654 ἐργασία,
3029 4582 3126 4636 καὶ
3180 4583 3327 4644 άπας

2351 4675 2633 4745 ἀνωφελὴς
2664 4677 2756 4727 καὶ
2793 4672 3180 4743 ἀπρόσδεκτος.

2427 4766 2531 4831 νς·’.
2568 4768 2690 4829 Τοῖς
2731 4767 2828 4836 μὲν
2871 4767 3252 4834 εἰσαγωγικοῖς
3291 4766 3370 4829 εἰς
3423 4765 3515 4817 τὸν
3555 4764 3675 4817 κατ’
3715 4764 3923 4833 ἀρετὴν

2356 4860 2468 4928 βίον
2520 4858 2684 4925 φόϐος
2735 4856 2843 4907 τῶν
2900 4856 3172 4909 κολάσεων
3232 4856 3483 4924 συνεργεῖ
3538 4855 3617 4915 εἰς
3655 4852 3921 4922 ἐργασίαν

2353 4951 2460 5003 τῶν
2485 4948 2731 5013 ἐντολῶν,
2758 4948 2846 5000 καὶ
2872 4948 3161 5016 ἀποφυγὴν
3185 4947 3296 4999 τῶν
3328 4944 3533 5010 κακῶν,
3564 4946 3673 5007 τοῖς
3705 4943 3762 4996 δὲ
3796 4943 3923 4997 κατ’

2354 5041 2555 5116 ἀρετὴν
2588 5042 2676 5093 ὲπί
2717 5040 2947 5109 θεωρίαν
2980 5038 3283 5109 προκόψασι
3313 5038 3410 5107 τῆς
3438 5035 3528 5090 τοῦ
3569 5033 3704 5088 Θεοῦ
3762 5032 3924 5103 δόξης

2355 5132 2511 5192 ἀλλος
2544 5130 2822 5196 ἀναλόγως
2878 5129 3181 5197 παρέπεται
3238 5126 3419 5194 φόϐος,
3458 5126 3576 5179 λίαν
3629 5122 3705 5176 ὣν
3735 5123 3925 5188 αὐτοῖς

2357 5220 2583 5289 φοϐερὸς
2620 5218 2677 5282 ἐξ
2704 5220 2943 5285 ἀγάπης,
2983 5218 3213 5284 ὁὰγνὸς,
3244 5218 3302 5279 ὃς
3352 5217 3444 5268 καὶ
3499 5216 3752 5285 συνεργεῖ
3797 5213 3926 5266 τούς

2358 5328 2468 5371 τοις
2519 5310 2596 5370 εἰς
2646 5310 2744 5377 τὴν
2784 5308 3101 5378 παραμονὴν
3163 5308 3472 5375 άκλονήτως
3524 5304 3775 5357 ἵστασθαι
3825 5303 3927 5373 τῆς

2359 5402 2577 5469 ἀγάπης
2615 5399 2706 5451 τοῦ
2737 5398 2893 5462 Θεοῦ,
2936 5400 3287 5468 φοϐουμένοις
3316 5396 3406 5450 τὸν
3437 5399 3500 5449 ἐκ
3526 5396 3729 5466 ταύτης
3762 5397 3925 5461 φοϐε-

2358 5494 2449 5562 ρὸν
2478 5492 2703 5544 ὄλισθον.
2766 5491 3024 5553 Ἐκείνοις
3067 5490 3164 5559 μὲν
3208 5488 3315 5559 γὰρ
3362 5487 3587 5540 πεσοῦσι
3636 5483 3733 5538 τοῦ
3785 5485 3927 5540 κατά

2357 5593 2514 5660 χεῖρα
2546 5587 2765 5647 σκοποῦ,
2794 5583 3267 5656 μεταμελομένοις,
3301 5582 3395 5634 καὶ
3436 5576 3589 5641 αὖθις
3624 5579 3926 5644 ἀνισταμέ-

3401 4583 3566 4645 κὸπος
3628 4581 3922 4652 ἀσκήσεως
