4152 6338
178 427 281 489 87]

1072 409 1617 477 PRAETICORUM
1654 405 1989 468 CAPITUM
2023 402 2417 465 CENTURIA
2459 401 2511 462 Ι.

3284 396 3388 456 S73

184 536 318 585 νοις,
348 523 378 574 6
414 537 627 592 πρωτος
659 520 822 589 φόϐος
851 520 1156 591 παρέπεται
1186 523 1305 590 μετ’
1351 522 1582 577 ἐλπίδων
1611 541 1741 596 χρη-

1838 514 2042 571 invidia
2071 514 2279 569 inimici
2312 529 2411 585 per
2442 518 2725 584 peccatum
2756 507 3064 565 deciderint
3115 505 3183 561 de
3211 507 3387 560 subli-

184 610 347 675 στῶν,
405 612 613 675 τούτοις
648 610 704 664 δὲ
741 610 833 665 τοῦ
890 610 1055 681 ὕψους
1089 610 1267 682 φθόνῳ
1302 612 1396 666 τοῦ
1450 614 1745 668 ἀντιπάλου

180 704 593 777 ἐξαμαρτήσασι
645 705 732 759 διὰ
761 705 1020 769 πτώσεως
1053 709 1150 776 τῆς
1188 705 1417 777 θεωρίας
1456 708 1615 774 Θεοῦ,
1646 712 1747 764 οὐκ

184 796 350 859 εὐθὺς
377 798 405 849 6
436 796 685 868 δεύτερος
716 798 928 861 ἕπεται,
971 796 1137 867 ἀχλὺς
1189 798 1247 851 δέ
1297 816 1382 862 τις
1411 800 1505 853 καὶ
1560 800 1745 865 σκότος

177 884 498 957 ψηλαφητδν
526 888 721 949 αὐτοὺς
751 887 1073 957 διαδέχεται,
1106 888 1314 958 πλῆρες
1355 888 1613 960 ἀθυμίας,
1652 890 1745 946 καὶ

176 976 398 1043 ὀδυνῶν,
428 980 522 1031 καὶ
546 978 768 1049 πικρίας
795 980 933 1047 μετὰ
958 978 1051 1031 τοῦ
1083 978 1298 1050 πρώτου
1338 980 1445 1033 τῶν
1470 981 1745 1037 κολάσεων

175 1066 368 1143 φόόου.
403 1067 515 1119 Καὶ
553 1069 601 1120 εί
631 1066 704 1137 μή
735 1067 938 1137 Κύριος
970 1067 1194 1121 Σαϐαὼθ
1221 1068 1319 1131 τὰς
1356 1069 1569 1140 ἡμέρας
1599 1073 1754 1125 ἐκείο

172 1176 277 1222 νας
306 1159 606 1213 ἐκολόϐωσε
629 1159 730 1229 τῆς
754 1159 1027 1229 ἀφορήτου
1056 1160 1260 1229 ταύτης
1306 1159 1518 1233 ὀδύνης,
1550 1162 1648 1216 οὐκ
1676 1163 1742 1218 ἂν

173 1250 356 1321 ἐσώθη
390 1252 495 1314 πᾶς
518 1253 546 1304 6
573 1249 783 1304 ἐκεῖθεν
815 1251 1113 1304 ἐκπίπτων.

247 1340 346 1405 νζ.
408 1342 640 1395 Ὀπόταν
682 1342 781 1411 τῆς
831 1342 1091 1411 ἐπιμόνου
1138 1342 1247 1397 τῶν
1291 1344 1553 1414 ἐμπαθῶν
1593 1347 1741 1416 λογι-

174 1433 336 1505 σμῶν
372 1432 649 1505 ὀχλήσεως
672 1437 705 1504 ή
734 1433 880 1503 ψυχὴ
905 1435 1092 1505 ἀνεθῇ,
1125 1436 1218 1488 καὶ
1249 1437 1281 1508 ή
1319 1436 1450 1505 φλὸξ
1486 1439 1519 1507 ή
1551 1438 1743 1509 τύρανο

171 1542 266 1585 νος
296 1525 660 1596 ἀπομαρανθῇ
694 1526 791 1595 τῆς
833 1526 1052 1595 σαρκὸς,
1098 1525 1189 1578 ἔσο
1240 1526 1540 1597 τηνικαῦτα
1589 1528 1742 1593 εἰδὼς

168 1614 274 1685 τὴν
315 1617 602 1669 ἐπελευσιν
640 1617 883 1686 γίνεσθαι
928 1617 1024 1672 τοῦ
1085 1619 1242 1687 ἁγίου
1297 1620 1632 1691 ΙΙνεύματος,
1684 1625 1743 1676 ἐν

170 1706 331 1773 ἡμῖν,
375 1706 684 1775 μηνύουσαν
715 1707 814 1777 τὴν
846 1709 1040 1777 ἄφεσιν
1067 1709 1177 1762 τῶν
1205 1714 1740 1783 προημαρτημένων,

169 1797 272 1849 καὶ
322 1797 688 1867 χαριζομένην
741 1800 875 1868 ἡμῖν
931 1799 1029 1871 τὴν
1093 1800 1397 1855 ἀπάθειαν’
1433 1803 1535 1867 ἕως
1565 1804 1620 1857 δὲ
1648 1806 1743 1873 τῆς

1835 609 2024 662 mitate
2059 605 2541 677 contemplationis
2576 602 2691 667 Dei,
2722 617 2831 657 non
2885 600 3069 656 statim
3121 600 3392 669 posterior

1834 703 2096 758 inseritur
2125 711 2323 767 metus,
2357 700 2453 756 sed
2497 699 2673 771 caligo
2700 695 2948 767 quaedam
2986 708 3049 748 ac
3080 693 3247 749 densa
3302 692 3382 746 in-

1833 794 1981 864 gruit
2008 791 2226 858 nebula,
2280 792 2385 846 leta
2417 790 2723 860 dejectione
2771 788 2961 851 animi,
3009 785 3292 839 doloribus
3336 791 3390 839 et

1833 886 2219 950 amaritudine,
2253 901 2376 940 cum
2416 885 2593 955 primo
2637 895 2923 951 pmoarum
2964 880 3178 935 timore.
3211 876 3392 947 Atque

1833 977 1935 1030 nisi
1961 978 2222 1031 Dominus
2252 976 2585 1031 exercituum
2616 974 2732 1028 dies
2753 971 2876 1026 illas
2899 970 3269 1025 abbreviasset
3304 968 3389 1021 in-

1833 1066 2137 1122 tolerabilis
2168 1068 2330 1122 istios
2362 1067 2593 1132 doloris,
2625 1079 2733 1120 non
2763 1062 2962 1118 fuisset
2992 1061 3177 1117 salvus
3203 1062 3387 1115 omnis

1832 1156 1984 1213 illine
2013 1158 2296 1229 delapsus.

1919 1339 2009 1394 57.
2052 1338 2156 1394 Ubi
2208 1341 2470 1396 continua
2522 1338 2939 1394 libidinosarum
2998 1336 3390 1407 cogitationum

1831 1430 2248 1501 perturbatione
2284 1432 2514 1485 liberata
2548 1440 2634 1487 est
2664 1432 2869 1495 anima,
2921 1439 2975 1483 et
3007 1429 3225 1482 ﬂamma
3261 1441 3387 1480 car-

1834 1522 1920 1573 nls
1948 1520 2243 1588 imperiosa
2267 1521 2541 1575 exstincta
2567 1527 2673 1583 est,
2708 1529 2840 1574 tunc
2874 1521 3014 1574 scito
3045 1519 3197 1573 illabi
3231 1516 3391 1571 nobis

1835 1608 2095 1677 Spiritum
2129 1619 2416 1677 sanetum,
2451 1611 2544 1681 qui
2581 1611 2875 1664 annuntiat
2926 1618 3269 1678 peccatorum
3308 1621 3393 1659 re-

1835 1699 2179 1766 missionem,
2252 1712 2306 1756 et
2357 1701 2856 1770 impassibilitatem
2909 1698 3066 1753 nobis
3122 1698 3390 1766 largitur;

1836 1793 2079 1860 quandiu
2109 1808 2240 1847 vero
2281 1794 2371 1848 illa
2404 1794 2600 1848 horum
2636 1795 2883 1848 faetorem
2935 1806 3031 1861 per
3075 1793 3391 1844 continuam

162 1888 351 1958 ὀσμῆς
381 1889 560 1941 αὐτῶν
590 1890 677 1941 διά
845 1867 1104 1963 συνεχοῦς
1153 1893 1429 1963 ὀχλήσεως
1473 1867 1738 1949 ἐπαισθά-

1835 1885 2299 1952 perturbationem
2371 1886 2561 1947 sentit,
2622 1884 2949 1952 ﬂammaque
3002 1883 3215 1951 impura
3263 1894 3391 1935 caro

166 1993 356 2048 νηται,
388 1980 481 2029 καὶ
536 1979 604 2031 τὰ
643 1979 983 2049 ὑπογάστρια
1043 1982 1307 2050 φλέγηται
1355 1982 1451 2049 τῆς
1515 1987 1738 2053 σαρκὸς,

168 2069 398 2137 μακρὰν
420 2068 529 2122 ῖσθι
560 2069 759 2139 ταύτης
797 2067 935 2123 εἶναι
962 2070 1058 2141 τὴν
1091 2072 1317 2124 εὐωδίαν
1355 2073 1451 2124 τοῦ
1490 2074 1742 2143 Πνεύμαα

163 2173 287 2220 τος,
333 2157 428 2209 καὶ
460 2157 587 2226 ὅλην
632 2159 737 2209 ὑπὸ
764 2158 832 2210 τὰ
874 2158 1047 2227 δεσμὰ
1100 2158 1416 2227 κρατεῖσθαι
1460 2161 1529 2215 τὰ
1572 2161 1743 2215 ἄλυτα

153 2247 275 2303 τῶν
302 2247 489 2319 παθῶν
518 2266 576 2301 τε
603 2250 696 2302 καὶ
720 2249 827 2302 τῶν
852 2249 1174 2319 αἰσθήσεων.

234 2319 327 2390 νη’,
353 2340 372 2372 ι
398 2317 552 2373 Εἶδον
578 2322 681 2375 ύπὺ
702 2324 791 2375 τὸν
808 2323 977 2393 ἥλιον,
1000 2317 1208 2394 φησὶνό
1237 2327 1424 2396 Σοφὸς,
1448 2331 1734 2401 ἄνθρωπον

157 2412 296 2479 παρ’
330 2409 508 2481 ἐαυτῷ
540 2411 766 2477 δόξαντα
795 2414 1053 2485 φρόνιμον
1083 2411 1241 2482 εἶναι,
1265 2416 1323 2484 ὃν
1346 2414 1485 2473 εἶδον
1511 2422 1614 2474 ὑπὸ
1632 2423 1730 2494 τήν

158 2497 314 2571 ζωὴν
350 2500 503 2565 κάγὼ
532 2500 638 2553 τῶν
679 2501 907 2573 βροτῶν,
941 2505 1232 2561 πεποιθότα
1264 2510 1356 2561 ἐπὶ
1398 2514 1512 2575 τοῖς
1550 2513 1732 2583 ἔργοις

159 2588 358 2652 αὐτοῦ,
396 2593 488 2643 καὶ
514 2594 724 2661 μεγάλα
746 2594 1046 2663 φρονοῦντα
1076 2598 1166 2649 ἐπὶ
1210 2602 1277 2668 τῇ
1304 2600 1617 2674 ἀνθρωπίνῃ
1645 2621 1732 2658 σο-

162 2680 285 2749 φίᾳ,
320 2682 414 2733 καὶ
452 2685 515 2752 τῇ
542 2682 732 2750 γεώδει
762 2686 855 2737 καὶ
880 2684 1084 2757 ψυχικῇ
1113 2705 1126 2718 ο
1159 2708 1177 2741 ι
1207 2691 1301 2743 καὶ
1330 2692 1391 2743 οὐ
1450 2692 1609 2762 μόνον
1648 2695 1735 2749 διὰ

158 2770 370 2840 ταύτην
427 2772 535 2824 τῶν
592 2774 885 2828 άπλάστων
949 2780 1436 2849 κατεπαιρόμενον,
1471 2783 1606 2837 ἀλλὰ
1645 2786 1737 2839 καὶ

161 2860 275 2913 τῶν
304 2862 363 2914 ὲν
386 2863 509 2933 θείᾳ
531 2866 605 2951 ,τῇ
638 2865 785 2935 λήξει
820 2866 1155 2921 διδασκάλων
1194 2870 1431 2940 Χριστοῦ
1472 2890 1739 2945 κατειρω-

165 2952 459 3021 νευόμενόν
479 2970 537 3006 τε
566 2956 699 3024 ὁμοῦ
748 2958 839 3010 καὶ
873 2960 1380 3029 καταμωκώμενοι),
1419 2963 1507 3017 διὰ
1539 2965 1601 3018 τὸ
1642 2968 1740 3037 τῆς

165 3040 369 3105 λέξεως
386 3045 562 3099 αὐτῶν
596 3046 893 3125 ἰδιότροπον
917 3065 930 3079 ·
957 3050 1051 3103 καὶ
1070 3052 1149 3103 ὅτι
1182 3052 1257 3120 μὴ
1282 3052 1506 3108 ἕπεσθαι
1535 3056 1741 3111 εἴλοντο

163 3138 288 3198 ταῖς
322 3136 575 3205 ἐκλογαῖς
604 3140 714 3193 τῶν
742 3144 1177 3213 τετορνευμένων
1208 3144 1406 3211 λέξεων
1435 3140 1547 3217 τῆς
1566 3148 1737 3220 θύρα-

165 3224 260 3289 θεν
294 3223 564 3295 γνώσεως,
592 3230 723 3300 μηδὲ
758 3231 816 3283 τὸ
853 3231 953 3301 τῆς
984 3234 1184 3297 θέσεως
1236 3236 1416 3292 αὐτῶν
1466 3237 1738 3310 εὔρυθμον

166 3315 538 3388 ἐπετήδευσαν
570 3323 627 3375 ἐν
655 3324 775 3385 ταῖς
797 3324 1096 3393 ἐγγράφοις
1121 3326 1490 3393 διδασκαλίαις
1517 3332 1696 3386 αὐτῶν
1721 3350 1736 3364 ·

162 3396 343 3474 ᾧτινι,
366 3409 441 3473 ὡς
481 3412 793 3482 ἠγνοηκότι,
853 3413 935 3466 ὅτι
986 3416 1137 3485 παρὰ
1174 3416 1252 3485 τῷ
1307 3418 1425 3488 Θεῷ
1462 3422 1522 3473 ού
1549 3438 1739 3491 τορευ-

167 3502 259 3553 ταὶ
283 3500 395 3553 τῶν
428 3501 646 3568 λέξεων,
686 3503 808 3557 οὐδὲ
855 3505 915 3557 τὸ
969 3504 1163 3576 εῦηχον
1203 3508 1310 3559 τῶν
1349 3511 1567 3576 φωνῶν,
1604 3513 1740 3567 άλλὰ

168 3590 231 3643 τὸ
253 3589 515 3661 εὔσημον,
553 3595 944 3665 προτιμότερον
968 3595 1063 3648 καὶ
1094 3596 1265 3665 φίλον,
1300 3599 1406 3651 τῶν
1433 3602 1739 3671 νοημάτων,

170 3680 380 3750 ταύτην
406 3684 710 3754 παρῳδήσω
754 3684 848 3755 τὴν
897 3689 1210 3757 παροιμίαν.
1266 3689 1322 3740 Ὀ
1372 3689 1515 3744 κύων
1541 3695 1569 3745 ό
1610 3682 1740 3761 ζῶν,

170 3770 339 3833 αὐτὸς
369 3771 568 3839 ἀγαθὸς
596 3774 733 3843 ὑπὲρ
766 3775 859 3827 τὸν
888 3775 1078 3829 λέοντα
1101 3776 1193 3829 τὸν
1232 3780 1443 3848 νεκρὸν,
1478 3784 1572 3835 καὶ
1602 3783 1743 3851 ἀγα-

170 3859 265 3923 θὸς
299 3864 427 3924 παῖς
468 3862 636 3933 πένης
669 3862 760 3917 καὶ
782 3864 961 3933 σοφὸς,
994 3866 1135 3937 ὑπὲρ
1181 3867 1405 3936 βασιλέα
1431 3872 1741 3944 πρεσϐύτην

171 3950 268 4003 καὶ
306 3951 538 4023 ἄφρονα,
572 3954 631 4017 ὃς
656 3955 754 4007 οὐκ
787 3956 928 4023 ἔγνω
958 3957 1050 4010 τοῦ
1074 3959 1362 4029 προσέχειν
1387 3960 1487 4015 ἔτι.

244 4040 345 4095 νϐ’.
391 4045 571 4098 Δεινδν
620 4047 712 4099 καὶ
767 4046 1276 4115 δυσκαταγώνιστον
1328 4051 1387 4113 τὸ
1438 4052 1609 4118 πάθος
1645 4057 1742 4125 τῆς

174 4132 555 4205 βλασφημίαςο
590 4137 700 4208 ἔχει
727 4139 782 4191 δὲ
816 4139 915 4201 τὰς
935 4141 1189 4210 ἀφορμὰς
1220 4144 1283 4195 ἐκ
1324 4146 1422 4213 τῆς
1449 4146 1740 4216 ὑπερηφά-

174 4242 267 4278 νου
295 4226 537 4289 διανοίας
591 4229 685 4280 τοῦ
718 4231 963 4283 Σατανᾶν
993 4231 1021 4283 ὃ
1066 4233 1159 4285 καὶ
1206 4234 1414 4297 πάντας
1476 4238 1573 4305 μὲν
1620 4241 1745 4301 τοὺς

172 4316 316 4369 κατὰ
340 4317 469 4372 Θεὸν
508 4318 658 4387 ὀχλεῖ
679 4319 926 4390 βιοῦντας
948 4322 1071 4375 κατ’
1099 4324 1321 4394 ἀρετήν,
1351 4326 1513 4379 πλέον
1544 4327 1597 4380 δὲ
1619 4329 1740 4391 τοὺς

175 4407 585 4476 προκόπτοντας
610 4409 687 4473 εἰς
712 4410 875 4481 εὐχὴν
918 4414 1011 4465 καὶ
1037 4414 1117 4475 είς
1156 4413 1388 4485 θεωρίαν
1417 4416 1523 4469 τῶν
1577 4417 1739 4473 θείων

1833 1975 2011 2037 ardet,
2069 1979 2211 2031 scito
2249 1977 2441 2045 procul
2492 1976 2562 2031 ab
2595 1976 2685 2030 illa
2735 1990 2857 2030 esse
2883 1989 3106 2030 suavem
3154 1972 3393 2042 Spiritus

1834 2064 2218 2136 fragrantiam,
2291 2081 2522 2135 eamque
2581 2064 3055 2120 indissolubilibus
3127 2061 3391 2118 devinciri

1830 2158 2044 2212 catenis
2080 2157 2445 2226 cupiditatum
2476 2164 2531 2211 et
2561 2169 2855 2211 sensuum.

1904 2332 1991 2387 58.
2037 2331 2159 2387 Vidi
2202 2333 2307 2388 sub
2338 2332 2475 2398 sole,
2526 2332 2603 2385 ait
2632 2330 2928 2401 Sapiens’,
2968 2329 3241 2384 hominem
3288 2329 3387 2397 qui

1834 2424 1939 2479 sibi
1982 2423 2201 2480 videtur
2244 2424 2489 2494 sapiens,
2521 2439 2683 2495 quem
2731 2422 2838 2477 vidi
2872 2422 3125 2492 equidem
3178 2421 3235 2475 in
3285 2421 3394 2475 vita

1836 2516 2174 2578 mortalium,
2225 2515 2592 2570 conﬁdentem
2643 2516 2695 2569 in
2744 2496 3002 2583 Oper'ibus
3036 2513 3175 2577 suis,
3226 2520 3285 2567 et
3336 2526 3396 2567 se

1836 2605 2280 2675 magniﬁcantem
2326 2605 2394 2661 de
2442 2608 2679 2660 humana
2733 2604 3019 2669 sapientia,
3071 2614 3398 2672 terrenaque

1834 2706 1889 2750 et
1922 2696 2166 2763 animali,
2205 2711 2385 2763 neque
2416 2696 2594 2751 solum
2640 2704 2864 2766 propter
2913 2695 3055 2749 hanc
3097 2708 3217 2749 sese
3265 2693 3399 2748 sim-

1836 2786 2072 2854 plicibus
2122 2787 2665 2855 superextollentem,
2720 2786 2819 2841 sed
2855 2786 3017 2839 etiam
3050 2783 3249 2837 divinas
3280 2783 3392 2837 ha:-

1835 2877 2051 2931 reditati
2087 2878 2484 2946 discipulorum
2533 2877 2737 2931 Christi
2771 2876 3094 2930 irridentem
3131 2874 3298 2929 simul
3343 2882 3401 2929 et

1838 2969 2218 3034 insultantem,
2250 2970 2321 3021 ob
2349 2968 2680 3038 singularem
2713 2982 2902 3022 eorum
2932 2967 3319 3030 elocutionem,
3339 2976 3397 3021 et

1835 3061 1963 3129 quia
1988 3074 2095 3114 non
2128 3058 2393 3114 aﬂectant
2438 3060 2669 3114 selectos
2703 3067 2758 3113 et
2809 3057 3092 3113 anfractas
3123 3058 3398 3113 dictiones

1836 3150 2115 3218 sapientia:
2142 3150 2447 3210 mundanae.
2486 3164 2585 3203 nec
2608 3163 2953 3203 numerosam
2996 3148 3395 3216 harumdispo-

1835 3239 2082 3293 sitionem
2120 3240 2172 3292 in
2232 3240 2449 3309 scriptis
2480 3240 2596 3293 suis
2636 3238 3076 3293 institutionibus
3120 3252 3401 3306 aucupano

1833 3340 1938 3384 tur.
1991 3328 2090 3383 Cui
2141 3330 2380 3399 quidem,
2410 3338 2595 3396 utpote
2630 3330 2894 3385 nescienti
2916 3330 3058 3399 apud
3090 3330 3257 3385 Deum
3288 3345 3399 3385 non

1832 3421 2113 3475 verborum
2163 3420 2672 3476 circumlocutiones
2702 3436 2873 3489 neque
2899 3434 3090 3475 vocum
3119 3434 3396 3487 canerem,

1831 3509 1924 3564 sed
1945 3510 2240 3564 claritatem
2270 3494 2683 3574 sententiarum,
2707 3510 2876 3580 magis
2895 3508 3154 3564 aestimari
3179 3519 3231 3563 et
3251 3523 3399 3564 ama-

1832 3599 1900 3661 ri,
1946 3599 2048 3653 boc
2076 3600 2305 3655 cantabo
2333 3600 2677 3670 proverbium
2706 3616 2721 3652 :
2771 3618 2788 3651 ι
2828 3600 2992 3656 Canis
3025 3600 3179 3655 vivus
3209 3601 3397 3656 melior

1831 3700 1916 3746 est
1942 3691 2097 3746 leone
2122 3702 2335 3746 mortuo
2363 3692 2429 3752 ι’,
2478 3710 2497 3743 ι
2534 3699 2606 3758 et,
2659 3711 2677 3743 ι
2706 3692 2893 3750 Melior
2912 3700 2995 3747 est
3021 3707 3155 3763 puer
3189 3707 3394 3762 pauper

1833 3792 1887 3838 et
1934 3786 2146 3849 sapiens
2175 3798 2301 3853 rege
2320 3798 2451 3839 sene
2481 3792 2535 3839 et
2556 3783 2745 3849 stulto,
2768 3784 2859 3851 qui
2881 3786 3119 3839 nondum
3144 3785 3248 3841 scit
3278 3800 3399 3840 sese

1834 3874 2115 3928 continere
2144 3875 2209 3931 “.
2237 3893 2257 3925 ι

1906 4053 1997 4107 59.
2034 4052 2301 4111 Terribile
2344 4063 2442 4111 est
2492 4070 2556 4111 ac
2606 4054 2823 4111 diﬂlcile
2878 4060 3153 4124 pugnatur
3203 4053 3397 4107 vitium

1838 4142 2224 4214 blasphemiae:
2289 4146 2527 4210 erumpit
2587 4155 2773 4200 autem
2822 4159 2886 4200 ex
2929 4145 3162 4212 superba
3218 4153 3400 4201 mente

1837 4235 2072 4299 Satana,
2101 4238 2191 4306 qui
2221 4237 2438 4305 quidem
2479 4238 2660 4291 turbat
2702 4251 2893 4291 omnes
2924 4236 3014 4303 qui
3063 4236 3172 4289 Deo
3202 4246 3253 4289 et
3282 4236 3397 4287 vir-

1838 4332 1939 4384 tuti
1967 4332 2130 4384 vitam
2156 4329 2441 4394 devovent,
2475 4329 2646 4398 magis
2675 4336 2855 4381 autem
2890 4342 2986 4381 eos
3029 4328 3121 4396 qui
3156 4326 3400 4397 profece-

1838 4426 1965 4472 runt
2014 4434 2186 4494 usque
2238 4418 2301 4471 ad
2334 4420 2634 4472 orationem
2681 4423 2737 4471 et
2766 4406 3280 4485 conteinplationem
3314 4432 3397 4472 re-

175 4498 540 4566 πραγμάτων.
585 4496 659 4553 Οὗ
706 4500 889 4555 ἕνεκεν
933 4504 1037 4572 χρὴ
1088 4503 1238 4576 πάσῃ
1280 4507 1493 4578 φυλακῇ
1527 4507 1625 4573 τὰς
1664 4510 1741 4563 αι-

1843 4522 1960 4559 rum
1992 4503 2320 4561 divinarum.
2356 4503 2537 4569 Quare
2588 4514 2808 4575 oportet
2843 4505 2995 4559 omni
3029 4520 3161 4559 cura
3192 4515 3395 4561 sensus

178 4585 401 4654 σθήσεις
432 4590 637 4657 τηρεῖν,
681 4591 773 4643 καὶ
802 4590 1144 4646 εὐλαϐεῖσθαι
1199 4596 1309 4648 ἀπὸ
1360 4598 1578 4653 πάντων
1632 4602 1744 4654 τῶν

175 4678 426 4746 φρικτῶν
458 4681 772 4751 μυστηρίων
797 4682 889 4735 τοῦ
923 4683 1080 4750 Θεοῦ,
1117 4686 1338 4740 καὶτῶν
1370 4690 1531 4761 ἱερῶν
1559 4692 1745 4747 τύπων

176 4770 269 4820 καὶ
300 4766 495 4835 λόγων,
526 4770 620 4822 καὶ
645 4772 930 4841 προσέχειν
961 4776 1026 4843 τῇ
1078 4776 1251 4847 ἐφόδῳ
1304 4778 1399 4830 τοῦ
1434 4783 1742 4851 πνεύματος

176 4858 402 4911 τούτουο
455 4861 733 4931 ἐφεδρεύει
791 4863 899 4934 γὰρ
951 4866 1261 4936 εὐχομένοις
1314 4872 1407 4921 καὶ
1452 4870 1743 4941 ψάλλουσιν

176 4948 333 5014 ἡμῖν,
366 4948 456 4999 καὶ
479 4952 758 5019 ἐρεύγεται
788 4951 897 5004 ἐσθ’
924 4954 1033 5014 ὅτε,
1051 4955 1138 5008 διὰ
1165 4957 1271 5008 τῶν
1298 4959 1521 5028 χειλέων
1559 4962 1735 5031 ἡμῶν,

181 5038 256 5107 μή
279 5040 657 5110 προσέχουσιν,
704 5042 841 5109 ἀρὰς
881 5043 1005 5095 καθ’
1046 5046 1201 5115 ἡμῶν
1251 5051 1343 5101 καὶ
1387 5050 1739 5123 βλασφημίας

180 5127 505 5189 ἀλλοκότους
530 5128 664 5182 κατὰ
690 5130 823 5182 Θεοῦ
854 5132 946 5183 τοῦ
980 5132 1200 5201 ὑψίστου
1222 5152 1236 5166 ’
1270 5139 1382 5199 τοῖς
1415 5141 1616 5211 στίχοις
1637 5143 1746 5195 τῶν

178 5221 412 5291 ψαλμῶν
473 5224 564 5275 καὶ
613 5225 725 5286 τοῖς
782 5225 985 5294 ῥήμασι
1035 5227 1136 5293 τῆς
1190 5228 1352 5298 εὐχῆς
1392 5234 1743 5303 παρεισάγων

180 5313 352 5373 αὑτάς
371 5328 383 5341 ⁸
410 5312 545 5365 ἀλλὰ
573 5314 828 5382 τρεπτέον
854 5316 972 5368 κατ’
1003 5315 1164 5368 αὑτοῦ
1186 5319 1275 5370 τὸν
1301 5319 1453 5388 λόγον
1481 5324 1741 5394 Χριστοῦ,

179 5403 419 5474 ὁπηνίκα
473 5404 712 5456 τοιοῦτόν
750 5423 799 5457 τι
832 5406 986 5475 φέρει
1021 5408 1077 5459 ὲν
1110 5408 1221 5469 τοῖς
1254 5409 1481 5477 χείλεσι,
1526 5412 1559 5482 ἢ
1608 5415 1747 5467 ὐπο-

184 5490 397 5559 σπείρει
429 5491 486 5541 ἐν
506 5492 897 5561 ταίςῖδιανοῑαις
921 5495 1096 5563 ήμῶνο
1116 5497 1228 5564 καὶ,
1249 5498 1487 5567 ’Υπαγε,
1506 5504 1744 5571 Σατανᾶ,

180 5580 355 5633 ὀπίσω
393 5597 517 5649 μου,
550 5584 788 5652 εἴπωμεν
846 5584 981 5653 πρὸς
1025 5587 1207 5651 αὑτὸν,
1252 5591 1430 5660 πάσης
1478 5593 1743 5661 δυσωδίας

248 5790 269 5822 ⁸
299 5790 457 5845 l‘t'ov.
516 5806 664 5857 xxvi,
712 5790 775 5843 1?.
806 5805 955 5861 seqq.

1840 4596 2141 4663 custodire,
2194 4607 2247 4652 et
2289 4596 2984 4671 circumspectejerutari
3036 4594 3222 4649 omnia
3273 4595 3401 4649 hor-

1842 4690 2008 4743 renda
2042 4689 2136 4744 Dei
2174 4689 2452 4760 mysteria,
2508 4704 2804 4758 sacrasque
2835 4689 3147 4756 Scripturas
3192 4702 3255 4741 ac
3288 4696 3400 4741 tra-

1843 4782 2106 4848 ditiones,
2152 4792 2312 4851 atque
2355 4797 2549 4837 cavere
2574 4782 2641 4837 ab
2672 4782 2816 4834 illius
2868 4780 3096 4849 spiritus
3150 4793 3395 4835 accessu.

1842 4873 2061 4928 Assidct
2094 4875 2236 4925 enim
2267 4872 2622 4941 precantibus
2666 4880 2720 4925 et
2750 4869 3112 4939 psallentibus
3139 4866 3315 4933 nobis,
3346 4878 3401 4924 et

1842 4964 2130 5034 aliquando
2147 4972 2355 5017 erottat
2385 4979 2478 5031 per
2510 4962 2650 5017 labia
2683 4962 2841 5017 nobis
2872 4961 3103 5016 incautis
3132 4961 3398 5028 impreca-

1844 5058 2024 5111 tiones
2065 5063 2252 5131 contra
2285 5070 2385 5110 nos
2412 5054 2828 5123 singularesque
2858 5052 3233 5122 blasphemias
3266 5064 3400 5105 con-

1844 5157 1927 5202 tra
1992 5149 2161 5203 Deum
2224 5148 2599 5212 altissimum,
2658 5145 2906 5200 versibus
2955 5145 3289 5216 psalmorum
3346 5151 3400 5197 et

1845 5236 2109 5290 orationis
2157 5238 2337 5291 verbis
2390 5237 2522 5292 istas
2555 5239 2822 5291 inserens.
2868 5234 2937 5289 At
2982 5240 3401 5300 retorqueamus

1846 5334 2036 5380 contra
2085 5341 2209 5381 eum
2248 5326 2409 5380 verba
2440 5327 2668 5390 Christi,
2719 5325 2933 5394 quoties
2979 5322 3182 5393 aliquid
3215 5323 3401 5376 istius-

1848 5417 1989 5472 modi
2022 5433 2052 5473 e
2088 5418 2244 5472 labiis
2276 5417 2481 5472 nostris
2511 5416 2719 5487 profert
2768 5416 2851 5470 vel
2900 5414 3145 5469 insinuat
3190 5412 3398 5483 cogita—

1845 5510 2082 5565 tionibus
2119 5512 2343 5577 nosuis,
2384 5511 2740 5579 dicamusque
2788 5507 2855 5562 ad
2911 5507 3101 5560 illum:
3161 5521 3178 5555 ι
3206 5502 3395 5571 Retro,

1842 5608 2064 5671 Satana,
2121 5604 2300 5660 onmis
2359 5601 2573 5659 latoris
2623 5602 2801 5673 plene,
2857 5607 2910 5656 et
2973 5596 3227 5654 damnate
3257 5592 3398 5665 ignis

1034 5792 1074 5823 '°
1108 5790 1283 5847 Ecclc.
1321 5789 1470 5854 ml.
1550 5790 1588 5818 “
1631 5785 1806 5842 Eccle.
1858 5802 1927 5851 ιν,
1968 5785 2052 5839 15.
