4152 6338
711 325 813 389 8'79

1938 308 1980 367 N
1992 302 2227 367 lCETIE
2251 300 2669 368 PECTORATI

3802 318 3910 382 89.0

707 427 894 494 aeterni
925 454 938 489 :
981 434 1033 488 itt
1067 434 1229 497 caput
1255 433 1409 480 tuutn
1460 421 1664 478 recidat
1702 430 1793 476 tua
1838 418 2201 489 blasphemia;
2232 432 2252 468 ι

2367 413 2640 487 ινάμεστε,
2712 419 2801 473 καὶ
2845 419 3063 475 ὑπόδικε
3113 423 3280 496 πυρὸς
3326 428 3542 483 αἰωνίου
3572 447 3586 462 ·
3634 436 3773 489 κατὰ
3804 438 3903 509 τῆς

712 541 763 585 et
797 528 972 584 statim
1004 524 1069 579 ad
1099 522 1331 591 aliquam
1360 517 1517 571 aliam
1547 529 1656 568 rem
1684 512 1921 566 divinam
1954 511 2036 565 vel
2071 511 2263 564 huma-

713 635 836 673 nam
870 630 997 671 tunc
1028 617 1403 668 occurrentem
1435 604 1707 675 captivum
1740 611 2121 657 convertamus
2145 598 2264 653 ani-

714 726 887 777 mum,
929 706 1011 763 vel
1046 719 1167 759 eum
1220 698 1476 769 lacrymis
1518 710 1640 751 eum
1688 694 1754 748 ad
1807 692 1975 747 cmlos
2007 699 2061 746 et
2097 688 2264 744 Deum

712 806 1008 864 elevamus,
1072 806 1125 851 et
1185 795 1286 859 sic,
1344 792 1451 847 Deo
1480 788 1635 845 nobis
1668 792 2036 851 succurrente,
2068 782 2266 838 libera-

712 897 891 950 bimur
922 892 1064 948 mole
1097 884 1471 957 blaSphemiae.

783 1075 870 1127 60.
914 1070 1158 1125 Tristitia
1224 1073 1306 1120 est
1359 1062 1537 1133 passio
1599 1057 1904 1129 corruptrix
1966 1054 2155 1109 animae
2215 1061 2268 1107 et

713 1166 960 1236 curporis
1004 1166 1254 1231 ipsasque
1299 1157 1571 1225 attingens
1604 1151 1889 1206 medullas.
1944 1144 2041 1201 Est
2084 1154 2266 1198 autem

716 1260 935 1314 tristitia
985 1255 1189 1313 smculi,
1224 1266 1341 1320 quae
1378 1247 1562 1303 subito
1618 1243 1865 1297 homines
1922 1238 2152 1299 invadit,
2207 1252 2269 1290 ae

714 1366 856 1420 saepe
875 1354 1101 1403 mortem
1122 1352 1401 1414 operatur;
1429 1347 1481 1393 et
1504 1335 1726 1391 tristitia
1750 1331 2050 1388 secundum
2074 1328 2265 1389 Deum,

712 1458 832 1512 quae
872 1438 1125 1495 salutaris
1176 1434 1335 1489 simul
1373 1442 1424 1486 et
1455 1428 1610 1484 valde
1665 1427 1817 1481 utilis
1860 1434 1965 1489 est,
2014 1428 2271 1478 constan-

718 1536 960 1601 tiamque
993 1532 1045 1586 in
1086 1526 1369 1584 laboribus
1405 1534 1458 1578 et
1494 1518 1941 1577 tribulationibus
1989 1522 2267 1585 Operatnr,

720 1628 922 1680 l'ontetn
980 1618 1421 1691 compunctionis
1475 1613 1727 1684 aperiens
1780 1605 2039 1663 militanti
2090 1613 2145 1661 et
2192 1604 2269 1661 si-

2351 509 2594 579 κεφαλῆς
2638 526 2729 564 σου
2777 514 2809 583 ὴ
2847 512 3162 586 βλασφημία
3205 534 3299 571 σου
3325 535 3340 551 ο
3398 523 3487 574 καὶ¹
3524 524 3721 578 αὐτίκα
3771 530 3906 600 πρὸς

2350 600 2477 655 ἄλλο
2513 621 2564 656 τι
2592 603 2681 656 τὸν
2709 604 2831 658 νοῦν
2859 608 3089 676 πρᾶγμα
3118 609 3275 676 θεῖον,
3312 611 3344 681 ἢ
3376 613 3737 685 ἀνθρώπινον,
3778 621 3907 690 τόγε

2351 693 2443 748 νῦν
2472 695 2624 767 ἔχον,
2677 696 2746 749 δι’
2782 700 3152 769 αἰχμαλωσίας
3207 704 3698 777 ἀπασχολήσωμεν,
3754 713 3911 783 ἧκαὶ

2354 786 2490 857 μετὰ
2532 786 2784 858 δακρύων
2824 789 2957 859 πρὸς
2985 792 3243 860 οὐρανοὺς
3288 794 3447 848 αὑτὸν
3503 797 3594 849 καὶ
3648 798 3779 853 Θεὸν
3816 804 3911 855 ἀν-

2352 873 2691 946 υψώσωμενο
2734 878 2828 931 καὶ
2872 878 3063 945 οὕτως,
3105 880 3238 935 Θεοῦ
3279 884 3699 955 συναιρουμένου
3751 891 3906 961 ημῖν,

2352 967 2847 1039 ἀπαλλαγησόμεθα
2884 970 2976 1023 τοῦ
3023 970 3220 1044 βάρους
3251 973 3348 1043 τῆς
3381 974 3727 1047 βλασφημίας

2426 1060 2487 1124 ξ’.
2519 1059 2844 1132 Φθοροποιὸν
2867 1061 3034 1125 πάθος
3062 1064 3095 1133 ὴ
3129 1062 3372 1147 λύπηιείς
3397 1067 3574 1138 ψυχὴν
3611 1072 3702 1124 καὶ
3728 1072 3910 1144 σῶμα,

2356 1151 2448 1203 καὶ
2483 1150 2659 1203 αὑτῶν
2688 1151 2963 1223 ἁπτομένη
2995 1152 3099 1205 τῶν
3140 1154 3379 1223 μυελῶν·
3420 1157 3535 1211 ἀλλ’
3579 1160 3612 1229 ἡ
3673 1161 3765 1215 τοῦ
3807 1165 3907 1217 κό-

2360 1258 2520 1311 σμου,
2554 1243 2586 1312 ἡ
2625 1242 2711 1295 διὰ
2739 1243 2809 1296 τὰ
2848 1241 3157 1314 πρόσκαιρα
3191 1247 3301 1309 τοῖς
3335 1246 3639 1318 ἀνθρώποις
3676 1254 3906 1319 ἐφιπτα-

2358 1335 2516 1405 μένη,
2562 1336 2595 1404 ἢ
2642 1334 2732 1387 καὶ
2766 1333 3024 1398 πολλάκις
3100 1336 3283 1401 αὑτοῖς
3334 1339 3564 1394 θανάτου
3621 1346 3911 1413 παραίτιος

2355 1427 2595 1494 γίνεται·
2643 1425 2761 1497 ἠδὲ
2807 1426 2946 1479 κατὰ
2976 1428 3107 1481 Θεὸν
3146 1427 3313 1499 λύπη,
3345 1430 3480 1500 ὁμοῦ
3539 1449 3598 1485 τε
3647 1436 3916 1507 σωτήριος

2358 1519 2451 1571 καὶ
2493 1517 2611 1571 λίαν
2659 1518 2943 1589 ὲπωφελὴς
2991 1518 3142 1585 οὖσα,
3186 1520 3461 1592 ὑπομονὴν
3495 1524 3553 1577 ὲν
3584 1528 3693 1589 τοῖς
3730 1528 3915 1591 πόνοις

2353 1608 2445 1660 καὶ
2482 1608 2594 1669 τοῖς
2642 1609 2965 1678 πειρασμοῖς
3004 1610 3416 1680 κατεργάζεται,
3466 1612 3563 1681 τὴν
3596 1614 3774 1686 πηγὴν
3813 1617 3913 1684 τῆς

718 1716 874 1771 tienti
906 1714 1200 1784 justitiam,
1240 1718 1399 1777 atque
1426 1705 1614 1760 cibans
1662 1716 1759 1756 cor
1794 1698 2071 1771 lacrymis,
2102 1697 2175 1752 ita
2212 1706 2271 1751 ut

2367 1694 2701 1762 κατανύξεως
2718 1692 3106 1767 ’ἀναστομοῦσα
3131 1698 3209 1768 τῷ
3254 1698 3659 1771 ἀγωνιζομένῳ,
3707 1704 3801 1757 καὶ
3831 1704 3911 1757 δι-

715 1760 1427 1876 “Il-a'vidicttm
1454 1797 1521 1852 de
1553 1798 1654 1849 hoc
1683 1760 1945 1847 eﬂ'atum':
2006 1808 2024 1840 ι
2052 1760 2271 1843 Cibabis

2367 1787 2526 1857 ψῶντι
2550 1760 2646 1859 την
2671 1760 3013 1857 δικαιοσύνην
3052 1788 3143 1842 τοῦ
3169 1760 3328 1853 ὸεοῦ,
3360 1760 3454 1843 καί
3472 1760 3792 1860 ᾧωμίέουσα
3830 1793 3921 1848 διὰ

721 1915 820 1953 nos
856 1912 997 1967 pane
1026 1896 1417 1963 lacrymarum,
1465 1896 1517 1941 et
1550 1884 1769 1955 potabis
1800 1896 1902 1938 nos
1933 1881 1987 1935 in
2019 1878 2272 1948 lacrymis

719 1993 771 2044 in
806 2001 1061 2043 mensura
1090 1985 1203 2039 vini
1239 1978 1672 2051 compunctionis
1701 1978 1765 2030 “.
1799 1995 1817 2027 ι

788 2258 875 2312 61.
920 2258 1105 2311 Partes
1146 2252 1338 2307 anima:
1367 2264 1457 2321 per
1484 2254 1763 2318 peccatum
1793 2246 2001 2301 dirutas
2032 2243 2275 2313 apprime

723 2355 994 2404 restanrat
1029 2344 1250 2397 tri5titia
1300 2340 1599 2395 secundum
1636 2338 1830 2401 Deum,
1876 2344 1931 2390 et
1977 2336 2043 2392 ad
2074 2342 2273 2389 statum

723 2440 1025 2494 naturalem
1060 2442 1280 2490 revocat
1310 2449 1323 2486 :
1371 2432 1503 2484 adeo
1552 2429 1693 2484 enim
1730 2428 1976 2499 ltyemem
2012 2425 2277 2495 cupiditau

724 2543 836 2585 tum
899 2528 1234 2595 nebulasque
1276 2520 1483 2593 peccati
1540 2519 1801 2589 lacrymis
1854 2517 2071 2583 minuit,
2118 2524 2172 2571 et
2206 2518 2277 2573 ab

722 2619 992 2689 spirituali
1031 2617 1222 2669 anima:
1254 2612 1467 2682 repellit
1504 2624 1648 2676 aere,
1706 2616 1767 2663 ut
1802 2607 1987 2663 statim
2018 2622 2273 2663 serenum

722 2714 813 2766 ﬁat
863 2712 915 2764 in
960 2704 1377 2777 cogitationibus
1431 2700 1655 2765 mentis,
1696 2698 2170 2769 tranquillitasqne
2218 2700 2271 2752 in

722 2803 858 2857 mari
889 2798 1279 2868 intelligentizn,
1317 2805 1372 2849 et
1426 2793 1611 2847 laetitia
1660 2791 1715 2845 in
1749 2791 1956 2845 nostris
1989 2789 2272 2853 cordibus,

723 2906 885 2965 atque
914 2894 969 2947 in
1003 2891 1182 2961 specie
1222 2888 1403 2942 vultus
1436 2884 1609 2939 nostri
1671 2883 1999 2947 immutatio,
2032 2884 2085 2937 itt
2113 2896 2274 2953 quam

724 2988 1071 3058 perspicaces
1103 2977 1502 3051 quodammodo
1550 2976 1741 3031 oculos
1771 2976 2110 3045 aﬂ'ectusqne
2146 2991 2276 3032 suos

2356 1879 2605 1949 δακρύων
2637 1877 2732 1947 τὴν
2761 1877 2988 1948 καρδίαν
3021 1877 3208 1944 αὑτοῦ,
3237 1877 3311 1942 ὡς
3340 1879 3677 1950 πληροῦσθαι
3724 1885 3785 1935 τὸ
3808 1884 3917 1935 Δα-

2359 1971 2563 2024 διτικὸν
2591 1969 2677 2023 ἐπ’
2696 1980 2705 1987 ’
2727 1971 2918 2039 ἐκείνῳ
2945 1968 3157 2037 λόγιοντ
3195 1989 3214 2023 ‹
3237 1970 3487 2041 ιΙ¹ωμιείς
3533 1973 3697 2043 ἡμᾶς,
3730 1977 3913 2043 φησὶν,

2360 2063 2521 2133 ἄρτον
2570 2062 2837 2132 δακρύων,
2893 2064 2986 2116 καὶ
3026 2064 3234 2126 ποτιεῖς
3262 2065 3408 2134 ἡμᾶς
3452 2066 3507 2119 ὲν
3557 2066 3819 2135 δάκρυσιν
3857 2071 3916 2121 ὲν

2366 2154 2548 2225 μέτρῳ
2573 2154 2662 2207 τὸν
2691 2148 2831 2207 οἶνον
2867 2156 2964 2225 τῆς
2993 2154 3392 2223 κατανύξεως.»

2432 2242 2530 2307 ξαῇ
2562 2242 2643 2296 Τά
2677 2245 3111 2314 συμπεπτωκότα
3146 2246 3286 2316 μέρη
3323 2248 3422 2315 τῆς
3458 2247 3633 2319 ψυχῆς
3670 2248 3778 2301 ἀπὸ
3822 2248 3922 2318 τῆς

2363 2335 2469 2391 τῶν
2523 2335 2706 2389 κακῶν
2756 2336 3033 2407 ἐργασίας,
3070 2336 3188 2390 λίαν
3228 2338 3427 2407 ἡκατά
3452 2337 3581 2390 Θεὸν
3620 2338 3763 2407 λύπη
3794 2338 3928 2391 ava-

2358 2435 2555 2489 κτᾶται
2585 2432 2675 2485 καὶ
2700 2431 2778 2493 είς
2812 2430 2871 2482 τὸ
2898 2429 3039 2484 κατὰ
3072 2429 3233 2497 φύσιν
3261 2429 3609 2483 ἀνακαλεῖται
3630 2447 3641 2460 ·
3669 2430 3925 2485 τοσοῦτον

2358 2525 2466 2595 γὰρ
2498 2523 2587 2576 τὸν
2620 2522 2861 2592 χειμῶνα
2879 2520 2986 2574 τῶν
3011 2518 3219 2585 παθῶν,
3252 2520 3345 2572 καὶ
3367 2518 3436 2573 τά
3454 2519 3591 2590 νέφη
3621 2520 3721 2590 τῆς
3746 2522 3928 2592 ἀμαρ-

2357 2616 2478 2679 τίας
2514 2612 2833 2668 ὲκλεπτύνει
2881 2614 2970 2667 διά
3007 2613 3277 2683 δακρύων,
3312 2612 3407 2665 καὶ
3460 2613 3557 2666 τοῦ
3600 2613 3791 2681 νοητοῦ
3835 2612 3937 2684 τῆς

2359 2705 2537 2777 ψυχῆς
2588 2702 2879 2757 ἀπελαύνει
2932 2702 3114 2773 ἀέρος,
3153 2702 3226 2766 ὡς
3268 2702 3484 2773 αἰθρίαν
3527 2704 3585 2756 ὲν
3632 2705 3744 2765 τοῖς
3782 2702 3935 2771 λογι-

2363 2799 2518 2867 σμοῖς
2544 2795 2740 2849 αὑτίκα
2775 2792 2867 2847 τοῦ
2896 2794 3015 2858 νοὸς
3060 2792 3217 2862 ἡμῶν
3245 2793 3516 2863 γίνεσθαι,
3552 2793 3649 2846 καὶ
3688 2792 3937 2864 γαλήνην

2359 2889 2417 2939 ἐν
2450 2889 2514 2956 τῇ
2544 2884 2788 2955 θαλάσση
2817 2884 2917 2950 τῆς
2944 2882 3201 2949 διανοίας,
3229 2883 3321 2936 καὶ
3364 2882 3704 2952 εὐφροσύνην
3727 2885 3784 2934 ὲν
3812 2883 3939 2942 ταῖς

2361 2976 2607 3048 καρδίαις
2635 2974 2813 3045 ἡμῶν,
2846 2974 2941 3027 καὶ
2993 2973 3279 3027 ἀλλοίωσιν
3309 2974 3365 3026 ὲν
3395 2975 3469 3044 ,τῇ
3514 2972 3807 3043 ἐπιφανείᾳ
3840 2971 3935 3025 τοῦ

726 3083 1071 3147 γιιροηοηιρε,
1101 3089 1221 3126 cum
1265 3069 1463 3125 Davide
1492 3069 1801 3124 exclamant
1838 3086 1850 3123 :
1900 3086 1918 3121 ι
1950 3067 2072 3124 Ηξεο
2104 3078 2271 3122 muta-

2367 3067 2656 3139 προσώπου
2714 3065 2892 3136 ήμῶν,
2926 3065 3011 3133 ἐφ’
3050 3064 3115 3135 ἢν
3144 3065 3193 3118 οἱ
3229 3064 3411 3127 καλῶς
3456 3063 3692 3135 ὁρῶντες
3744 3063 3935 3133 ὥσπερ

728 3171 799 3222 tio
834 3170 1064 3221 dexterae
1093 3162 1303 3218 Excelsi
1330 3161 1394 3214 ".
1427 3178 1444 3211 ι

799 3430 885 3481 (5'3.
928 3426 1046 3480 Noli
1103 3431 1350 3494 acceptas
1406 3425 1603 3478 habere
1657 3423 2012 3493 subrepentcs
2067 3421 2163 3476 tibi
2212 3436 2277 3475 ex

734 3517 1135 3586 suspicionibus
1191 3516 1546 3583 cogitationes
1600 3515 1860 3569 adversus
1916 3513 2219 3583 proximum
2264 3530 2276 3566 :

736 3622 862 3664 sunt
889 3611 1029 3664 enim
1084 3609 1394 3672 mendaces,
1428 3607 1748 3678 perniciosa:
1780 3622 1842 3660 ae
1872 3608 2093 3666 omnino
2128 3607 2279 3661 falla-

736 3720 847 3755 ('t's.
908 3703 1058 3757 Scito
1116 3703 1276 3770 igitur
1332 3700 1597 3765 drcmonia
1636 3706 1773 3754 hanc
1808 3708 2015 3754 tentare
2040 3699 2182 3752 viam
2218 3698 2281 3755 ad

737 3794 1006 3862 pellendas
1067 3793 1121 3846 in
1175 3794 1423 3862 abyssum
1466 3774 1781 3860 perditionis
1834 3791 2044 3847 animas
2094 3807 2281 3847 eorum

738 3886 825 3952 qui
859 3886 967 3952 jztm
1006 3883 1350 3953 profecvrunt
1397 3884 1448 3935 in
1484 3884 1810 3937 virtutibus:
1846 3885 2002 3937 aliter
2034 3883 2176 3937 enim
2234 3886 2283 3934 in

740 3977 1002 4043 gurgitem
1029 3975 1395 4029 damnationis
1425 3975 1772 4044 scelestaeque
1803 3978 2030 4030 actionis
2055 3976 2285 4044 aliquem

742 4068 1069 4119 athletarum
1098 4065 1385 4121 detrudere
1416 4076 1715 4136 nequeunt,
1748 4082 1906 4135 quam
1959 4069 2034 4122 illi
2065 4084 2289 4138 persua-

745 4157 921 4210 dendo
950 4162 1007 4208 nt
1031 4155 1198 4209 malas
1220 4156 1492 4225 concipiat
1514 4157 1879 4226 suspiciones;
1907 4172 2033 4212 nam
2066 4162 2145 4213 sic
2168 4173 2289 4212 eum

750 4250 799 4301 in
833 4246 1095 4314 judicium
1133 4250 1443 4316 peccatique
1470 4249 1675 4317 lapsum
1710 4249 2045 4314 indecentes,
2080 4251 2131 4303 in
2162 4265 2293 4304 con-

2360 3158 2460 3221 τάς
2519 3155 2669 3225 ὄψεις
2698 3154 2910 3216 καὶτὰς
2953 3152 3222 3218 διαθέσεις
3276 3154 3455 3211 αὐτῶν
3490 3152 3940 3225 προσαναπαύον-

2360 3266 2471 3315 τες,
2502 3248 2644 3300 οὑτω
2694 3247 2835 3299 κατὰ
2870 3247 2960 3299 τὸν
2990 3245 3154 3299 Δασὶδ
3200 3246 3634 3319 ἀνακράζουσινο
3667 3266 3685 3301 ι
3714 3246 3864 3318 Αὕτη
3898 3246 3938 3315 ἡ

2362 3341 2647 3403 ἀλλοίωσις
2676 3339 2774 3409 τῆς
2800 3337 2979 3403 δεξιᾶς
2998 3338 3092 3391 τοῦ
3129 3338 3405 3408 Ὑψίστου.
3439 3358 3457 3390 ι

2434 3430 2532 3503 ξβν.
2573 3432 2664 3501 Μὴ
2693 3430 3004 3501 παραδέχου
3043 3428 3168 3493 τοὺς
3195 3429 3254 3494 ἐξ
3295 3429 3565 3483 ὑπονοιῶν
3594 3431 3937 3500 ὑποτπειρο-

2367 3525 2560 3596 μένους
2598 3540 2678 3577 σοι
2719 3522 3012 3592 λογισμοὺς
3062 3521 3205 3575 κατά
3258 3520 3351 3575 τοῦ
3388 3522 3633 3591 πλησίον,
3668 3522 3781 3592 etet
3826 3522 3939 3593 γὰρ

2363 3617 2575 3687 ψευδεῖς
2606 3614 2701 3669 καὶ
2735 3614 2993 3682 ὀλέθριοι,
3032 3613 3126 3665 καὶ
3169 3611 3342 3683 πάντη
3380 3613 3749 3674 ἀπαταιῶνες.
3792 3613 3937 3667 Ἰσθι

2367 3706 2461 3764 οῦν
2490 3710 2571 3761 ὅτι
2599 3706 2685 3759 διὰ
2716 3704 2905 3759 τούτου
2942 3704 3035 3758 τοῦ
3072 3705 3276 3758 σκοποῦ
3310 3705 3607 3775 πειρῶνται
3667 3706 3715 3758 ot
3745 3705 3940 3776 δαίμοο

2368 3815 2457 3861 νες
2485 3799 2563 3857 είς
2604 3796 2793 3865 βόθρον
2826 3793 3105 3856 ἀπωλείας
3125 3793 3336 3865 ὼθῆσαι
3360 3796 3456 3856 τὰς
3485 3792 3662 3863 ψυχὰς
3688 3792 3797 3847 τῶν
3835 3792 3941 3864 ἤδη

2371 3887 2649 3958 προκοπὰς
2682 3886 2975 3940 ποιούντων
3000 3888 3057 3939 ὲν
3080 3887 3199 3949 ταῖς
3228 3887 3447 3956 ἀρεταῖς
3476 3902 3489 3914 ο
3530 3886 3702 3947 ἄλλως
3732 3885 3840 3955 γὰρ
3862 3886 3942 3949 είς

2373 3981 2531 4053 βυθὸν
2565 3981 2938 4053 κατακρίσεως
3009 3979 3104 4055 καὶΔ
3148 3978 3417 4049 ἁμαρτίας
3462 3978 3782 4048 ὲμπράκτου
3834 3977 3943 4029 τῶν

2374 4068 2787 4138 ἀγωνιζομένων
2815 4069 2936 4120 τινὰ
2973 4067 3341 4139 παραπέμψαι
3369 4068 3429 4119 οὑ
3477 4066 3755 4131 δύνανται,
3788 4067 3835 4117 εἰ
3868 4066 3943 4137 μὴ

2372 4160 2557 4215 λαϐεῖν
2599 4160 2757 4213 αὑτὸν
2812 4159 3046 4229 ὑποψίας
3104 4158 3351 4211 πείσουσι
3399 4159 3662 4228 πονηρὰς,
3717 4160 3784 4212 ὲκ
3836 4160 3945 4211 τῶν

2376 4249 2572 4317 ἔξωθεν
2602 4248 2749 4319 ἠθῶν
2769 4265 2826 4301 τε
2858 4250 2952 4301 καὶ
2975 4247 3268 4301 διαθέσεων
3284 4245 3375 4300 τοῦ
3405 4244 3649 4317 πλησίον·
3674 4244 3815 4297 οὑτω
3838 4244 3945 4316 γάρ

746 4340 1093 4393 demnatione
1129 4339 1311 4393 mundi
1346 4339 1643 4407 implicant,
1673 4339 1823 4408 juxta
1854 4354 2069 4394 sacrum
2098 4355 2263 4395 oracu

2374 4343 2479 4396 ὑπὸ
2505 4340 2684 4412 κρίσιν
2713 4340 2808 4393 καί⁵
2839 4340 3047 4393 πτῶσιν
3077 4338 3349 4411 ἁμαρτίας
3380 4336 3570 4391 τοῦτον
3598 4339 3946 4406 ποιήσαντες.

745 4429 857 4482 lum
897 4448 910 4483 :
951 4446 969 4480 ι
1015 4428 1164 4495 Quod
1206 4430 1249 4484 si
1284 4428 1648 4498 nosmetipsos
1679 4428 2127 4499 diiudicaremus,
2188 4447 2271 4487 non

2367 4429 2878 4502 ’συγκατακριθῆναι
2932 4430 3009 4499 τῷ
3064 4431 3253 4500 κόσμῳ
3294 4428 3639 4499 ἐργάζονται,
3691 4428 3830 4497 κατὰ
3888 4425 3950 4480 τὸ

748 4520 935 4585 utique
959 4519 1368 4589 judicaremur;
1397 4518 1523 4572 dum
1556 4517 1859 4587 judicamns
1889 4530 2090 4584 autem,
2127 4538 2157 4576 ιι
2196 4521 2271 4587 Do

2377 4526 2524 4579 ὅσιον
2554 4525 2782 4592 λόγιον-ι
2810 4520 2871 4575 Εἰ
2892 4522 2999 4593 γάρ
3018 4520 3261 4587 ἑαυτοὺς,
3303 4518 3487 4590 φησὶν,
3515 4518 3823 4588 ὲκρίνομεν,
3847 4516 3949 4569 οὑκ

750 4610 896 4664 mino
921 4609 1267 4678 corripimur,
1299 4619 1357 4663 ut
1387 4624 1491 4663 non
1544 4623 1666 4664 cum
1700 4610 1805 4664 hoc
1837 4612 2037 4665 mundo
2079 4613 2302 4668 damne-

752 4716 872 4753 tnur
904 4700 970 4751 ιδ.
1009 4719 1026 4751 ι

821 4791 909 4843 (5'5.
947 4789 1081 4844 Cum
1122 4806 1186 4845 ex
1230 4792 1549 4860 negligentia
1585 4792 1863 4847 daemoniis
1896 4792 2071 4847 locum
2111 4792 2303 4847 damus

754 4882 1075 4935 susurrandi
1119 4884 1171 4936 in
1212 4898 1371 4938 aures
1407 4895 1623 4939 nostras
1658 4886 1997 4953 suspiciones
2043 4887 2304 4941 adversus

759 4972 976 5034 fratres,
1012 4974 1137 5041 quia
1170 4988 1361 5044 nempe
1394 4990 1499 5029 non
1531 4976 1873 5044 invigilamus
1906 4978 2142 5033 motibus
2176 4993 2307 5034 ocu-

757 5061 954 5125 lorum,
1000 5072 1110 5116 tum
1160 5063 1228 5117 ab
1262 5066 1331 5119 iis
1383 5066 1710 5135 impellimur
1754 5066 1821 5121 ad
1870 5070 2305 5126 condemnandos

758 5155 919 5208 etiam
955 5154 1155 5208 virtute
1190 5156 1473 5222 perfectos.
1510 5156 1644 5211 Nam
1673 5161 1715 5213 si
1755 5160 1915 5214 homo
1955 5161 2157 5229 aliquid
2190 5162 2310 5230 pul-

761 5246 876 5299 chri
905 5246 1168 5314 aspiciens
1198 5250 1343 5301 vultu
1372 5249 1706 5315 subridente,
1764 5252 2123 5323 omnibusque
2156 5254 2303 5309 aditu

760 5336 934 5390 facilis
968 5338 1035 5391 ad
1072 5338 1421 5407 colloquium,
1455 5341 1573 5396 ideo
1624 5342 1718 5398 tibi
1751 5343 1966 5399 videtur
2002 5361 2204 5414 pronus
2237 5346 2303 5402 ad

764 5426 1083 5494 cupiditates
1135 5443 1197 5483 ac
1248 5431 1577 5499 voluptates;
1625 5449 1754 5503 ergo
1793 5437 2118 5506 quicumque
2166 5439 2309 5494 videt

766 5518 967 5587 aliquid
997 5522 1260 5590 dejectum
1288 5536 1351 5578 ac
1378 5524 1550 5591 triste,
1594 5527 1685 5582 ille
1718 5529 1881 5584 etiam
1916 5530 2009 5585 tibi
2044 5533 2308 5589 habeatur

838 5700 881 5730 "
914 5697 1053 5754 Psal.
1078 5715 1263 5769 Lutx,
1302 5704 1354 5760 6.
1432 5705 1475 5737 "
1510 5703 1651 5759 Psal.
1683 5722 1865 5773 ιιινι,
1898 5710 1982 5765 ll.

2379 4615 2447 4668 ἂν
2468 4613 2826 4685 ἐκρινόμεθα·
2864 4610 3172 4683 κρινόμενοι
3206 4611 3284 4675 δὲ,
3323 4609 3428 4661 ὑπὸ
3454 4609 3659 4677 Κυρίου
3696 4606 3953 4668 παιδευό-

2383 4706 2543 4777 μεθα,
2581 4706 2670 4757 ἴνα
2701 4704 2775 4774 μὴ
2806 4705 2902 4757 σὺν
2939 4703 3013 4773 τῷ
3048 4703 3239 4772 κόσμῳ
3257 4701 3730 4772 κατακριθῶμεν.ι

2451 4796 2550 4866 ξγ’·
2582 4798 2751 4850 Ὅταν
2780 4797 2842 4847 ὲκ
2884 4796 3160 4867 ῥᾳθυμίας
3218 4793 3401 4865 χώραν
3436 4792 3616 4863 δῶμεν
3666 4793 3779 4853 τοῖς
3832 4793 3953 4844 an-

2386 4905 2508 4958 μοσι
2534 4887 2713 4940 λαλεῖν
2746 4888 2824 4949 είς
2846 4886 2906 4939 τὸ
2935 4882 3027 4949 οὖς
3056 4885 3212 4956 ἡμῶν
3242 4887 3341 4948 τὰς
3382 4886 3525 4937 κατὰ
3565 4884 3675 4937 τῶν
3706 4883 3954 4952 ἀδελφῶν

2383 4980 2661 5043 ὑπονοίας,
2689 4978 3016 5045 ἀφυλάκτως
3043 4978 3283 5046 δηλονότι
3320 4976 3532 5052 ἔχοντες
3566 4977 3695 5046 περὶ
3721 4975 3820 5039 τὰς
3862 4992 3955 5028 κι-

2384 5072 2567 5142 νήσεις
2587 5070 2694 5123 τῶν
2726 5068 3040 5139 ὀφθαλμῶν,
3079 5072 3198 5121 τότε
3232 5070 3311 5132 είς
3339 5070 3399 5119 τὸ
3437 5065 3788 5137 κατακρίνειν
3822 5068 3961 5135 ἀγό-

2388 5163 2525 5234 μεθα
2559 5162 2648 5214 ὑπ’
2692 5161 2891 5223 αὑτῶν,
2925 5160 3031 5212 ἐσθ’
3061 5161 3146 5213 ὅτε
3181 5163 3272 5211 καὶ
3311 5162 3432 5221 τοὺς
3459 5158 3697 5221 τελείους
3725 5160 3804 5221 είς
3822 5159 3961 5228 ἁρε-

2385 5256 2504 5327 τήν.
2534 5257 2595 5308 Εἰ
2625 5253 2732 5324 γὰρ
2762 5252 3046 5323 ὁχαροπὸν
3068 5251 3207 5320 ὁρῶν
3240 5251 3619 5320 ὑπομειδιῶντι
3654 5248 3959 5321 προσώπω),

2387 5350 2481 5402 καὶ¹
2514 5351 2541 5401 ὁ
2574 5348 2892 5417 εὐπρόσιτος
2919 5346 3085 5398 πᾶσιν
3117 5346 3198 5408 είς
3233 5344 3451 5415 ὁμιλίαν
3484 5344 3961 5412 συγκαταθετικός

2390 5458 2470 5495 σοι
2509 5441 2645 5511 πρὸς
2671 5439 2862 5509 ήδονάς
2890 5438 2984 5490 καὶ
3026 5437 3171 5509 πάθη
3198 5432 3371 5504 δοκεῖ,
3407 5434 3546 5489 ἔστω
3576 5453 3657 5490 σοι
3717 5438 3812 5490 καὶ
3850 5439 3964 5502 πᾶς

2389 5530 2634 5605 κατηφὲς
2660 5530 2798 5600 ὁρῶν
2820 5529 2912 5583 καὶ
2940 5528 3189 5597 στυγνὸν,
3226 5525 3398 5597 θυμοῦ
3424 5524 3598 5581 πνέων
3640 5526 3733 5580 καὶ
3761 5526 3967 5601 ὑπερηο

2062 5708 2146 5765 ¹⁸Ι
2177 5711 2301 5767 Cor.
2332 5729 2405 5778 ιι,
2430 5713 2517 5777 5t,
2544 5714 2631 5768 3'2.
