4152 6338
208 417 307 480 εει

1083 396 1623 468 PRAC’I‘ICORUM
1654 393 1989 455 CAPITUM
2027 389 2419 453 CENTURIA
2460 388 2507 449 Ι.

3303 381 3405 443 8δὲ

210 529 407 597 φανίας
443 523 656 597 μεστός.
702 520 841 574 Ἀλλ’
868 517 928 573 οὗ
948 517 1052 589 χρὴ
1081 517 1195 579 τοῖς
1226 494 1582 583 ἀνθρωπίνοις
1602 502 1838 597 προσέΑ

1761 502 1838 564 -Α
1866 512 1925 559 ut
1959 507 2091 557 iram
2124 502 2336 572 spirans
2358 508 2411 556 et
2440 497 2695 568 superbia
2716 497 2935 569 plenus.
2961 498 3029 551 At
3060 511 3168 553 non
3194 504 3401 567 Oportet

211 589 357 689 έχειν
391 589 704 682 ήίδιώμασι·
748 606 991 679 σφαλερὰ
1033 605 1140 675 γάρ
1216 604 1331 655 ἔστι
1373 602 1485 663 τοῖς
1541 598 1703 689 πᾶσιν

1769 617 1774 663 ι
1868 595 2139 651 immorari
2165 592 2415 648 humanis
2437 591 2877 661 proprietatibus,
2910 589 3173 661 siquidem
3196 589 3409 660 pericu-

213 687 343 779 περὶ
366 708 435 759 τὰ
463 703 685 756 τοιαῦτα
714 700 917 769 κρίσις.
956 697 1079 750 Elei.
1112 696 1219 765 γὰρ
1244 691 1554 763 ἀνθρώποις
1584 687 1778 741 πολλαὶ

212 800 290 868 τῷ
318 798 432 850 ὄντι
462 792 715 861 διαφοραὶ
766 789 1001 858 φύσεων,
1038 787 1133 840 καὶ
1183 784 1369 848 ἕξεων,
1404 783 1497 835 καὶ
1541 795 1782 868 σωματι-

217 866 327 941 κῶν
379 887 601 947 θέσεων,
641 885 698 936 αἲ
741 884 921 952 μόνοις
955 879 1185 941 ἐκείνοις
1242 876 1467 937 είκότως
1496 872 1635 926 εἰσὶν
1677 866 1781 922 ὑπὸ

217 978 451 1048 Θεωρίαν
482 978 574 1029 καὶ
619 974 800 1044 κρίσιν
828 970 1111 1041 ἀληθινὴν,
1159 969 1270 1029 τοῖς
1301 963 1541 1035 καθαρὸν
1574 978 1781 1032 κτησα-

221 1071 405 1140 μένοις
436 1068 495 1121 τὺ
525 1066 709 1137 νοερὸν
741 1064 895 1134 ὄμμα
919 1066 1016 1132 τῆς
1044 1060 1220 1131 ψυχῆς
1251 1059 1341 1112 διά
1374 1059 1574 1130 πολλῆς
1613 1072 1783 1111 κατα·

219 1166 443 1229 νύξεως,
474 1162 567 1214 καὶ
592 1158 797 1212 ένοικον
828 1158 1011 1229 ἔχουσι
1056 1156 1116 1207 τὸ
1168 1154 1391 1225 ἄπειρον
1423 1152 1538 1222 φῶς
1574 1151 1672 1221 τῆς
1695 1150 1789 1203 sv?

219 1256 347 1307 θέου
389 1250 536 1320 ζωῆς
564 1268 576 1281 ·
601 1246 681 1311 οἷς
716 1249 811 1302 καὶ
850 1248 910 1301 τὸ
948 1246 1147 1301 εἰδέναι
1191 1245 1345 1316 ἐδόθη
1409 1244 1479 1298 τὰ
1513 1244 1786 1313 μυστήρια

216 1347 320 1414 τῆς
357 1343 451 1397 τοῦ
475 1342 610 1396 Θεοῦ
640 1341 942 1411 βασιλείας.

294 1430 385 1497 ξδ’.
430 1429 731 1500 Αὐτουργοὶ
760 1429 866 1483 τῶν
901 1428 1122 1498 φαύλων
1158 1427 1335 1500 ἔργων
1368 1428 1643 1498 γινόμενοι
1685 1424 1786 1497 τῆς

222 1525 447 1595 σαρκὸς,
482 1524 546 1594 τῇ
574 1522 723 1591 παρά
758 1521 917 1589 φύσιν
950 1521 1215 1592 ἐπιθυμίᾳ
1249 1521 1341 1573 καὶ
1367 1520 1444 1590 τῷ
1480 1519 1637 1591 θυμῷ
1686 1519 1787 1590 τῆς

217 1617 400 1687 ψυχῆς
455 1612 901 1682 λειτουργοῦμεν,
959 1612 1138 1682 σάρκα
1172 1610 1272 1681 μὲν
1335 1613 1640 1683 μιαίνοντες
1669 1614 1789 1675 ταῖς

222 1708 456 1777 φαύλαις
483 1708 633 1775 ῥοαῖς
658 1704 758 1773 τῆς
790 1704 1085 1774 ἁμαρτίας,
1119 1704 1296 1775 ψυχὴν
1316 1705 1372 1758 δὲ
1400 1708 1467 1776 τῇ
1490 1703 1582 1758 τοῦ
1614 1702 1787 1775 θυμοῦ

222 1800 418 1869 πικρίᾳ
449 1797 806 1861 σκοτίζοντες,
838 1798 931 1849 καὶ
963 1797 1481 1869 ἀπαλλοτριούμενοι
1527 1799 1622 1851 τοῦ
1659 1799 1786 1852 Υἱοῦ

220 1892 315 1944 τοῦ
344 1888 501 1946 Θεοῦ.
523 1892 613 1941 Δεῖ
640 1885 732 1942 οὖν
762 1889 851 1942 τὸν
884 1889 981 1957 μὲν
1003 1891 1274 1960 μολυσμὸν
1294 1893 1391 1961 τῆς
1422 1892 1528 1947 ἀπὸ
1558 1891 1652 1945 τοῦ
1683 1890 1787 1944 σώ-

226 1998 395 2051 ματος
432 1980 721 2042 ούσιώδους
777 1980 927 2050 ῥοῆς,
961 1980 1026 2031 δι’
1075 1981 1335 2051 ἐπιρροῆς
1383 1982 1653 2035 ούσιωδῶν
1698 1983 1791 2035 δα-

222 2073 429 2143 κρύων,
492 2068 907 2141 ἀποκαθαίρειν,
960 2071 1045 2123 ἵνα
1097 2071 1233 2142 ὅπερ
1266 2074 1301 2142 ἡ
1355 2073 1515 2145 ἡδονὴ
1543 2074 1629 2127 διὰ
1662 2076 1792 2143 ῥοῆς

223 2159 459 2229 φυσικῆς
496 2158 828 2226 κατεμόλυνε
860 2158 1039 2228 σῶμα,
1096 2159 1251 2213 τοῦτο
1280 2164 1312 2230 η
1354 2161 1511 2231 ὀδύνη
1555 2163 1652 2232 τῆς
1700 2162 1793 2215 λύ-

222 2267 334 2319 πης
363 2250 448 2302 διὰ
486 2248 616 2319 ῥοῆς
648 2244 804 2312 αὖθις
829 2250 935 2302 τῶν
957 2250 1204 2323 δακρύων
1232 2253 1465 2323 φυσικῆς
1492 2254 1793 2307 ἀποκαθαί-

225 2359 367 2411 ρειν,
395 2341 487 2393 τὸν
514 2341 570 2393 δὲ
606 2340 768 2410 ζόφον
795 2341 895 2411 τῆς
918 2341 1097 2413 ψυχῆς
1123 2346 1213 2398 τὶν
1244 2344 1349 2397 ἀπὸ
1377 2347 1473 2415 τῆς
1501 2346 1591 2398 τοῦ
1620 2347 1789 2415 θυμοῦ

222 2432 475 2501 πεκρίας,
516 2432 605 2485 διὰ
630 2433 806 2501 φωτὸς
830 2433 1175 2498 κατανύξεως
1210 2437 1303 2487 καὶ
1328 2435 1665 2505 γλυκύτητος
1692 2439 1790 2508 τῆς

223 2526 367 2577 κατά
398 2524 527 2575 Θεὸν
557 2523 796 2592 ἀγάπης,
824 2509 1169 2591 ἀποδιώκειν,
1206 2528 1297 2579 καὶ
1329 2526 1577 2581 ένοῦσθαι
1612 2524 1785 2595 αὖθις,

222 2610 285 2669 οὗ
312 2614 515 2689 πρώην
542 2614 609 2667 δι’
642 2616 863 2669 ἐκείνων
895 2617 1439 2689 ἀπηλλοτριώθημεν.

304 2687 396 2751 ξε’.
434 2689 642 2759 Ὥσπερ
664 2692 691 2743 ὀ
714 2692 822 2744 ἀπὸ
855 2692 955 2761 τῆς
977 2687 1166 2763 ἡδονῆς
1194 2687 1471 2763 μολυσμὸς
1510 2693 1602 2746 τὸν
1630 2709 1793 2747 σατα-

226 2779 377 2831 νικὸν
412 2780 590 2850 ἔρωτα
619 2784 1073 2853 προηγησάμενον
1113 2784 1224 2854 ἔχει
1259 2786 1339 2846 είς
1397 2785 1791 2856 ἀποπλήρωσιν

225 2869 329 2934 τῆς
367 2869 719 2939 φαυλότητος,
746 2873 976 2945 οὖτωςὴ
1009 2875 1116 2927 ἀπὸ
1151 2876 1249 2945 τῆς
1304 2875 1568 2929 ὲνωδύνου
1619 2876 1792 2945 λύπης

227 2961 497 3032 κάθαρσις
542 2967 641 3035 τὴν
675 2966 883 3037 θέρμην
918 2968 1030 3037 ἔχει
1056 2972 1153 3038 τῆς
1174 2969 1416 3040 ’καρδίας
1438 2970 1516 3033 είς
1548 2968 1797 3039 ἀποπλή-

229 3071 397 3122 ρωσιν
424 3053 517 3107 τοῦ
550 3056 777 3121 πένθους
806 3059 1026 3113 καὶτῶν
1055 3061 1306 3132 δακρύων
1324 3076 1339 3093 °
1390 3061 1483 3115 καὶ
1527 3061 1684 3115 τοῦτο
1713 3062 1797 3113 oi-

227 3147 577 3244 κονομίᾳτῆς
609 3148 740 3218 πρὸς
771 3151 916 3219 ἡμᾶς
953 3151 1048 3203 τοῦ
1108 3151 1244 3205 Θεοῦ
1298 3151 1654 3222 ἀγαθότητος,
1712 3152 1852 3244 (vate

226 3236 421 3299 κόποις
457 3237 649 3308 ὀδύνης
695 3242 861 3293 κόπον
917 3242 1132 3313 ἡδονῆς,
1189 3244 1282 3297 καὶ
1355 3247 1504 3314 ῥοαῖς
1544 3244 1798 3314 δακρύων

229 3327 361 3396 ῥοὴν
384 3328 669 3400 αἰσχίστην
703 3333 902 3403 σαρκὸς
932 3334 1364 3405 ἀποκρουόμενοί
1395 3353 1453 3388 τε
1484 3335 1577 3388 καὶ
1615 3336 1797 3407 ἐκκα-

228 3416 529 3487 θιίροντες,
562 3421 688 3485 τοὺς
742 3424 945 3486 τύπους
972 3424 1081 3477 τῶν
1138 3424 1352 3493 φαύλων
1387 3426 1494 3480 ἀπὸ
1520 3427 1615 3479 τοῦ
1656 3425 1795 3491 νοὸς,

227 3510 447 3574 καὶτὰς
474 3514 756 3584 ἀμόρφους
797 3515 1013 3579 εἰκόνας
1052 3517 1161 3569 ἀπὸ
1197 3518 1296 3587 τῆς
1329 3516 1508 3587 ψυχῆς
1545 3518 1801 3587 ἐξαφανί-

230 3617 435 3670 σωμεν,
468 3603 563 3656 καὶ
592 3604 980 3677 λαμπροτέραν
1013 3605 1215 3675 ταύτην
1238 3606 1315 3677 τῷ
1344 3607 1533 3665 κάλλει,
1568 3607 1646 3678 τῷ
1696 3624 1800 3679 φυ-

229 3693 369 3762 σικῷ
392 3694 788 3767 ἀποδείξωμεν.

300 3783 412 3850 Eg".
456 3787 557 3840 Ὃν
580 3789 779 3857 τρόπον
810 3790 886 3861 τῷ
914 3790 1132 3863 πονηρῷ
1164 3792 1433 3864 πνεύματι
1466 3791 1793 3864 ἐνεργούμε-

227 3891 313 3925 νο.
346 3877 372 3925 ό
404 3876 701 3945 πορνεύων,
756 3879 945 3947 μισθὸν
985 3881 1287 3950 καρποῦται
1335 3882 1434 3953 τὴν
1484 3882 1674 3953 ἡδονὴν
1702 3882 1800 3950 τῆς

230 3965 452 4033 σαρκὸς.
489 3966 583 4019 καὶ
614 3968 787 4037 πέρας
812 3970 975 4023 αὑτοῦ
1007 3971 1114 4024 τῶν
1152 3972 1391 4040 φαύλων,
1432 3974 1459 4026 ό
1504 3969 1796 4041 μολυσμὸς,

226 4051 401 4116 οὕτως
424 4054 451 4104 ὁ
478 4054 555 4124 τῷ
581 4054 854 4126 Πνεύματι
881 4057 1089 4111 ἄνωθεν
1111 4059 1496 4129 ὲνεργούμενος
1526 4059 1605 4130 τῷ
1637 4059 1798 4129 ἁγίῳ,

232 4147 425 4215 μισθὸν
455 4148 763 4217 καρποῦται
790 4153 889 4221 τὴν
912 4151 1086 4221 χαρὰν
1114 4152 1211 4220 τῆς
1257 4152 1452 4223 ψυχῆς,
1491 4153 1582 4207 καὶ
1629 4152 1800 4225 πέρας

228 4239 379 4308 αύτῷ
407 4240 515 4293 τῶν
551 4240 756 4306 καλῶν,
792 4243 824 4311 ὴ
852 4244 915 4294 ἐκ
944 4242 1049 4295 τῶν
1081 4243 1335 4313 δακρύων
1369 4244 1659 4317 κάθαρσις,
1707 4245 1801 4297 καὶ

227 4333 609 4401 ἀναγέννησις,
660 4334 753 4387 καὶ
782 4335 813 4403 ἡ
845 4335 980 4405 πρὸς
1012 4337 1103 4389 τὸν
1133 4336 1267 4389 Θεὸν
1307 4337 1521 4402 ἓνωσις,
1546 4339 1640 4391 καὶ
1670 4353 1799 4411 συν-

234 4441 419 4491 αφεια.

1864 687 2039 741 losum
2084 692 2168 739 est
2217 683 2471 738 omnibus
2504 682 2554 736 in
2593 682 2899 752 hujusmodi
2948 682 3235 751 judicium.
3276 680 3411 735 Sunt

1865 774 2008 829 enim
2037 773 2346 827 hominibus
2372 772 2555 828 multa:
2578 773 2631 826 in
2661 772 2893 827 essendo
2916 772 3294 842 discrepantia:
3318 786 3407 827 na-

1864 874 2130 931 turarum,
2154 865 2455 931 habituum,
2475 864 2889 935 dispositionum
2916 867 3178 934 corporis,
3199 880 3317 936 quae
3344 865 3413 919 ab

1866 961 1973 1016 illis
2021 966 2231 1014 tantum
2289 962 2673 1015 convenienter
2719 958 3018 1014 examinari
3066 966 3120 1013 et
3177 957 3411 1027 iudicari

1866 1063 2113 1124 possunt,
2136 1054 2227 1122 qui
2251 1052 2583 1121 spiritualem
2609 1053 2802 1106 anima:
2826 1052 3041 1107 oculum
3072 1050 3236 1104 nmlta
3260 1066 3413 1103 mun-

1867 1147 2132 1201 daverunt
2175 1146 2611 1215 compunctione,
2642 1146 2730 1214 qui
2773 1144 3013 1199 infusum
3046 1144 3100 1196 in
3132 1157 3190 1199 se
3216 1141 3416 1195 habent

1868 1238 2141 1295 inﬁnitum
2183 1239 2303 1293 vitae
2331 1238 2527 1292 divina:
2564 1236 2767 1301 lumen,
2797 1247 2850 1292 et
2889 1236 3088 1306 quibus
3116 1235 3299 1290 datum
3334 1242 3416 1289 est

1870 1345 2031 1386 nosse
2060 1332 2313 1401 mysteria
2343 1330 2491 1400 regni
2527 1330 2641 1384 Dei.

1939 1424 2030 1479 64.
2063 1422 2307 1495 Operarii
2336 1424 2601 1479 malorum
2633 1423 2816 1479 carnis
2843 1437 3066 1494 Operum
3105 1423 3251 1489 facti,
3283 1438 3415 1478 eon-

1870 1514 2219 1585 cupiscentiaa
2255 1514 2454 1585 iraeque
2502 1514 2700 1569 mentis
2744 1512 3138 1578 sacrificamus,
3199 1528 3415 1568 carnem

1875 1608 2137 1664 fcedautes
2186 1607 2420 1663 sordidis
2456 1608 2663 1676 peccati
2718 1606 2958 1671 ﬂuentis,
3000 1621 3234 1660 atuntam
3290 1620 3419 1659 vero

1872 1699 2234 1754 amaritudine
2265 1698 2360 1753 ira:
2399 1698 2775 1762 obscurantes,
2808 1709 2862 1752 et
2899 1696 3189 1753 abalienati
3220 1712 3249 1750 a
3283 1694 3419 1752 Filio

1872 1788 1988 1843 Dei.
2018 1787 2244 1858 Oportet
2282 1787 2448 1857 igitur
2479 1787 2773 1843 foeditatem
2820 1786 3193 1843 substantialis
3234 1784 3418 1840 ﬂuenti

1873 1896 1900 1934 a
1938 1895 2163 1950 corpore
2198 1881 2394 1941 aborti,
2429 1879 2733 1948 superfusis
2764 1878 3212 1934 substantialibus
3244 1879 3421 1947 lacry-

1874 1971 1978 2025 mis
2004 1970 2310 2040 puriﬂcare,
2340 1980 2395 2023 ut
2423 1972 2566 2039 quod
2592 1970 2839 2038 voluptas
2862 1969 3089 2023 naturali
3122 1969 3320 2024 ﬂuento
3341 1968 3422 2022 in-

1874 2064 2116 2133 quinavit
2145 2077 2363 2132 corpus,
2393 2062 2495 2115 hoc
2518 2061 2673 2117 dolor
2698 2061 2927 2115 tristitia:
2960 2062 3160 2129 pariter
3189 2060 3421 2115 naturali

1872 2156 2231 2224 lacrymarum
2311 2162 2548 2208 torrente
2616 2152 2882 2223 puriﬂcet,
2954 2153 3240 2223 caliginem
3295 2167 3423 2208 vero

1874 2248 2065 2302 anima:
2095 2246 2451 2301 amaritudine
2490 2247 2581 2299 ira:
2608 2246 2852 2310 eﬂ‘usam,
2887 2246 3005 2301 luce
3055 2247 3424 2315 compunctio—

1874 2338 1959 2392 nis
1994 2351 2057 2391 ac
2094 2337 2378 2390 dulcedine
2408 2336 2601 2390 divinae
2626 2336 2910 2391 charitatis
2960 2336 3203 2405 dissipet,
3263 2347 3425 2406 atque

1875 2428 1949 2484 illi
1988 2429 2396 2494 reconcilietur,
2421 2444 2449 2483 a
2478 2444 2583 2497 quo
2620 2429 2706 2482 illa
2739 2443 2838 2486 nos
2862 2429 3323 2485 abalienaverant.

1947 2698 2035 2753 65.
2072 2697 2223 2753 Sicut
2256 2704 2533 2751 contracta
2574 2696 2949 2765 ex‘voluptate
2982 2694 3169 2750 sordes
3211 2693 3427 2747 Satani-

1881 2804 2003 2844 cum
2040 2804 2277 2844 amorem
2317 2787 2509 2843 ducem
2552 2786 2714 2841 habet
2758 2788 2811 2841 in
2846 2787 3296 2854 complementum
3337 2797 3429 2838 ne-

1882 2879 2084 2947 quitiae,
2120 2880 2199 2933 sic
2219 2886 2496 2933 contracta
2524 2892 2587 2931 ex
2616 2876 2948 2945 paenitentiae
2973 2873 3193 2928 tristitia
3224 2872 3429 2942 puritas

1882 2972 2141 3025 fervorem
2184 2970 2372 3024 durem
2403 2969 2564 3022 habet
2598 2968 2651 3020 in
2679 2968 3131 3036 complementum
3170 2965 3345 3019 luctus
3378 2973 3432 3017 et

1881 3067 2239 3135 lacrymarum
2283 3078 2295 3114 :
2331 3062 2492 3128 idque
2532 3060 2834 3115 mconomia
2866 3057 3144 3112 charitatis
3178 3056 3270 3109 Dei
3302 3071 3425 3123 erga

1885 3172 2002 3214 nos.
2044 3162 2103 3208 ut
2140 3168 2331 3224 nempe
2366 3153 2644 3208 laboribus
2677 3152 2881 3206 doloris
2906 3150 3145 3204 laborem
3185 3149 3430 3216 volupta~

1884 3248 1971 3311 tis,
1989 3255 2041 3300 et
2059 3247 2415 3316 lacrymarum
2433 3244 2573 3298 ﬂuxu
2594 3243 2949 3299 foedissimum
2971 3241 3213 3311 corporis
3226 3238 3429 3293 ﬂuxum

1880 3347 2222 3393 removentes
2257 3346 2313 3391 et
2367 3344 2684 3407 purgantes,
2735 3337 2907 3391 malas
2957 3334 3345 3404 impressiones
3400 3348 3429 3384 a

1882 3435 2059 3482 mente
2098 3437 2393 3498 turpesque
2426 3428 2689 3497 imagines
2726 3427 2792 3481 ab
2831 3426 3010 3480 anima
3065 3425 3428 3494 repudiemus,

1880 3533 1933 3575 et
1958 3520 2355 3590 praafulgentem
2381 3520 2521 3574 hanc
2548 3519 2954 3591 pulchritudine
2976 3519 3209 3574 naturali
3241 3526 3425 3573 osten-

1881 3613 2093 3669 da‘trus.

1951 3791 2039 3845 66.
2075 3792 2539 3857 Quemadmodum
2571 3792 2673 3858 sub
2706 3792 2909 3848 inﬂuxu
2957 3792 3175 3862 maligni
3209 3792 3433 3863 spiritus

1883 3899 2048 3952 agens
2082 3884 2401 3949 fornicator,
2453 3885 2756 3940 mercedem
2817 3886 3050 3957 percipit
3100 3886 3429 3952 voluptatrm

1882 3974 2083 4037 carnis,
2118 3975 2488 4044 terminusque
2531 3976 2796 4029 malorum
2835 3975 2934 4045 ipsi
2984 3983 3067 4029 est
3096 3974 3308 4039 sordes,
3360 3975 3433 4027 ita

1883 4069 1974 4137 qui
2005 4082 2243 4137 superno
2276 4066 2513 4136 Spiritus
2559 4068 2733 4121 sancti
2776 4067 3035 4121 instinctu
3068 4067 3199 4135 agit.
3229 4080 3435 4119 merce-

1882 4159 2001 4213 dem
2033 4160 2259 4230 percipit
2286 4160 2539 4229 gaudium
2592 4158 2810 4221 animte,
2846 4159 3219 4226 terminusque
3267 4158 3434 4211 bono-

1882 4266 1998 4305 rum
2028 4251 2126 4319 ipsi
2158 4253 2614 4321 estlacrymarum
2635 4250 2883 4322 purgatio
2910 4257 2961 4305 et
2991 4249 3353 4322 regeneratio,
3380 4257 3435 4303 et

1883 4357 2003 4399 cum
2031 4341 2137 4398 Deo
2160 4342 2289 4396 unio
2317 4351 2367 4396 et
2402 4343 2652 4397 societas.

309 4515 405 4579 ᾆξ’.
437 4516 556 4569 Δύω
578 4517 754 4571 οὐσῶν
782 4519 839 4572 ὲν
875 4520 1005 4589 ἡμῖν
1035 4520 1141 4574 τῶν
1168 4523 1231 4573 έκ
1257 4524 1354 4591 τῆς
1401 4523 1568 4594 αιτῆς
1613 4523 1859 4587 οὐσίαςο

1790 4532 1859 4587 ;o
1960 4522 2048 4575 67.
2080 4521 2212 4574 Cum
2241 4521 2349 4575 duo
2376 4523 2430 4575 in
2456 4520 2616 4576 nobis
2642 4536 2706 4575 ex
2732 4522 2919 4576 eadem
2948 4521 3249 4579 substantia
3280 4530 3430 4576 natu-

232 4606 474 4674 φυσικῶν
500 4607 757 4675 ρεύσεων,
794 4610 955 4678 γονῆς
1011 4613 1103 4663 καὶ
1145 4612 1416 4682 δακρύων,
1475 4612 1566 4682 ὑφ’
1611 4606 1680 4687 ἦς
1714 4614 1803 4667 τὸν

232 4700 429 4767 χιτῶνα
468 4703 564 4769 τῆς
591 4702 764 4772 ψυχῆς
804 4703 1165 4774 μολυνόμεθα,
1198 4704 1293 4758 καὶ
1317 4705 1384 4757 δι’
1412 4699 1486 4759 ὧν
1511 4706 1672 4759 πάλιν
1701 4708 1801 4760 αὖ·

232 4792 321 4840 τὸν
352 4790 743 4862 καθαιρόμεθα,
778 4795 990 4865 ἀνάγκη
1040 4797 1130 4848 τὸν
1162 4797 1223 4848 ὲκ
1258 4797 1356 4867 τῆς
1405 4797 1589 4859 οὐσίας
1644 4799 1801 4868 ἡμῶν

236 4884 507 4951 μολυσμὸν
544 4884 906 4953 ἀπονίψασθαι
937 4887 1025 4940 διὰ
1055 4887 1162 4939 τῶν
1193 4888 1256 4940 ὲκ
1294 4890 1391 4958 τῆς
1419 4892 1583 4959 αὐτῆς
1617 4890 1803 4954 οὐσίας

235 4978 563 5045 κινουμένων
594 4978 841 5049 δακρύων
872 4996 882 5007 ·
920 4980 1091 5044 ἄλλως
1124 4981 1231 5052 γὰρ
1262 4980 1349 5034 τὸν
1374 4983 1437 5035 ὲκ
1458 4984 1558 5053 τῆς
1589 4984 1802 5051 φύσεως

234 5068 403 5137 ρύπον
435 5068 669 5138 καθᾶραι
704 5070 983 5123 ἀδύνατον.

303 5142 404 5209 ξη’.
436 5143 589 5195 Πᾶσα
606 5143 785 5211 ψυχῆς
802 5144 907 5213 πλη
917 5143 1120 5213 μμελού
1130 5162 1227 5217 σης
1248 5144 1509 5212 διάθεσις,
1528 5147 1604 5217 τῷ
1618 5148 1803 5217 φαύλῳ

235 5232 524 5301 κινουμένη
549 5234 753 5303 τρόπῳ,
787 5235 865 5296 είς
886 5236 1078 5307 ἡδονὴν
1111 5236 1370 5308 βραχεῖαν
1401 5228 1659 5293 καταλύει
1709 5243 1800 5295 τὸν

232 5327 513 5394 κάματον
542 5326 689 5378 πᾶσα
743 5324 799 5378 δὲ
839 5328 1209 5400 καθαιρομένη
1260 5330 1407 5404 ψυχὴ
1444 5334 1543 5402 τῆς
1592 5335 1802 5403 φαύλης

235 5412 523 5482 συνηθείας
550 5414 641 5467 καὶ
682 5415 995 5485 διαθέσεως,
1021 5420 1099 5481 είς
1126 5422 1344 5491 μακρὰν
1371 5422 1563 5493 ἡδονὴν
1598 5425 1796 5492 εὐφρο-

234 5504 399 5574 σύνης
430 5506 734 5560 ἐπεκτείνει
756 5508 883 5571 τοὺς
909 5510 1123 5575 πόνους,
1161 5512 1255 5564 καὶ
1300 5510 1485 5582 θαῦμα
1518 5514 1633 5578 πῶς
1672 5515 1798 5586 ἡδο-

234 5594 333 5662 νην
368 5594 530 5666 ἡδονὴ
566 5598 1023 5663 καταστέλλουσα,
1068 5601 1166 5675 τὴν
1190 5603 1252 5655 ὲκ
1274 5604 1369 5675 τῆς
1395 5605 1588 5678 ἡδονῆς
1616 5607 1800 5661 τικτοο·

237 5684 408 5753 μέν-ην
439 5688 857 5753 καταγλυκαίνει
881 5689 1090 5761 ὀδύνην.

304 5777 399 5833 E‘t'.
444 5778 577 5831 Ποτὲ
637 5780 734 5841 μὲν
771 5783 956 5853 πικρία
1009 5786 1097 5836 καί
1162 5787 1317 5852 πόκος
1378 5791 1676 5859 ἐπιγίνεται
1729 5794 1792 5859 τῇ

1889 4612 2078 4667 raliter
2116 4612 2355 4676 eﬂluant,
2406 4627 2599 4682 nempe
2632 4628 2839 4678 semen,
2898 4628 3005 4682 quo
3042 4615 3235 4669 animae
3268 4616 3435 4669 vesti-

1888 4712 2125 4758 mentum
2162 4703 2531 4773 inquinamus,
2559 4712 2611 4758 et
2642 4704 2913 4775 lacrymae,
2951 4706 3148 4774 quibus
3190 4706 3319 4759 illud
3372 4708 3437 4761 de

1888 4808 2025 4847 novo
2067 4796 2413 4858 mundamus,
2441 4808 2661 4849 necesse
2688 4804 2771 4849 est
2797 4794 3009 4849 sordem
3036 4809 3097 4847 ex
3131 4795 3435 4849 substantia

1888 4894 2071 4938 nostra
2120 4892 2454 4938 contractam
2490 4885 2630 4938 ablui
2662 4884 2918 4954 lacrymis
2969 4898 3031 4936 ex
3086 4884 3273 4937 eadem
3310 4886 3435 4938 sub-

1887 4973 2084 5027 stantia
2118 4973 2352 5027 elicitis:
2385 4974 2539 5028 aliter
2580 4975 2722 5027 enim
2759 4975 2946 5027 sordes
2989 4988 3055 5028 ex
3091 4982 3279 5028 natura
3310 4991 3437 5044 pro-

1888 5065 2107 5118 veniens
2141 5061 2391 5117 mundari
2425 5078 2529 5117 non
2566 5070 2766 5133 posset.

1957 5153 2043 5206 68.
2075 5152 2265 5208 Omnis
2290 5154 2485 5207 animae
2512 5155 2787 5220 peccantis
2819 5153 3095 5209 inclinatio
3130 5158 3264 5208 male
3294 5154 3434 5208 dirc-

1885 5258 1969 5299 c1a
2000 5246 2053 5297 in
2081 5246 2294 5299 brevem
2330 5246 2657 5313 voluptatem
2692 5247 2910 5300 reSolvit
2947 5246 3216 5310 laborem;
3257 5248 3435 5301 omnis

1885 5349 2014 5389 vero
2046 5335 2224 5389 anima
2250 5350 2314 5390 ex
2350 5351 2509 5405 prava
2542 5337 2859 5391 habitudine
2887 5345 2939 5391 et
2974 5337 3317 5391 inclinatione
3344 5353 3435 5391 ex-

1887 5435 2113 5497 purgata
2148 5428 2212 5482 ad
2246 5427 2459 5498 longam
2497 5430 2674 5498 gaudii
2722 5430 3049 5499 voluptatem
3084 5430 3307 5485 labores
3343 5444 3436 5482 ex-

1888 5521 2079 5585 tendit,
2135 5528 2189 5574 et
2228 5520 2419 5573 mirum
2477 5522 2747 5590 quomodo
2810 5522 3133 5591 voluptatem
3183 5523 3433 5590 voluptas

1889 5611 2203 5682 reprimens,
2240 5628 2301 5667 ex
2334 5613 2604 5683 voluptate
2630 5621 2804 5668 ortum
2839 5614 3031 5670 allevet
3061 5613 3321 5668 dolorem.

1954 5790 2039 5845 69.
2084 5789 2237 5847 Modo
2265 5795 2565 5849 anmitudo
2624 5805 2673 5849 et
2709 5795 2855 5850 labor
2888 5794 3196 5862 supervenit
3224 5794 3421 5850 intelle‘
