4106 6336
679 377 785 441 883

1938 386 1984 446 Ν
1996 385 2233 445 ΙΟΕΤίΕ
2263 385 2686 452 PECTORATI

3807 402 3914 468 234

675 497 844 551 etuali
868 498 1050 554 cordis
1071 500 1258 555 sensui
1284 500 1352 557 ab
1374 501 1736 574 laerymarum
1772 505 2056 573 eﬂ'usione,
2082 507 2223 563 modt

2309 509 2490 579 .vospi
2516 511 2613 580 τῆς
2648 511 2876 581 καρδίας
2928 513 3201 586 αἰσθήσει,
3247 515 3354 571 ἀπὸ
3383 521 3479 591 τῆς
3521 520 3762 591 ρεύσεως
3791 523 3909 576 τῶν

677 589 856 642 hetitia
908 601 958 646 et
995 593 1280 646 exultatio.
1316 591 1546 660 Quando
1599 597 1762 667 igitur
1794 599 2112 668 pmnitentia
2145 615 2240 655 ex-

676 697 973 751 purgamur
1002 699 1030 738 a
1063 700 1274 741 veneno
1305 694 1359 741 et
1388 690 1548 743 sorde
1573 692 1804 758 peccati,
1828 692 2036 749 similes
2067 694 2238 749 calori

676 774 812 843 ignis
869 775 1158 831 fundentes
1217 780 1551 847 paenitentia:
1602 783 1884 853 laerymas.
1952 795 2006 840 et
2069 787 2236 843 veluti

673 867 932 928 gravibus
966 868 1178 922 malleis
1213 880 1444 926 mentem
1475 875 1784 942 tundentes,
1816 877 2030 934 emissis
2062 892 2092 932 e
2120 894 2239 949 pro-

677 956 848 1009 fundo
901 961 1067 1014 corde
1101 964 1393 1031 gemitibus
1426 966 1843 1023 amaritudinem
1889 985 1953 1024 ac
1997 971 2235 1026 laborem

674 1050 856 1100 animo
892 1053 1257 1122 St‘llSillllelue
1291 1058 1578 1112 sentimus.
1617 1057 1718 1114 Ubi
1753 1075 1882 1115 vero
1920 1062 2234 1129 huiusmodi

674 1130 930 1210 lacrymis
960 1143 1295 1200 sufﬁcienter
1328 1150 1561 1218 purgati,
1590 1150 1743 1205 liberi
1784 1167 1814 1206 a
1844 1153 2235 1222 cupiditatibus

670 1234 980 1296 evadimus,
1012 1245 1162 1302 tunc,
1189 1239 1394 1308 Spiritu
1424 1255 1614 1296 saneto
1641 1259 1742 1298 nos
1777 1247 2116 1309 consolante,
2152 1261 2238 1302 se-

671 1339 969 1393 renumqtle
986 1336 1039 1380 et
1068 1330 1355 1398 puritatem
1379 1334 1639 1390 cordibus
1662 1337 1867 1392 nostris
1889 1337 2233 1408 infundettte,

669 1413 950 1482 voluptate
985 1433 1048 1471 ac
1096 1421 1382 1477 dulcedine
1428 1423 1687 1480 ineﬂabili
1737 1442 1837 1486 nos
1887 1429 2096 1500 replent
2149 1429 2236 1500 lu-

667 1509 861 1562 cundm
895 1511 1328 1580 compuncttonis
1362 1516 1634 1587 lacryma'e.

2326 599 2574 672 δακρύων
2596 615 2610 630 ·
2651 604 2782 656 ποτὲ
2812 603 2869 656 δὲ
2903 605 3216 679 εὐφροσύνη
3242 613 3335 663 καὶ
3358 613 3696 680 ἀγαλλίασις.
3731 617 3906 668 Ὅταν

2326 689 2421 746 οὖν
2468 692 2878 764 καθαιρώμεθα,
2912 694 3001 748 διὰ
3027 699 3124 767 τῆς
3186 703 3491 769 μετανοίας,
3541 703 3634 757 τοῦ
3697 705 3776 757 ίοῦ
3804 707 3908 759 καὶ

2325 782 2418 835 τοῦ
2455 783 2628 854 ῥύπου
2667 788 2766 857 τῆς
2802 788 3099 858 ἁμαρτίας,
3140 789 3436 860 θερμότητι
3481 796 3673 863 πυρὸς,
3713 797 3910 850 εἰκότα

2325 873 2540 944 ἔχοντες
2563 875 2631 930 τὰ
2659 877 2722 930 ὲκ
2746 877 2949 951 ταύτης
2978 880 3212 952 δάκρυα,
3245 882 3348 935 ὑπὸ
3387 882 3478 936 τοῦ
3533 886 3674 939 θείου
3725 888 3908 958 πυρὸς

2325 968 2730 1039 ὲκπυρούμενα,
2763 971 2857 1024 καὶ
2906 974 3143 1043 σφύραις
3169 974 3420 1044 βαρείαις
3466 975 3666 1029 ὡσανεὶ
3694 979 3783 1030 τὸν
3810 978 3907 1030 λοι

2324 1061 2521 1130 γισμδν
2547 1061 2931 1132 πληττόμενοι,
2956 1067 3070 1126 τοῖς
3099 1067 3161 1117 ὲκ
3190 1064 3385 1134 βάθους
3419 1068 3904 1138 ἀναπεμπομένας

2325 1154 2650 1220 στεναγμοῖς
2678 1154 2775 1222 τῆς
2799 1152 3050 1224 καρδίας,
3077 1155 3308 1226 πικρίαςι
3333 1156 3427 1207 καὶ
3461 1157 3653 1220 πόνους
3697 1158 3905 1227 νοερῶς

2319 1257 2382 1294 τε
2412 1245 2509 1312 καὶ
2547 1243 2823 1314 αἰσθητῶς
2881 1245 3272 1317 αἰσθανόμεθα.
3327 1248 3496 1302 Ἐπὰν
3536 1249 3597 1302 δὲ
3649 1251 3739 1304 διὰ
3785 1251 3903 1304 τῶν

2320 1332 2580 1387 τοιούτων
2642 1336 2846 1400 ίκανῶς
2895 1337 3264 1408 καθαρθέντες
3323 1337 3595 1408 δακρύων,
3652 1340 3746 1392 ἐπὶ
3793 1342 3901 1413 ³τὴν

2319 1422 2634 1497 ἐλευθερίαν
2661 1427 2946 1499 ὲλάσωμεν
2967 1429 3075 1483 τῶν
3106 1429 3314 1496 παθῶν,
3344 1432 3642 1502 τηνικαῦτα
3666 1433 3769 1485 ὑπὸ
3795 1433 3898 1485 τοῦ

2319 1518 2465 1572 θείου
2497 1522 2976 1593 παρακαλούμενοι
3005 1523 3343 1595 Πνεύματος,
3393 1523 3470 1587 ὡς
3516 1525 3757 1597 γαληνὴν
3795 1527 3897 1580 καὶ

2319 1609 2563 1680 καθαρὰν
2598 1615 2697 1683 τὴν
2729 1613 2956 1685 καρδίαν
2984 1615 3338 1686 κτησάμενοι,
3387 1615 3579 1686 ἡδονῆς
3617 1618 3712 1672 καὶ
3759 1621 3894 1686 γλυ-

2318 1700 2552 1771 κύτητος
2580 1703 2791 1772 ἀφάτου
2817 1705 3175 1775 πληρούμεθα
3205 1707 3310 1760 ὑπὸ
3342 1707 3451 1761 τῶν
3480 1711 3786 1780 χαροποιῶν
3807 1713 3893 1766 δα-

2317 1793 2502 1863 κρύων
2525 1797 2623 1865 τῆς
2657 1797 3022 1863 κατανύξεως.

740 1855 828 1910 70.
863 1857 994 1914 Aliae
1018 1870 1148 1916 sunt
1175 1878 1295 1931 quae
1321 1879 1386 1920 ex
1424 1869 1746 1936 pcenitentia
1773 1913 1787 1936 ,
1837 1874 1959 1929 alia
2001 1891 2125 1943 quae
2165 1893 2223 1934 es

2359 1855 2449 1942 '0'.
2473 1855 2649 1941 Ἀλλα
2680 1890 2747 1943 τὰ
2788 1891 2854 1944 ὲκ
2877 1855 2999 1962 τῆς-
3023 1895 3314 1963 μετανοίας
3342 1896 3574 1967 δάκρυα,
3603 1899 3695 1951 καὶ
3724 1899 3892 1966 ἔτερα

668 1945 852 2002 divina
889 1956 1311 2022 compunctione
1346 1960 1624 2028 profluunt
1653 1965 1926 2036 lacrymze.
1955 1969 2064 2024 Illa:
2086 1972 2228 2026 enim

664 2049 794 2092 sunt
858 2043 1018 2096 veluti
1082 2046 1278 2102 fluvius
1328 2050 1604 2108 inundans
1649 2061 1704 2107 et
1745 2056 1995 2112 auferens
2044 2061 2230 2115 omnia

665 2134 874 2198 peccati
924 2141 1331 2204 propugnacula
1358 2160 1372 2207 ;
1406 2143 1485 2198 ita:
1517 2159 1646 2200 vero
1675 2155 1801 2200 sunt
1832 2150 2027 2205 anima:
2050 2153 2228 2222 qualis

663 2223 842 2290 pluvia
882 2229 1115 2289 gratnini
1155 2238 1211 2284 et
1241 2234 1419 2299 qualis
1456 2237 1635 2291 herba:
1669 2241 1794 2308 nix,
1832 2244 2078 2298 scientia?
2115 2246 2229 2316 spi-

662 2329 778 2368 cam
828 2319 1055 2386 alentes,
1114 2337 1345 2393 eamque
1399 2328 1751 2398 multiplicem
1802 2339 1856 2387 et
1909 2333 2226 2406 frugiferam

662 2405 982 2466 recidentes.

738 2498 824 2552 7t.
859 2500 976 2553 Non
1004 2505 1145 2557 enim
1171 2508 1316 2575 quod
1347 2511 1629 2582 lacrymae,
1663 2515 1804 2570 idem
1837 2523 2180 2587 compunctio
2207 2562 2224 2589 ,

661 2587 752 2641 sed
787 2605 1038 2660 magnum
1071 2607 1154 2648 est
1181 2598 1474 2654 discrimen
1509 2604 1649 2659 inter
1680 2607 1948 2676 lacrymas
1976 2619 2029 2664 et
2075 2626 2227 2666 com-

661 2682 1032 2746 punctionem.
1075 2685 1209 2740 Nam
1253 2691 1489 2761 lacryma
1520 2710 1583 2747 ex
1627 2700 1984 2755 conversione
2025 2701 2146 2756 vita:
2174 2713 2226 2757 et

662 2774 922 2826 memoria
955 2785 1194 2832 veterum
1233 2782 1428 2835 animm
1465 2785 1714 2851 lapsuum
1739 2790 1935 2852 oritur,
1963 2801 2221 2862 tanquam

658 2876 724 2930 er
746 2865 879 2930 .igne
911 2875 962 2919 et
995 2867 1234 2926 fervente
1264 2887 1427 2941 aqua,
1459 2875 1512 2930 in
1537 2879 1972 2946 puriﬁcationem
2009 2886 2218 2953 cordis;

658 2962 1009 3020 compunctio
1039 2971 1217 3018 autem
1259 2980 1288 3018 e
1325 2981 1561 3032 superno
1604 2971 1772 3027 divini
1824 2974 2061 3043 Spiritus
2099 2995 2222 3035 rore

657 3047 896 3114 proﬂuit,
943 3052 993 3103 in
1025 3056 1458 3112 consolationem
1499 3075 1564 3114 ac
1611 3063 1953 3131 refrigerium
1985 3070 2178 3124 animae
2203 3110 2217 3135 ,

2314 1977 2383 2030 τὰ
2413 1979 2476 2031 ὲκ
2505 1979 2653 2043 θείας
2684 1981 3029 2052 προχεόμενα
3080 1985 3425 2051 κατανύξεως
3448 2004 3461 2019 ο
3507 1988 3576 2042 τά
3610 1989 3709 2059 μὲν
3755 1989 3892 2059 γὰρ,

2315 2069 2390 2132 ὡς
2419 2071 2662 2142 ποταμὸς
2700 2074 3010 2139 ἐπικλύζων
3048 2077 3143 2130 καὶ
3192 2079 3521 2150 κατασύρων
3582 2083 3759 2134 πάντα
3785 2084 3890 2152 τῆς

2315 2159 2592 2233 ἁμαρτίας
2637 2164 2708 2217 τὰ
2765 2167 3117 2237 ὀχυρώματα,
3177 2169 3245 2223 τὰ
3282 2169 3364 2238 δὲ,
3405 2171 3481 2234 ὡς
3541 2172 3748 2243 δμὸρος
3797 2172 3894 2224 ἐπ’

2312 2251 2587 2322 ἄγρωστιν
2646 2257 2855 2326 γίνεται
2896 2263 2962 2330 τῇ
2996 2259 3162 2331 ψυχῇ,
3219 2262 3313 2315 καὶ
3365 2262 3495 2316 ὡσεὶ
3548 2265 3759 2332 νιφετὸς
3790 2264 3899 2318 ἐπὶ

2311 2343 2525 2414 χόρτον,
2552 2346 2645 2399 τὸν
2690 2351 2786 2419 τῆς
2816 2348 3072 2417 γνώσεως
3127 2349 3328 2420 στάχυν
3377 2351 3731 2423 ἐκτρέφοντα,
3790 2351 3890 2406 καὶ

2313 2433 2584 2506 πολύχουν
2613 2438 2806 2492 τοῦτον
2846 2444 2941 2494 καὶ
2974 2446 3326 2514 καρποφόρον
3354 2444 3738 2509 ἀποτελοῦντα.

2381 2519 2481 2575 oa'.
2517 2525 2591 2576 Οὐ
2627 2527 2737 2596 γὰρ
2761 2529 2812 2580 εί
2841 2545 2893 2582 τι
2920 2530 3176 2602 δάκρυον,
3219 2533 3379 2586 τοῦτο
3429 2535 3523 2586 καὶ
3567 2533 3888 2600 κατάνυξις,

2312 2608 2450 2662 ἀλλά
2479 2614 2614 2666 πολὺ
2656 2616 2718 2668 τὸ
2751 2618 2916 2680 μέσον
2951 2620 3204 2676 δακρύων
3260 2625 3355 2676 καὶ
3391 2624 3756 2688 κατανύξεως.
3807 2626 3889 2680 Τὸ

2311 2694 2408 2765 μὲν
2436 2693 2542 2763 γὰρ
2570 2696 2634 2748 ἑκ
2679 2698 3044 2768 μεταμελείας
3069 2700 3178 2754 τῶν
3218 2703 3457 2774 τρόπων,
3510 2708 3607 2760 καὶ
3658 2711 3883 2778 μνήμης

2306 2784 2416 2837 τῶν
2446 2785 2696 2840 παλαιῶν
2737 2789 2836 2858 τῆς
2872 2789 3051 2862 ψυχῆς
3091 2793 3512 2865 συμπτωμάτων
3559 2797 3880 2868 ἐπέρχεται,

2307 2877 2380 2939 ὡς
2407 2879 2514 2931 ἀπὸ
2541 2879 2710 2950 πυρὸς
2725 2882 2834 2933 ικαὶ
2861 2881 3078 2947 ζέοντος
3103 2885 3326 2950 ὕδατος,
3376 2888 3456 2949 είς
3491 2887 3757 2959 κάθαρσιν
3781 2891 3886 2962 τῆς

2305 2971 2564 3040 καρδίας·
2594 2973 2626 3041 ἡ
2652 2973 2729 3037 δὲ,
2758 2975 2821 3025 ὲκ
2850 2973 3001 3037 θείας
3031 2976 3224 3044 δρόσου
3254 2978 3461 3033 ἄνωθεν
3507 2981 3602 3033 τοῦ
3636 2982 3895 3052 πνεύμαο

2303 3074 2415 3122 τος,
2446 3063 2525 3123 είς
2555 3064 2899 3134 παράκλησιν
2921 3065 3016 3118 καὶ
3045 3066 3328 3137 ἀναψυχὴν
3375 3069 3590 3122 κάτεισι
3634 3070 3734 3139 τῆς
3777 3066 3887 3140 ψυ-

657 3151 778 3203 quae
827 3156 997 3208 nuper
1045 3145 1101 3197 in
1147 3145 1476 3215 profundum
1521 3152 1839 3212 humilitatis
1893 3158 2093 3214 fervide
2135 3160 2220 3214 in—

2309 3149 2429 3219 χῆς,
2463 3151 2588 3223 ἄρτι
2627 3155 2764 3224 πρὸς
2805 3155 2966 3224 βυθὸν
2987 3158 3483 3229 ταπεινοφροσύνης
3513 3159 3733 3231 θερμῶς
3760 3164 3884 3214 εἰσιν

658 3241 844 3298 gressa
874 3242 992 3294 est,
1023 3234 1354 3306 luminisque
1403 3243 1796 3303 inaccessibilis
1834 3250 2040 3318 accepit
2084 3266 2219 3306 con-

657 3322 1083 3390 templationem,
1119 3337 1171 3381 et
1193 3331 1259 3381 ad
1303 3329 1468 3386 Deum
1503 3332 1724 3390 Davidis
1759 3339 1934 3394 instar
1961 3342 2218 3396 clamavit

660 3412 713 3465 in
734 3416 1098 3473 exsultatione
1125 3438 1136 3472 :
1166 3439 1184 3471 ι
1208 3419 1581 3480 Transivimus
1605 3443 1700 3496 per
1724 3429 1899 3501 ignem
1919 3439 1972 3488 et
1996 3448 2216 3504 aquam,

658 3513 712 3557 et
738 3505 973 3563 eduxisti
1009 3527 1108 3565 nos
1139 3514 1192 3566 in
1230 3515 1572 3584 refrigerium
1611 3522 1674 3574 ".
1717 3541 1735 3574 ι

733 3593 820 3646 72.
859 3597 1056 3653 Audivi
1095 3605 1358 3667 quosdam
1386 3607 1627 3663 dicentes
1658 3627 1765 3665 non
1815 3630 1972 3682 posse
2031 3632 2218 3686 quem-

655 3701 816 3752 quam
851 3689 917 3741 ad
947 3690 1184 3745 habitum
1247 3699 1530 3762 pervenire
1578 3701 1794 3756 virtutis
1819 3743 1834 3768 ,
1891 3707 1990 3760 nisi
2028 3710 2214 3776 procul

654 3776 871 3829 secedat
908 3787 961 3831 et
1014 3780 1065 3833 in
1108 3785 1455 3849 solitudinem
1513 3789 1718 3858 fugiat,
1773 3801 1936 3861 atque
1987 3798 2214 3854 miratus

653 3883 770 3920 sum
829 3875 1103 3938 quomodo
1160 3878 1405 3933 infinitus
1467 3882 1600 3948 ipsis
1658 3885 1909 3939 videatur
1936 3887 2056 3942 loco
2106 3890 2214 3944 cir-

653 3964 964 4015 cumscribi.
1023 3964 1231 4020 Etenim
1276 3970 1492 4024 habitus
1546 3974 1769 4028 virtutis
1822 3983 1907 4029 est
1935 3980 2212 4035 restitutio

655 4055 1012 4119 potentiorum
1063 4059 1257 4112 animm
1307 4061 1373 4114 ad
1429 4063 1712 4131 pristinam
1763 4066 2119 4135 dignitatem,
2158 4079 2212 4125 et

650 4150 999 4214 congregatio
1024 4153 1354 4216 generalium
1413 4156 1673 4209 virtutum
1713 4159 1776 4212 ad
1809 4175 1967 4213 unam
2023 4177 2212 4230 opera-

651 4238 850 4290 tionem
905 4243 1204 4296 secundum
1255 4254 1524 4299 naturam.
1590 4247 1758 4301 Porro
1821 4265 1927 4304 non
1973 4252 2039 4306 de
2079 4253 2211 4308 foris

649 4336 904 4395 tanquam
933 4332 1238 4385 extrinseca
1275 4335 1427 4389 nobis
1458 4339 1868 4405 superveniunt,
1899 4341 1993 4396 sed
2029 4342 2211 4398 nobis-

647 4432 810 4482 cum,
853 4421 1004 4486 juxta
1060 4423 1482 4479 intellectualem
1537 4428 1892 4498 divinumque
1943 4446 2204 4498 sensum,

2305 3242 2584 3312 ελθούσης,
2617 3245 2713 3298 καὶ
2744 3247 3126 3322 ἀπολαϐούσης
3160 3251 3260 3319 τῆς
3288 3249 3382 3302 τοῦ
3413 3251 3711 3319 ἀπροσίτου
3765 3271 3882 3321 φωο

2305 3331 2395 3396 τὸς
2430 3334 2684 3403 θεωρίας,
2711 3337 2803 3390 καὶ
2840 3338 2976 3408 πρὸς
3004 3329 3138 3393 Θεὸν
3165 3340 3305 3393 οὕτω
3335 3341 3546 3411 βοώσης
3575 3342 3885 3415 Δαϐιτικῶς

2306 3426 2366 3478 δν
2389 3427 2534 3495 Χαρᾷ
2553 3441 2569 3456 ⁸
2608 3445 2625 3477 ε
2650 3428 2954 3498 Δεήλθομεν
2979 3429 3069 3482 διὰ
3096 3430 3266 3500 πυρὸς
3298 3432 3392 3484 καὶ
3417 3429 3624 3496 ὓδατος,
3642 3435 3734 3486 καὶ
3753 3432 3884 3504 ἐξὴ-

2303 3532 2473 3584 γαγες
2499 3506 2648 3587 ἡμᾶς
2674 3519 2754 3581 είς
2793 3520 3133 3590 ἀναψυχήν.»

2375 3605 2476 3675 οβ’.
2522 3608 2759 3678 ’Δκήκοα
2792 3609 3059 3676 λεγόντων
3100 3611 3175 3682 μὴ
3205 3612 3468 3665 δυνασθαί
3490 3629 3611 3666 τινα
3655 3614 3734 3675 είς
3763 3614 3881 3677 ἕξιν

2306 3695 2480 3748 ἐλθεῖν
2533 3698 2756 3766 ἀρετῆς,
2797 3699 2928 3750 ἄνευ
2967 3699 3372 3770 ἀναχωρήσεως
3404 3701 3623 3768 μακρᾶς
3653 3703 3747 3752 καὶ
3780 3700 3880 3770 τῆς

2303 3790 2382 3850 εἰς
2410 3790 2648 3857 ἐρημίαν
2682 3794 2881 3861 φυγῆς,
2913 3792 3006 3844 καὶ
3031 3791 3358 3859 τεθαύμακα
3390 3792 3509 3853 πῶς
3558 3792 3619 3844 τὸ
3648 3793 3878 3858 ἀπεριό-

2305 3895 2486 3950 ριστον
2509 3880 2686 3946 ἔδοξεν
2707 3882 2890 3944 αὐτοῖς
2922 3882 2982 3932 ὲν
3009 3881 3161 3951 τόπῳ
3193 3882 3623 3952 περιορίζεσθαι.
3670 3883 3732 3934 Εἰ
3762 3884 3874 3951 γάρ

2302 3969 2336 4037 ἡ
2366 3967 2481 4032 ἕξις
2509 3969 2606 4036 τῆς
2630 3970 2850 4039 ἀρετῆς,
2894 3971 2926 4038 ὴ
2958 3970 3401 4033 ἁποκατάστασίς
3429 3972 3544 4022 ἐστι
3569 3971 3677 4022 τῶν
3717 3970 3877 4023 δυνά-

2303 4076 2448 4129 μεων
2477 4060 2574 4128 τῆς
2607 4060 2785 4129 ψυχῆς
2810 4062 2888 4123 είς
2916 4061 3014 4130 τὴν
3044 4060 3283 4114 παλαιὰν
3333 4061 3637 4127 εὐγένειαν,
3689 4061 3782 4112 καὶ
3838 4062 3872 4128 ὴ

2298 4151 2394 4202 ἐπὶ
2429 4151 2488 4203 τὺ
2521 4152 2652 4203 αὐτὸ
2692 4152 2906 4214 σύνοδος
2947 4151 3057 4204 τῶν
3095 4151 3330 4219 γενικῶν
3366 4149 3593 4220 ἀρετῶν,
3645 4153 3726 4213 είς
3774 4151 3877 4220 τὴν

2298 4243 2627 4312 κατὰφύσιν
2677 4245 3004 4316 ὲνέργειανο
3045 4244 3218 4299 ταῦτα
3278 4244 3334 4298 δὲ
3379 4245 3478 4297 οὐκ
3528 4243 3744 4308 ἔξωθεν,
3799 4245 3879 4306 ὡς

2298 4333 2619 4400 ἐπείσακτα,
2653 4336 2785 4404 ἡμῖν
2837 4336 3197 4404 ἐπιγίνονται,
3253 4335 3388 4388 ἀλλὰ
3451 4335 3876 4404 συμπεφύκασιν

2299 4430 2428 4497 ἡμῖν
2460 4431 2522 4481 ὲκ
2559 4429 2943 4497 δημιουργίας,
2975 4430 3116 4482 κατά
3149 4427 3307 4480 θείαν
3337 4429 3432 4480 καὶ
3462 4429 3654 4497 νοεράν
3683 4426 3882 4496 αἴσθη-

651 4508 740 4559 illa
777 4507 1156 4573 innascuntur,
1184 4527 1279 4580 per
1299 4524 1490 4581 quaeet
1520 4530 1642 4570 eum
1679 4517 1877 4584 quibus
1910 4519 2206 4574 secundum

2309 4535 2402 4582 τιν,
2428 4519 2494 4571 δι’
2523 4513 2598 4573 ὧν
2643 4521 2738 4573 καὶ
2770 4520 2886 4590 μεθ’
2911 4514 2986 4573 ὧν
3013 4520 3153 4573 κατά
3174 4521 3336 4587 φύσιν
3370 4522 3701 4590 κινούμενοι,
3753 4522 3873 4573 sla-

647 4608 898 4651 naturam
948 4604 1112 4665 moti,
1167 4604 1476 4658 inducimur
1535 4607 1590 4660 in
1638 4622 1863 4677 regnum
1909 4610 2205 4675 caelorum;

594 4748 596 4750 τ
647 4704 756 4744 non
789 4704 969 4744 autem
1004 4693 1146 4745 intra
1179 4709 1277 4751 nos
1306 4705 1389 4750 est
1419 4737 1432 4757 .
1469 4696 1621 4767 juxta
1663 4699 1876 4754 Domini
1912 4715 2100 4756 vocem
2143 4701 2208 4767 ",

648 4793 709 4832 ac
744 4781 970 4848 proinde
989 4784 1317 4839 excellenter
1344 4788 1600 4854 solitudo,
1640 4789 1689 4844 in
1728 4805 1892 4860 quam
1937 4792 2208 4850 intramus

646 4879 700 4924 et
752 4886 781 4923 e
829 4885 934 4940 qua
969 4875 1278 4943 egredimur
1329 4893 1424 4945 per
1485 4879 1859 4948 paenitentiam
1893 4889 1946 4935 et
1993 4897 2206 4938 onmem

649 4964 1022 5017 mandatorum
1055 4965 1146 5020 Dei
1181 4968 1618 5036 adimpletlonem
1647 5012 1662 5036 ,
1717 4988 1839 5042 quae
1882 4974 2097 5041 quidem
2156 4977 2209 5029 in

647 5054 794 5108 omni
821 5057 938 5108 loco
967 5056 1356 5111 dominationis
1407 5060 1526 5128 ejus
1570 5062 1683 5116 fieri
1736 5074 1951 5131 petest,
2019 5073 2080 5118 ut
2137 5067 2212 5121 ait

2297 4609 2544 4679 αγόμεθα
2588 4612 2669 4672 είς
2723 4611 2820 4680 τὴν
2844 4609 3121 4679 βασιλείαν
3144 4610 3262 4680 ,τῶν
3315 4611 3580 4681 οὐρανῶν.
3621 4610 3737 4680 ἠδὲ
3775 4611 3868 4664 ὲν-

2295 4700 2385 4764 τδς
2416 4700 2572 4772 ἡμῶν
2620 4702 2760 4766 ἑστι,
2803 4702 2944 4754 κατά
2972 4701 3071 4772 τὴν
3105 4704 3198 4754 τοῦ
3260 4699 3471 4771 Κυρίου
3528 4701 3735 4772 φωνὴν,
3764 4700 3876 4770 ἄρα

2297 4791 2552 4861 περιττὸν
2583 4779 2868 4861 ήίρημία,
2905 4791 3308 4862 εἰσερχομένων
3352 4791 3509 4861 ἡμῶν
3542 4792 3620 4854 είς
3677 4790 3874 4860 αὐτὴν,

2297 4888 2392 4938 καὶ
2418 4883 2622 4954 ταύτης
2651 4885 2842 4952 χωρὶς,
2875 4883 2964 4953 διὰ
3000 4883 3291 4952 μετανοίας
3330 4885 3427 4936 καὶ
3486 4883 3667 4952 πάσης
3701 4882 3878 4948 φυλα-

2297 4979 2401 5048 κῆς
2419 4979 2530 5032 τῶν
2552 4979 2644 5031 τοῦ
2678 4977 2815 5030 Θεοῦ
2841 4978 3103 5048 ἐντολῶν,
3147 4979 3268 5047 ἥτις
3321 4979 3417 5032 καὶ⁵
3446 4979 3504 5030 ὲν
3530 4976 3693 5030 παντὶ
3723 4975 3875 5045 τόπῳ

2295 5070 2392 5138 τῆς
2415 5070 2731 5131 δεσποτείας
2758 5067 2947 5130 αὑτοῦ,
2982 5068 3125 5121 κατὰ
3149 5070 3241 5122 τὸν
3270 5070 3410 5122 θεῖον
3441 5067 3621 5133 Δασιδ,
3644 5067 3874 5119 δύναται

649 5145 806 5201 divus
839 5147 1008 5201 David
1061 5167 1075 5202 :
1130 5168 1148 5202 ι
1203 5149 1483 5206 Benedicit
1533 5155 1711 5207 anima
1775 5155 1890 5211 mea
1923 5158 2206 5213 Dominum

2309 5159 2564 5228 γίνεσθαι·
2596 5179 2612 5210 ι
2641 5159 2869 5226 Εὐλόγει
2900 5158 3029 5231 γὰρ,
3062 5152 3252 5227 φησὶν,
3274 5158 3467 5228 ήζψυχή
3500 5174 3624 5226 μου,
3645 5157 3738 5210 τὸν
3754 5157 3873 5210 Κύν

650 5241 702 5293 in
738 5242 884 5294 omni
918 5241 1039 5295 loco
1065 5242 1450 5299 dominationis
1485 5245 1602 5312 eius
1637 5247 1702 5300 ".
1735 5267 1751 5297 ι

2309 5270 2432 5323 ριον,
2465 5255 2523 5305 ὲν
2547 5252 2706 5305 παντὶ
2735 5252 2885 5322 τόπῳ
2915 5251 3014 5320 τῆς
3041 5251 3360 5312 δεσποτείας
3390 5249 3578 5302 αὑτοῦ.
3621 5267 3640 5299 ι

723 5332 808 5386 73.
841 5331 943 5396 Qui
972 5334 1025 5385 in
1057 5334 1227 5387 media
1261 5335 1426 5403 regali
1451 5337 1567 5391 acie
1592 5339 1691 5392 sub
1725 5338 1956 5393 ducibus
1989 5348 2044 5393 et
2073 5355 2204 5396 cen-

2365 5344 2462 5413 ογ’.
2507 5345 2567 5397 '0
2606 5340 2772 5414 μέσον
2795 5344 3080 5414 βασιλικῆς
3103 5341 3461 5413 παρατάξεως
3488 5340 3593 5393 ὑπὸ
3632 5356 3868 5411 στρατη-

652 5423 958 5477 turionibus
1004 5425 1242 5480 militans
1284 5442 1345 5481 ac
1393 5443 1638 5497 pugnans
1668 5469 1683 5493 ,
1742 5445 1849 5484 non
1909 5432 2087 5500 potuit
2150 5436 2203 5488 in

2309 5440 2412 5504 γοῖς
2433 5436 2529 5489 καὶ
2553 5437 2801 5507 λοχαγοῖς
2830 5435 3293 5505 συνασπιζόμενός
3321 5450 3382 5485 τε
3406 5431 3502 5486 καὶ
3533 5433 3876 5502 συγκροτού-

651 5511 888 5565 hostium
949 5529 1245 5584 congressu
1297 5517 1673 5574 fortitudinem
1724 5530 1779 5574 et
1832 5524 2203 5578 strenuitatem

2309 5545 2482 5598 μενος,
2513 5528 2588 5597 μὴ
2623 5527 2872 5598 δυνηθεὶς
2903 5528 2962 5580 ὲν
2987 5529 3052 5598 τῇ
3090 5527 3240 5598 μάχῃ
3265 5525 3372 5577 τῶν
3414 5522 3691 5592 πολεμίων
3747 5540 3876 5575 νεαρ

651 5611 840 5658 contra
868 5605 1211 5663 adversarios
1239 5610 1527 5665 ostendere
1554 5650 1569 5673 ,
1595 5627 1657 5666 ac
1687 5626 1752 5666 ne
1785 5629 1949 5666 unum
1987 5615 2203 5683 quidem

2309 5621 2449 5675 νικόν
2479 5637 2537 5675 τε
2569 5620 2662 5675 καὶ
2689 5621 2938 5689 γενναῖον
2974 5619 3116 5676 κατά
3151 5618 3260 5674 τῶν
3288 5614 3601 5674 ἀντιπάλων
3630 5613 3877 5682 ἐνδείξαο

723 5787 765 5818 ’³
797 5783 936 5842 Psal.
977 5801 1096 5849 ων,
1124 5787 1210 5841 12.
1295 5787 1336 5819 ¹⁶
1363 5786 1493 5844 Luc.
1526 5803 1655 5854 xvtt,
1689 5789 1774 5845 2i.
1855 5793 1896 5823 ”
1918 5788 2059 5846 Psal.
2090 5808 2180 5855 cu,
2210 5795 2299 5848 ἓξ.
