4152 6338
211 373 318 434 E85

1093 381 1630 444 PRACTICORUM
1660 383 1995 445 CAFiTUM
2038 387 2420 451 CENTUHH
2464 391 2514 448 I.

3323 394 3422 457 886

216 499 365 563 σθαι,
393 499 426 569 ἢ
456 498 559 552 κᾶν
587 496 681 551 ἕνα
725 496 928 550 τούτων
961 494 1371 566 τροπώσασθαι,
1399 496 1515 559 πῶς
1552 497 1849 564 μονομαοΑ

1784 497 1849 558 Ἀ
1876 500 2069 557 horum
2105 504 2411 573 dcvincere,
2446 506 2717 574 quomodo
2770 508 2918 561 Salus
2963 506 3292 577 praliahiaw
3337 508 3424 560 in.

209 592 374 661 χήσει
407 593 501 644 καὶ
542 594 601 644 ἐν
655 591 805 661 μέσῳ
849 589 1060 652 πολλῶν
1112 589 1392 660 μυριάδων
1435 586 1664 658 ἐχθρῶν,
1695 586 1787 639 καὶ

214 683 581 756 στρατηγικόν
639 700 694 736 τι
739 681 901 754 ἔργον
946 682 1266 750 ἐνδείξεται,
1320 683 1545 753 ἄπειρος
1589 679 1662 733 ῶν
1693 678 1786 733 τοῦ

213 775 456 846 πολέμου
479 792 494 841 ;
519 777 580 830 Ei
609 775 664 829 δέ
690 774 851 830 τοῦτο
879 771 1098 830 ἐπὶτῶν
1127 776 1482 848 ἀνθρωπίνων
1509 774 1786 838 ἀδύνατον,

214 867 397 938 πολλῷ
432 869 633 940 μᾶλλον
663 870 753 922 ἐπὶ
785 869 893 923 τῶν
925 869 1108 924 θείων.
1139 870 1235 934 Τίς
1257 870 1368 940 γὰρ
1399 867 1533 938 πρὸς
1555 867 1789 938 ἐρημίαν

213 960 428 1031 φυγὼν,
465 960 562 1024 τὰς
587 961 692 1014 τῶν
719 961 992 1033 δαιμόνων
1017 962 1339 1034 ἐπιδρομὰς,
1395 962 1489 1016 καὶ
1535 960 1643 1014 τῶν
1682 977 1787 1012 πα-

214 1051 325 1106 θῶν
355 1053 452 1115 τάς
486 1053 705 1122 ἐφόδους
735 1054 833 1116 τάς
861 1054 1089 1123 ἀφανεῖς
1166 1055 1261 1108 καὶ
1311 1045 1610 1123 προδήλους
1647 1049 1785 1120 γνὼ-

215 1161 389 1212 σεται,
416 1145 449 1216 ἦ
473 1146 824 1217 καταδρομὴν
855 1150 1142 1218 ποιήσεται
1163 1145 1283 1199 κατ’
1317 1145 1520 1209 αὐτῶν,
1553 1144 1626 1214 μὴ
1655 1143 1788 1216 πρό-

213 1252 375 1307 τερον
403 1237 584 1301 καλῶς
608 1240 1011 1309 ἐγγυμνασθεὶς
1037 1240 1136 1311 τὴν
1157 1239 1397 1310 ἐκκοπὴν
1425 1237 1516 1291 τοῦ
1551 1237 1785 1307 θελήμα-

211 1344 325 1392 τος,
367 1329 530 1399 μέσον
579 1331 670 1383 ἐπὶ
712 1332 1035 1402 συναγωγῆς
1087 1331 1353 1400 ἀδελφῶν,
1395 1331 1497 1383 ὑπὸ
1543 1329 1788 1401 ἐμπείρῳ

211 1421 445 1491 ἀρχηγῷ
472 1421 565 1474 τοῦ
610 1423 852 1476 τοιούτου
900 1423 1162 1494 πολέμου,
1226 1423 1459 1493 ἀοράτου
1509 1422 1659 1485 ὄντος
1696 1423 1787 1476 καὶ

212 1512 407 1583 νοητοῦ
436 1528 450 1578 ;
478 1514 536 1565 Ei
560 1513 614 1565 δέ
643 1514 804 1570 τοῦτο
825 1513 1108 1580 ἀδύνατον,
1139 1514 1246 1585 ἄρα
1278 1515 1452 1584 πάντη
1485 1513 1784 1582 ἀμήχανον,

211 1602 364 1669 ὅπως
421 1605 597 1659 ἄλλων
646 1607 674 1658 ὁ
712 1604 952 1669 τοιοῦτος
1002 1606 1390 1679 ὑπερμαχήσῃ,
1445 1606 1538 1658 καὶ
1596 1605 1785 1667 ἄλλους

210 1697 403 1770 διδάξῃ
434 1701 502 1751 τά
536 1700 678 1752 κατά
706 1699 814 1751 τῶν
854 1700 1102 1770 ἀοράτων
1132 1699 1345 1770 ἐχθρῶν
1371 1699 1627 1770 τρόπαια.

282 1795 376 1848 οδν.
410 1793 632 1864 Περίελε
660 1792 768 1846 ἀπὸ
800 1793 892 1846 σοῦ
938 1793 1138 1857 δνειδος
1170 1792 1429 1864 ἀμελείας
1497 1793 1590 1844 καὶ
1635 1791 1783 1858 ἐξουο

1876 605 1957 650 ter
1989 597 2189 653 multas
2222 597 2564 652 inimicorum
2623 599 2885 665 myriadcs
2912 641 2927 665 ,
2954 599 3033 653 vel
3065 598 3279 668 aliquod
3326 598 3422 650 mi-

1876 689 2033 744 litare
2061 687 2260 745 factum
2290 689 2457 757 edet,
2497 707 2620 747 cum
2674 692 2745 747 sit
2789 690 2912 746 belli
2961 689 3319 762 inexpertus?
3365 688 3421 741 Si

1876 790 2054 838 autem
2088 785 2188 838 hoc
2217 795 2300 839 est
2326 785 2658 857 impossibile
2686 787 2739 840 in
2771 786 3018 839 humanis
3041 785 3225 851 rebus,
3255 782 3422 836 multo

1875 874 2046 944 magis
2079 877 2133 930 in
2165 876 2386 933 divinis.
2447 877 2579 944 Quis
2614 878 2778 941 enim,
2814 887 3094 948 postquam
3126 878 3179 931 in
3232 875 3425 930 solituo

1875 966 2056 1021 dinem
2102 967 2337 1036 fugerit,
2379 967 2680 1024 datmonum
2732 970 2987 1022 incursus
3028 979 3422 1036 aggressusque

1876 1059 2234 1128 cupiditatum
2272 1061 2571 1116 invisibiles
2613 1072 2664 1115 et
2702 1062 2941 1117 visibiles
2987 1066 3311 1131 cognoscet,
3340 1056 3422 1109 vel

1875 1152 1927 1203 in
1958 1167 2016 1204 ea
2051 1151 2242 1217 irruet,
2277 1152 2321 1207 si
2354 1167 2460 1206 non
2488 1154 2636 1223 prius
2661 1169 2717 1208 se
2740 1154 2984 1209 exercuit
3027 1153 3079 1207 in
3129 1149 3423 1206 resecanda

1875 1243 2093 1313 propria
2135 1244 2451 1308 voluntate,
2499 1245 2550 1298 in
2602 1246 2774 1301 media
2829 1247 3054 1302 fratrum
3103 1257 3372 1315 synagoga
3408 1279 3422 1302 ν

1876 1334 1976 1388 sub
2009 1335 2144 1388 duce
2177 1336 2302 1390 talis
2333 1336 2457 1390 belli
2482 1337 2677 1405 perito,
2705 1345 2889 1407 utpote
2916 1335 3172 1392 invisibili
3208 1344 3260 1388 et
3308 1333 3420 1400 spi-

1875 1425 2097 1480 rituali?
2124 1425 2280 1492 Quod
2307 1429 2350 1484 si
2383 1429 2488 1485 hoc
2519 1428 2633 1483 fieri
2667 1432 2874 1497 nequit,
2909 1445 3013 1482 non
3049 1433 3227 1497 potest
3256 1426 3420 1481 etiam

1877 1518 2035 1572 istius
2093 1520 2307 1588 generis
2355 1521 2518 1575 homo
2567 1535 2663 1590 pro
2716 1521 2836 1575 aliis
2883 1534 3122 1588 pugnare
3187 1527 3241 1572 et
3290 1516 3426 1570 alios

1875 1611 2074 1667 docere
2113 1612 2331 1667 modum
2364 1614 2619 1668 vincendi
2661 1615 2844 1669 hostes
2889 1610 3206 1668 invisibiles.

1949 1793 2032 1848 74.
2065 1791 2208 1848 Cave
2238 1809 2306 1849 ne
2336 1794 2429 1848 tibi
2470 1796 2823 1864 exprobretur
2870 1793 3188 1865 negligentia
3221 1832 3235 1859 ,
3293 1805 3429 1847 neve

209 1885 438 1940 δὲνωσιν
465 1869 1055 1954 καταφρονήσεωςτῶν
1089 1882 1319 1935 ἐντολῶν
1343 1881 1437 1935 τοῦ
1459 1881 1593 1934 Θεοῦ
1616 1897 1628 1908 ·
1653 1885 1785 1935 ἀπο·
1811 1860 1849 1913 Β

1782 1860 1947 1940 ιΒοὶ)
2013 1887 2413 1958 despeelionem
2468 1892 2841 1945 mandatorum
2920 1890 3009 1945 Dei
3081 1886 3422 1958 vitupercris.

209 1975 378 2030 δαλοῦ
400 1974 496 2046 τὴν
523 1973 830 2044 φιλαυτίαν,
862 1974 955 2026 καὶ
996 1973 1138 2026 κατά
1168 1973 1265 2041 τῆς
1311 1974 1514 2042 σαρκὸς
1549 1973 1785 2042 ἀφειδῶς

205 2067 453 2141 δρμησον
482 2082 495 2095 ’
541 2058 772 2138 ζήτησον
820 2065 888 2119 τά
927 2063 1272 2134 δικαιώματα
1325 2065 1529 2134 Κυρίου
1570 2065 1661 2117 καὶ
1717 2063 1786 2116 τά

211 2161 488 2234 μαρτύρια
516 2158 679 2212 αὐτοῦ
707 2175 720 2188 ·
758 2157 1172 2229 καταφρόνησον
1200 2156 1358 2228 δόξης
1394 2156 1488 2209 καὶ
1518 2156 1743 2225 ἀτιμίας
1766 2171 1780 2186 ⁶

211 2251 444 2321 μίσησον
474 2250 570 2314 τάς
603 2247 883 2317 ἐνηδόνους
930 2248 1138 2318 ὀρέξεις
1187 2247 1281 2299 τοῦ
1324 2245 1575 2316 σώματος
1603 2263 1616 2277 ’
1646 2245 1782 2315 φύγε

204 2341 302 2394 τὸν
333 2339 515 2410 κόρον,
539 2339 607 2391 δι’
628 2332 691 2391 οὗ
714 2339 782 2392 τὰ
804 2338 1148 2408 ὑπογάστρια
1175 2336 1541 2408 ἐκπυροῦνται
1567 2353 1579 2365 ο
1610 2337 1784 2391 ἀσπα-

205 2447 302 2484 σαι
327 2430 427 2500 τὴν
459 2429 674 2495 πενίαν,
705 2428 804 2499 τὴν
853 2426 1224 2479 κακοπάθειαν
1248 2441 1264 2458 ·
1307 2426 1461 2496 στῆθι
1501 2427 1643 2481 κατὰ
1680 2446 1783 2480 πα·

205 2522 318 2576 θῶν
343 2539 357 2553 ·
395 2522 624 2593 στρέψον
655 2537 746 2574 σου
781 2520 879 2583 τάς
919 2519 1202 2588 αἰσθήσεις
1234 2519 1369 2590 πρὸς
1401 2518 1469 2572 τὰ
1491 2519 1649 2590 ,ἐντὸς
1682 2523 1782 2589 τῆς

204 2615 386 2694 ψυχῆς
409 2631 422 2646 θ
450 2615 639 2669 νεῦσον
669 2615 817 2668 ἐνδον
844 2613 980 2684 πρὸς
1005 2614 1102 2683 τὴν
1147 2612 1240 2666 τοῦ
1274 2613 1582 2682 κρείττονος
1613 2615 1780 2682 ἐργα-

208 2707 332 2766 clay
358 2725 374 2741 '
405 2708 688 2777 κώφευσον
713 2708 819 2761 ἀπὸ
863 2707 973 2760 τῶν
1007 2706 1363 2778 ἀνθρωπίνων
1398 2707 1738 2776 πραγμάτων
1766 2723 1779 2736 ·

207 2801 452 2857 κάνωσον
487 2803 668 2857 πᾶσάν
709 2819 800 2855 σου
841 2802 940 2870 τὴν
984 2801 1134 2869 ίσχὺν
1162 2801 1240 2862 είς
1271 2799 1365 2868 τὴν
1416 2799 1523 2851 τῶν
1552 2797 1779 2851 ἐντολῶν

209 2889 515 2960 ἐργασίανο
569 2889 859 2958 θρήνησον,
913 2889 1278 2959 χαμεύνησον,
1316 2887 1630 2955 νήστευσον,
1683 2902 1781 2938 κα-

209 2978 548 3050 κοπάθησον,
574 2981 869 3050 ήσύχασον,
921 2982 1115 3049 γνῶθι,
1151 2981 1212 3032 τὸ
1237 2979 1566 3041 τελευταῖον,
1602 2975 1675 3046 μὴ
1721 2975 1786 3031 τὰ

209 3072 343 3140 περὶ
376 3072 456 3136 σὲ,
490 3071 683 3124 σαυτὸν
709 3072 765 3125 δέ
789 3089 801 3104 ·
836 3073 1090 3141 ὑπεράνω
1113 3072 1210 3140 τῆς
1233 3071 1342 3124 τῶν
1370 3072 1664 3142 ὁρωμένων
1689 3088 1786 3139 yea-

1876 1978 2066 2046 Abjice
2101 1995 2342 2033 umorem
2383 1996 2463 2048 pri
2482 1983 2658 2049 prium
2687 2022 2700 2046 ,
2749 1985 2800 2036 iu
2851 1997 3068 2037 carnem
3123 1977 3428 2048 impavidus

1881 2070 2063 2133 irrue;
2091 2087 2272 2140 quaare
2319 2073 2734 2140 iustiﬁcationes
2775 2073 2987 2127 Domini
3027 2080 3080 2127 et
3121 2070 3425 2126 testimonia

1875 2162 2031 2232 ejus;
2060 2179 2255 2233 sperne
2288 2166 2516 2235 gloriam
2567 2173 2620 2220 et
2668 2165 3016 2236 ignominiam
3051 2179 3068 2230 ;
3117 2161 3430 2218 abominare

1879 2255 2200 2311 iibidinosos
2257 2258 2502 2327 corporis
2555 2257 2826 2324 impetus;
2903 2256 3026 2326 fuge
3081 2255 3427 2314 satietatem,

1876 2362 1982 2417 qua
2025 2346 2390 2402 inﬂammatur
2435 2347 2734 2413 abdomen;
2786 2349 3115 2417 amplectere
3142 2350 3430 2414 pauperta-

1878 2447 1981 2494 tem
2015 2447 2067 2494 et
2093 2440 2407 2504 cruciatus;
2449 2440 2602 2496 obsta
2648 2439 3074 2509 cupiditatibus;
3107 2444 3256 2492 verte
3308 2449 3430 2488 sen-

1878 2540 1970 2578 sus
1995 2535 2116 2580 tuos
2149 2524 2216 2579 ad
2254 2525 2566 2580 interiorem
2613 2528 2848 2580 animam
2877 2545 2890 2592 ;
2929 2527 3126 2583 inclina
3153 2540 3245 2579 cor
3276 2533 3428 2576 tuum

1878 2616 1940 2668 ad
1975 2616 2114 2672 bona
2143 2633 2345 2684 opera;
2391 2634 2456 2672 ne
2497 2627 2546 2672 te
2581 2619 2811 2673 misceas
2865 2617 3095 2688 negotiis
3141 2614 3429 2679 humanis;

1876 2710 2101 2763 exhauri
2151 2711 2292 2766 vires
2365 2712 2429 2766 ad
2514 2712 2888 2766 mandatorum
2966 2709 3427 2769 observationem;

1877 2815 2048 2869 geme,
2096 2803 2242 2854 humi
2273 2802 2353 2855 cul
2377 2818 2428 2863 a,
2460 2803 2666 2870 jejuna,
2700 2812 2752 2857 te
2777 2802 2982 2866 crucia,
3026 2801 3239 2869 quietus
3279 2806 3427 2861 esto;

1879 2905 2149 2961 cognosce
2181 2894 2416 2956 demum,
2488 2911 2590 2948 non
2617 2910 2735 2964 qua:
2777 2903 2902 2948 sunt
2936 2895 3076 2946 circa
3108 2902 3179 2956 te,
3214 2892 3305 2946 sed
3355 2898 3433 2944 te-

1879 2985 2190 3048 metipsum.
2229 2985 2581 3052 Superemine
2633 2987 2827 3039 vilitati
2885 2987 3221 3049 visibilium;
3273 2985 3433 3038 tende

1880 3075 2209 3143 spirituaiem
2251 3087 2400 3129 tuum
2434 3078 2649 3130 oculum
2679 3078 2740 3129 ad
2771 3078 3279 3145 contemplationem
3315 3076 3428 3138 Dei,

207 3161 303 3217 νοῦ
358 3163 778 3226 ταπεινώσεως·
836 3164 1074 3216 πέτασόν
1129 3182 1225 3218 σου
1289 3166 1352 3218 τὸ
1390 3164 1573 3235 νοερὸν
1631 3163 1844 3248 ὅμμαο

1803 3190 1844 3248 C
1879 3175 1932 3222 et
1963 3168 2086 3221 vide
2130 3169 2466 3223 dulcedinem
2522 3168 2731 3222 Domini
2786 3169 2840 3221 in
2895 3177 3266 3222 creaturarum
3311 3169 3429 3235 pul-

213 3254 351 3326 πρὸς
391 3256 623 3328 θεωρίαν
645 3255 802 3319 Θεοῦ,
838 3257 928 3309 καὶ
966 3255 1041 3309 ἴδε
1072 3256 1170 3325 τὴν
1195 3260 1537 3327 τερπνότητα
1580 3260 1786 3328 Κυρίου

209 3348 275 3398 ἐκ
300 3347 400 3414 τῆς
425 3347 685 3414 καλλονῆς
709 3346 819 3399 τῶν
850 3348 1166 3417 κτισμάτων
1194 3364 1206 3377 ·
1240 3349 1494 3402 κάκεῖθεν
1521 3349 1787 3414 καταϐὰς,

208 3436 469 3507 διήγησαι
497 3440 606 3499 τοῖς
638 3437 887 3505 ἀδελφοῖς
916 3456 1006 3490 σου
1031 3439 1099 3490 τὰ
1133 3439 1229 3506 τῆς
1260 3437 1477 3491 αἰωνίου
1508 3439 1672 3509 ζωῆς,
1694 3442 1789 3490 καὶ⁸

211 3527 286 3579 τὰ
322 3529 597 3596 μυστήρια
646 3527 744 3594 ’τῆς
805 3527 899 3579 τοῦ
952 3527 1087 3579 Θεοῦ
1139 3526 1431 3595 βασιλείας.
1475 3528 1585 3580 Καὶ
1634 3527 1790 3579 τοῦτό

211 3617 331 3669 ἐστι
379 3617 439 3668 τὸ
470 3617 629 3687 ἔργον
664 3617 759 3685 τῆς
802 3615 860 3681 ἐξ
905 3615 1209 3684 ἀνθρώπων
1263 3615 1463 3684 φυγῆς,
1508 3615 1574 3665 δι’
1616 3614 1792 3683 ἄκρας

213 3709 527 3776 ἀσκήσεως,
567 3709 662 3760 καὶ
690 3705 749 3760 τὸ
775 3709 947 3778 πέρας
980 3707 1077 3776 τῆς
1106 3709 1184 3769 εἰς
1220 3707 1456 3777 ἐρημίαν
1480 3706 1787 3776 διατριϐῆς.

286 3796 376 3851 οε’.
415 3799 477 3850 Ei
506 3797 678 3859 θέλεις
714 3797 841 3850 ἰδεῖν
871 3797 937 3850 τά
973 3797 1174 3863 ἀγαθὰ,
1213 3797 1248 3849 ἃ
1273 3797 1570 3868 ἡτοίμασεν
1598 3798 1624 3848 ὁ
1662 3795 1794 3858 Θεὸς

214 3891 328 3952 τοῖς
357 3890 646 3958 ἀγαπῶσιν
678 3889 862 3955 αὑτὸν,
895 3889 952 3939 ἐν
986 3891 1052 3958 τῇ
1077 3889 1284 3957 ἐρημίᾳ
1313 3886 1470 3955 γενοῦ
1498 3889 1597 3957 τῆς
1622 3887 1792 3956 ἀρνή-

219 3998 358 4043 σεως
406 3980 498 4032 τοῦ
540 3981 672 4032 ίδίου
711 3980 1037 4049 θελήματος,
1103 3979 1199 4032 καὶ
1256 3979 1394 4046 φύγε
1444 3978 1534 4031 τὸν
1571 3977 1792 4046 κόσμον.

221 4073 381 4125 Ποῖον
411 4069 474 4139 δὴ
495 4069 683 4122 τοῦτον
709 4086 722 4134 ;
760 4071 869 4137 Τὴν
892 4069 1190 4138 ἐπιθυμίαν
1231 4069 1336 4119 τῶν
1380 4067 1672 4138 ὀφθαλμῶν
1695 4069 1792 4136 τῆς

225 4164 425 4233 σαρκός
444 4179 458 4193 ⁸
488 4163 585 4232 τὴν
606 4161 923 4226 ἀλαζονείαν
952 4162 1059 4212 τῶν
1081 4161 1353 4230 λογισμῶν
1370 4203 1383 4226 ,
1405 4161 1499 4214 καὶ
1524 4159 1619 4229 τὴν
1650 4159 1793 4212 ἀπάο

225 4273 323 4325 την
358 4255 466 4309 τῶν
497 4256 812 4326 ὁρωμένων.
848 4253 1047 4306 Τοῦτον
1088 4254 1194 4326 γὰρ
1242 4256 1338 4305 ἐὰν
1381 4255 1557 4324 φύγῃς
1588 4254 1678 4304 τὸν
1707 4251 1797 4303 κό-

221 4361 386 4414 σμον,
414 4342 666 4414 πρὼῖμον
698 4343 1026 4396 ἐπανατελεί
1058 4360 1138 4394 σοι
1168 4343 1227 4394 τὸ
1255 4344 1388 4410 φῶς,
1425 4342 1542 4411 ὄψει
1574 4343 1670 4410 τῆς
1705 4343 1794 4392 ἐν-

220 4435 346 4489 θέου
375 4437 540 4506 ζωῆς,
570 4436 664 4488 καὶ
711 4435 778 4488 τά
808 4435 1010 4504 ἰάματα
1039 4437 1137 4504 τῆς
1178 4435 1354 4504 ψυχῆς
1383 4452 1475 4486 σου
1500 4475 1514 4499 ,
1564 4435 1706 4502 φημὶ
1734 4432 1794 4486 δὲ

1884 3259 2229 3324 chritudine;
2263 3260 2492 3328 indeque
2537 3260 2910 3321 descendens,
2959 3274 3118 3322 narra
3175 3258 3432 3311 fratribus

1884 3354 1992 3407 tuis
2025 3351 2291 3420 magnalia
2332 3352 2455 3405 vita:
2489 3359 2704 3405 aeternae
2733 3357 2787 3404 et
2816 3353 3067 3421 mysteria
3114 3351 3265 3419 regni
3316 3365 3432 3405 ca:-

1883 3444 2080 3497 lorum.
2113 3445 2226 3496 Hoc
2259 3451 2340 3497 est
2365 3428 2502 3513 opus
2531 3443 2677 3497 illius
2707 3443 2798 3507 qui
2842 3459 2903 3498 ex
2955 3443 3265 3497 hominibus
3299 3442 3433 3511 fugit

1884 3548 1977 3602 per
2003 3533 2286 3585 sublimem
2314 3533 2566 3598 ascesim,
2603 3532 2689 3586 hic
2720 3531 2839 3588 linis
2867 3534 2988 3587 vitae
3016 3533 3153 3588 intra
3185 3531 3435 3589 solitudi-

1883 3638 2004 3679 nem
2038 3622 2319 3692 degendae.

1957 3801 2048 3856 75.
2087 3801 2141 3856 Si
2176 3801 2310 3856 velis
2339 3800 2521 3856 videre
2557 3800 2699 3856 bona
2746 3817 2866 3872 quae
2914 3803 3053 3858 Deus
3114 3804 3432 3872 praaparavit

1884 3891 2230 3961 diligentibus
2263 3906 2354 3951 se.
2393 3892 2480 3944 abi
2525 3891 2577 3945 in
2621 3893 2968 3947 solitudinem
3013 3894 3433 3948 renuntiationis

1881 3983 2114 4053 propria:
2141 3981 2456 4044 voluntatis,
2483 3990 2536 4036 et
2577 3984 2700 4049 fuge
2730 3984 3014 4038 mundum.
3057 3987 3227 4049 Quem
3272 3999 3432 4038 mun-

1881 4073 2056 4127 dum?
2085 4071 2591 4140 Concupiscentiam
2635 4075 2918 4128 oculorum
2973 4078 3153 4131 carnis
3181 4116 3194 4140 ,
3229 4079 3433 4146 cogita-

1881 4165 2088 4217 tionum
2121 4163 2451 4231 superbiam,
2497 4175 2549 4217 et
2601 4163 2865 4217 fallaciam
2907 4164 3225 4222 visibilium.
3279 4167 3431 4222 Hunc

1880 4259 2024 4310 enim
2047 4257 2090 4308 si
2122 4256 2322 4326 fugeris
2352 4255 2638 4318 mundum,
2674 4260 2935 4310 matutina
2964 4259 3056 4312 tibi
3084 4262 3286 4314 orietur
3313 4261 3426 4323 lux,

1882 4349 2078 4403 intuitu
2106 4348 2228 4400 vitae
2257 4345 2470 4407 divinm,
2509 4346 2740 4399 remedia
2765 4348 2958 4399 animae
3009 4355 3113 4401 ture
3141 4387 3154 4411 ,
3203 4348 3252 4400 id
3294 4358 3387 4401 est
3411 4388 3426 4409 ,

1881 4441 2160 4510 lacrymae,
2191 4453 2313 4490 mox
2350 4438 2613 4499 orientur,
2651 4438 2945 4492 mutabcris
2976 4440 3273 4492 mutatione
3303 4438 3430 4493 dex-

217 4526 287 4580 τὰ
304 4527 534 4596 δάκρυα,
565 4526 702 4595 ταχὺ
744 4527 1010 4590 ἀνατελεῖ,
1045 4527 1137 4579 καὶ
1161 4525 1258 4596 τὴν
1276 4525 1557 4578 ἀλλοίωσιν
1574 4525 1853 4593 dumut-0

1785 4533 1853 4593 -D
1886 4540 2012 4583 terze
2046 4527 2290 4592 Excelsi;
2331 4527 2595 4597 flagellum
2635 4526 2988 4594 cupiditatum
3019 4527 3129 4594 jam
3185 4543 3290 4581 non
3333 4543 3425 4596 ap-

219 4622 363 4692 θήσῃ
390 4623 487 4690 τῆς
502 4618 681 4684 δεξιᾶς
707 4620 798 4673 τοῦ
831 4621 1105 4689 Ὑψίστου,
1128 4621 1221 4672 καὶ
1246 4619 1447 4688 μάστιξ
1471 4619 1655 4671 ἔκτοτε
1694 4635 1795 4669 πα-

1786 4646 1795 4658 ·
1889 4617 2271 4690 propiuquahit
2309 4615 2659 4668 tabernaculo
2689 4624 2799 4675 tuo,
2836 4615 3022 4682 sicque
3050 4613 3101 4666 in
3139 4613 3315 4667 medio
3349 4616 3426 4667 vi-

221 4713 331 4766 θῶν
365 4714 464 4766 οὐκ
491 4716 670 4782 ἐγγιεῖ
692 4714 770 4784 τῷ
803 4712 1124 4783 σκηνώματι
1160 4730 1276 4779 σου,
1311 4715 1404 4764 καὶ
1435 4711 1584 4764 οὕτω
1637 4711 1798 4780 μέσον

1787 4728 1798 4758 ι
1883 4726 2015 4765 veos
2042 4708 2240 4761 mundo
2269 4716 2321 4760 et
2346 4705 2543 4759 smculo
2567 4744 2580 4766 ,
2607 4706 2713 4758 eris
2746 4714 2998 4774 tanquam
3032 4707 3082 4757 in
3139 4706 3427 4761 solitudine

222 4806 428 4875 κόσμου
461 4807 555 4858 καὶ
591 4805 718 4857 λαοῦ
755 4805 1071 4875 διατρίϐων,
1116 4805 1216 4875 ἔσῃ
1248 4805 1320 4866 ὡς
1352 4806 1410 4857 ἐν
1441 4803 1645 4874 ἐρημία
1679 4801 1796 4855 διά-

1782 4832 1796 4843 -
1884 4801 2085 4868 degens
2123 4799 2499 4863 hominen:th
2531 4811 2636 4848 non
2671 4794 2872 4847 videns.
2927 4795 2982 4846 Si
3033 4804 3210 4848 autem
3267 4797 3422 4850 istum

222 4913 335 4964 γων
365 4897 460 4951 καὶ
486 4897 770 4968 ἄνθρωπον
801 4897 876 4967 μὴ
902 4897 1061 4968 ὁρῶν.
1100 4897 1161 4948 Ei
1215 4897 1271 4947 δέ
1318 4895 1393 4964 μὴ
1435 4894 1624 4947 τοῦτον
1657 4893 1800 4946 οὕτω

1781 4911 1800 4944 υ
1886 4909 1993 4948 non
2028 4893 2100 4944 ita
2136 4887 2335 4956 fugeris
2368 4886 2651 4947 mundum,
2687 4885 2796 4936 sola
2828 4885 3054 4937 visibilis
3087 4886 3267 4937 mundi
3303 4887 3421 4954 fuga

207 4991 402 5059 ,φύγῃς
430 4991 522 5042 τὸν
553 4990 778 5059 κόσμον,
813 4990 968 5042 οὐδέν
1022 5006 1104 5041 σοι
1137 4989 1244 5041 ἀπὸ
1279 4991 1377 5057 τῆς
1413 4988 1590 5056 φυγῆς
1625 4987 1794 5056 μόνης

1786 5003 1794 5047 ;
1884 4983 2016 5037 nihil
2077 4981 2173 5036 tibi
2209 4977 2450 5047 proderit
2506 4977 2571 5028 ad
2629 4977 2890 5029 virtutum
2940 4975 3322 5044 perfectionem
3376 4988 3426 5029 ct

224 5080 318 5132 τοῦ
353 5081 630 5150 ὁρωμένου
690 5080 895 5150 κόσμου
953 5079 1089 5148 πρὸς
1127 5077 1406 5131 τελείωσιν
1449 5079 1554 5130 τῶν
1591 5076 1801 5146 ἀρετῶν

992 5079 1089 5148 ιρὸς
1127 5077 1406 5131 τελείωσιν
1449 5079 1554 5130 τῶν
1591 5076 1801 5146 ἀρετῶν
1880 5089 2002 5128 cu:n
2035 5073 2141 5126 Deo
2168 5068 2632 5138 coniunctionem.

224 5168 319 5222 καὶ
341 5171 635 5237 συνάφειαν
665 5168 796 5220 Θεοῦ
827 5171 1285 5239 προσγενήσεται.

295 5257 401 5322 eg".
428 5259 499 5310 Τὸ
522 5258 772 5326 γενέσθαι
798 5261 1029 5326 μοναχὸν
1091 5259 1152 5310 οῦ
1185 5258 1244 5310 τὸ
1295 5257 1398 5323 ἔξω
1431 5257 1539 5308 τῶν
1591 5254 1804 5326 ἀνθρὼ-

1789 5283 1804 5297 -
1953 5253 2040 5307 Ἷϐ.
2069 5250 2389 5306 Monachum
2435 5247 2566 5311 fieri,
2606 5263 2710 5301 non
2741 5255 2824 5302 est
2876 5262 2940 5300 ex
3010 5249 3323 5302 hominibus
3377 5259 3429 5303 et

227 5370 347 5403 πων
381 5351 591 5402 καὶτοῦ
626 5352 830 5419 κόσμου
860 5351 1112 5419 γενέσθαι
1136 5351 1302 5414 ἐστὶν,
1333 5349 1466 5401 ἀλλά
1494 5349 1552 5401 τὸ
1586 5348 1804 5403 καταλι-

1791 5377 1804 5388 -
1885 5346 2088 5400 mundo
2112 5343 2282 5404 exire,
2317 5340 2410 5396 sed
2438 5355 2659 5393 manere
2707 5339 2939 5394 alienum
2972 5355 3000 5392 a
3027 5342 3207 5396 carnis
3236 5343 3431 5396 Volun-

230 5444 350 5494 πεῖν
373 5442 565 5494 ἐαυτὸν
614 5441 718 5504 ἔξω
746 5441 854 5492 τῶν
887 5445 986 5512 τῆς
1017 5442 1227 5512 σαρκὸς
1276 5441 1596 5510 θελημάτων
1646 5441 1801 5509 γενέ-

1792 5471 1801 5479 -
1883 5440 2106 5502 tatibus,
2132 5444 2185 5490 et
2212 5435 2361 5490 abire
2417 5433 2471 5486 in
2520 5433 2795 5487 desertum
2856 5432 3233 5500 cupiditatum.
3278 5432 3432 5498 Quod

224 5533 374 5594 σθαι,
414 5532 506 5584 καὶ
535 5532 796 5584 ἀπελθεῖν
825 5533 902 5594 εἰς
939 5534 1176 5603 ἐρημίαν
1215 5532 1426 5586 παθῶν.
1463 5533 1526 5584 Εἰ
1563 5531 1670 5599 γὰρ
1709 5530 1804 5584 καὶ

1797 5551 1804 5583 ι
1883 5532 2028 5585 enim
2067 5528 2270 5584 dictum
2308 5538 2506 5593 magno
2540 5524 2618 5577 illi
2652 5524 2780 5578 Viro
2810 5542 2822 5576 :
2861 5542 2879 5574 ‹
2915 5521 3061 5594 Fuge
3086 5523 3352 5590 homines,
3384 5535 3437 5579 et

230 5623 365 5692 πρὸς
404 5622 497 5674 τὸν
533 5621 706 5692 μέγαν
731 5624 938 5675 ἐκεῖνον
964 5623 1187 5693 ἐρρέθη,
1215 5624 1390 5690 Φεῦγε
1421 5625 1546 5684 τοὺς
1592 5621 1802 5692 ἀνθρώ-

1791 5652 1802 5662 -
1886 5621 2071 5676 salvus
2099 5618 2206 5673 eris
2237 5635 2282 5680 ι,
2319 5617 2421 5670 Ιιοο
2478 5617 2531 5668 in
2568 5621 2758 5669 nostro
2816 5629 2978 5667 sensu
3040 5612 3242 5667 dictum
3301 5623 3382 5666 est
3419 5629 3431 5664 :

233 5732 367 5777 πους
425 5718 516 5768 καὶ
553 5717 723 5786 σώζῃ,
774 5715 909 5766 ἀλλά
971 5715 1145 5782 τούτῳ
1197 5714 1274 5785 τῷ
1335 5716 1520 5785 τρόπῳ
1559 5715 1756 5786 ἐρρέθη
1786 5731 1799 5744 ’

1797 5733 1799 5743 ν
1890 5711 2154 5778 siquidem
2189 5717 2473 5777 postquam
2525 5707 2614 5760 ille
2662 5705 2838 5775 fugit,
2893 5704 3249 5759 nihilominus
3299 5705 3437 5757 inter

232 5808 353 5859 ἐπεὶ
398 5807 486 5859 καὶ
529 5809 667 5875 μετᾶ
700 5807 758 5857 τὸ
800 5810 989 5873 φυγεῖν
1027 5808 1254 5872 ἐκεῖνον,
1292 5809 1455 5876 μέσον
1504 5808 1803 5878 ἀνθρώπων

1796 5827 1803 5854 ι
1895 5801 2144 5859 homines
2178 5794 2514 5862 versabatur,
2545 5797 2596 5851 in
2630 5804 2880 5864 terraque
2919 5794 3145 5865 degebat
3179 5794 3436 5856 habitata,
