4106 6336
717 358 821 418 $.87

715 558 1058 638 spiritualem
1087 587 1184 626 sua
1216 573 1594 640 seusibilitate,
1630 577 1839 631 nullum
1876 594 1940 634 ex
1989 579 2270 635 hominum

717 663 1048 717 commercio
1083 665 1393 733 patiebatur
1426 667 1833 725 detrimentum.
1863 673 2012 728 Alius
2057 688 2272 744 quoque

716 750 796 801 vir
828 768 1073 822 magnus,
1106 770 1134 809 c
1165 756 1354 826 synaxi
1382 758 1697 827 egrediens,
1732 761 1999 817 clamabat
2034 781 2047 817 :
2078 782 2096 816 ι
2157 765 2270 820 Fu-

712 844 841 909 gite,
878 843 1076 900 fratres
1116 866 1132 898 ι
1167 887 1182 913 ,
1214 847 1310 903 sed
1357 863 1419 905 os
1474 855 1815 910 monstrabat
1861 855 2270 918 sciscitantibus

711 949 958 990 causam.

777 1108 864 1164 77.
899 1110 958 1166 ln
991 1129 1149 1170 unam
1177 1116 1396 1173 domum
1438 1126 1787 1194 congregatio
1842 1128 1996 1184 tutic-
2036 1138 2122 1186 est
2174 1148 2266 1188 so-

711 1196 963 1258 litudine.
999 1203 1396 1264 Necessitatem
1427 1214 1570 1267 enim
1605 1214 1960 1274 habitationis
1993 1221 2043 1274 in
2091 1238 2257 1277 unum

705 1301 938 1351 testatur
976 1314 1190 1355 sacrum
1226 1303 1434 1360 Domini
1466 1308 1593 1364 Jcsu
1632 1311 1852 1366 verbum
1885 1330 1898 1365 :
1942 1332 1961 1366 ι
1992 1312 2094 1369 Ubi
2119 1317 2260 1372 enim

701 1396 825 1439 sunt
853 1387 960 1448 duo
991 1405 1093 1467 aut.
1113 1401 1221 1449 tres
1259 1402 1568 1470 congregati
1619 1402 1672 1456 in
1729 1404 1948 1460 nomine
1987 1421 2105 1462 meo
2132 1451 2144 1474 ,
2189 1410 2259 1464 ibi

701 1488 820 1528 sum
864 1477 916 1532 iu
952 1483 1131 1537 medio
1158 1500 1349 1540 eorum
1379 1489 1441 1543 πθ.
1481 1509 1498 1541 ι
1546 1491 1619 1546 De
1645 1494 1893 1562 periculo
1921 1505 2101 1552 autem
2134 1500 2264 1553 soli-

701 1567 906 1626 tudinis
945 1570 1201 1631 Salomon
1237 1580 1311 1632 ait
1348 1597 1361 1634 :
1408 1599 1426 1633 ι
1465 1579 1554 1636 Va:
1585 1584 1730 1652 soli,
1773 1589 1898 1656 quia
1949 1602 2071 1643 cum
2117 1589 2260 1643 ceci-

699 1658 855 1726 derit,
886 1677 992 1717 non
1024 1664 1182 1721 habet
1204 1669 1579 1728 sublevantem
1606 1690 1665 1731 se
1694 1677 1756 1730 ".
1799 1697 1818 1730 ι
1845 1679 2024 1749 Atque
2047 1695 2138 1736 eos
2164 1688 2254 1753 qui

1935 377 1975 434 Ν
1992 376 2223 436 ῐΟΕΤΕ
2277 379 2713 448 I’EC'I'UBA'I‘I.

719 488 772 530 et
803 491 924 528 eum
950 474 1234 546 discipulis
1266 478 1566 548 vietitahat,
1593 483 1685 538 sed
1720 500 1980 541 conversa
2015 488 2067 542 in
2092 487 2244 559 fugati

2330 484 2622 557 ιηῦλίζετο,
2657 495 2751 548 καὶ
2783 497 2837 548 ἐν
2883 501 3230 575 οἰκουμέναις
3281 513 3306 565 ἑ

3824 415 3938 482 888

3313 515 3531 588 νδημῶν
3559 518 3648 594 ἦν,
3693 529 3788 600 καὶ
3817 548 3927 600 μα..

2355 575 2544 688 θηταῖς
2579 585 2772 657 συνέζη
2801 605 2815 620 ο
2844 589 2978 646 ἀλλά
3037 597 3137 668 τὴν
3189 575 3592 683 νοητὴν-ξρυγὴν
3619 575 3788 688 {.13
3817 575 3921 674 ’ξί-

2353 670 2519 742 σθητῇ
2541 679 2840 746 σπουδαίως
2865 687 3070 756 φυγὼν,
3096 691 3248 745 οὐδὲν
3269 670 3676 772 παρὰ-τηξτῶν
3707 670 3920 780 ἀνθρώ-

2351 778 2468 815 πων
2499 771 2777 836 συνουσίας
2818 777 3134 836 ὲδλάπτετο.
3171 785 3338 840 Τοῦτο
3381 790 3437 842 δὲ
3471 771 3561 848 καὶ
3607 797 3763 862 ἄλλος
3807 771 3924 856 τῶν

2629 865 2776 960 ἐϐόα,
2806 872 2906 940 τῆς
2931 875 3204 942 συνάξεως
3228 878 3585 954 ἑξερχὸμενος
3611 903 3626 920 ·
3653 860 3915 960 Φεύγετε,

2349 946 2587 1020 ἀδελφοὶ,
2639 956 2772 1011 ἀλλὰ
2817 961 2878 1013 τὸ
2923 965 3100 1035 στόμα
3139 946 3438 1039 ἐδείκνρᾧᾷ
3489 946 3924 1054 ἐπερωτώμενος

2348 1042 2446 1113 τὴν
2466 1046 2660 1103 αἰτίαν.

2417 1137 2513 1202 οςυ.
2557 1140 2618 1194 Ἦ
2651 1143 2742 1196 ἐπὶ
2768 1143 2829 1197 τὸ
2859 1147 2990 1201 αὐτὸ
3023 1152 3082 1204 ὲν
3133 1155 3400 1221 συνοδίαις
3445 1163 3782 1235 κατοίκησις,
3811 1173 3917 1241 τῆς

2349 1228 2634 1296 μονώσεως
2661 1235 3058 1312 ἀσφαλεστέρα.
3082 1245 3216 1315 Περὶ
3245 1246 3342 1317 μὲν
3358 1249 3465 1319 γὰρ
3488 1253 3581 1307 τοῦ
3609 1228 3913 1326 ἀναγκαίου

2343 1317 2442 1388 τῆς
2474 1322 2564 1374 ἐπὶ
2589 1323 2648 1376 τὸ
2672 1326 2801 1380 αὐτὸ
2830 1333 3132 1399 κατοικίας,
3161 1337 3370 1408 μάρτυς
3397 1317 3447 1393 ὁῖ
3465 1342 3609 1411 ίερδς
3633 1317 3790 1415 λόγος
3812 1351 3913 1405 τοῦ

2359 1409 2531 1480 Ἰησοῦ
2559 1414 2653 1468 καὶ
2687 1416 2872 1470 Θεοῦο.
2897 1439 2915 1471 ι
2942 1416 3015 1475 Οῦ
3050 1425 3160 1495 γάρ
3191 1429 3298 1480 είσι
3339 1428 3448 1484 δύω
3476 1409 3679 1505 ἢ-τρείς
3706 1409 3912 1511 συνηγο

2344 1500 2516 1568 μένοι,
2554 1506 2734 1573 φησὶν,
2767 1509 2825 1562 ὲν
2857 1510 2933 1580 τῷ
2958 1513 3073 1583 ὲμῷ
3106 1515 3352 1586 ὀνόματι,
3390 1500 3639 1593 ὲκεέείμι
3665 1529 3720 1578 ἐν
3756 1500 3913 1597 μέσον)

2341 1590 2516 1644 αὐτῶν
2536 1608 2548 1620 '
2589 1598 2716 1667 περὶ
2738 1599 2794 1651 δὲ
2822 1601 2914 1654 τοῦ
2944 1605 3276 1674 ἐπισφαλοῦς
3295 1612 3395 1680 τῆς
3422 1612 3710 1680 μονώσεως
3754 1619 3781 1670 ὁ
3805 1620 3909 1674 Σο-

2341 1681 2550 1752 λομών·
2585 1704 2603 1737 ι
2643 1690 2777 1741 υὺαὶ
2810 1691 2888 1761 τῷ
2924 1695 3024 1758 ἑνὶ,
3060 1698 3243 1766 φησὶν,
3278 1700 3360 1752 ὅτι
3415 1701 3544 1757 ὅταν
3596 1706 3758 1781 πέσῃ,
3803 1711 3910 1765 οὐκ

699 1747 751 1801 in
784 1749 1054 1808 charitate
1080 1763 1132 1808 et
1167 1762 1459 1815 concordia
1500 1761 1666 1818 Deum
1716 1747 2117 1832 concelebrant,
2143 1769 2244 1838 ipse

699 1839 863 1870 ηη..;,ι
920 1846 1191 1870 luunt}--.
1304 1843 1325 1870 μ’
1399 1855 1435 1870 .,
1770 1857 1807 1870 ιιι
1886 1869 1891 1870 ,
2172 1863 2183 1870 .

2339 1747 2484 1826 ἔστιν
2510 1775 2538 1828 ὁ
2571 1778 2797 1852 ἐγείρων
2817 1747 3047 1838 αῦτὸνλ
3070 1747 3316 1861 'Keti
3345 1791 3470 1856 τοὺς
3498 1795 3555 1847 ὲν
3581 1747 3767 1870 ἀγάέἑι

699 1839 867 1898 David
920 1846 1234 1916 beatiﬁeat,
1293 1843 1653 1912 exclamans:
1699 1876 1718 1909 ι
1769 1857 1966 1917 Beatus
2025 1835 2244 1934 populus

2339 1867 2560 1938 ὁμονοᾷ
2589 1835 2830 1925 τδνΘεὸν
2861 1835 3170 1946 ὑμνοῦντας
3203 1835 3353 1936 καί-ὁ
3385 1835 3546 1938 Δσῗόὶδ
3574 1835 3866 1959 μακαρίζει
3887 1910 3906 1925 ο

693 1937 785 2004 qui
817 1938 920 1992 scit
947 1939 1332 2008 juhilationem
1367 1949 1434 2000 ὀ.
1495 1969 1512 2001 ι
1555 1950 1621 2020 Et
1650 1952 1702 2006 in
1743 1968 1909 2007 unum
1964 1956 2256 2012 habitatio-

695 2044 815 2083 nem
850 2032 1034 2088 laudat
1064 2036 1251 2093 dicens
1291 2056 1304 2092 :
1340 2057 1359 2090 ι
1401 2039 1538 2096 Ecce
1564 2043 1693 2112 quid
1736 2046 1939 2101 bonum
1987 2060 2078 2102 aut
2127 2052 2254 2119 quid

688 2119 1019 2190 jucundum,
1049 2129 1155 2184 nisi
1191 2130 1436 2188 habitare
1462 2132 1662 2190 fratres
1707 2136 1760 2190 in
1807 2155 1972 2194 unum
2004 2142 2045 2172 ²¹
2073 2141 2096 2194 ?
2127 2161 2145 2194 ι
2181 2144 2254 2199 Ac

692 2212 760 2269 de
791 2216 1080 2288 discipulis
1119 2221 1331 2278 Domini
1367 2225 1569 2281 dicitur
1613 2245 1627 2281 :
1670 2246 1688 2280 ι
1740 2228 1943 2285 Eorum
1993 2243 2109 2288 erat
2159 2250 2254 2290 cor

691 2322 852 2362 unum
883 2319 936 2365 et
963 2313 1142 2368 anima
1174 2331 1280 2369 una
1311 2318 1378 2372 υ.
1423 2337 1440 2370 ›
1485 2317 1713 2390 Insuper
1743 2321 1887 2378 Deus
1927 2324 1992 2378 ad
2039 2340 2139 2380 nos
2162 2325 2253 2381 de-

686 2402 919 2467 scendit,
946 2420 1052 2458 non
1087 2406 1140 2459 in
1176 2408 1550 2475 solitudinem,
1589 2412 1685 2468 sed
1708 2414 1762 2468 in
1794 2421 1996 2470 terram
2029 2416 2249 2473 habita-

688 2501 817 2556 tam,
853 2505 906 2549 et
938 2494 990 2549 in
1024 2497 1232 2555 medios
1268 2501 1516 2558 homines
1550 2514 1888 2573 peceatores.
1922 2505 2247 2565 Necessaria

684 2583 850 2653 igitur
885 2591 1180 2645 concordia
1207 2593 1328 2649 vitae
1366 2596 1675 2651 communis
1703 2637 1716 2661 ,
1767 2597 1973 2654 lubrica
2018 2615 2145 2655 vero
2196 2609 2248 2656 et

683 2676 995 2744 periculosa
1028 2681 1292 2740 solitudo.

750 2767 837 2821 7’8.
883 2787 900 2819 ι
940 2768 1176 2828 Necesse
1220 2784 1305 2830 est
1350 2783 1410 2831 ut
1458 2781 1679 2836 veniant
1721 2782 1975 2839 scandala
2003 2825 2018 2850 ,
2068 2787 2245 2855 inquit

685 2857 964 2927 Dominus,
989 2871 1365 2924 verumtamen
1417 2885 1498 2925 vae
1554 2871 1764 2928 homini
1819 2875 1897 2930 illi
1939 2891 2035 2946 per
2081 2893 2241 2946 quem

683 2953 998 3010 scandalum
1062 2959 1213 3014 venit
1255 2961 1321 3016 ".
1362 2981 1381 3014 ι
1425 2962 1528 3030 Qui
1569 2982 1697 3038 ergo
1751 2969 2006 3039 pietatem
2040 2972 2242 3036 amisit,

2344 1977 2359 2007 ε
2374 1959 2672 2032 Μακάριος,
2689 1962 2844 2033 βοῶν,
2858 1969 2885 2019 ὁ
2903 1969 3025 2032 λαὸς
3046 1971 3074 2023 ὁ
3089 1971 3373 2039 γινώσκων
3390 1978 3724 2050 ἁλαλαγμὸν.
3739 2003 3758 2036 ι
3781 1984 3904 2041 Καὶ

2336 2051 2433 2120 τὴν
2464 2053 2556 2105 ἐπὶ
2587 2054 2646 2106 τδ
2677 2057 2808 2110 αὐτὸ
2833 2062 3117 2115 κατοικίαν
3139 2066 3354 2121 ἐπαινεῖ
3391 2068 3592 2140 λέγων·
3626 2092 3646 2126 ι
3683 2075 3812 2129 Ἰδοὺ
3836 2076 3908 2147 δὴ

2334 2142 2389 2195 τε
2410 2143 2571 2197 καλὸν
2597 2145 2624 2216 η
2659 2147 2713 2199 τε
2746 2152 2995 2220 τερπνὸν,
3027 2155 3144 2208 ἀλλ’
3181 2159 3306 2231 me
3334 2167 3607 2220 κατοικεῖν
3639 2142 3907 2236 ἀδελφοὺς

2338 2233 2477 2303 ana;
2495 2253 2512 2285 ι
2536 2236 2648 2288 Καὶ
2674 2239 2766 2291 ἐπὶ
2789 2240 2894 2294 τῶν
2927 2243 3184 2314 μαθητῶν
3205 2249 3297 2302 τοῦ
3328 2252 3555 2322 Κυρίου,
3577 2274 3598 2306 ε
3617 2255 3730 2311 Μία
3752 2233 3821 2328 ἦν
3842 2233 3906 2313 ὲν

2333 2326 2755 2398 αὑτοτςήψυχὴ,
2817 2332 2910 2385 καὶ
2958 2337 2990 2404 ἡ
3045 2338 3259 2409 καρδία.
3308 2360 3327 2394 ι
3375 2343 3534 2397 Ἀλλὰ
3569 2348 3725 2417 καὶὴ

2333 2415 2478 2484 ἡμᾶς
2528 2415 2622 2468 τοῦ
2686 2419 2817 2472 Θεοῦ
2859 2421 3110 2490 κάθοδος..
3151 2428 3251 2488 οὐκ
3291 2432 3349 2483 ὲν
3394 2433 3602 2504 ἐρημίᾳ
3652 2415 3902 2507 γέγοναν,

2333 2505 2445 2560 ἀλλ’
2486 2508 2542 2561 ὲν
2564 2509 2938 2593 οἰκουμέναις,
2967 2517 3059 2569 καὶ
3087 2518 3147 2572 ὲν
3185 2520 3334 2592 μέσῳ
3383 2522 3688 2594 ἀνθρώπων
3715 2505 3905 2598 ἁμαρζ

2330 2596 2537 2650 τωλῶν.
2564 2591 2899 2668 Ἀναγκαῖον
2945 2601 3038 2660 οῦν
3070 2610 3100 2678 ἡ
3144 2591 3365 2679 ὁμόνοια
3391 2591 3501 2684 τῆς
3531 2615 3622 2668 ἐπὶ
3663 2615 3723 2669 τὸ
3754 2591 3907 2671 *αὐτὸ

2332 2689 2498 2760 ζωῆς,
2534 2690 2777 2761 σφαλερὰ
2804 2693 2860 2745 δὲ
2902 2698 2934 2765 ἡ
2966 2698 3198 2767 μόνωσις
3233 2703 3325 2756 καὶ
3347 2702 3702 2770 ἐπικίνδυνος.

2402 2778 2533 2869 οηςὶι
2560 2780 2796 2869 ’ᾼναγκη
2822 2784 2997 2869 ἐλθεῖν
3011 2789 3080 2844 τὰ
3097 2792 3384 2859 σκάνδαλα,
3411 2812 3428 2846 ›
3447 2795 3612 2865 φησὶν
3632 2797 3659 2850 ὁ
3677 2795 3907 2869 Κύριος,

2338 2881 2359 2915 ε
2403 2862 2519 2918 ἀλλ’
2547 2863 2669 2917 οὐαὶ
2719 2865 2787 2918 δι’
2814 2881 2876 2919 ου
2909 2867 2970 2920 τὸ
3001 2870 3298 2924 σκάνδαλον
3338 2862 3567 2942 γίνεται.
3610 2894 3633 2928 ι
3677 2876 3736 2931 '0
3762 2862 3906 2946 ’γοῦν

2329 2952 2428 3025 τὴν
2481 2953 2770 3013 ,εὐλάϐειαν
2810 2956 3192 3026 ἀπολωλεκὼς,
3253 2962 3348 3016 καὶ
3394 2964 3454 3018 ὲν
3495 2969 3907 3041 καταφρονήσει

680 3053 840 3110 atque
872 3045 1043 3102 Deum
1073 3049 1388 3122 despiciens
1421 3063 1476 3110 et
1506 3072 1614 3113 non
1651 3061 1852 3117 timens
1875 3104 1892 3130 ,
1921 3063 1978 3117 in
2008 3063 2239 3120 mediam

2330 3046 2424 3096 καὶ
2453 3044 2688 3116 ἀφοσείᾳ
2722 3046 2880 3116 Θεοῦ,
2914 3051 3074 3120 μέσον
3107 3054 3430 3126 ὁμηγύρεως
3458 3057 3724 3128 ἀδελφῶν,
3757 3063 3899 3116 ἁνα-

681 3133 909 3190 l'ratrum
937 3145 1417 3214 congregationem
1453 3151 1764 3218 revertitur,
1800 3154 1988 3211 multis
2035 3156 2240 3226 simpli-

2330 3138 2720 3208 στρεφόμενος,
2760 3140 2973 3208 πολλοῖς
2996 3144 3102 3198 τῶν
3129 3147 3511 3222 ἁπλουστέρων
3523 3149 3703 3206 δίδωσι
3733 3155 3901 3210 σκάν-

674 3210 836 3281 ’ςίὺυε
868 3228 1025 3284 atlert
1048 3210 1330 3302 scandala,
1366 3238 1528 3294 modo
1556 3255 1650 3310 per
1677 3210 1864 3313 opera,
1916 3210 2243 3317 habitusque

2330 3226 2476 3281 511a.
2513 3225 2684 3281 Τοῦτο
2710 3227 2810 3299 μὶν
2859 3230 2926 3284 δι’
2960 3231 3156 3304 ἔργων,
3188 3238 3281 3290 καὶ
3311 3210 3623 3310 σχημάτων,
3650 3243 3743 3296 καὶ
3764 3260 3904 3313 φαυ-

677 3324 734 3370 ct
780 3333 978 3387 pravos
1024 3337 1231 3390 mores,
1282 3328 1444 3384 modo
1499 3345 1598 3400 per
1651 3333 1814 3388 verba
1861 3343 1914 3389 et
1957 3348 2243 3409 corruptos

2330 3313 2562 3371 λοτάτων
2610 3315 2780 3388 ηθῶν,
2834 3320 2992 3374 τοῦτο
3042 3321 3098 3376 δὲ
3149 3325 3237 3379 διὰ
3289 3328 3483 3397 λόγων,
3537 3331 3633 3387 καὶ
3682 3334 3902 3405 ὁμιλίας

679 3427 976 3479 sermones,
1001 3425 1166 3489 atque
1187 3421 1488 3492 corrumpit
1518 3423 1731 3482 animas
1756 3442 2046 3499 moresque
2070 3429 2241 3486 bonos

2330 3407 2749 3481 διεφθαρμένης,
2782 3412 2876 3465 καὶ
2914 3414 3216 3488 διαφθείρει
3243 3419 3442 3493 ψυχὰς,
3473 3423 3579 3496 ἤθη
3602 3441 3662 3478 τε
3702 3427 3902 3495 ,ἀγαθὰ

675 3514 727 3558 et
758 3505 1044 3565 honestos.

748 3597 830 3650 79.
869 3599 974 3664 Qui
1009 3613 1193 3658 servat
1228 3606 1322 3659 Dei
1359 3607 1642 3672 mandata,
1669 3622 1776 3664 non
1809 3619 1958 3678 petra
1995 3612 2238 3668 scand‘ali

674 3694 730 3741 tit
759 3691 1088 3756 hominibus,
1119 3697 1247 3766 quia
1295 3713 1400 3754 non
1454 3708 1537 3754 est
1591 3703 1907 3758 scandalum
1965 3705 2018 3759 in
2076 3704 2234 3774 ipso;

673 3782 852 3851 (Nam
895 3805 914 3838 ι
959 3804 1061 3857 pax
1099 3792 1264 3845 multa
1300 3792 1658 3863 diligentibus
1707 3796 1878 3867 legem
1933 3808 2122 3865 tuam,
2183 3807 2238 3856 et

674 3894 779 3928 mn
818 3885 903 3932 est
933 3879 1048 3935 illis
1081 3883 1400 3938 scandalum
1433 3887 1479 3916 ’δ
1520 3905 1536 3937 ι
1570 3887 1628 3957 ),
1663 3889 1757 3943 sed
1788 3889 1878 3943 lux
1902 3932 1916 3956 ,
1947 3900 2001 3946 et
2029 3892 2108 3946 sal
2136 3932 2150 3957 ,
2184 3901 2238 3948 et

676 3971 970 4038 v;t:i,juxta
1018 3974 1230 4030 Domini
1263 3991 1448 4032 vocem
1483 3997 1496 4034 :
1522 3997 1539 4030 ι
1565 3980 1673 4035 Vos
1695 3982 1826 4037 estis
1846 3982 1934 4037 lux
1959 3985 2232 4051 mundi",

671 4070 720 4113 ct
753 4063 831 4116 sal
871 4077 1024 4116 terra‘
1057 4065 1100 4095 "
1141 4084 1159 4117 ι
1198 4082 1212 4118 :
1243 4064 1357 4122 Lux
1388 4069 1608 4138 quidem
1646 4078 1729 4126 est
1753 4111 1770 4137 ,
1808 4079 1994 4141 utpote
2021 4074 2074 4128 in
2122 4075 2233 4129 vir-

676 4163 789 4208 tute
822 4157 1030 4221 vivens,
1063 4158 1386 4230 rationeque
1415 4162 1652 4231 fulgidus
1680 4205 1694 4227 ,
1718 4174 1773 4219 et
1812 4164 2090 4221 intellectu
2147 4182 2234 4222 sa-

673 4248 823 4315 piens
855 4266 871 4315 ;
901 4250 980 4304 sai
1008 4266 1157 4317 vero,
1194 4262 1252 4307 ιιι
1289 4253 1340 4306 in
1390 4255 1618 4326 scientia
1654 4255 1836 4314 divina
1883 4256 2092 4312 multus
2124 4300 2138 4323 ,
2181 4267 2234 4314 et

670 4347 862 4406 potens
891 4340 945 4394 in
973 4342 1243 4410 sapientia
1285 4343 1414 4410 Dei;
1453 4347 1562 4398 vita
1611 4346 1880 4416 denique,
1923 4357 1981 4401 ut
2017 4362 2232 4403 sermo-

2326 3503 2418 3556 καὶ
2448 3503 2685 3574 χρηστά.

2393 3617 2489 3673 σθ’.
2537 3620 2594 3672 '0
2645 3618 2826 3691 τηρῶν
2862 3622 2960 3686 τὰς
3012 3613 3239 3690 ἐντολὰς
3287 3625 3382 3683 τοῦ
3415 3627 3571 3698 Θεοῦ,
3604 3632 3663 3685 οὑ
3718 3632 3897 3704 πέτρα

2323 3709 2844 3779 σκανδάλου-γίνεται
2875 3715 2984 3778 τοῖς
3018 3715 3348 3786 ἀνθρώποις,
3374 3721 3560 3793 ἐπειδὴ
3577 3722 3701 3778 om
3725 3725 3896 3779 σκάν·

2320 3801 2472 3854 δαλόν
2502 3804 2648 3884 ἐστιν
2681 3805 2737 3856 ἐν
2775 3805 2942 3875 αὐτῷ.
2992 3806 3194 3879 Εἰρήνη
3244 3811 3352 3882 γὰρ
3405 3812 3571 3884 πολλὴ
3617 3817 3727 3880 τοῖς
3758 3817 3898 3884 ἀγα-

2320 3886 2462 3941 πῶσι
2503 3889 2594 3943 τὸν
2626 3891 2789 3962 νόμον
2833 3910 2949 3960 σου,
2976 3897 3072 3948 καὶ
3109 3897 3211 3952 οὐκ
3240 3898 3389 3955 εστιν
3419 3902 3603 3967 αὐτοῖς
3652 3907 3892 3962 σκάνδα-

2318 3978 2440 4032 λον·
2483 3980 2620 4033 ἀλλὰ
2639 3982 2775 4049 φῶς,
2813 3986 2908 4053 καὶ
2940 3986 3096 4053 ἃλας,
3132 3990 3226 4042 καὶ
3266 3992 3379 4064 ζωή
3417 4011 3432 4027 ο
3478 3995 3615 4050 κατὰ
3662 3997 3760 4068 τὴν
3797 4001 3894 4053 τοῦ

2317 4069 2523 4142 Κυρίου
2547 4075 2732 4144 φωνήν
2757 4092 2771 4106 ο
2807 4095 2825 4128 ι
2880 4077 3235 4162 Ὑμεῖς-ἐστε
3273 4084 3335 4137 τὸ
3371 4087 3485 4155 φῶς
3521 4088 3614 4142 τοῦ
3659 4092 3891 4162 κόσμου,

2317 4161 2499 4214 καὶτὸ
2523 4161 2657 4225 ἃλας
2697 4165 2959 4238 τῆςγῆς·
3001 4188 3020 4221 ι
3059 4153 3176 4239 ξῶς
3209 4171 3330 4243 μὲν,
3364 4153 3440 4239 ὥς
3483 4177 3574 4230 τὸν
3610 4177 3724 4248 βίον
3762 4153 3890 4236 Eva;

2317 4267 2492 4322 ρετος,
2526 4253 2619 4306 καὶ
2644 4253 2894 4326 λαμπρὸς
2949 4257 3038 4310 τὸν
3063 4257 3240 4330 λόγον,
3290 4261 3387 4315 καὶ
3430 4266 3593 4333 σοφὸς
3631 4265 3729 4337 τὴν
3772 4268 3891 4323 διά-

2312 4359 2459 4396 νοιαν
2480 4357 2493 4371 ·
2525 4343 2657 4408 ἅλας
2676 4345 2755 4410 δὲ,
2780 4347 2854 4410 ὡς
2877 4347 2975 4418 τὴν
3030 4351 3232 4418 γνῶσιν
3260 4352 3356 4424 τὴν
3381 4355 3533 4409 θείαν
3565 4358 3754 4423 πολὺς,
3782 4361 3886 4414 καὶ

670 4428 835 4485 nibus
871 4432 984 4487 suis
1020 4434 1304 4492 \iviﬁcans
1333 4447 1556 4493 enectos
1590 4435 2001 4507 cupiditatibus,
2026 4453 2230 4510 eosque

2330 4436 2533 4498 ἰυνατὸς
2567 4436 2664 4506 τὴν
2705 4439 2897 4506 σοφίαν
2928 4440 3064 4494 Θεοῦ
3089 4459 3104 4475 ο
3136 4442 3249 4516 ζωὴ
3285 4445 3361 4511 δι,
3407 4445 3483 4511 ὡς
3519 4451 3632 4513 τοῖς
3675 4453 3891 4523 ῥήμασι

670 4522 1005 4588 resuscitans
1038 4539 1102 4580 ex
1137 4522 1353 4582 inferno
1381 4527 1781 4598 desperationis
1815 4549 1827 4585 :
1861 4541 1916 4585 et
1956 4530 2078 4586 luce
2103 4529 2226 4600 qui-

2330 4529 2409 4594 τῆς
2442 4527 2657 4596 ὁμιλίας
2705 4530 2867 4583 αὑτοῦ
2933 4514 3246 4603 ζωογονῶν⁷
3277 4514 3890 4610 νενεκρωμένουςΠτοῖς

669 4613 791 4667 dem
820 4629 1047 4686 operum
1077 4617 1306 4686 justitiaa
1330 4615 1542 4689 fulgens
1560 4636 1739 4675 coram
1767 4623 2098 4690 hominibus,
2127 4639 2222 4680 eos

670 4705 975 4772 illuminat;
1007 4707 1264 4777 jucundis
1293 4718 1478 4765 autem
1510 4713 1673 4766 simul
1703 4721 1758 4767 et
1795 4714 2014 4769 acribus
2038 4715 2221 4772 verbis

669 4796 999 4854 constrictos
1041 4813 1071 4852 a
1103 4799 1469 4858 dissolutione
1517 4806 1792 4871 retrahit,
1840 4804 2142 4876 liberatque
2191 4823 2220 4864 a

663 4889 1020 4956 cupiditatum
1045 4892 1349 4962 putredine;
1373 4894 1602 4950 vivificis
1630 4894 1848 4952 demum
1879 4899 2222 4956 sermonibus

663 4979 829 5033 vitam
873 4980 1057 5037 reddit
1082 4984 1292 5040 enectis
1327 4993 1552 5055 peccato
1580 4987 1800 5042 animis.

732 5334 820 5389 80.
856 5335 1037 5392 Inanis
1064 5336 1249 5406 gloriae
1285 5326 1472 5391 vitium
1496 5345 1577 5392 est
1613 5338 1778 5392 telum
1811 5337 2008 5409 triplici
2041 5355 2220 5398 arma-

671 5438 780 5479 tum
809 5428 1056 5497 cuspide,
1093 5430 1184 5497 qui
1220 5438 1302 5483 est
1328 5429 1505 5484 inanis
1533 5430 1704 5500 gloria
1731 5471 1745 5495 ,
1776 5434 2128 5504 praesumptio
2161 5443 2218 5490 et

667 5517 943 5585 superbia,
981 5526 1142 5590 atque
1166 5533 1193 5572 a
1233 5518 1570 5576 dxmonibus
1607 5536 1672 5576 ex
1705 5521 1827 5591 igne
1886 5531 1941 5578 et
1969 5539 2074 5579 aere
2134 5524 2215 5577 fa-

740 5719 781 5750 "
815 5719 1004 5775 Matth.
1041 5739 1192 5787 xvnr,
1249 5724 1340 5779 20.
1435 5726 1476 5758 ¹⁹
1514 5702 1690 5779 Eccle.
1750 5741 1822 5787 Iv,
1881 5724 1966 5780 l0.

2069 5727 2113 5758 ¹⁶
2176 5725 2316 5781 Psal.
2349 5742 2610 5788 Lxxxvm,
2638 5727 2722 5781 16.

2312 4617 2534 4685 πάθεσι,
2568 4621 2662 4673 καὶ
2691 4621 2914 4686 τούτους
2945 4625 3002 4689 ἐξ
3036 4624 3162 4696 ᾅδου
3205 4627 3439 4684 ἀνιστῶν
3483 4632 3846 4702 ἀπογνώσεως
3869 4656 3885 4671 ·

2314 4709 2407 4761 καὶ
2434 4709 2510 4779 τῷ
2535 4711 2632 4782 μὲν
2666 4713 2805 4780 φωτὶ
2829 4714 2939 4768 τῶν
2970 4715 3146 4786 ἔργων
3175 4719 3340 4774 αὑτοῦ
3373 4724 3472 4792 τῆς
3534 4723 3891 4797 δικαιοσύνης

2312 4799 2542 4870 λάμπων
2578 4801 2888 4875 ἔμπροσθεν
2919 4806 3026 4862 τῶν
3071 4808 3396 4882 ἀνθρώπων,
3437 4814 3530 4868 καὶ
3568 4822 3888 4888 καταφωτί-

2315 4894 2423 4956 ζων
2454 4894 2683 4959 αὐτούς·
2726 4897 2804 4966 τῷ
2841 4897 2898 4951 δὲ
2935 4899 3054 4970 ἡδεῖ
3076 4901 3168 4955 καὶ
3223 4905 3478 4974 στύφοντι
3536 4908 3646 4972 τῷν
3707 4911 3889 4980 λόγων

2315 4987 2629 5056 συσφίγγων
2657 4989 2854 5053 αὐτοὺς
2883 4991 2993 5045 ἀπὸ
3029 4995 3128 5065 τῆς
3172 5000 3521 5071 χαυνότητος,
3569 5004 3662 5056 καὶ
3702 5004 3884 5057 ἀπαλ-

2314 5072 2518 5128 λάττων
2559 5079 2654 5146 τῆς
2683 5077 2899 5148 σήψεως
2929 5081 3038 5135 τῶν
3070 5083 3260 5139 παθῶν
3279 5103 3292 5116 ·
3315 5091 3381 5159 τῇ
3409 5079 3464 5143 δὲ
3499 5092 3609 5162 ζωῇ
3641 5092 3748 5146 τῶν
3781 5097 3885 5165 ρη-

2316 5165 2503 5236 μάτων
2531 5169 2716 5233 αὐτοῦ,
2742 5168 2886 5242 ζωὴν
2917 5173 3096 5239 διδοὺς
3125 5180 3245 5239 ταῖς
3291 5183 3724 5253 νενεκρωμέναις
3770 5186 3884 5241 ὑπὸ

2312 5259 2408 5327 τῆς
2438 5258 2712 5330 ἁμαρτίας
2740 5259 2957 5334 ψυχαῖς.

2379 5349 2456 5398 π’.
2485 5344 2559 5398 Τὸ
2585 5349 2685 5418 τῆς
2731 5349 3036 5418 κενοδοξίας
3085 5354 3253 5420 πάθος
3315 5359 3561 5428 τρίδολόν
3614 5366 3749 5431 ἐστι,
3783 5368 3883 5425 διὰ

2311 5433 2615 5499 κενοδοξίας
2646 5438 2739 5489 καὶ
2782 5439 3016 5507 οίήσεωξ
3050 5445 3140 5498 καὶ
3192 5447 3591 5517 ὑπερηφανίας,
3626 5453 3731 5507 ὑπὸ
3758 5457 3878 5530 τῷν

2306 5524 2575 5593 δαιμόνων
2606 5527 2944 5598 πυρούμενόν
2966 5548 3024 5584 τε
3055 5535 3149 5587 καὶ
3184 5537 3583 5608 χαλκευὸμενον
3614 5557 3626 5572 ·
3653 5545 3769 5598 ἀλλ’
3798 5524 3877 5603 ἰν

2827 5727 2868 5758 ¹¹
2899 5724 3039 5781 Psal.
3068 5738 3266 5792 cum,
3309 5722 3358 5778 1.
3464 5722 3509 5756 ’⁸
3532 5708 3652 5777 Act.
3682 5736 3760 5790 ιν,
3782 5721 3880 5781 26.

666 5792 704 5820 "
733 5789 1111 5859 Mattlt.lxvnt,
1157 5796 1211 5851 7.
1281 5796 1494 5850 “Psal.
1530 5811 1716 5848 CXHII.
1761 5796 1880 5852 165.
1955 5797 2000 5829 "
2025 5796 2213 5854 Matth.

2349 5799 2432 5854 M.
2510 5798 2554 5831 ³⁸
2591 5796 2726 5854 Ibid.
2765 5797 2849 5852 l3.
