4106 6336
270 396 373 454 883

1151 407 1689 483 PRACTICORUM
1724 409 2064 475 CAPITUM
2101 414 2497 479 CENTURIA
2528 420 2579 481 I.

3370 426 3477 491 890

272 513 390 575 τοῖς
444 510 816 582 αὖλιζομένοις
862 515 918 565 έν
952 513 1129 587 σκέπῃ
1168 517 1261 570 τοῦ
1299 518 1431 572 Θεοῦ
1454 521 1547 573 τοῦ
1599 516 1827 593 οὐρανοῦ

1930 520 2238 591 bricatum;
2273 528 2366 581 sed
2393 527 2853 585 commorantibus
2884 530 2939 585 in
2996 529 3088 586 Dei
3135 538 3475 596 protectione

271 602 591 673 εὐφώρατον
611 602 840 669 γίνεται,
876 603 970 658 καὶ
1000 604 1068 659 τά
1098 609 1297 677 κέντρα
1339 614 1529 666 τούτου
1566 613 1829 667 συνθλῶν-

267 710 399 758 ται,
433 692 890 765 ὑπεριπταμένοις
929 694 1167 766 δηλονότι
1198 698 1400 753 τούτων
1451 700 1538 754 διά
1579 718 1828 758 ταπεινο-

271 781 566 852 φροσύνης,
618 783 713 835 καὶ
766 782 847 846 εἱς
898 783 960 836 τὸ
1015 784 1179 853 φυτὸν
1240 787 1339 856 τῆς
1399 787 1545 858 ζωῆς
1590 792 1827 858 ἐγκατα-

271 887 486 924 παυουσ
489 888 557 927 ιν.

340 959 450 1014 πα¹.
492 960 722 1015 Ὀπόταν
758 963 788 1013 ὁ
846 961 1154 1035 ἀκάθαρτος
1187 965 1338 1029 οὗτος
1370 982 1462 1019 και
1509 985 1827 1040 πολυμηχα-

268 1064 359 1113 νος
394 1048 604 1118 δαίμων
625 1040 937 1121 προσϐάλλῃ
971 1067 1059 1104 σοι
1075 1054 1356 1122 προκοπὰς
1379 1056 1681 1127 ποιουμένῳ
1708 1076 1809 1117 κατ

267 1140 496 1211 ἀρετὴν,
520 1139 616 1192 καὶ
661 1139 993 1212 μαντεύηταί
1021 1157 1104 1194 σοι
1133 1141 1336 1212 θρόνων
1380 1131 1531 1213 ῦῷος,
1554 1150 1670 1209 ταῖς
1709 1149 1826 1201 ἑπι-

269 1228 465 1294 νοίαις,
506 1229 611 1282 ὑπὸ
642 1229 704 1282 τδ
749 1232 1177 1301 μνημονευτικδν
1213 1234 1427 1301 ἀνάγων
1459 1236 1551 1289 καὶ
1589 1238 1829 1307 ἐπαίρων

272 1335 369 1371 σου
399 1320 498 1389 τὴν
559 1320 842 1387 ἐργασίαν,
872 1320 948 1383 ὡς
991 1322 1392 1395 ὑπερκειμένην
1436 1326 1542 1379 τῶν
1581 1326 1780 1380 λοιπῶν
1808 1343 1826 1358 ·

268 1409 407 1463 άλλά
435 1410 532 1462 καὶ
558 1411 734 1480 ψυχάς
781 1410 934 1479 ἄγειν
962 1413 1143 1465 ἱκανόν
1180 1430 1237 1466 σε
1287 1415 1601 1471 ὑποτίθεται
1647 1415 1786 1472 εῐναι
1809 1436 1825 1452 ο

271 1498 560 1569 κατασχὼν
597 1500 777 1553 αὑτὸν.
806 1502 1043 1573 νοερῶς,
1074 1502 1150 1573 μὴ
1187 1507 1330 1574 ἀφῇς
1367 1506 1686 1577 ἀποδράσαι,
1716 1510 1829 1578 εἴγε

268 1587 499 1665 δύναμιν
525 1589 713 1652 ἔλαϐες
743 1590 801 1657 ἑξ
838 1590 1027 1660 ὕψους,
1059 1590 1203 1646 οὕτω
1244 1598 1449 1651 ποιεῖν’
1489 1598 1583 1651 καὶ
1628 1599 1828 1665 λαϐὼν,

269 1680 475 1734 ἄπελθε
505 1684 573 1752 τῇ
598 1681 806 1751 διανοίᾳ
842 1684 899 1735 ἐν
932 1682 1011 1752 τῷ
1054 1684 1257 1751 δοκεῖν,
1290 1684 1425 1758 πρός
1470 1690 1522 1741 τί
1568 1707 1699 1743 ποτε
1734 1708 1830 1743 πε·

271 1768 589 1838 πραγμένον
620 1786 702 1821 σοι
720 1769 923 1839 φαῦλον
954 1787 969 1803 ο
1003 1761 1271 1827 καὶτοῦτο
1300 1780 1419 1831 κατ’
1443 1780 1671 1833 ἐνώπιον
1698 1784 1830 1835 ἀποο

267 1859 562 1929 γυμνώσας
593 1859 923 1924 αύτοῦξείπὲ
949 1862 1083 1931 πρὸς
1108 1864 1270 1917 αὐτόν
1297 1877 1313 1896 ⁶
1344 1860 1409 1920 Et
1439 1871 1489 1922 οί
1518 1870 1587 1921 τά
1613 1873 1831 1926 τοιαῦτα
1848 1839 1890 1894 Β

277 1947 611 2017 πράσσοντες
654 1945 795 2012 ἄξιοί
828 1949 966 2021 είσιν
1005 1950 1083 2012 είς
1109 1950 1348 2005 τοιοῦτον
1381 1955 1620 2009 ἀνελθεῖν
1666 1976 1841 2028 προε-’

274 2036 429 2107 apta;
470 2036 625 2104 ὕψος,
665 2039 760 2089 καὶ
794 2038 981 2103 ηἱκανοί
1015 2056 1097 2093 σοι
1135 2042 1382 2105 δοκοῦσιν
1432 2044 1586 2113 ἄγειν
1635 2049 1839 2119 ψυχὰς,

275 2127 369 2179 καὶ
403 2126 701 2197 προσάγειν
755 2129 1103 2198 σεσωσμένας
1131 2132 1391 2202 Χριστῷ;
1430 2136 1502 2190 Σὺ
1555 2136 1833 2214 ἂννεῖπῃς.

272 2214 387 2284 ἐγὼ
418 2216 528 2286 γάρ
553 2216 761 2273 σιωπῶ.
790 2218 882 2289 Μή
912 2218 1049 2290 ἔχων
1086 2215 1177 2275 οὖν
1211 2224 1414 2287 ἐκεῖνος
1471 2226 1833 2300 ἀποκριθῆναί

276 2307 357 2360 σοί
382 2323 459 2372 τι,
486 2307 560 2370 ὡς
597 2308 805 2371 καπνὸς
835 2310 939 2362 ὑπὸ
977 2311 1236 2383 αἰσχύνης
1267 2315 1541 2387 οἰχήσεται
1577 2333 1592 2348 ·
1623 2320 1833 2376 καὶούκ

271 2397 353 2451 ἔτι
389 2398 529 2467 μετά
549 2398 839 2469 δυνάμεως
869 2400 1087 2471 ὀχλήσει
1117 2419 1218 2457 σοι.
1250 2403 1313 2457 El
1351 2406 1408 2459 δέ
1431 2423 1483 2459 τι
1512 2411 1833 2481 πεπραγμέ-

272 2503 381 2553 νον,
410 2487 446 2557 ἢ
493 2487 825 2557 ’λελεγμένον
873 2491 978 2544 τῶν
1029 2493 1244 2560 φαύλων
1291 2496 1389 2570 οὐκ
1426 2497 1563 2558 ἔστι,
1598 2516 1701 2567 σοι,
1734 2502 1833 2571 τῆς

278 2578 643 2648 ὃπερκοσμίου
690 2579 835 2650 ζωῆς
886 2597 1003 2647 σου,
1033 2583 1137 2636 κᾶν
1176 2587 1296 2649 ταῖς
1347 2588 1586 2653 ἐντολαῖς
1620 2592 1830 2657 ἑαυτὸν,

276 2669 366 2721 καὶ
392 2671 503 2731 τοῖς
534 2670 760 2723 πάθεσιν
787 2672 1153 2741 ἀντιπαράθες
1198 2675 1293 2729 τοῦ
1325 2679 1528 2750 Κυρίου
1561 2697 1575 2711 ⁸
1616 2685 1710 2734 καὶ
1742 2700 1830 2735 το·

272 2758 471 2813 σοῦτον
518 2760 709 2814 ἑαυτὸν
731 2761 987 2834 εὑρήσεις
1018 2764 1111 2817 τοῦ
1142 2764 1347 2819 τελείου
1381 2757 1829 2843 ἀπολειπόμενον,

269 2851 381 2924 ὅσῳ
432 2854 816 2925 κολυμὸήθραν
869 2856 1078 2910 ὑδάτων
1144 2858 1577 2933 ἀπολειπομένην
1632 2864 1829 2917 θαλάσ-

271 2956 393 3013 σης.
453 2940 517 2996 Ἦ
567 2944 675 3016 γάρ
723 2945 1034 3017 δικαιοσύνη
1083 2946 1190 3000 τῶν
1242 2943 1542 3020 ἀνθρώπων
1588 2952 1831 3020 τοσούτῳ

268 3036 371 3103 τῆς
429 3035 783 3104 δικαιοσύνης
842 3037 1195 3091 ἀπολείπεται
1257 3036 1351 3091 τοῦ
1404 3036 1560 3103 Θεοῦ,
1595 3039 1716 3092 ὅσον
1757 3041 1835 3104 είς

269 3126 549 3196 μέγεθοςή
583 3126 654 3195 γῆ
673 3126 767 3179 τοῦ
798 3126 1049 3199 ούρανοῦ,
1070 3128 1164 3182 καὶ
1198 3130 1226 3182 ό
1252 3107 1450 3198 κώνωψ
1479 3129 1573 3183 τοῦ
1601 3129 1833 3195 λέοντος.

1926 613 1983 666 fit
2015 626 2176 684 captu
2204 615 2381 681 facile,
2415 617 2644 687 ejusque
2669 620 2922 689 cuspides
2962 621 3309 690 hebetautur,
3346 627 3474 694 quia

1923 720 2117 775 nempe
2151 706 2225 760 illi
2268 708 2373 762 ista
2405 709 2756 776 supervolant
2786 710 2891 768 alis
2913 711 3242 769 humilitatis
3272 752 3295 776 ..
3316 726 3368 770 et
3419 717 3473 771 in

1929 796 2075 865 ligno
2102 798 2226 853 vitae
2247 798 2623 870 requiescunt.

1993 976 2080 1030 8i.
2115 975 2249 1030 Cum
2290 978 2540 1049 impurus
2567 978 2672 1035 isle
2717 979 3211 1050 callidissimusque
3258 983 3471 1039 daemon

1928 1066 2141 1120 accedit
2169 1067 2237 1120 ad
2266 1076 2318 1122 te
2350 1068 2404 1122 in
2432 1070 2634 1125 virtute
2664 1070 3058 1140 proﬁcientem,
3091 1082 3145 1128 et
3163 1074 3347 1129 animo
3374 1084 3469 1130 tuo

1921 1157 2151 1211 thronos
2184 1157 2477 1227 pollicetur
2510 1160 2797 1228 sublimes,
2838 1161 2895 1215 in
2942 1164 3261 1217 memoriam
3316 1180 3472 1218 revo-

1920 1262 2052 1304 cans
2084 1256 2139 1303 et
2168 1247 2441 1306 extollens
2464 1257 2554 1305 tua
2595 1266 2761 1322 opera
2818 1259 3074 1323 tanquam
3118 1254 3243 1308 aliis
3292 1256 3474 1308 excel-

1921 1338 2176 1403 lentiora,
2208 1348 2371 1409 atque
2431 1340 2597 1395 etiam
2642 1346 2899 1413 supponit
2950 1352 3003 1399 te
3052 1344 3305 1398 idoneum
3349 1359 3474 1400 esse

1921 1429 1983 1482 ad
2017 1429 2320 1484 animarum
2357 1431 2713 1487 directionem
2742 1451 2757 1497 ;
2791 1444 2939 1500 tunc,
2963 1449 3084 1487 eum
3109 1434 3473 1501 spiritualiter

1920 1517 2146 1587 sistens,
2178 1534 2246 1574 ne
2275 1520 2426 1576 sinas
2456 1522 2631 1587 abire,
2654 1522 2922 1590 siquidem
2950 1523 3182 1592 desuper
3214 1525 3468 1592 accepisti

1919 1615 2246 1676 potestatem
2279 1610 2335 1664 id
2359 1610 2595 1666 faciendi
2622 1630 2636 1677 ;
2674 1612 2877 1681 illoque
2902 1621 3205 1680 assumpto,
3237 1613 3322 1666 abi
3375 1627 3471 1682 per

1920 1695 2121 1750 mentis
2148 1696 2589 1767 imaginationem
2622 1700 2689 1753 ad
2739 1700 2954 1768 aliquod
3006 1708 3285 1769 peccatum
3333 1712 3367 1751 α
3419 1711 3471 1753 te

1919 1784 2049 1838 olim
2073 1778 2470 1854 'commis'sum,
2505 1797 2559 1843 et
2593 1788 2696 1843 hoc
2750 1788 3107 1844 manifestans
3136 1802 3315 1843 coram
3365 1802 3470 1852 eo,

1920 1875 2008 1929 dic
2036 1875 2086 1930 ei
2120 1892 2133 1929 :
2171 1895 2191 1929 ‹
2226 1877 2313 1932 An
2347 1878 2442 1946 qui
2471 1879 2595 1933 talia
2625 1878 2855 1942 faciunt,
2896 1879 3042 1948 digni
3096 1886 3224 1933 sunt
3258 1878 3349 1947 qui
3403 1878 3469 1929 ad

1922 1968 2130 2015 tantum
2162 1963 2584 2030 praeminentia:
2612 1963 2887 2033 fastigium
2913 1966 3211 2028 eleventur,
3244 1978 3311 2017 an
3346 1962 3468 2016 ido-

1920 2052 2007 2105 nei
2048 2050 2148 2105 tibi
2189 2052 2442 2106 videntur
2478 2053 2545 2107 ad
2580 2054 2919 2121 dirigentium
2969 2057 3176 2111 animas
3210 2096 3225 2120 ,
3271 2070 3471 2126 easque

1920 2141 2099 2197 salvas
2124 2140 2503 2197 adducendum
2530 2142 2787 2198 Christo?
2822 2142 2909 2197 Tu
2944 2144 3028 2197 dic
3051 2186 3066 2209 ,
3099 2146 3343 2213 equidem
3391 2147 3469 2203 si-

1922 2231 2025 2287 leo.
2062 2249 2081 2283 ›
2125 2232 2270 2287 Nihil
2302 2234 2509 2289 habens
2553 2233 2646 2289 ille
2690 2234 2840 2301 quod
2878 2234 2971 2287 tibi
3008 2234 3373 2304 respondeat,
3410 2244 3471 2289 ut

1920 2319 2099 2375 fumus
2124 2335 2248 2375 cum
2274 2322 2478 2391 pudore
2503 2330 2817 2388 evanescet,
2856 2338 2955 2377 nec
2980 2324 3209 2392 amplius
3262 2332 3315 2378 te
3360 2325 3472 2379 for-

1919 2411 2045 2467 titer
2063 2412 2321 2467 turbabit.
2346 2414 2501 2478 Quod
2535 2415 2579 2467 si
2614 2412 2747 2467 nihil
2778 2413 2903 2467 mali
2934 2414 3124 2468 feceris
3148 2422 3239 2467 aut
3267 2413 3470 2470 dixeris

1919 2501 1973 2555 in
2008 2503 2113 2557 vita
2155 2512 2243 2556 tua
2276 2517 2402 2557 vere
2439 2503 2663 2567 caelesti,
2694 2504 3049 2558 nihilominus
3080 2504 3309 2573 teipsum
3339 2520 3471 2558 con-

1919 2593 2000 2648 fer
2028 2593 2312 2663 praeceptis
2340 2603 2393 2649 et
2424 2594 2769 2663 passionibus
2793 2593 3029 2659 Domini,
3050 2595 3469 2662 tequeinvenies

1919 2690 2075 2737 tanto
2108 2699 2137 2737 a
2166 2684 2497 2753 perfectione
2535 2684 2873 2739 deficientem
2903 2723 2917 2743 ,
2950 2693 3155 2752 quanto
3205 2698 3467 2751 aquarum

1920 2772 2127 2840 piscina
2159 2772 2432 2841 discrepat
2461 2787 2489 2825 a
2516 2773 2650 2825 mari
2682 2789 2697 2825 :
2737 2772 2946 2841 iustitia
2996 2775 3139 2827 enim
3190 2774 3466 2826 hominum

1925 2864 2134 2910 tantum
2163 2856 2328 2912 distat
2354 2872 2383 2910 a
2407 2857 2617 2927 justitia
2643 2857 2758 2921 Dei,
2802 2869 3063 2927 quantum
3101 2861 3468 2928 magnitudine

1920 2946 2101 3003 diﬂ'ert
2126 2956 2270 3003 terra
2305 2962 2332 3002 a
2366 2948 2501 3007 coelo
2531 2956 2587 3003 et
2616 2962 2800 3004 musca
2823 2964 2852 3003 a
2884 2950 3063 3005 leone.

338 3218 451 3288 πβ’.
496 3218 554 3272 Ὀ
602 3220 890 3304 είςβάθος
914 3220 1146 3292 τρωθεὶς
1176 3221 1281 3275 ὑπὸ
1317 3222 1417 3290 τῆς
1462 3222 1682 3293 ἀγάπης
1738 3223 1831 3276 τοῦ

1987 3235 2078 3289 82’.
2113 3233 2219 3301 Qui
2246 3234 2462 3304 penitus
2493 3232 2812 3289 vulneratus
2837 3241 2920 3288 est
2951 3248 3134 3289 amare
3160 3234 3275 3299 Dei,
3296 3235 3464 3291 animi

263 3306 425 3374 Θεοῦ,
460 3307 897 3380 ἀπολειπομένην
945 3309 1059 3381 ἔχει
1109 3310 1209 3379 τῆς
1247 3310 1557 3378 προθέσεως
1602 3311 1701 3381 τήν
1742 3311 1835 3364 τοῦ

266 3397 519 3468 σώματος
569 3399 820 3471 δύναμιν.
869 3402 943 3455 Οὐ
982 3402 1093 3471 γὰρ
1148 3399 1265 3454 ἐστι
1317 3402 1475 3472 κόρη,
1530 3405 1585 3472 ,ᾗ
1645 3400 1836 3456 τούτου

267 3487 597 3556 προθέσειὲν
618 3490 803 3554 πόνοις
832 3490 928 3545 καὶ
964 3489 1183 3563 ίδρῶσιν
1213 3491 1437 3561 ἀσκήσε’
1458 3512 1463 3517 η
1482 3510 1497 3517 ί
1531 3508 1543 3521 ο
1570 3491 1711 3545 κατὰ
1730 3492 1837 3562 γὰρ

263 3582 390 3644 τοὺς
427 3581 547 3636 λίαν
584 3582 853 3653 διψῶντας
884 3582 1243 3653 διακείμενος,
1279 3582 1339 3636 τὸ
1390 3582 1610 3646 διακαὲς
1642 3582 1833 3651 αὐτῆς,

270 3673 365 3726 οὐκ
405 3672 520 3727 ἐστι
565 3674 626 3727 τὺ
671 3670 974 3745 θεραπεῦον
1010 3673 1091 3736 είς
1132 3673 1291 3743 κόρον
1316 3690 1330 3705 °
1358 3668 1496 3727 ἀλλά
1541 3673 1629 3727 διὰ
1658 3673 1837 3744 πάσης

267 3762 480 3833 ἡμέρας
511 3781 571 3817 τε
624 3764 721 3818 καὶ
746 3764 939 3828 νυκτὸς
969 3764 1100 3835 διψᾷ
1120 3764 1182 3818 τὸ
1213 3766 1418 3832 πονεῖν,
1460 3766 1556 3818 καὶ
1576 3768 1644 3837 τῇ
1672 3764 1833 3819 δυνά-

269 3872 360 3923 μει
388 3855 483 3907 τοῦ
509 3854 765 3925 σώματος
789 3856 1042 3929 ἥττηται.
1073 3853 1241 3928 Οῖμαι
1270 3856 1327 3910 δὲ
1348 3857 1435 3910 ὅτι
1459 3856 1539 3929 τῷ
1568 3857 1839 3929 ὑπερφυεῖ

263 3948 441 4018 τούτῳ
481 3948 645 4002 πάθει
691 3949 785 4002 καὶ
815 3949 865 4003 οῑ
898 3946 990 4003 τοῦ
1038 3948 1274 4018 Χριστοῦ
1316 3947 1593 4019 μάρτυρες
1620 3964 1827 4019 κρατη-

265 4041 468 4105 θέντες,
497 4041 605 4094 τῶν
639 4040 889 4111 βασάνων
936 4041 1035 4093 οὐκ
1072 4039 1440 4110 ὲπῃσθάνοντο
1472 4056 1486 4071 ο
1518 4041 1613 4093 καὶ
1667 4041 1830 4109 κόρον

265 4131 366 4184 οὐκ
397 4126 545 4201 εἶχον
580 4130 806 4194 ταύταις
850 4127 1309 4199 προσομιλοῦντες
1332 4144 1345 4161 ·
1378 4127 1491 4181 ἀλλ’
1521 4126 1712 4179 ἐνίκων
1734 4126 1831 4179 αὐ·

263 4212 349 4274 τοὶ
398 4222 625 4285 ἑαυτοὺς
667 4220 747 4291 τῷ
790 4220 1007 4274 διακαεῖ
1050 4220 1188 4289 πρὸς
1225 4218 1357 4271 Θεὸν
1396 4217 1579 4289 ἔρωτι,
1612 4218 1707 4273 καὶ
1748 4217 1834 4271 ἀεὶ

264 4311 733 4378 ἀπολειπομένους
777 4308 983 4381 ἑώρουν
1026 4308 1127 4379 τῆς
1161 4308 1297 4379 πρὸς
1331 4310 1391 4361 τὸ
1422 4308 1615 4362 παθεῖν
1653 4308 1831 4373 ἐμπύ-

266 4419 363 4472 ρου
388 4401 722 4472 προθέσεως.

1914 3327 2189 3382 voluntate
2261 3325 2503 3379 minores
2562 3324 2724 3379 habet
2776 3325 3022 3393 corporis
3064 3324 3224 3379 vires.
3270 3325 3326 3377 In
3368 3340 3468 3381 sua

1914 3418 2059 3472 enim
2090 3416 2373 3472 voluntate
2401 3414 2563 3472 nullis
2583 3416 2817 3471 satiatur
2843 3414 3121 3469 laboribus
3149 3415 3469 3470 sudoribus-

1912 3522 2017 3577 que
2042 3509 2247 3561 ascesis
2276 3522 2290 3558 :
2330 3506 2603 3575 siquidem
2647 3504 2845 3561 similis
2873 3512 2957 3558 est
2987 3518 3175 3557 eorum
3225 3503 3317 3571 qui
3374 3516 3466 3557 ve-

1916 3597 2155 3653 hementi
2187 3606 2417 3653 aestuant
2446 3597 2558 3661 siti,
2590 3595 2951 3663 ardoremque
2990 3594 3285 3649 voluntatis
3332 3593 3469 3646 nihil

1915 3690 2265 3757 exstinguere
2286 3694 2464 3757 potest
2496 3686 2563 3741 ad
2595 3688 2927 3749 satietatem,
2958 3685 3049 3739 sed
3080 3685 3170 3738 diu
3198 3691 3467 3751 noctuque

1915 3777 2032 3833 sitit
2064 3777 2326 3843 laborem,
2360 3784 2414 3830 ct
2448 3775 2657 3831 viribus
2706 3774 2950 3843 corporis
2986 3771 3189 3827 deficit.
3221 3772 3470 3826 Arbitror

1913 3876 2094 3941 autem
2125 3868 2598 3936 supernaturalem
2656 3865 2796 3919 hanc
2842 3862 3145 3933 passionem
3199 3869 3465 3931 martyres

1911 3958 2113 4014 Christi
2135 3957 2468 4012 dominatam
2500 3954 2671 4011 fuisse
2697 3995 2713 4022 ,
2770 3953 2985 4023 quando
3032 3951 3309 4006 cruciatus
3353 3964 3465 4004 non

1911 4049 2237 4114 sentiebant,
2266 4063 2367 4104 nec
2398 4046 2583 4103 satiari
2608 4052 2856 4115 poterant
2880 4046 2944 4097 iis
2976 4042 3343 4107 adhaerentes,
3367 4040 3464 4095 sed

1913 4142 2127 4212 seipsos
2161 4139 2455 4196 vincebant
2486 4138 2709 4194 ardente
2736 4139 2788 4191 in
2829 4135 2995 4189 Deum
3032 4148 3216 4187 amore
3243 4173 3258 4197 ,
3294 4146 3463 4200 seque

1913 4247 2129 4301 semper
2158 4230 2506 4287 inveniebant
2548 4229 2781 4298 impares
2814 4224 3076 4279 voluntati
3108 4225 3162 4278 in
3187 4223 3461 4278 cruciatus

1914 4323 2183 4393 ﬂagranti.

337 4490 451 4561 πγ¹.
492 4491 551 4545 '0
600 4492 817 4557 ἑαυτὸν,
850 4491 973 4546 καθ’
1028 4488 1140 4545 οἷον
1193 4490 1257 4561 δή
1305 4507 1427 4544 τινα
1463 4491 1683 4561 τρόπον,
1724 4490 1831 4543 τινὶ

1985 4501 2072 4555 83.
2132 4498 2234 4565 Qui
2290 4498 2529 4567 seipsum
2572 4507 2917 4565 quocumque
2969 4490 3129 4545 modo
3183 4498 3462 4559 comparat

265 4585 639 4655 παραμετρῶν
706 4584 815 4638 τῶν
908 4585 1364 4653 συνασκουμένων
1395 4625 1414 4651 ,
1477 4586 1510 4654 ἢ
1568 4584 1834 4639 συνόντων

264 4676 412 4746 αὐτῷ
455 4675 719 4744 ἀδελφῶν,
766 4674 958 4745 λέληθε
1023 4673 1390 4745 φρεναπατῶν
1436 4674 1668 4738 ἑαυτὸν,
1732 4674 1832 4726 καὶ

263 4766 423 4833 Ξένην
457 4765 590 4818 Θεοῦ
623 4764 854 4834 βαδίζων
884 4764 1021 4819 ὁδόν.
1060 4766 1131 4818 Ἢ
1154 4765 1263 4836 γάρ
1286 4765 1477 4820 ἑαυτὸν
1512 4766 1540 4817 ὁ
1583 4765 1823 4828 τοιοῦτος

259 4858 362 4910 οὒκ
398 4859 559 4926 ἔγνω,
590 4859 625 4929 ἢ
666 4860 765 4927 τῆς
797 4860 1071 4930 φερούσης
1126 4858 1456 4928 παρετράπη
1494 4857 1631 4927 πρὸς
1662 4858 1830 4927 ούρα-

262 4952 410 5015 νοὺς,
457 4950 525 5018 ἢν
561 4951 627 5014 ὀί
671 4949 944 5003 σπουδαῖοι
1000 4947 1457 5018 καταόεόλημένῳ
1518 4949 1828 5019 φρονήματι

261 5041 540 5111 τρέχουσι,
591 5042 687 5095 καὶ
738 5042 807 5095 δι’
844 5036 919 5112 ἧς
950 5041 1059 5094 τῶν
1113 5038 1355 5106 παγίδων
1398 5039 1830 5111 ὑπεριπτάμενοι

261 5130 355 5183 τοῦ
383 5130 579 5201 ιχθροῦ
612 5134 691 5194 εἰς
731 5131 920 5200 νοητὸν
951 5132 1089 5201 ἀέρα
1120 5129 1383 5201 πτέρυξιν
1418 5128 1689 5192 ἀπαθείας
1723 5148 1830 5199 χω-

265 5221 442 5291 ροῦσι,
458 5223 552 5275 καὶ
564 5224 620 5275 ἑν
638 5224 918 5290 φωτεινοῖς
944 5221 1283 5291 ινεαρίζουσι
1306 5221 1491 5283 τόποις
1512 5237 1829 5292 μετριοφρο-

265 5309 432 5378 σύνης
468 5310 894 5381 κεκοσμημένοι.

339 5399 443 5453 τπδ’.
486 5401 545 5454 '0
584 5402 997 5473 πεφυσιωμένος
1017 5404 1111 5457 καὶ⁵
1140 5405 1314 5472 οίήσει
1352 5404 1449 5467 τάς
1484 5403 1681 5473 φρένας
1702 5402 1826 5467 ἐξα-

267 5492 609 5561 πατώμενος,
638 5492 832 5547 οὔποτε
852 5494 1230 5557 ταπεινώσεως
1254 5498 1311 5548 ὲν
1335 5496 1474 5564 φωτὶ
1488 5496 1827 5560 κατανύξεως

266 5580 604 5645 ἰπιτεύξεται
646 5582 884 5655 χάριτος,
922 5585 987 5637 δι’
1014 5579 1081 5655 ἧς
1119 5584 1542 5653 ιπιδραϐεύεται
1572 5586 1685 5654 φῶς
1732 5594 1828 5637 σοι¹

267 5672 391 5738 φίας
421 5670 559 5725 Θεοῦ
600 5675 713 5735 τοῖς
740 5673 838 5744 τήν
880 5676 1098 5745 καρδίαν
1144 5677 1645 5747 συντετριμμένοις,
1677 5677 1818 5729 κατὰ

268 5766 325 5817 τὸ
348 5769 751 5833 γεγραμμένον·
788 5785 808 5818 ι
853 5767 939 5820 Ἐν
976 5767 1049 5837 τῷ
1073 5768 1209 5838 φωτί
1232 5784 1322 5821 σου
1354 5768 1593 5838 ὀψόμεθα
1621 5769 1732 5839 φῶς
1752 5783 1766 5799 ο
1801 5788 1819 5821 ι

338 5894 379 5926 "
402 5892 552 5948 ’Psal.
582 5906 747 5965 xxxv.
790 5890 874 5945 10.

1912 4591 2074 4647 alicui
2114 4589 2342 4644 fratrum
2398 4588 2491 4657 qui
2546 4598 2729 4640 secum
2782 4587 3175 4638 conversantur
3226 4580 3462 4633 vitamve

1911 4672 2079 4751 agunt
2115 4680 2430 4744 asceticam,
2471 4676 2713 4730 animum
2746 4688 2903 4729 suum
2943 4672 3145 4726 inscius
3187 4669 3358 4734 fallit,
3406 4674 3462 4723 et

1911 4774 2139 4827 alienam
2183 4786 2214 4824 a
2256 4770 2368 4825 Deo
2398 4767 2665 4836 percurrit
2695 4766 2878 4818 viam.
2933 4759 3031 4814 Vel
3088 4760 3230 4813 enim
3270 4758 3462 4825 hujus-

1910 4862 2053 4917 modi
2090 4861 2173 4916 vir
2214 4874 2274 4916 se
2306 4873 2413 4914 non
2444 4855 2763 4926 cognoscit,
2810 4852 2896 4906 vel
2945 4849 3235 4905 declinavit
3294 4863 3323 4900 a
3370 4848 3459 4902 via

1912 4953 2142 5007 ducente
2196 4948 2261 5003 ad
2292 4946 2491 5002 caelum
2523 4983 2539 5009 ,
2591 4956 2754 5011 quam
2818 4941 3091 4993 ferventes
3141 4935 3455 4989 conculcata

1911 5036 2162 5107 superbia
2194 5039 2546 5104 percurrunt,
2578 5038 2630 5085 et
2655 5042 2751 5098 per
2793 5041 2951 5096 quam
2985 5024 3212 5079 insidias
3250 5022 3453 5077 inimici

1912 5127 2327 5198 supervolantes
2378 5124 2480 5177 alis
2529 5114 2982 5189 impasslbilitatis
3033 5114 3087 5167 in
3118 5113 3453 5183 spiritualem

1910 5236 2087 5278 aerem
2114 5218 2389 5281 festinant,
2427 5222 2479 5269 et
2518 5212 2571 5266 in
2613 5208 2809 5264 lucidis
2836 5212 3067 5260 vernant
3100 5204 3236 5260 locis
3272 5202 3454 5258 mode-

1910 5316 2015 5371 stia
2042 5311 2217 5368 ornati

1979 5404 2066 5460 84.
2092 5400 2195 5467 Qui
2228 5406 2399 5454 tumet
2443 5408 2507 5449 ac
2552 5390 2970 5465 presumptione
3014 5394 3245 5440 mentem
3294 5395 3449 5435 suam

1912 5496 2069 5557 fallit,
2100 5504 2380 5561 nunquam
2416 5484 2736 5541 humilitatis
2764 5481 2818 5535 in
2845 5480 2964 5533 luce
2986 5475 3215 5547 gratiam
3256 5488 3451 5527 conse-

1912 5596 2110 5657 quetur
2137 5574 2571 5650 compunctionis
2600 5613 2615 5636 ,
2654 5587 2765 5657 per,
2792 5582 2952 5637 quam
3000 5565 3303 5657 acquiritur
3354 5562 3446 5657 lus

1904 5648 2198 5740 sapientiae
2227 5648 2478 5721 contritis
2508 5659 2697 5721 corde,
2727 5656 2865 5710 sicut
2904 5652 3169 5722 scriptum
3196 5659 3277 5704 est
3304 5666 3361 5740 ιι
3391 5648 3452 5701 ln

1914 5738 2115 5817 lumine
2155 5767 2247 5814 tuo
2279 5752 2583 5811 videbimus
2616 5749 2798 5804 lumen
2822 5745 2866 5778 "
2900 5761 2961 5809 ις
3010 5742 3101 5797 scd
3148 5755 3251 5795 nox
3300 5738 3457 5793 illum
