4106 6336
237 380 345 451 893

1103 384 1660 461 PRACTICORUM
1685 390 2024 453 CAPITUM
2063 393 2457 457 CENTURIA
2490 395 2550 457 Ι.

3346 399 3455 463 894

228 507 264 579 ἢ
300 506 433 578 πρὸς
484 504 961 577 ἀδδηφαγίανοκαὶ
1005 503 1172 576 κόρον
1217 504 1565 567 δκκλίναντος
1607 503 1699 556 τὸν
1732 506 1798 575 τῇ

1903 510 2247 566 saturitatem
2280 510 2727 580 inclinatcorpus
2746 506 3065 564 naturaliter
3085 509 3243 564 nobis
3274 512 3457 568 inimi-

232 600 393 671 φύσει
418 598 695 668 πολέμιον.
735 599 1056 665 Ἀναγκαῖον
1081 592 1176 652 οὖν
1206 600 1319 661 τοῖς
1340 615 1399 651 τε
1430 596 1567 666 πρὸς
1598 595 1801 666 ἀρετὴν

231 693 615 760 εἰσαγωγικοῖς
643 692 675 761 ή
711 690 1029 760 ἐγκράτεια,
1064 691 1160 744 καὶ
1206 694 1321 754 τοῖς
1369 689 1511 759 ὑπὲρ
1545 689 1607 743 τὸ
1639 689 1802 759 μέσον

226 785 357 844 τοὺς
392 783 610 850 ἀγῶνας
646 782 1037 850 μεταθεμένοις
1076 783 1156 844 εἰς
1208 782 1305 851 τὴν
1356 780 1665 851 ἀκροτάτην
1704 782 1804 849 τῆς

228 872 466 943 θεωρίας
505 872 779 925 ὲπίὸασιν.
824 872 1024 941 Μήτηρ
1070 871 1180 939 γὰρ
1229 870 1419 939 ὑγείας
1463 869 1622 937 αὕτη,
1675 869 1804 938 φίλη

230 962 334 1031 τῆς
393 962 636 1029 ἁγνείας,
666 964 762 1015 καὶ
786 961 1286 1031 ταπεινοφροσύνης
1322 960 1500 1032 ἀγαθὴ
1529 960 1802 1022 σύνευνος.

301 1055 418 1110 πθ’.
442 1055 635 1122 Διττὴν
668 1052 803 1108 εῖναι
834 1054 931 1125 τὴν
956 1055 1226 1108 ἀπάθειαν
1250 1052 1380 1121 ἴσθι,
1405 1053 1500 1105 καί.
1528 1052 1719 1114 διττῶς
1747 1053 1805 1105 ὲν

226 1152 342 1211 τοῖς
382 1149 695 1210 σπουδαίοις
744 1148 976 1218 μάλιστα
1014 1148 1279 1217 γίνεσθαι.
1312 1148 1421 1200 Καὶ
1456 1146 1674 1214 πρῶτον
1708 1146 1806 1215 μὲν

227 1240 342 1293 ἀπὸ
366 1241 460 1293 τοῦ
483 1240 667 1303 τέλους
695 1239 795 1307 τῆς
816 1238 1136 1307 ὲμπράκτου
1179 1236 1496 1305 φιλοσοφίας
1546 1236 1579 1305 ή
1610 1236 1803 1306 πρώτη

228 1331 439 1398 γίνεται
478 1332 591 1393 τοῖς
636 1328 953 1390 σπουδαίοις
993 1327 1255 1392 ἀπάθεια,
1286 1328 1408 1398 ἥτις
1456 1330 1522 1401 ἐκ
1569 1327 1803 1395 νομίμου

230 1423 518 1490 ἀθλήσεως
602 1422 715 1483 τοῖς
774 1420 960 1483 πόνοις
1014 1419 1371 1487 πολυτρόπως
1428 1418 1753 1487 προκόψασα
1787 1455 1806 1483 ,

228 1510 461 1582 νεκροῦν
498 1510 601 1580 μὲν
649 1504 789 1563 οἶδεν
816 1510 1015 1564 αὐτίκα
1044 1509 1115 1561 τὰ
1138 1507 1311 1577 πάθη,
1346 1509 1441 1560 καὶ
1480 1506 1583 1571 τάς
1627 1508 1806 1577 ὁρμὰς

234 1601 339 1669 τῆς
372 1600 579 1671 σαρκὸς
602 1599 918 1669 ἀπράκτους
943 1598 1098 1667 ίστᾷν
1134 1612 1148 1626 ο
1190 1594 1461 1649 κινεῖσθαι
1490 1594 1548 1648 δὲ
1586 1597 1721 1666 πρὸς
1744 1595 1807 1649 τὸ

228 1690 371 1745 κατά
404 1690 569 1759 φύσιν
610 1690 707 1752 τὰς
734 1689 836 1759 τῆς
864 1687 1042 1757 ψυχῆς
1090 1686 1349 1756 δυνάμεις
1378 1688 1522 1740 ποιεῖ
1549 1702 1563 1717 °
1592 1688 1687 1741 καὶ
1713 1686 1805 1739 τὸν

228 1783 355 1836 νοῦν
378 1786 440 1835 ὲν
467 1781 668 1852 μελέτῃ
687 1780 795 1834 τῶν
809 1780 969 1833 θείων
1010 1778 1147 1850 μετὰ
1164 1779 1429 1841 συνέσεως
1443 1779 1803 1849 ἀποκαθιστᾷ.

231 1834 763 1941 Ἔπειτασάπὺντῆς
814 1834 1139 1943 ἀρχῆςιτῆς
1194 1834 1431 1941 φυσικῆς
1487 1834 1860 1941 θεωρίαςίήΒ

228 1966 462 2035 δευτέρα
510 1965 608 2025 καὶ
655 1965 965 2033 τελειοτέρα
1010 1962 1189 2031 σοφῶς
1246 1963 1431 2024 αὐτοῖς
1482 1962 1803 2029 ἐπιγίνεται,

228 2058 352 2126 ἥτις
382 2059 448 2109 ὲκ
477 2057 671 2125 νοερᾶς
701 2054 933 2124 ἡσυχίας
974 2052 1087 2106 τῶν
1136 2052 1436 2121 λογισμῶν,
1480 2054 1560 2113 εἰς
1602 2052 1807 2121 εἰρηνι-

230 2144 337 2215 κῆν
362 2144 457 2197 τοῦ
488 2144 605 2207 νοὸς
636 2143 982 2214 ἀνυιμοθεῖσα
1009 2141 1365 2205 κατάστασιν,
1410 2140 1803 2211 διορατικὼτα-

230 2236 324 2289 τόν
351 2251 412 2289 τε
460 2236 555 2288 καὶ
585 2232 1099 2305 προορατικὼτατον
1125 2228 1235 2285 οἱδε
1273 2231 1363 2284 τὸν
1391 2230 1516 2283 νοῦν
1560 2231 1808 2298 ἀπεργά-

232 2325 429 2390 ζεσθαι
465 2341 483 2358 ·
514 2325 979 2396 διορατικώτατον
1014 2325 1135 2394 μὲν,
1183 2325 1240 2375 ἐν
1280 2322 1569 2392 πράγμασι
1621 2322 1805 2387 θείοις,

231 2418 291 2472 εν
314 2434 375 2470 τε
428 2418 715 2475 ὀπτασίαις
750 2415 845 2468 τοῦ
873 2415 1199 2483 κρείττονος,
1235 2413 1292 2466 εν
1324 2431 1384 2467 τε
1431 2413 1805 2482 ἀποκαλύψεσι

235 2507 554 2578 μυστηρίων
583 2506 718 2560 Θεοῦ
754 2520 768 2537 ·
801 2504 1313 2575 προορατικῶτατον
1341 2506 1420 2571 δὲ,
1442 2508 1501 2558 ὲν
1546 2506 1806 2575 πράγμα-

234 2614 321 2652 σιν
346 2597 734 2663 ἀνθρωπίνοις,
771 2597 1043 2668 μακρόθεν
1077 2590 1392 2667 ἐρχομένοις
1429 2598 1524 2649 καὶ
1553 2595 1807 2665 μέλλουσι

1902 614 2046 655 cum.
2067 600 2385 657 Necessaria
2418 600 2583 670 igitur
2604 598 2961 667 temperantia
2990 606 3042 651 et
3071 597 3457 655 inchoantibus

1897 691 2042 746 viam
2080 695 2300 749 virtutis
2329 702 2385 748 et
2436 693 2505 747 iis
2545 692 2636 760 qui
2664 690 2777 759 jam
2813 688 2975 745 stadii
3011 692 3245 745 medium
3271 699 3459 747 trans-

1897 783 2073 851 gressi
2095 785 2324 838 tendunt
2345 785 2409 839 ad
2434 796 2707 839 summum
2732 779 3204 848 contemplationis
3225 783 3453 852 apicem.

1898 870 1990 928 Illa
2039 876 2182 929 enim
2229 884 2314 932 est
2367 884 2537 929 mater
2590 873 2882 937 sanitatis,
2927 873 3199 929 castitatis
3253 874 3451 939 amica,

1896 964 2098 1033 optima
2138 966 2459 1019 humilitatis
2494 965 2926 1019 contubernalis.

1965 1055 2053 1109 89.
2085 1054 2363 1123 Duplicem
2386 1070 2505 1109 esse
2529 1054 3021 1124 impassihilitatem
3042 1054 3200 1116 scito,
3225 1060 3454 1125 eamque

1898 1144 2100 1214 duplici
2136 1147 2435 1216 praesertim
2474 1145 2632 1199 modo
2679 1158 2709 1197 tt
2746 1144 3080 1198 ferventibus
3127 1146 3357 1211 acquiri.
3394 1144 3457 1197 Et

1894 1236 2068 1304 primo
2106 1237 2324 1304 quidem
2358 1251 2387 1289 a
2422 1235 2759 1305 perfectione
2804 1236 3063 1303 practica:
3097 1235 3455 1303 philosophiae

1895 1326 2065 1394 prima
2103 1326 2437 1381 ferventibus
2484 1326 2717 1379 inoritur
2754 1324 3189 1391 impassibilitas,
3239 1340 3358 1392 quae
3385 1341 3449 1380 es

1899 1415 2137 1482 legitima
2184 1415 2331 1468 lucta
2361 1415 2546 1469 multis
2601 1416 2878 1469 laboribus
2926 1429 3239 1485 progressa,
3273 1416 3455 1468 statim

1892 1506 2217 1575 cupiditates
2244 1506 2446 1575 optime
2463 1506 2779 1569 mortificat,
2803 1507 3038 1573 impetus
3058 1508 3245 1561 carnis
3272 1506 3455 1559 reddit

1894 1596 2225 1662 inefﬁcaces,
2281 1596 2571 1651 facultates
2616 1594 2809 1648 animm
2855 1602 2916 1647 ut
2956 1598 3251 1649 secundum
3296 1604 3457 1647 natu-

1890 1702 2008 1742 ram
2083 1695 2407 1743 moveantur
2467 1685 2679 1752 efﬁcit,
2734 1694 3085 1755 mentemque
3142 1687 3207 1738 ad
3272 1700 3457 1739 rerum

1892 1775 2201 1830 divinarum
2243 1773 2651 1829 meditationem
2686 1773 2947 1829 restituit.
3008 1770 3212 1825 Deinde
3256 1772 3325 1825 ab
3372 1772 3460 1824 in-

1889 1864 2177 1919 choatione
2228 1863 2494 1918 naturalis
2541 1862 2763 1918 theorim
2796 1861 3035 1917 secunda
3072 1869 3126 1915 et
3164 1860 3458 1929 perfectior

1888 1956 1995 2010 illis
2035 1960 2439 2024 peropportune
2482 1953 2803 2023 supervenit
2852 1952 3288 2022 impassihilitas,
3336 1966 3457 2020 qua:

1886 2059 1917 2099 e
1945 2044 2213 2112 spirituali
2241 2043 2633 2112 cogitationum
2656 2044 2841 2111 quiete
2866 2042 2933 2096 ad
2960 2042 3243 2106 pacificum
3266 2050 3454 2095 evecta

1887 2136 2087 2190 mentis
2134 2143 2363 2199 statum,
2406 2135 2552 2188 hanc
2595 2134 3133 2203 perspicacissimam
3182 2148 3246 2186 ac
3274 2132 3454 2201 provi-

1885 2223 2265 2280 dentissimam
2329 2224 2433 2279 scit
2485 2222 2715 2279 reddere
2758 2223 3342 2294 :perspicacissimam
3398 2223 3451 2275 in

1885 2314 2051 2370 rebus
2082 2312 2304 2375 divinis,
2335 2320 2389 2365 et
2417 2313 2471 2366 in
2501 2312 2737 2366 videndo
2756 2313 2901 2382 quod
2933 2314 3133 2367 bonum
3156 2322 3268 2375 est,
3295 2320 3455 2381 atque

1885 2407 1943 2461 in
1967 2404 2397 2461 revelationibus
2428 2406 2811 2472 mysteriorum
2846 2403 2981 2468 Dei;
3029 2403 3452 2472 providentissi-

1890 2511 2033 2551 mam
2070 2510 2199 2550 vero
2246 2496 2301 2548 in
2356 2494 2521 2547 rebus
2574 2494 2826 2547 humanis
2880 2499 3068 2560 postea
3119 2491 3314 2548 futuris
3346 2502 3451 2547 eta

1885 2588 2042 2656 longe
2066 2578 2430 2642 venientibus.
2456 2582 2513 2639 ln
2542 2583 2630 2638 illa
2671 2592 2851 2638 autem
2893 2583 3096 2652 duplici
3126 2584 3436 2650 impassihi-

233 2689 482 2758 γίνεσθαι
503 2704 518 2716 ”
548 2691 608 2741 ὲν
639 2683 727 2752 αἷς
766 2688 823 2741 ἓν
849 2690 940 2742 καὶ
963 2688 1027 2741 τὸ
1060 2688 1195 2740 αὐτὸ
1225 2686 1440 2757 πνεῦμα
1472 2687 1530 2740 τὸ
1554 2686 1800 2757 ἐνεργοῦν

1882 2679 2035 2732 litate
2054 2692 2195 2732 unus
2221 2685 2277 2731 et
2310 2675 2450 2730 idem
2478 2683 2736 2744 operatur
2759 2674 3011 2744 spiritus,
3044 2674 3134 2743 qui
3168 2675 3223 2729 in
3260 2677 3440 2742 priore

240 2779 383 2844 ιστι,
413 2781 473 2832 τὸ
499 2778 738 2851 κρατοῦν
773 2780 874 2849 μὲν
905 2779 999 2832 καὶ
1025 2779 1247 2848 συνέχον
1280 2780 1422 2832 κατά
1452 2778 1551 2846 τὴν
1585 2779 1800 2849 πρώτην

1884 2769 2194 2823 moderatur
2243 2775 2297 2823 et
2346 2766 2636 2836 reprimit,
2692 2767 2742 2819 in
2801 2765 3103 2834 posteriore
3134 2779 3263 2817 vero
3297 2766 3448 2818 laxas

235 2870 532 2935 ἀπάθειαν,
567 2871 803 2925 ἀπολύον
825 2872 901 2935 δὲ,
933 2871 1073 2925 κατὰ
1099 2872 1199 2942 τὴν
1219 2873 1499 2941 δευτέραν,
1537 2872 1632 2925 καὶ
1659 2870 1800 2925 ἔλευε

1882 2862 1973 2915 dat
2002 2862 2242 2915 habenas
2264 2866 2318 2914 et
2351 2858 2655 2913 libertatem
2705 2868 2922 2912 aeterna:
2956 2858 3101 2921 vitae,
3152 2864 3213 2910 ut
3245 2854 3451 2912 Paulus

236 2959 430 3029 θερίαν
460 2959 680 3013 αἰωνίου
709 2960 874 3030 ζωῆς,
905 2960 981 3023 ῶς
1007 2963 1035 3013 ό
1064 2959 1274 3023 Παῦλός
1300 2977 1455 3031 φησι.
1881 2952 2121 3020 loquitur
2150 2950 2217 3005 ⁸⁸.

306 3054 379 3117 ιιι.
421 3052 479 3104 Ὀ
509 3052 607 3120 τῆς
639 3052 901 3113 ἀπαθείας
939 3051 1245 3121 πλησιάσας
1286 3056 1397 3115 τοῖς
1437 3053 1603 3123 ὅροις,
1644 3050 1800 3122 ὁρθὰς

1951 3043 2041 3097 90.
2081 3043 2181 3109 Qui
2218 3040 2685 3112 impassibilitatis
2739 3039 2935 3093 finibus
2978 3037 3447 3109 appwpinquavit,

228 3121 324 3191 μὲν
349 3124 480 3193 περὶ
504 3123 635 3176 Θεὸν
659 3125 755 3177 καὶ
798 3123 896 3184 τὰς
928 3122 1117 3192 φύσεις
1168 3124 1277 3179 τῶν
1307 3121 1479 3181 ὅντων
1542 3121 1800 3201 ποιούμε-

1882 3141 2063 3188 rectos
2100 3134 2165 3187 ad
2194 3133 2360 3187 Deum
2400 3140 2736 3197 naturasque
2767 3144 2949 3183 rerum
2983 3130 3209 3181 tendens
3238 3131 3448 3190 oculos,

223 3231 312 3277 νος
350 3214 453 3277 τὰς
501 3216 744 3283 ὁράσεις,
772 3215 837 3265 ὲκ
869 3214 969 3281 τῆς
1020 3214 1287 3284 καλλονῆς
1326 3217 1434 3269 τῶν
1486 3222 1800 3291 κτισμάτων

1882 3235 1908 3273 a
1941 3229 2315 3275 creaturarum
2340 3216 2747 3289 pulchritudine
2776 3219 2849 3271 ob
2873 3231 3027 3270 suam
3051 3217 3349 3283 puritatem
3380 3216 3447 3269 ad

222 3305 503 3373 ἀναλόγως
540 3304 637 3373 τῆς
665 3303 828 3357 αὐτοῦ
855 3305 1228 3377 καθαρότητος
1259 3310 1395 3378 πρὸς
1417 3309 1508 3363 τὸν
1560 3310 1798 3382 Ποιητὴν

222 3395 582 3465 ἀνατρέχων,
655 3393 871 3463 δέχεται
922 3395 1021 3455 τὰς
1071 3398 1414 3465 φωτοχυσίας
1454 3397 1549 3452 τοῦ
1614 3402 1793 3454 Πνεύ-

223 3502 395 3553 ματος
431 3500 444 3515 °
479 3484 690 3551 ἀγαθὰς
716 3484 772 3538 δὲ
804 3486 904 3548 τὰς
960 3486 1256 3556 ὑπολήψεις
1301 3488 1441 3558 ἔχων
1477 3491 1616 3560 πρὸς
1664 3495 1799 3549 πάν-

218 3596 336 3642 τας,
398 3576 487 3630 ἀεὶ
528 3575 800 3645 λογίζεται
840 3576 968 3648 περί
1006 3578 1224 3631 πάντων
1272 3580 1415 3633 καλά
1451 3598 1464 3615 ·
1512 3583 1699 3650 ἁγίους
1737 3603 1797 3638 τε

222 3670 433 3730 πάντας
463 3668 565 3739 ὁρᾷ
600 3668 692 3719 καὶ
743 3667 967 3733 ἁγνοὺς,
1002 3668 1095 3720 καὶ
1152 3668 1279 3737 περὶ
1312 3669 1473 3722 θείων
1554 3673 1651 3725 καὶ
1704 3675 1797 3726 ἀν-

219 3758 510 3828 θρωπίνων
534 3758 875 3829 πραγμάτων
903 3758 1001 3828 τὴν
1032 3758 1211 3827 κρίσιν
1236 3760 1403 3829 ὀρθὴν
1431 3759 1754 3831 ἐπιφέρεται
1778 3778 1793 3792 ο

219 3849 310 3902 καὶ
348 3850 456 3918 ἐρᾷ
516 3850 613 3916 μὲν
671 3849 881 3911 οὐδενὸς
927 3849 1037 3903 τῶν
1070 3851 1200 3921 περὶ
1234 3852 1335 3921 τὴν
1380 3852 1511 3921 ὓλην
1553 3854 1647 3907 τοῦ
1697 3855 1794 3907 κό-

217 3954 379 4008 σμου,
412 3938 517 4019 καὶ
549 3941 659 4001 τοῖς
691 3940 996 4008 ἀνθρώποις
1030 3942 1482 4012 σπουδαζομένων
1502 3958 1513 3970 ”
1547 3943 1703 4004 ἐκδὺς
1735 3943 1791 3995 δὲ

214 4027 291 4096 τῷ
341 4026 423 4094 νῷ
456 4030 556 4097 τῆς
608 4029 955 4096 παγκοσμίου
1005 4028 1328 4099 αἰσθήσεως,
1366 4032 1502 4101 πρὸς
1533 4031 1794 4103 οὐρανοὺς

217 4118 307 4170 καὶ
334 4116 472 4171 Θεὸν
494 4117 777 4187 ἀνατρέχει
799 4119 1040 4189 καθαρὸς
1072 4121 1251 4190 πάσης
1278 4120 1442 4184 ἰλύος,
1485 4123 1580 4174 καὶ
1613 4124 1794 4190 πάσης

216 4205 463 4269 δουλείας
485 4206 789 4278 ἐλεύθερος,
818 4208 916 4261 καὶ
948 4209 1067 4270 ὅλος
1096 4209 1304 4277 γίνεται
1331 4211 1437 4265 τῶν
1468 4211 1671 4280 νοητῶν
1698 4212 1792 4266 τοῦ

218 4295 353 4351 Θεοῦ
418 4296 641 4363 ἀγαθῶν
687 4299 743 4350 ὲν
799 4299 945 4368 μόνῳ
972 4299 1051 4369 τῷ
1106 4300 1398 4369 πνεύματι,
1435 4305 1529 4355 καὶ
1549 4304 1608 4356 τὸ
1656 4304 1797 4358 θεῖον

218 4389 412 4451 κάλλος
445 4391 568 4459 ὁρᾷ,
601 4387 696 4441 καὶ
728 4388 1050 4458 θεοπρεπῶς
1082 4390 1451 4461 ἐμφιλοχωρεῖ
1492 4394 1605 4456 τοῖς
1632 4392 1797 4458 θείοις

1876 3311 2190 3368 Creatorem
2238 3325 2555 3380 assurgens,
2591 3309 2785 3376 recipit
2818 3308 3248 3361 illuminationes
3280 3308 3447 3373 Spiri-

1878 3411 1987 3467 tus,
2030 3402 2403 3469 optimamque
2441 3398 2646 3453 habens
2694 3398 3007 3467 opinionem
3056 3397 3121 3451 de
3172 3398 3442 3463 omnibus,

1876 3492 1943 3547 de
1968 3492 2220 3547 omnibus
2256 3474 2472 3560 semper
2495 3489 2632 3545 bene
2665 3488 2890 3558 cogitat,
2916 3502 3107 3542 omnes
3140 3495 3194 3541 ut
3218 3495 3443 3541 sanctos

1876 3582 2039 3637 habet
2086 3596 2151 3634 ac
2202 3589 2458 3644 sanctos,
2513 3579 2580 3633 de
2625 3578 2826 3632 divinis
2875 3577 3235 3645 humanisque
3279 3577 3448 3630 rebus

1873 3680 2081 3726 rectum
2112 3670 2219 3722 fert
2249 3668 2556 3738 judicium;
2590 3665 2724 3719 nihil
2759 3675 2905 3719 amat
2949 3665 3310 3719 materialium
3345 3680 3445 3718 sae-

1875 3762 1984 3817 culi
2053 3776 2236 3816 rerum
2309 3771 2446 3829 quas
2506 3755 2757 3811 homines
2831 3754 3076 3810 studiose
3139 3766 3437 3824 appetunt;

1874 3860 2054 3907 mente
2087 3866 2252 3907 sensu
2288 3847 2564 3903 mundano
2622 3854 2807 3911 exuta,
2845 3845 2911 3899 ad
2945 3846 3110 3900 caelos
3164 3844 3441 3915 Deumque

1874 3943 2045 3997 currit
2104 3957 2274 4011 purus
2328 3941 2395 3995 ab
2424 3942 2569 3995 omni
2610 3940 2725 3993 luto
2759 3947 2812 3991 et
2863 3936 2931 3989 ab
2978 3937 3125 3990 omni
3173 3939 3437 3990 servitute

1874 4032 2035 4095 liber,
2090 4040 2239 4086 totus
2270 4038 2353 4084 est
2407 4028 2784 4098 spiritualihus
2838 4024 2929 4078 Dei
2988 4025 3146 4079 bonis
3207 4027 3260 4077 in
3310 4029 3427 4078 solo

1875 4122 2093 4191 Spiritu,
2116 4120 2465 4187 divinamque
2489 4119 2634 4171 videt
2661 4114 3149 4184 pulchritudinem,
3177 4128 3240 4167 ac
3258 4114 3437 4168 divine

1873 4212 2069 4267 divinis
2105 4210 2374 4263 inhabitat
2400 4208 2533 4261 locis
2567 4208 2656 4260 ubi
2692 4206 2893 4259 residet
2925 4206 3081 4259 beata
3113 4204 3203 4257 Dei
3238 4205 3433 4272 gloria,

1872 4318 1993 4357 cum
2030 4299 2287 4356 ineffabili
2324 4298 2541 4353 silentio
2586 4307 2639 4351 et
2678 4296 2882 4360 latitia,
2933 4304 2992 4348 et
3052 4298 3263 4349 cunctis
3301 4310 3429 4347 sen-

1873 4392 2023 4446 sibus
2064 4388 2508 4453 transformatus,
2556 4396 2615 4441 ut
2637 4386 2861 4456 angelus
2907 4386 2963 4439 in
3011 4385 3277 4438 materiali
3311 4400 3435 4439 cor-

213 4481 425 4547 υτόποις,
455 4481 555 4551 τῆς
602 4481 882 4552 μακαρίας
926 4481 1063 4535 Θεοῦ
1093 4482 1272 4552 δόξης,
1303 4485 1361 4536 ἐν
1396 4484 1619 4555 ἀρρήτῳ
1669 4489 1792 4557 σιγῇ

1882 4491 2027 4547 pore,
2056 4473 2428 4531 immaterialis
2451 4474 2591 4527 inter
2622 4472 2868 4526 homines
2894 4480 3276 4525 conversatur.

220 4573 311 4625 καὶ
347 4573 516 4643 χαρᾷ,
547 4572 643 4625 καὶ
669 4571 767 4635 τὰς
798 4572 1080 4642 αἰσθήσεις
1114 4572 1295 4636 πάσας
1339 4573 1681 4639 ἀλλοιωθείς,
1721 4576 1796 4637 ὠς

218 4660 449 4730 ἄγγελος
492 4662 550 4713 ὲν
587 4661 758 4731 ὐλικῷ
809 4661 1042 4731 σώματι,
1105 4661 1269 4725 ἀῦλος
1321 4665 1433 4727 τοῖς
1491 4665 1794 4735 ἀνθρώποις

221 4752 742 4823 συναναστρέφεται.

289 4842 396 4909 ιμ’.
442 4843 732 4911 Αἰσθήσεις
757 4836 896 4896 οἶδεν
925 4844 954 4894 ὁ
984 4842 1141 4911 λόγος
1171 4842 1330 4899 πέντε
1360 4846 1457 4900 καὶ
1484 4848 1582 4918 τῆς
1613 4849 1791 4918 ἀσκή-

219 4949 352 4995 σεως
376 4947 390 4959 ·
426 4932 761 5002 ἀγρυπνίαν,
801 4932 1053 5002 μελέτην,
1082 4934 1269 5005 εὐχὴν,
1304 4937 1651 5007 ἐγκράτειαν,
1696 4940 1791 4993 καί⁷

219 5020 451 5090 ἡσυχίαν
480 5034 493 5049 ο
528 5019 751 5082 ταύταις
796 5021 823 5071 ὁ
853 5021 949 5083 τάς
978 5022 1172 5076 ἑαυτοῦ
1205 5023 1486 5094 αἰσθήσεις
1524 5028 1790 5081 ἐπισυνά-

217 5108 342 5179 ψας,
383 5110 483 5164 καὶ
510 5110 611 5182 τὴν
660 5110 759 5180 μὲν
793 5110 983 5181 ὅρασιν
1021 5115 1087 5183 τῇ
1135 5114 1432 5186 ἀγρυπνίᾳ,
1471 5115 1568 5187 τὴν
1622 5119 1795 5190 ἀκοὴν

222 5198 277 5254 δὲ
300 5203 365 5271 τῇ
398 5201 621 5272 μελέτῃ,
664 5201 761 5271 τὴν
791 5200 1060 5271 ὄσφρησιν
1101 5205 1169 5273 τῇ
1197 5205 1351 5274 εὐχῇ,
1385 5205 1483 5275 τήν
1509 5204 1694 5273 γεῦσιν
1723 5209 1788 5278 τῇ

220 5291 541 5363 ἐγκρατείᾳ,
578 5293 673 5345 καὶ
725 5294 825 5364 τήν
882 5294 1025 5362 ἁφὴν
1058 5294 1322 5359 συζεύξας
1349 5298 1415 5366 τῇ
1446 5297 1667 5369 ἡσυχίᾳ,
1696 5316 1789 5351 τα-

221 5382 355 5452 χέως
387 5380 646 5453 καθαίρει
669 5382 761 5436 τὸν
788 5383 911 5437 νοῦν
945 5385 1043 5456 τῆς
1085 5384 1219 5449 ἰδίας
1242 5386 1439 5455 ψυχῆς,
1473 5388 1567 5441 καὶ
1594 5387 1790 5443 λεπτύ-

221 5488 313 5537 νας
339 5474 427 5529 διὰ
462 5474 669 5529 τούτων
696 5475 879 5544 αὑτὸν,
914 5474 1103 5546 ἀπαθῆ
1136 5477 1231 5531 καὶ
1272 5477 1586 5548 διορατικδν
1620 5480 1789 5536 αὐτὸν

224 5565 611 5635 ἀπεργάζεται.

299 5765 548 5823 "lCor.
605 5782 709 5831 stt,
758 5767 835 5820 ιι.

1938 4852 2030 4908 9‘1.
2064 4849 2223 4907 Ratio
2268 4864 2515 4921 qumque
2563 4850 2848 4923 cegnoscit
2890 4850 3102 4907 ascesis
3184 4867 3379 4910 sensus
3414 4872 3433 4909 :

1867 4943 2130 5014 vigiliam,
2178 4941 2605 5005 meditationem,
2644 4941 2971 5005 orationem,
3003 4945 3420 5011 temperantiam

1865 5042 1919 5087 et
1966 5034 2227 5103 quietem.
2271 5029 2369 5087 His
2402 5030 2490 5101 qui
2538 5044 2733 5085 sensus
2769 5031 3168 5096 accommodat,
3221 5033 3430 5090 scilicet

1864 5121 2043 5175 visum
2069 5118 2289 5186 vigilite,
2312 5116 2556 5170 auditum
2592 5114 2950 5179 meditationi,
2976 5116 3263 5171 odoratum
3297 5134 3427 5172 ora-

1868 5211 2023 5276 tioni,
2076 5216 2290 5279 gustum
2353 5209 2750 5275 temperantiae,
2806 5219 2861 5259 et
2912 5213 3117 5260 tactum
3164 5217 3425 5279 coaptans

1864 5301 2057 5372 quieti,
2076 5299 2229 5354 brevi
2259 5298 2515 5369 puriﬁcat
2539 5305 2768 5352 mentem
2797 5311 2907 5352 suae
2922 5297 3137 5365 animat,
3164 5298 3425 5369 illamque

1865 5393 1946 5447 sic
1999 5390 2308 5456 exacuens,
2362 5388 2745 5459 impasslbilem
2799 5386 2980 5443 reddit
3032 5396 3085 5444 et
3142 5390 3423 5460 perspica-

1865 5498 1980 5541 CCIII
