4106 6336
712 417 820 482 895

1928 419 2225 478 NlCET/E
2256 417 2674 480 PECTORATI

3810 415 3919 478 896

787 529 875 581 92.
911 529 1142 583 Animus
1201 527 1554 597 impassibilis
1596 527 1686 582 ille
1733 535 1840 594 est,
1893 529 1985 597 qui
2041 542 2242 582 suarun

2423 525 2530 596 ιβ’.
2552 527 2698 591 Νοῦς
2731 526 2948 594 ἀπαθής
3002 524 3171 588 ἐστιν,
3196 525 3224 578 ὀ
3255 525 3363 578 τῶν
3407 521 3600 579 ἑαυτοῦ
3639 525 3916 596 κρατήσας

713 621 892 673 victor
921 620 1276 688 cupiditatum
1311 627 1364 672 et
1417 621 1664 687 superior
1695 619 1922 674 tristitia
1976 629 2036 672 et
2082 619 2270 672 laetitia

716 710 892 764 fac'us
950 721 1052 764 est.
1118 711 1219 774 Qui
1291 725 1464 778 neque
1533 711 1816 765 doloribus
1869 726 1934 763 cx
1976 710 2269 778 impetibus

717 802 913 855 anima:
973 802 1179 854 obortis
1215 800 1495 869 dejicitur,
1534 815 1712 870 neque
1760 802 1943 855 latitia
1984 817 2048 855 cx
2077 801 2269 855 anima:

715 891 896 956 quiete
930 898 1178 957 percepta
1232 889 1563 953 inebriatur,
1609 890 1706 944 sed
1741 891 1792 944 in
1827 889 2269 946 tribulationibus

717 981 932 1048 gaudet,
965 988 1018 1033 ct
1041 980 1094 1032 in
1136 978 1594 1048 prosperitatibus
1626 988 1959 1050 temperatur
1991 993 2092 1034 nec
2127 980 2266 1033 ultra

719 1070 936 1123 modum
970 1071 1211 1124 effertur.

783 1160 871 1212 93.
906 1159 1128 1229 Magnus
1159 1169 1239 1215 est
1268 1162 1577 1217 daemonum
1619 1163 1771 1216 l'uror
1801 1162 1852 1216 in
1884 1176 1978 1216 eos
2019 1161 2108 1230 qui
2140 1174 2266 1230 pro-

717 1247 902 1300 ﬁciunt
955 1263 1127 1317 usque
1173 1249 1242 1303 ad
1299 1251 1586 1305 theoriatn.
1623 1251 1957 1305 lnsidiantur
1988 1251 2133 1305 enim
2183 1251 2267 1305 eis

713 1337 801 1387 diu
848 1345 1119 1405 noctuque
1163 1355 1179 1391 :
1215 1350 1378 1407 atque
1425 1350 1536 1393 tum
1570 1355 1664 1408 per
1697 1355 1880 1394 eorum
1918 1340 2096 1394 socios
2143 1354 2268 1409 pro-

715 1426 958 1479 bationes
989 1427 1202 1483 sibimet
1234 1429 1456 1484 nocivas
1489 1431 1751 1494 excitant,
1785 1439 1895 1482 turn
1931 1445 2024 1497 per
2059 1430 2266 1497 seipsos

716 1516 955 1581 fragores
992 1516 1138 1570 cient
1169 1518 1233 1572 ad
1264 1533 1359 1573 eos
1387 1519 1688 1573 terrendos.
1721 1519 1835 1572 lmo
1869 1518 2266 1574 dormientibus

712 1606 937 1667 instant,
970 1621 1158 1660 eorum
1186 1609 1353 1677 quieti
1382 1610 1706 1673 invidentes,
1761 1611 2054 1677 multisque
2090 1611 2264 1665 modis

720 1705 908 1745 vexant
941 1694 1086 1759 illos,
1117 1699 1364 1764 quamvis
1393 1714 1589 1753 nocere
1623 1711 1895 1768 nequeant
1926 1701 2007 1756 his
2035 1702 2125 1769 qui
2157 1700 2264 1755 Deo

713 1794 768 1833 se
796 1794 1204 1838 consecrarunt.
1239 1786 1299 1839 Et
1327 1788 1432 1842 nisi
1475 1790 1698 1857 angelus
1748 1789 1961 1843 Domini
2015 1791 2263 1861 omnipo-

711 1869 872 1923 tentis
893 1872 1037 1937 ipsos
1061 1874 1379 1941 custodiret,
1403 1878 1702 1933 diabolicas
1719 1877 1943 1933 insidias
1967 1881 2262 1951 mortisque

712 1955 932 2025 laqueos
963 1975 1066 2013 non
1100 1961 1411 2032 eﬂ'ugerent.

776 2133 866 2187 94.
907 2136 1161 2193 Armatus
1215 2155 1315 2209 pro
1365 2145 1599 2210 practica
1648 2150 1860 2205 virtutis
1893 2153 2255 2224 philosophia,

707 2235 837 2276 cave
890 2225 1184 2294 diligenter
1231 2244 1261 2283 a
1325 2231 1588 2290 lethiferis
1650 2238 1957 2295 daemonum
2018 2244 2253 2301 insidiis.

704 2309 970 2374 Quantum
998 2317 1141 2370 enim
1173 2323 1510 2379 ascensionis
1545 2341 1892 2397 prOgressum
1918 2332 1972 2386 in
1995 2335 2244 2390 excelsas

701 2400 929 2455 virtutes
973 2403 1237 2473 disponis,
1299 2420 1352 2464 et
1408 2413 1590 2470 divina
1643 2418 1733 2471 lux
1772 2421 1868 2476 tibi
1918 2432 2146 2494 augetur
2197 2428 2252 2481 in

700 2492 1059 2558 orationibus,
1099 2506 1261 2566 atque
1308 2502 1372 2555 ad
1408 2506 1762 2564 revelationes
1795 2492 2046 2577 pervenis
2087 2516 2254 2570 visio-

703 2594 910 2648 nesque
941 2584 1260 2651 ineﬂ'abiles,
1297 2591 1588 2660 adjuvante
1619 2596 1846 2664 Spiritu,
1888 2608 2096 2656 tantum
2147 2604 2249 2668 illi,

697 2682 1001 2738 surgentem
1033 2684 1078 2728 te
1113 2679 1179 2730 ad
1205 2679 1401 2733 caelum
1422 2682 1684 2750 videntes,
1712 2688 1948 2743 strident
1975 2692 2250 2762 dentibus,

693 2768 747 2812 et
785 2763 1103 2831 multiplicia
1141 2772 1396 2837 nequitiae
1427 2788 1537 2828 sua:
1574 2777 1705 2830 retia
1736 2778 1788 2831 iu
1833 2782 2098 2849 spirituali
2126 2800 2250 2842 aere

692 2848 981 2918 diligenter
1013 2858 1260 2911 tendunt.
1285 2859 1400 2914 Non
1433 2864 1604 2918 solum
1627 2868 1768 2920 enim
1794 2873 2247 2940 concupiscentiae

692 2939 894 3009 iraeque
931 2946 1169 2999 carnalia
1194 2959 1244 3000 et
1277 2949 1521 3006 bestialia
1547 2967 1733 3010 contra
1754 2967 1804 3013 te
1825 2961 2107 3029 spirabunt
2135 2964 2245 3018 dae-

690 3034 893 3098 monia,
914 3035 1006 3088 sed
1022 3038 1179 3091 etiam
1199 3040 1470 3098 daemones
1488 3046 1834 3116 blasphemia:
1850 3068 2030 3107 amara
2046 3055 2244 3110 invidia

2351 615 2558 681 παθῶν,
2593 618 2687 669 καὶ
2745 617 3001 686 ὑπεράνω
3045 615 3223 684 λύπης
3273 617 3368 669 καὶ
3414 618 3585 686 χαρᾶς
3628 617 3866 685 γεγονώς
3899 633 3911 645 ·

2351 705 2408 769 ὃς
2434 707 2553 759 οὕτε
2578 709 2693 769 ταῖς
2718 709 2772 773 ἐξ
2821 708 3093 776 ἐπιφορῶν
3122 707 3318 770 λύπαις
3353 710 3758 776 ἐπιστυγνάζει,
3788 706 3912 759 οὔτε

2349 801 2416 868 τῇ
2472 799 2530 862 ἐξ
2592 799 2856 867 εὐθυμίας
2898 799 3160 867 διαχεῖται
3211 801 3370 869 χαρᾷ,
3404 799 3520 851 ἀλλ’
3551 803 3607 852 ἐν
3667 800 3764 868 μέν
3794 798 3913 859 ταῖς

2353 885 2585 954 θλίψεσι,
2616 889 2946 956 χαιρομένην
2985 887 3378 958 ἐπιφερόμενος
3403 887 3500 956 τὴν
3540 887 3736 958 ψυχὴ-δ,
3768 889 3826 940 ἐν
3856 887 3912 938 δέ

2350 980 2469 1038 ταῖς
2489 977 2794 1046 εὐθυμίαις,
2831 978 3326 1047 ἑγκρατευομένην,
3361 977 3455 1032 καὶ
3495 979 3568 1048 μὴ
3597 979 3688 1032 τοῦ
3713 979 3912 1048 μέτρου

2351 1067 2653 1136 φερομένην
2677 1068 2853 1130 ἐκτός.

2421 1153 2528 1224 ιγ’.
2561 1157 2734 1226 Πολλὴ
2768 1158 2908 1211 κατά
2934 1158 3044 1211 τῶν
3067 1159 3146 1220 είς
3169 1158 3399 1229 θεωριαν
3422 1162 3701 1230 προκοπὰς
3726 1179 3910 1214 ποίου·

2354 1245 2535 1316 μένων
2580 1249 2612 1316 ή
2672 1247 2781 1300 τῶν
2813 1248 3082 1317 δαιμόνων
3136 1249 3320 1319 μανία.
3386 1251 3759 1320 Ἐφεδρεύουσι
3804 1253 3911 1321 γάρ

2351 1336 2472 1392 κατ’
2516 1337 2694 1391 αὐτῶν
2746 1337 2912 1391 νύκτα
2951 1339 3045 1391 καὶ
3101 1338 3218 1406 μεθ’
3242 1338 3609 1408 ἡμέραν-καὶ
3663 1341 3751 1394 διὰ
3809 1343 3908 1411 μὲν

2350 1429 2458 1480 τῶν
2495 1429 2757 1482 συνόντων
2811 1429 3152 1498 πειρασμοὺς
3206 1429 3474 1498 χαλεποὺς
3522 1431 3730 1493 ἑαυτοῖς
3781 1433 3909 1482 ἐπε-

2349 1521 2588 1590 γείρουσι
2616 1536 2628 1550 ⁶
2657 1521 2724 1574 δι’
2745 1521 2954 1574 ἑαυτῶν
2976 1520 3033 1572 δὲ
3084 1519 3321 1583 κτύπους
3353 1519 3596 1573 ποιοῦσιν
3617 1523 3694 1583 είς
3724 1521 3908 1590 φόϐον.

2349 1610 2460 1662 Kal.
2493 1609 2751 1663 ὐπνοῠσιν
2800 1609 3130 1664 ἐπιτίθενται
3171 1608 3403 1672 τούτοις.
3436 1612 3500 1680 τῇ
3559 1611 3736 1663 ἀνέσει
3782 1610 3909 1679 φθο-

2350 1699 2563 1761 νοῦντες
2593 1699 2791 1763 αὐτῶν,
2843 1698 2939 1753 καὶ
2989 1698 3250 1761 ποικίλως
3308 1700 3567 1752 λυποῦσιν
3611 1701 3831 1765 αὐτοὺς,
3860 1703 3908 1753 εί

2353 1790 2448 1842 καὶ
2488 1790 2565 1860 μὴ
2606 1790 2858 1842 δύνανται
2888 1789 3139 1858 ἀδικῆσαι
3164 1791 3290 1852 τοὺς
3331 1791 3720 1859 ἀνακειμένους
3767 1792 3907 1860 Θεῷ.

2295 1843 2456 1933 ΒΚαὶ.
2477 1843 2631 1949 ἑιήιὴ
2662 1879 2889 1946 ἄγγελος
2920 1843 3124 1947 Κυριίου
3168 1843 3607 1949 παντοκράτορος
3644 1882 3672 1932 ὀ
3703 1843 3908 1947 φυλάσ-

2350 1986 2458 2022 σων
2488 1970 2681 2032 αὐτοὺς
2705 1965 2792 2040 ἦν,
2816 1971 2915 2022 ούκ
2948 1967 3012 2022 ἂν
3037 1968 3137 2038 τῆς
3173 1969 3353 2022 αὐτῶν
3374 1969 3664 2040 ἐπιϐουλῆς
3692 1971 3784 2024 καὶ
3815 1970 3908 2026 τοῦ

2349 2060 2577 2114 Θανάτου
2609 2061 2733 2122 τοὺς
2761 2059 2987 2130 βρόχους
3029 2059 3310 2128 ἐξέφυγον.

2420 2149 2517 2217 ι,δ’.
2564 2150 2899 2218 Ἐναγωνίως
2929 2150 3065 2219 ἐχων
3105 2140 3364 2221 περὶ’τὴ’θ
3411 2151 3727 2224 ἔμπρακτον
3757 2153 3908 2221 φιλο-

2349 2241 2542 2308 σοφίαν
2570 2241 2668 2308 τῆς
2697 2240 2916 2309 ἀρετῆς,
2951 2238 3185 2310 πρόσεχε
3210 2240 3454 2309 ἀκριὸὧς
3490 2245 3608 2306 ταῖς
3629 2243 3737 2294 τῶν
3784 2243 3906 2296 ὀλεο

2345 2330 2509 2400 θρίων
2553 2329 2821 2400 δαιμόνων
2866 2330 3198 2394 ἐπιϐουλαῖς.
3255 2332 3405 2401 Ὀσῳ
3452 2333 3560 2404 γάρ
3617 2333 3908 2401 ἀναϐάσεις

2346 2421 2637 2491 προκοπῶν
2688 2421 2768 2482 είς
2815 2420 3024 2490 ὑψηλὰς
3079 2421 3282 2492 ἀρετὰς
3331 2422 3651 2489 διατίθεσαι,
3699 2427 3796 2479 καὶ
3849 2427 3908 2480 τὸ

2348 2509 2464 2576 φῶς
2519 2507 2807 2572 αὑξάνεταί
2863 2523 2946 2559 σοι
3006 2507 3065 2560 τὸ
3117 2507 3258 2560 θεῖον
3307 2510 3364 2562 ἐν
3420 2514 3770 2582 προσευχαῖς,
3813 2514 3906 2567 καὶ

2349 2601 2482 2669 πρὸς
2531 2598 2896 2668 ἀποκαλύψεις
2946 2599 3082 2671 ἔρχῃ
3141 2599 3236 2652 καὶ
3305 2600 3570 2664 ὀπτασίας
3627 2605 3900 2674 ἀρρήτους

2345 2689 2434 2742 διά
2455 2689 2549 2742 τοῦ
2585 2691 2916 2759 Πνεύματος,
2939 2690 3193 2744 τοσοῦτον
3222 2691 3419 2745 ἐκεῖνοι
3453 2694 3812 2765 ἀνερχόμενόν
3845 2715 3903 2752 σε

2345 2781 2578 2851 δρῶντες
2621 2783 2754 2852 πρὸς
2806 2782 3053 2852 ούρανδν,
3088 2785 3345 2857 τρύζουσι
3381 2785 3507 2848 τοὺς
3545 2786 3783 2852 ὀδόντας,
3813 2791 3904 2842 καὶ

2344 2874 2412 2927 τά
2462 2875 2560 2942 τῆς
2606 2874 2796 2938 κακίας
2828 2875 3006 2928 αὐτῶν
3055 2877 3366 2931 πολύπλοκα
3416 2878 3604 2931 δίκτυα
3672 2881 3766 2932 ἐπὶ
3815 2880 3903 2934 τὸν

2346 2964 2533 3033 νοητὸν
2573 2964 2709 3032 ἀέρα
2749 2964 3050 3028 σπουδαίως
3103 2967 3453 3021 ἐκτείνουσιν.
3483 2968 3555 3020 Οὐ
3589 2969 3748 3038 μόνον
3791 2972 3898 3042 γὰρ

2343 3055 2393 3106 οί
2425 3054 2522 3122 τῆς
2547 3053 2840 3122 ἐπιθυμίας
2883 3057 2977 3108 καὶ
3008 3055 3100 3108 τοῦ
3129 3057 3304 3126 θυμοῦ
3344 3057 3659 3129 φιλόσαρκοί
3693 3077 3752 3113 τε
3802 3062 3895 3114 καὶ

692 3123 744 3174 in
778 3131 829 3176 te
863 3124 1162 3194 insurgent.
1197 3129 1478 3198 Praeterea,
1505 3136 1787 3194 vislbiliter
1821 3151 1872 3196 et
1902 3143 2242 3201 invisibiliter

2347 3143 2627 3212 θηριώδεις
2659 3143 2799 3195 κατά
2843 3143 2936 3196 σοῦ
2986 3123 3276 3200 πνεύσουσι
3307 3123 3578 3218 δαίμονες,
3621 3149 3758 3202 ἀλλά
3809 3149 3900 3202 καὶ

686 3225 864 3266 acrem
901 3216 1347 3289 principatusque
1376 3238 1438 3277 ac
1475 3233 1788 3298 potestates
1814 3232 2233 3304 circumvolant,

686 3305 738 3356 in
776 3319 920 3358 mera
962 3310 1140 3377 specie
1187 3313 1286 3365 sub
1321 3315 1684 3384 singularibus
1717 3321 2092 3393 horriﬁcisque
2123 3328 2238 3383 {or-

684 3397 789 3450 mis
821 3409 1162 3468 apparentes,
1204 3403 1268 3457 ad
1300 3407 1604 3462 nocendum
1647 3411 1740 3466 tibi
1789 3424 2055 3483 quantum
2092 3419 2144 3473 in
2180 3437 2238 3477 se

681 3492 788 3546 cst,
840 3489 1211 3558 evigilabunt,
1262 3493 1357 3547 sed
1417 3499 1636 3553 ntentali
1689 3506 1924 3560 orationi
1977 3512 2238 3566 exercitio

683 3579 896 3648 vigilem
927 3583 1123 3637 mentis
1147 3584 1359 3638 oculum
1387 3587 1693 3658 intendens,
1715 3595 2005 3665 animoque
2029 3609 2238 3658 natura:

684 3673 1125 3741 contemplationi
1166 3677 1436 3746 applicato
1471 3679 1562 3736 Dei
1605 3698 1768 3752 opera
1804 3690 2092 3757 meditans,
2127 3710 2234 3749 non

685 3762 897 3816 timebis
945 3764 1012 3818 ab
1054 3780 1240 3821 eorum
1291 3771 1484 3838 sagitta
1539 3775 1753 3832 volante
1796 3780 1850 3833 in
1892 3782 2012 3847 die,
2063 3802 2236 3856 neque

685 3851 823 3903 enim
861 3859 1298 3927 appropinquare
1353 3864 1707 3922 tabernaculo
1759 3878 1852 3924 tuo
1899 3851 2173 3944 valebunt,
2203 3894 2232 3934 a

683 3942 882 3998 lumine
931 3947 1028 4000 tibi
1075 3949 1243 4005 insito
1269 3956 1424 4022 quasi
1462 3959 1635 4029 caigo
1667 3962 1890 4032 repulsi,
1946 3982 2009 4024 ac
2049 3971 2233 4028 divino

680 4031 802 4101 igne
840 4039 1134 4094 combusti.

739 4382 826 4437 95.
862 4384 1098 4453 Spiritus
1127 4395 1298 4445 sancti
1332 4399 1558 4464 gratiam
1603 4405 1758 4460 valde
1789 4407 2080 4469 formidant
2110 4432 2226 4471 ma-

2345 3235 2395 3286 οἱ
2424 3233 2522 3301 τῆς
2553 3232 2894 3304 βλασφημίας
2925 3234 3103 3316 φθόνῳ
3151 3238 3332 3309 πικρῷ
3367 3255 3448 3292 σοι
3498 3239 3898 3309 ἐπαναστήσον-

2342 3329 2455 3368 ται.
2485 3316 2596 3369 Καὶ
2626 3319 2757 3388 πρὸς
2809 3322 3040 3390 τούτοις,
3071 3329 3320 3399 φανερῶς
3343 3349 3400 3384 τε
3441 3335 3533 3387 καὶ
3581 3337 3804 3405 ἀφανῶς
3849 3341 3900 3395 οἱ

2345 3403 2474 3476 περὶ
2526 3406 2615 3460 τὸν
2664 3411 2819 3480 ἀέρα,
2852 3414 2946 3466 καὶ
2987 3416 3086 3479 τὰς
3133 3419 3327 3491 ἀρχὰς,
3359 3424 3452 3476 καὶ
3504 3425 3601 3489 τὰς
3632 3403 3902 3495 ἐξουσίας

2348 3492 2651 3563 ίπτάμενοι,
2684 3500 2823 3553 κατά
2855 3506 3155 3569 φαντασίαν
3184 3511 3393 3582 γυμνὴν
3433 3515 3490 3567 ἐν
3523 3492 3902 3596 ίδὲαις-ξέναις

2344 3586 2438 3637 καὶ
2461 3592 2710 3657 φρικτατς
2754 3599 3200 3668 μεμορφωμένοι,
3233 3605 3313 3666 είς
3346 3607 3587 3661 κάκωσίν
3636 3627 3729 3662 σου
3781 3591 3901 3665 ὅσον

2343 3675 2403 3727 τὸ
2426 3677 2513 3728 ἐπ’
2537 3680 2720 3744 αὐτοῖς
2752 3684 3142 3756 ἐγερθήσονται
3171 3707 3185 3723 °
3213 3694 3348 3747 ἀλλά
3376 3700 3442 3767 τῇ
3474 3701 3637 3769 νοερᾷ
3670 3702 3900 3772 ἐργασίᾳ

2341 3766 2440 3836 τῆς
2459 3776 2760 3843 προσευχῆς
2772 3776 2980 3844 ὄμματι
2995 3781 3112 3845 νοὸς
3127 3766 3716 3859 ἐγρηγόρῳένασχολού
3724 3766 3898 3862 μενος,

2341 3859 2437 3910 καὶ
2462 3863 2578 3923 ταῖς
2606 3862 2836 3928 ἐννοίαις
2858 3868 2958 3937 τῆς
2998 3874 3232 3943 φυσικῆς
3257 3875 3486 3948 θεωρίας
3524 3881 3581 3932 ἐν
3605 3859 3902 3953 τοῖς-ποιή-

2343 3964 2508 4016 μασιν
2552 3952 2873 4022 ἐμμελετῶν,
2890 3959 2983 4012 τοῦ
3037 3962 3194 4029 Θεοῦ,
3227 3967 3288 4020 οὐ
3328 3968 3612 4042 φοδηθήσῃ
3656 3974 3767 4026 ἀπὸ
3808 3952 3896 4027 τοῦ

2340 4038 2527 4108 βέλους
2577 4043 2755 4096 αὐτῶν
2805 4048 2898 4100 τοῦ
2947 4055 3266 4122 πετωμένου
3323 4038 3536 4128 ἡμέρας
3567 4038 3741 4116 ’-οὐδὲ
3793 4066 3898 4134 γὰρ

2335 4130 2412 4200 τῷ
2441 4136 2756 4204 σκηνώματι
2788 4139 2888 4192 σου
2915 4141 3211 4212 πλησιάσαι
3238 4146 3562 4217 ἰσχύσουσιν,
3601 4152 3705 4205 ὑπὸ
3725 4155 3817 4207 τοῦ
3843 4157 3898 4207 ἐν

2337 4223 2419 4272 σοὶ
2464 4225 2641 4290 φωτὸς
2671 4220 2758 4279 οἷα
2815 4231 3004 4294 σκότος
3047 4234 3461 4306 .ἐκδιωκόμενοι,
3509 4242 3601 4294 καὶ
3647 4242 3753 4296 ὑπὸ
3805 4243 3894 4297 τοῦ

2334 4308 2479 4362 θείου
2511 4315 2681 4382 πυρὸς
2713 4319 3140 4389 ἐμπιπράμενοι.

2405 4400 2502 4466 [κε’.
2536 4404 2645 4474 Τὴν
2691 4407 2783 4459 τοῦ
2836 4409 2979 4464 θείου
3029 4414 3346 4484 Πνεύματος
3387 4420 3544 4491 χάριν
3573 4423 3897 4482 δεδίττονται

686 4472 808 4537 ¹Ῐὲ¹¹ί
863 4475 1106 4540 δινίτξιίιε.
1147 4495 1207 4533 ac
1237 4489 1526 4548 [πτηεθΐῑῗεη
1559 4505 1679 4546 cum
1712 4495 1994 4555 abundans
2041 4506 2222 4560 infun-

687 4562 813 4588 l.|....
883 4565 963 4588 -..ει
1025 4569 1175 4588 ..,.ι,τ,
1342 4576 1390 4588 ο..
1472 4580 1500 4588 γ.
1674 4585 1706 4588 _.

2603 4472 2610 4474 _
3178 4472 3189 4484 ,
3326 4472 3342 4480 -
3388 4472 3419 4489 Α
3462 4472 3534 4491 ,μ

2339 4493 2536 4560 σφόδρα
2589 4498 2688 4567 τῆς
2754 4505 3014 4572 πονηρίας
3047 4509 3114 4560 τά
3165 4510 3491 4580 πνεύματαο
3543 4517 3638 4570 καὶ
3698 4520 3896 4588 μᾶλλον

667 4562 835 4624 ditur,
883 4565 965 4616 vel
1025 4569 1178 4622 nobis
1235 4576 1536 4639 purilicatis
1569 4585 1919 4646 meditatione
1968 4610 2217 4666 puraque

666 4651 931 4706 oratione.
959 4653 1070 4708 Non
1097 4663 1211 4713 ausi
1234 4664 1374 4717 enim
1409 4675 1846 4744 appropinquare
1868 4651 2216 4743 tabernaculo

665 4757 854 4794 mrum
899 4747 988 4812 qui
1027 4747 1094 4801 ab
1133 4750 1219 4804 illa
1257 4754 1653 4827 illuminantur,
1717 4769 1848 4823 solis
1885 4771 2213 4843 imaginibus

666 4831 1046 4905 borriﬂcisqttc
1099 4839 1406 4910 fragoribus
1457 4860 1504 4904 et
1543 4854 1790 4912 obscuris
1831 4863 2058 4920 vocibus
2115 4883 2211 4925 eos

663 4928 866 4976 terrere
914 4939 974 4978 ac
1027 4931 1344 4993 perturbare
1393 4951 1682 5008 conantur,
1728 4955 1783 5000 et
1840 4965 2096 5010 revocare
2143 4957 2210 5012 ab

659 5015 918 5067 exercitio
976 5018 1170 5084 vigiliae
1228 5033 1280 5075 et
1315 5029 1623 5087 orationis:
1663 5035 1770 5090 imo
1825 5047 1878 5093 et
1923 5058 2018 5099 eos
2059 5046 2207 5102 humi

659 5101 988 5158 dormientes
1021 5109 1169 5163 nullo
1200 5128 1306 5166 non
1338 5119 1660 5176 adoriuntur
1689 5129 1952 5195 artificio;
1988 5146 2040 5189 at
2068 5137 2206 5192 invi-

658 5192 846 5248 dentes
897 5197 974 5249 vel
1023 5198 1352 5260 brevissima:
1406 5224 1650 5267 eoruma
1699 5217 1976 5278 laboribus
2017 5228 2204 5296 quieti,

655 5280 1002 5350 insidiantur,
1034 5297 1087 5343 et
1123 5296 1568 5358 convulsionibus
1594 5307 1918 5374 quibusdam
1949 5280 2206 5374 auf'erun;

2329 4584 2455 4637 ὅταν
2487 4588 2752 4654 πλουσίως
2789 4597 3259 4672 ἐπιφοιτήσασα,ἢ
3304 4606 3721 4677 καθαιρομένοις
3766 4616 3894 4682 ἡμῖν

2330 4677 2393 4728 ἐκ
2441 4679 2668 4748 μελέτης
2704 4685 2796 4736 καὶ
2845 4688 3091 4758 καθαρᾶς
3133 4697 3459 4765 προσευχῆς.
3492 4699 3582 4768 Μὴ
3611 4677 3892 4771 τολμῶντα

2328 4765 2434 4835 γὰρ
2462 4768 2756 4840 πλησιάσαι
2789 4778 2865 4845 τῷ
2899 4781 3216 4851 σκηνώματι
3249 4786 3354 4838 τῶν
3381 4790 3891 4862 καταλαμπομένων

2327 4856 2557 4922 ἐκεῖθεν,
2592 4863 2780 4930 μόναις
2829 4870 2948 4931 ταῖς
2983 4874 3300 4938 φαντασίαις
3340 4879 3433 4930 καὶ
3477 4884 3591 4943 τοῖς
3640 4884 3889 4954 φοϐερ-,ῖς

2326 4947 2575 5013 κτύποις,
2613 4955 2706 5006 καὶ
2728 4959 2845 5018 ταῖς
2880 4959 3115 5029 ἀσήμοις
3157 4969 3358 5032 φωναῖς
3390 4969 3640 5035 ἐκφοϐεῖν
3672 4975 3767 5028 καὶ
3799 4993 3885 5028 τα·

2326 5038 2547 5103 ράσσειν
2593 5043 2946 5113 ἐπιχειροῦσι,
2998 5053 3088 5102 καὶ
3137 5054 3228 5105 τοῦ
3279 5055 3439 5126 ἔργου
3501 5045 3736 5128 ἀπάγειν
3795 5066 3880 5134 τῆ,

2324 5127 2632 5195 ἀγρυπνίας
2681 5137 2773 5186 καὶ
2815 5142 3120 5210 προσευχῆς
3147 5160 3159 5170 ·
3192 5145 3326 5198 ἀλλὰ
3383 5151 3473 5202 καὶ
3519 5127 3884 5224 κατεψευσμέ-

2323 5233 2412 5269 νον
2451 5236 2501 5271 τι
2533 5221 2845 5278 ὑπνούντων
2879 5229 3057 5282 αὐτῶν
3083 5235 3172 5286 ἐπὶ
3196 5236 3316 5305 γῆς,
3337 5239 3396 5290 ού
3429 5242 3720 5307 φείδονται.
3746 5247 3880 5300 Φθοο

2321 5309 2538 5375 νοῦντες
2559 5315 2614 5366 δέ
2647 5319 2711 5386 τῇ
2739 5317 3050 5394 βραχυτάτῃ
3075 5325 3182 5378 τῶν
3225 5329 3402 5383 πόνων
3429 5333 3607 5388 αὐτῶν
3639 5339 3881 5392 ἀναπαύ-

2323 5415 2422 5462 σει,
2457 5404 2825 5475 ἐφεδρεύουσι,
2866 5395 2958 5464 καὶ
3013 5421 3283 5486 σπασμοῖς
3333 5439 3471 5475 τισιν
3515 5426 3731 5496 αἴρουσι
3793 5431 3878 5484 τὸν

2320 5489 2485 5544 ὕπνον
2531 5496 2638 5547 ἀπὸ
2691 5499 2798 5552 τῶν
2850 5501 3130 5574 βλεφάρων
3191 5511 3412 5578 αὐτῶν,
3474 5517 3877 5591 ἐπιπονωτέραν

2317 5582 2524 5636 τούτων
2554 5586 2652 5656 τὴν
2679 5589 2824 5660 ζωὴν
2850 5595 2943 5646 καὶ
2978 5596 3168 5666 ὀδύνης
3195 5603 3396 5673 μεστὴν
3442 5608 3614 5660 ποιεῖν
3643 5609 3731 5661 διὰ
3774 5611 3876 5662 τῶν

2317 5675 2576 5727 τοιούτων
2603 5679 2814 5732 ἐπινοου
2825 5683 3018 5750 μένων.

722 5726 788 5780 96
836 5728 1076 5795 Corpore
1107 5735 1290 5791 subtili
1336 5739 1510 5797 induti
1559 5747 1813 5805 videntur
1843 5756 2190 5814 tenebrarum

2511 5726 2534 5727 η
2730 5726 3018 5750 "nm..."

2393 5766 2504 5831 ἵης’.
2553 5771 3024 5840 Ἐνσωματοῦσθαι
3074 5779 3288 5834 δοκοῦσι
3334 5783 3633 5847 λεπτόν-τως
3683 5790 3749 5843 τὰ
3781 5791 3868 5844 τοῦ
