4152 6338
218 406 328 469 897

1091 407 1633 473 PRAOTICORUM
1669 406 2009 473 CAPITUM
2047 411 2293 473 CENTU
2310 411 2437 471 RIA
2470 411 2521 471 Ι.

3324 413 3430 477 858

224 517 454 583 σκότους
505 519 915 591 πνεύματα.ὡς
964 524 990 575 ὁ
1017 522 1170 592 λόγος
1217 527 1281 579 ἐκ
1314 525 1509 596 πείρας
1538 518 1788 581 ’ὑπονοεῖν
1810 528 1851 584 Α

1780 528 1851 584 pA
1880 523 2171 590 daemones,
2200 534 2252 576 ut
2283 525 2423 579 ratio
2448 525 2515 580 de
2544 527 2877 596 experientia
2908 508 3180 599 conjicere
3222 542 3420 600 potest.

223 608 444 664 δίδωσιν
470 626 484 641 ·
533 611 646 665 εἴτε
702 612 862 667 τοῦτο
918 615 1261 684 φαντάζοντα
1288 658 1301 682 ,
1342 618 1439 687 τῆς
1482 618 1787 689 αἰσθήσεως

223 698 733 774 ύποκλεπτομένης,
762 705 874 759 εἴτε
930 706 1025 761 καὶ
1071 708 1151 770 είς
1197 708 1358 761 τοῦτο
1390 711 1789 782 κατακριθέντα

219 791 335 845 ἀπὸ
376 794 473 865 τῆς
505 795 671 850 πάλαι
719 796 1065 862 ἐκπτώσεως.
1096 799 1240 871 Πλὴν
1287 801 1436 871 ὅμως
1479 802 1786 871 συμπλέκε-

220 882 354 938 σθαι
422 887 485 956 τῇ
542 888 819 959 ἐναγωνίῳ
874 891 1153 961 ἐφορμῶσι
1205 892 1405 965 ψυχῇ,
1456 880 1814 966 τρεπομένου⁴

220 975 398 1046 αὐτῆς
424 975 559 1046 πρὸς
592 976 758 1033 ὕπνον
778 980 870 1033 τοῦ
897 981 1084 1035 δούλου
1105 982 1355 1053 σώματος
1385 1000 1399 1012 θ
1430 983 1459 1037 δ
1480 986 1571 1038 καὶ
1592 986 1786 1059 δοκιμή

220 1082 311 1131 τις
347 1062 485 1120 εἷναί
515 1085 603 1138 μοι
632 1068 778 1123 δοκεῖ
821 1070 1020 1142 ψυχῆς,
1056 1073 1178 1143 ἄρτι
1207 1074 1495 1145 γινομένης
1538 1076 1789 1147 ὑπεράνω

218 1158 325 1228 τῆς
357 1159 452 1212 τοῦ
477 1159 730 1231 σώματος
769 1164 1149 1229 ταπεινώσεως
1181 1183 1194 1198 ·
1224 1167 1299 1229 th;
1326 1164 1390 1220 ἂν
1417 1167 1477 1220 τὸ
1510 1160 1789 1239 θυμοειδὲς

219 1252 399 1322 αὐτῆς
430 1255 524 1307 καὶ
570 1255 837 1329 ἀνδρεῖον,
883 1258 1029 1323 ὅπως
1063 1258 1174 1330 ἔχοι
1206 1260 1342 1313 κατά
1392 1260 1500 1314 τῶν
1535 1264 1788 1320 τοιούτων

217 1346 539 1417 ἀποδειχθῇ,
568 1349 933 1404 ἀπειλούντων
976 1352 1114 1423 αὐτῇ
1146 1352 1214 1407 τὰ
1243 1354 1467 1425 φρικτὰ,
1522 1356 1579 1411 ὲν
1629 1358 1788 1429 θυμῷ

219 1438 319 1491 καὶ
353 1439 519 1510 μανίᾳ
545 1440 712 1513 πολλῇ
744 1459 756 1472 ·
789 1437 872 1506 οἷς
902 1444 933 1513 ἡ
972 1444 1132 1515 ἔρωτι
1154 1447 1471 1518 τετρωμένη
1504 1448 1658 1515 Θεοῦ,
1695 1451 1788 1504 καὶ

216 1532 345 1592 ταῖς
379 1534 626 1599 γενικαῖς
665 1533 887 1604 ἀρεταῖς
916 1537 1316 1606 πεπυκνωμένη
1345 1537 1509 1609 ψυχὴ,
1539 1538 1599 1592 ού
1630 1540 1789 1608 μόνον

216 1621 300 1692 τῷ
350 1622 542 1694 δικαίῳ
595 1622 754 1695 θυμῷ
800 1626 1221 1691 ἀντιτάσσεται,
1273 1628 1410 1683 ἀλλά
1461 1631 1553 1683 καὶ
1593 1630 1787 1683 τύπτει

216 1714 463 1781 τούτους,
499 1715 651 1779 εἴτις
670 1717 727 1769 ὲν
753 1716 935 1781 αὐτοῖς
960 1718 1211 1787 αἴσθησις
1243 1722 1299 1773 ἐν
1336 1720 1412 1791 τῷ
1431 1721 1606 1774 δοκεῖν
1628 1723 1787 1790 ἀφει-

214 1804 331 1871 δῶς
354 1805 796 1879 ἀπογεωθεῖσιτῇ
828 1807 1098 1865 ἑκπτώοει
1127 1810 1219 1864 τοῦ
1250 1812 1467 1882 πρώτου
1512 1812 1606 1867 καὶ
1640 1811 1784 1867 θείου

216 1900 422 1968 φωτός.

289 1993 397 2059 ιιζν.
429 1994 541 2065 Πρὸ
567 1994 666 2063 τῆς
704 1993 1022 2067 συμπλοκῆς
1049 1996 1142 2049 καὶ
1173 1997 1270 2067 τῆς
1309 1997 1480 2069 ἥττης
1528 1996 1785 2060 πολλάκις

216 2083 273 2138 οἱ
304 2085 561 2154 δαίμονες
586 2084 685 2157 τὴν
719 2086 969 2157 αῐσθησιν
1018 2088 1114 2157 τῆς
1143 2087 1320 2158 ψυχῆς
1371 2089 1785 2158 ἐκταράττουσι,

217 2177 319 2231 καὶ
346 2178 437 2231 τὶν
463 2176 633 2232 ὕπνον
661 2178 767 2232 ἀπὸ
791 2177 898 2232 τῶν
930 2179 1214 2252 βλεφάρων
1241 2179 1596 2251 ἁρπάζουσιν.
1628 2180 1789 2234 Ἀλλά

218 2266 461 2339 θάρσους
500 2268 596 2322 καὶ
650 2268 901 2339 ἀνδρείας
952 2269 986 2339 ἠ
1038 2268 1143 2322 ὑπὸ
1184 2268 1278 2322 τοῦ
1330 2269 1645 2339 Πνεύματος
1694 2268 1785 2321 τοῦ

217 2358 384 2427 ἁγίου
423 2358 831 2429 πεπληρωμένη
874 2358 1042 2429 ψυχὴ,
1068 2359 1255 2427 ἀλογεῖ
1284 2357 1382 2429 μὲν
1414 2359 1531 2429 τῆς
1580 2358 1786 2411 τούτων

216 2448 416 2518 ἐφόδου
432 2451 525 2503 καὶ
564 2444 767 2521 πικρᾶς
814 2450 1030 2519 μανίας,
1055 2452 1113 2503 ὲν
1143 2450 1199 2503 δὲ
1223 2449 1303 2520 τῷ
1335 2449 1581 2519 ζωοποιῷ
1636 2450 1783 2519 μόνῳ

214 2537 403 2609 τύπῳ,
432 2540 527 2591 καὶ
546 2541 613 2609 τῇ
640 2537 920 2609 ἐπικλήσει
944 2536 1039 2591 τοῦ
1079 2536 1253 2607 Ἰησοῦ
1286 2538 1379 2591 καὶ
1412 2537 1568 2603 Θεοῦ,
1607 2539 1705 2600 τάς
1725 2554 1784 2589 τε

220 2631 529 2700 φαντασίας
554 2630 733 2685 αῦτῶν
760 2630 988 2697 διαλύει,
1026 2631 1120 2685 καὶ
1146 2630 1367 2694 τούτους
1396 2630 1511 2689 ἅμα
1541 2629 1785 2691 φυγάδας

216 2721 499 2778 ἀποτελεῖ.

294 2811 405 2883 k'q'.
456 2814 520 2868 Εί
573 2813 639 2868 τὰ
699 2814 870 2867 σκύλα
929 2811 1300 2885 προνομεῦσαι
1349 2814 1459 2867 τῶν
1512 2812 1785 2882 πολεμίων

220 2903 575 2977 πνευμάτων,
611 2905 677 2959 ὲκ
707 2904 1016 2976 πρακτικῆς
1048 2904 1269 2975 ἐξῆλθες
1315 2902 1651 2973 φιλοσοφίας,
1682 2903 1786 2971 ὅρα

220 2998 328 3052 καὶ
366 2996 600 3068 πρόσεχε
625 2998 736 3059 τοῖς
754 2995 937 3059 ὅπλοις
970 2995 1161 3048 ἑαυτὸν
1192 2994 1455 3049 πάντοθεν
1482 2993 1577 3047 τοῦ
1613 2993 1783 3047 Πνεύ-

225 3104 398 3158 ματος
431 3086 783 3149 καθοπλίσας.
817 3082 980 3149 Οἶδας
1007 3084 1115 3155 γὰρ
1160 3085 1322 3139 τίνων
1353 3086 1421 3137 τὰ
1464 3085 1633 3155 σκεύη
1687 3086 1783 3156 ἁρ-

219 3172 395 3228 πάσαι
430 3172 818 3243 προεθυμήθης
856 3189 869 3202 ·
899 3173 1189 3243 πολεμίων
1223 3174 1342 3243 μὲν,
1379 3173 1518 3225 ἀλλὰ
1579 3173 1783 3243 νοητῶν

222 3264 324 3319 καὶ
362 3264 637 3335 ἀσάρκων,
673 3265 700 3316 ὁ
744 3262 880 3333 μετά
932 3264 1179 3339 σώματος
1214 3262 1291 3316 ἔτι
1318 3262 1397 3332 τῷ
1429 3262 1635 3331 βασιὶεῖ
1678 3260 1781 3313 τῶν

221 3356 551 3426 πνευμάτων
595 3356 690 3410 καὶ
728 3354 1321 3430 Θεῷιστρατευόμενος.
1372 3351 1511 3406 Ἰσθι
1562 3353 1671 3423 γὰρ
1711 3352 1788 3417 ὡς

221 3448 551 3518 πικρότερον
586 3446 621 3518 ἢ
669 3446 929 3517 πρότερον
976 3442 1433 3515 ὲκστρατεύσουσι
1491 3442 1630 3496 κατὰ
1669 3442 1785 3509 σοῦ,

223 3541 325 3593 καὶ
367 3538 553 3593 πολλοὶ
609 3539 731 3602 ταῖς
766 3536 908 3592 κατὰ
950 3535 1044 3590 σοῦ
1100 3535 1419 3607 γενήσονται
1474 3536 1743 3605 μηχαναῖς
1770 3549 1787 3567 ·

223 3628 381 3699 and
410 3627 663 3691 λαθόντες
696 3629 754 3680 ὲν
779 3626 857 3695 τῷ
877 3626 945 3680 τὰ
982 3624 1154 3681 σκύλα
1184 3620 1605 3694 προσαπολύειν,
1647 3622 1792 3691 μετά

222 3721 433 3777 τούτων
469 3738 529 3775 σε
553 3719 890 3792 δορυάλωτον
915 3715 1304 3786 ἀφαρπάσωσι,
1336 3714 1430 3769 καὶ
1460 3713 1662 3783 πολλῆς
1694 3730 1787 3767 πι-

226 3815 393 3888 κρίας
416 3814 513 3885 τὴν
533 3812 714 3884 ψυχήν
750 3827 843 3864 σου
872 3807 1255 3881 πληρώσωσιν,
1291 3807 1325 3877 ἢ
1352 3807 1541 3869 κακοῖς
1589 3822 1647 3858 σε
1693 3805 1793 3859 καὶ

227 3908 508 3978 όδυνηροῖς
544 3900 991 3957 καθυποὸάλλωσι
1024 3897 1374 3969 πειρασμοῖς,
1404 3897 1483 3959 είς
1540 3892 1794 3947 σκώλοπα

227 3997 337 4067 τῆς
359 3994 559 4067 σαρκός
590 4010 682 4049 σου
711 3990 803 4046 καὶ
835 3990 1098 4044 κάκωσιν.

307 4085 412 4153 ἥθ’.
444 4086 517 4139 Οὐ
542 4085 763 4139 δύναται
805 4080 958 4151 πηγὴ
985 4078 1166 4148 ἀγαθὴ
1197 4076 1414 4146 νάματα
1457 4072 1650 4144 θολερά
1706 4072 1799 4126 καὶ

231 4179 411 4251 ὀξώδη
456 4176 746 4249 πηγάζειν,
777 4173 909 4244 ὕλης
943 4169 1217 4241 κοσμικῆς
1267 4166 1643 4222 ἀποπνέοντα’
1677 4161 1793 4215 οὒδλ

233 4272 438 4342 καρδία
455 4271 607 4333 ὲκτδς
628 4269 729 4336 τῆς
748 4264 1021 4337 βασιλείας
1045 4256 1178 4316 οὖσα
1199 4259 1309 4313 τῶν
1326 4256 1592 4329 οὐρανῶν,
1614 4253 1801 4325 ῥεῖθρα

236 4365 387 4433 ζωῆς
421 4379 551 4415 ποτε
589 4359 739 4422 θείας
794 4353 1096 4420 ὲκϐλύζειν,
1127 4352 1358 4406 εὐωδίαν
1394 4349 1567 4421 μύρου
1609 4342 1801 4416 νοητοῦ

237 4454 649 4523 ἀνα-πέμποντα.
685 4447 830 4522 Μήτι
880 4448 1011 4518 γὰρ,
1064 4445 1250 4517 φησὶν,
1283 4444 1318 4513 ὴ
1388 4441 1537 4510 πηγὴ
1585 4439 1649 4491 εκ
1705 4435 1805 4503 τῆς

1881 617 1994 671 sive
2030 631 2233 671 meram
2251 616 2544 674 exhibeant
2568 618 2800 687 speciem
2832 621 3293 684 sensibusillusis.
3320 640 3433 679 Sive

1879 706 1945 760 ad
1974 705 2075 761 hoc
2100 707 2305 762 fuerint
2334 708 2573 765 damnati
2603 721 2823 781 pr0pter
2882 713 3162 782 antiquum
3201 715 3429 785 lapsum.

1880 796 2152 868 Quidquid
2190 800 2280 863 sit,
2324 814 2445 854 cum
2486 802 2666 855 anima
2690 816 2921 871 pugnam
2970 806 3254 859 conserere
3302 808 3436 860 ado-

1880 893 2121 957 riuntur,
2162 906 2321 946 verso
2366 892 2431 948 ad
2458 906 2709 970 somnum
2766 894 2968 950 famulo
3000 896 3119 966 ejus
3149 912 3375 966 corpore
3420 914 3434 956 :

1882 981 2041 1051 idque
2071 981 2201 1035 mihi
2231 983 2444 1041 videtur
2476 1000 2599 1042 esse
2632 986 2886 1057 probatio
2921 989 3113 1044 animae
3136 1028 3151 1053 ,
3192 1002 3437 1045 recenter

1881 1090 2044 1147 supra
2075 1078 2319 1149 corporis
2345 1058 2611 1136 vilitatem
2638 1082 2813 1148 elatae,
2850 1090 2908 1137 ut
2935 1092 3115 1153 pateat
3136 1084 3316 1153 qualis
3358 1084 3431 1136 sit

1881 1167 1999 1237 ejus
2022 1166 2283 1223 fortitudo
2299 1177 2353 1225 et
2372 1171 2600 1228 virilitas
2621 1160 2881 1230 adversus
2903 1174 3209 1229 istiusmodi
3231 1176 3437 1240 hostes,

1883 1258 1978 1326 qui
2034 1258 2320 1313 horribilia
2377 1258 2479 1328 ipsi
2532 1261 2811 1314 minantur
2859 1279 2980 1316 cum
3030 1264 3110 1316 ira
3146 1273 3200 1316 et
3256 1262 3439 1317 furore

1886 1362 2079 1416 magno
2105 1366 2123 1417 :7
2152 1363 2286 1419 quos
2322 1347 2542 1418 quidem
2570 1364 2753 1405 amore
2780 1350 3057 1406 vulnerata
3085 1352 3269 1405 divino
3300 1367 3439 1421 prm-

1894 1438 2170 1507 cipuisque
2220 1448 2405 1503 ornata
2460 1441 2765 1505 virtutibus,
2820 1457 2925 1496 non
2975 1443 3147 1497 solum
3198 1456 3438 1511 congruo

1888 1536 2089 1596 pugnat
2115 1528 2316 1593 animo,
2341 1531 2436 1585 sed
2457 1530 2615 1585 etiam
2646 1532 2897 1600 percutit,
2921 1532 2965 1586 si
2994 1532 3117 1601 quis
3143 1532 3217 1586 sit
3240 1546 3435 1586 sensus

1890 1618 1943 1672 in
1972 1618 2083 1685 eis;
2106 1619 2303 1689 quippe
2331 1636 2466 1689 quos
2491 1622 2878 1677 immisericors
2897 1624 2952 1677 in
2980 1624 3159 1692 specie
3180 1624 3435 1679 severitas

1890 1709 1957 1763 ob
1981 1709 2188 1779 lapsum
2228 1710 2425 1779 repulit
2447 1725 2477 1764 a
2501 1711 2753 1781 primaevo
2786 1712 3075 1782 divianue
3110 1713 3332 1767 lumine.

1909 2024 1912 2027 λ
1957 1996 2047 2053 97.
2078 1995 2217 2051 Ante
2276 2008 2623 2066 congressum
2655 2000 2709 2049 et
2741 1993 2947 2049 cladem
2996 2007 3137 2062 saepe
3167 1991 3429 2046 daemonia

1890 2102 2085 2143 sensus
2120 2085 2312 2139 anima:
2353 2086 2609 2149 turbant,
2646 2097 2699 2138 et
2730 2096 2979 2138 somnum
3011 2082 3078 2135 ab
3130 2082 3302 2135 oculis
3352 2096 3433 2135 ra-

1890 2178 2065 2248 piunt.
2121 2176 2226 2232 Sed
2276 2175 2602 2232 conﬁdentia
2657 2184 2711 2230 et
2767 2173 3085 2229 fortitudine
3141 2188 3170 2227 a
3235 2173 3439 2243 Spiritu

1890 2282 2077 2328 sancto
2127 2272 2333 2341 repleta
2383 2272 2585 2335 anima,
2616 2268 2847 2338 despicit
2880 2269 3111 2323 istorum
3160 2269 3437 2321 incursum

1888 2365 2250 2433 acerbumque
2280 2364 2534 2425 furorem,
2588 2361 2640 2415 in
2691 2361 2918 2429 soloque
2962 2359 3173 2416 vivifico
3203 2358 3356 2428 signo
3385 2366 3438 2412 et

1890 2454 2231 2509 invocatione
2268 2451 2482 2507 Domini
2526 2449 2656 2507 Iesu
2697 2452 3074 2521 phantasmata
3102 2465 3289 2507 eorum
3327 2448 3440 2504 dis-

1890 2544 2030 2613 sipat
2063 2557 2264 2613 eosque
2296 2542 2457 2599 simul
2481 2542 2537 2598 in
2568 2541 2751 2611 fugam
2778 2542 3067 2598 convertit.

1957 2808 2045 2864 98.
2088 2808 2145 2864 Si
2184 2808 2357 2880 spolia
2394 2807 2735 2879 pradaturus
2787 2806 3224 2862 adversariorum
3272 2806 3442 2877 spiri-

1895 2909 2047 2955 tuum
2081 2916 2111 2957 e
2146 2901 2390 2971 practica
2420 2900 2620 2956 exieris
2649 2896 3016 2971 philosophia,
3038 2896 3158 2953 vide
3191 2907 3243 2952 et
3282 2912 3440 2963 cave,

1889 3009 2013 3049 cum
2062 3003 2112 3048 te
2152 3000 2326 3047 totum
2368 2992 2538 3048 armis
2572 2990 2813 3061 Spiritus
2868 2990 3045 3045 sancti
3114 2990 3436 3044 accinxeris.

1888 3084 2097 3141 Etenim
2146 3084 2254 3138 scis
2288 3096 2521 3153 quorum
2567 3096 2696 3135 vasa
2755 3076 2996 3150 diripere
3046 3081 3255 3149 cupias,
3316 3094 3441 3134 nam

1891 3184 2079 3232 contra
2110 3175 2293 3229 hostes
2330 3174 2568 3243 quidem,
2606 3172 2701 3229 sed
2733 3172 3043 3241 spirituales
3084 3180 3138 3227 et
3189 3173 3444 3243 incorpo-

1889 3282 2030 3330 reos,
2062 3276 2117 3320 tu
2149 3265 2323 3320 adhuc
2350 3280 2579 3334 corpore
2608 3264 2831 3319 indutus
2858 3264 2959 3318 sub
2986 3279 3113 3336 rege
3149 3264 3439 3334 spirituum

1888 3368 1941 3415 et
1966 3358 2338 3413 Deomilitas.
2384 3358 2535 3412 Scito
2566 3357 2712 3411 enim
2758 3372 2851 3411 eos
2875 3357 3055 3413 acrius
3102 3374 3258 3427 quam
3286 3368 3443 3413 antea

1888 3460 2076 3506 contra
2120 3458 2172 3505 te
2204 3456 2558 3520 pugnaturos.
2609 3447 2866 3515 variaque
2903 3448 3311 3518 excogitaturos
3349 3450 3444 3504 ad—

1889 3556 2076 3597 versus
2124 3547 2177 3595 te
2210 3548 2621 3610 stratagemata,
2670 3538 2843 3595 donec
2890 3540 3176 3609 velspolia
3214 3554 3445 3610 recupe-

1889 3631 2060 3687 rando
2086 3631 2317 3688 inscium
2352 3642 2403 3686 te
2432 3630 2596 3686 simul
2631 3645 2753 3686 cum
2775 3630 2859 3687 his
2888 3631 3163 3700 captivum
3193 3632 3433 3701 rapiant,

1889 3723 2170 3801 multaque
2196 3722 2561 3776 amaritudine
2584 3721 2819 3776 animam
2882 3726 3030 3775 tuam
3062 3720 3327 3790 repleam,
3357 3720 3442 3777 vel

1890 3815 2047 3872 malis
2093 3822 2148 3869 te
2195 3813 2549 3884 molestiaque
2603 3811 2862 3883 dejiciant
2902 3812 3322 3879 tentationibus,
3374 3811 3442 3865 ad

1889 3905 2260 3982 ﬂagellandam
2289 3920 2507 3963 carnem
2533 3913 2680 3961 tuam
2703 3908 2861 3976 eique
2887 3905 3213 3965 nocendum.

1960 4068 2051 4124 99.
2084 4067 2205 4124 Non
2240 4072 2419 4136 potest
2446 4066 2571 4121 fons
2608 4064 2786 4119 bonus
2832 4064 2979 4120 rivos
3010 4062 3257 4119 emittere
3288 4060 3434 4116 luto-

1887 4176 1979 4220 sos
2011 4161 2311 4230 fetidosque
2345 4166 2400 4214 et
2432 4157 2619 4214 mundi
2668 4156 2852 4213 faecem
2910 4156 3216 4227 spirantes;
3266 4168 3440 4225 neque

1888 4254 2102 4331 agimus
2142 4266 2171 4307 a
2217 4264 2385 4323 regno
2434 4249 2701 4306 caelorum
2746 4248 3006 4304 exsulans
3056 4255 3271 4301 scatere
3318 4246 3442 4301 vita:

1888 4346 2085 4402 divinat
2110 4343 2329 4398 ﬂuentis
2374 4356 2597 4398 suavem
2642 4338 3007 4411 spiritualium
3060 4338 3287 4394 odorum
3330 4338 3441 4391 fra-

1888 4436 2154 4507 grantiam
2179 4431 2515 4497 balantibus.
2542 4427 2710 4493 Nam,
2742 4439 2802 4483 ut
2832 4428 3037 4483 dictum
3069 4433 3185 4494 est,
3228 4444 3247 4478 ι
3280 4440 3442 4479 num-

239 4514 579 4616 αὐτῆς-ὀπῆς
612 4514 845 4613 species
877 4514 1045 4607 me.
1066 4514 1161 4591 an
1186 4535 1245 4589 τδ
1279 4533 1473 4605 πικρόν
1494 4549 1507 4596 ;
1538 4528 1630 4599 Μὴ
1652 4526 1810 4616 δύναο
1832 4519 1875 4575 D

1803 4519 2021 4613 ~unid
2074 4525 2201 4581 fons
2241 4526 2309 4580 de
2368 4524 2555 4581 eodem
2586 4520 2851 4577 foramine
2892 4525 3107 4575 emanat
3142 4514 3349 4573 dulcem
3389 4526 3443 4573 et

236 4656 335 4693 ται
373 4615 541 4707 βάτος
587 4633 770 4695 ἐλαίας
803 4632 1049 4701 ποιῆσαι,
1090 4628 1123 4700 ἢ
1182 4625 1444 4698 βαλάνους
1481 4619 1635 4673 ελαία
1658 4636 1674 4687 ;
1700 4615 1811 4671 Oh-

240 4711 352 4795 τως
377 4712 680 4798 οὐδὲπηγὴ
703 4725 802 4797 μία
832 4723 1081 4795 καρδίας,
1109 4719 1342 4791 πονηρὸν
1371 4716 1465 4771 καὶ
1486 4712 1687 4782 ἀγαθὸν
1720 4709 1811 4764 ἐπὶ

240 4824 308 4880 τδ
341 4822 473 4878 αὐτὸ
499 4822 676 4875 τεκεῖν
703 4818 905 4888 νόημαο
929 4814 1043 4871 άλλ⁹
1074 4815 1103 4867 ὁ
1136 4812 1235 4883 μὲν
1254 4800 1458 4887 ἀγαθὸς
1524 4804 1811 4877 ἄνθρωπος

246 4918 313 4970 ὲκ
332 4913 425 4969 τοῦ
452 4913 656 4983 ἀγαθοῦ
681 4907 956 4981 θησαυροῦ
1003 4907 1104 4976 τῆς
1131 4902 1361 4974 καρδίας
1392 4897 1558 4955 αὐτοῦ
1590 4894 1812 4983 ἐκφέρει

247 5006 317 5060 τὰ
342 4981 523 5073 ἀγαθά
544 5019 560 5036 ο
599 5003 627 5056 ὁ
655 5001 711 5053 δὶ
742 4996 979 5068 πονηρὸς
1022 4995 1086 5048 ὲκ
1132 4992 1225 5047 τοῦ
1260 4986 1497 5061 πονηροῦ
1542 4981 1815 5073 θησαυροῦ

250 5098 350 5169 τῆς
374 5096 601 5169 καρδίας
629 5090 789 5149 αὐτοῦ
815 5089 1037 5163 ἐκφέρει
1066 5088 1134 5142 τὰ
1161 5083 1393 5155 πονηρὰ,
1426 5079 1567 5135 κατά
1594 5077 1691 5149 τὴν
1716 5072 1813 5128 τοῦ

249 5187 457 5259 Κυρίου
480 5186 685 5256 φωνήν.

327 5284 394 5348 ρ’.
426 5278 638 5345 Ὠσπερ
659 5274 920 5328 ἀδύνατον
946 5268 1124 5323 ελαίου
1154 5265 1249 5321 καὶ
1277 5264 1447 5341 πυρὸς
1466 5262 1592 5317 ἄνευ
1621 5260 1817 5348 λύχνου

253 5346 524 5431 καίεσθαι,
561 5365 655 5418 καὶ
682 5362 891 5433 φαίνειν
910 5351 1104 5423 τοῖς“ὲν
1130 5359 1196 5427 τῇ
1222 5355 1390 5425 οἰκίᾳ,
1413 5352 1554 5406 οὕτω
1593 5349 1688 5403 καὶ
1718 5346 1821 5416 ψυ-

254 5456 359 5527 χὴν
394 5455 668 5525 ἀμήχανον
718 5451 845 5504 ἄνευ
893 5448 1036 5505 θείου
1075 5444 1386 5513 Πνεύματος
1416 5440 1508 5493 καὶ
1536 5437 1725 5507 πυρὸς,
1754 5435 1822 5527 τὰ

257 5525 378 5603 θεῖα
412 5545 733 5615 τρανότερον
775 5538 1127 5612 φθέγγεσθαι,
1163 5539 1258 5590 καὶ
1305 5532 1560 5603 φωτίζειν
1611 5525 1823 5599 ἀνθρώ-

259 5655 415 5703 πους.
443 5639 556 5692 Πᾶν
579 5635 687 5708 γὰρ
713 5633 941 5705 δώρημα
967 5631 1193 5692 τέλειον,
1226 5626 1432 5682 ἄνωθέν
1456 5626 1602 5677 ἐστιν
1633 5622 1697 5674 ὲκ
1729 5617 1823 5673 τοῦ

335 5800 378 5833 ³⁸
404 5798 515 5853 Jac.
559 5814 639 5857 ιιι,
674 5799 762 5854 Η.
837 5798 882 5832 ³¹
910 5794 1101 5853 Matth.
1130 5810 1226 5860 xit,
1249 5794 1285 5850 3
1315 5794 1385 5861 5;
1426 5791 1558 5849 Luc.
1584 5806 1659 5858 vr,
1688 5788 1778 5846 ιε.

1886 4607 2126 4673 amaram
2162 4629 2357 4684 aquam
2382 4613 2466 4668 ³ίῖ
2498 4630 2516 4663 ι
2553 4609 2824 4680 Numquid
2857 4616 3037 4681 potest
3069 4608 3237 4663 rubus
3264 4608 3439 4663 olivas

1886 4710 2083 4777 facere,
2115 4717 2210 4763 aut
2240 4706 2466 4778 glandes
2495 4704 2777 4761 olivailta
2804 4718 2905 4759 nec
2935 4716 3079 4759 unus
3105 4700 3228 4757 fons
3254 4700 3438 4755 cordis

1886 4803 2059 4860 bonas
2095 4809 2150 4858 et
2176 4800 2347 4856 malas
2378 4800 2525 4854 circa
2554 4797 2693 4861 idem
2729 4797 3032 4867 producere
3062 4800 3239 4864 potest
3284 4791 3435 4861 cogi—

1894 4896 2158 4961 tationes;
2190 4891 2290 4949 sed
2320 4910 2341 4943 ι
2376 4891 2551 4947 bonus
2572 4889 2735 4945 homo
2766 4889 2832 4943 de
2861 4889 3003 4942 bono
3030 4889 3287 4941 thesauro
3321 4898 3445 4939 cor-

1897 4989 1983 5045 dis
2022 4986 2109 5043 sui
2160 4983 2369 5057 profert
2414 4982 2578 5047 bona,
2619 4987 2673 5035 et
2726 4978 2903 5035 malus
2954 4978 3117 5032 homo
3170 4976 3237 5032 de
3299 4973 3446 5029 malo

1897 5078 2153 5135 thesauro
2178 5062 2361 5131 eordis
2399 5072 2484 5130 sui
2514 5069 2722 5143 profert
2762 5069 2933 5136 mala',
2967 5086 2986 5120 ι
3029 5066 3188 5138 juxta
3232 5064 3444 5120 Domini

1898 5187 2099 5301 νθῗθοιδ.
2142 5214 2296 5300 Sicut
2321 5255 2431 5297 non
2463 5242 2639 5310 potest
2680 5234 2797 5292 sine
2829 5230 2949 5287 oleo
2983 5238 3036 5285 et
3073 5231 3196 5298 igne
3220 5227 3445 5284 lucerna

1908 5335 2153 5401 accendi,
2185 5341 2238 5388 et
2274 5332 2495 5387 illucere
2528 5329 2593 5383 iis
2620 5326 2710 5396 qui
2757 5320 2886 5378 sunt
2924 5320 2978 5374 in
3008 5319 3191 5401 domo,
3222 5318 3303 5371 sic
3336 5329 3444 5369 non

1907 5434 2082 5498 potest
2110 5424 2289 5478 anima
2328 5422 2445 5477 sine
2490 5417 2674 5473 divino
2722 5414 2924 5484 Spiritu
2974 5418 3028 5466 et
3086 5410 3211 5479 igne
3260 5405 3445 5460 divina

1908 5519 2050 5574 clare
2072 5515 2341 5584 explicare
2361 5522 2413 5567 et
2433 5509 2703 5565 illustrare
2725 5504 2994 5560 homines.
3014 5500 3231 5556 Etenim
3254 5516 3272 5549 ‹
3293 5509 3453 5551 omne

1907 5610 2107 5666 donum
2138 5601 2434 5679 perfectum
2463 5602 2749 5659 desursum
2766 5606 2869 5665 est,
2892 5593 3227 5651 descendens
3246 5605 3274 5644 a
3294 5590 3452 5646 Patre
