4152 6338
659 365 769 430 899

1846 364 2144 428 NICETIE
2175 368 2597 429 PECTUHATI

3788 376 3901 440 900

660 487 928 542 luminum
971 487 1050 558 (in
1094 486 1398 544 mercedem
1429 488 1625 543 animm
1665 484 1834 543 Deum
1870 487 2168 558 diligentis)
2207 504 2218 543 :

2315 489 2424 542 τῶν
2451 488 2648 558 φώτων
2689 488 2922 560 Πατρδς,
2951 489 3448 561 ἔπιϐραϐευόμενον
3483 492 3629 561 πάσῃ
3664 488 3899 558 φιλοθέῳ

659 579 804 649 apud
837 594 999 649 quem
1031 594 1139 634 non
1161 587 1244 635 est
1272 578 1446 646 (juxta
1470 592 1687 634 sacrum
1705 579 2013 650 oraculum)
2040 587 2220 637 trans-

683 671 912 728 mutatio
941 686 1044 728 nec
1080 669 1413 728 vieissitudis
1441 669 1788 734 obumbratio
1813 669 1879 726 ⁸³.
1916 687 1938 725 ι

2314 578 2460 650 ψυχῇ
2494 597 2508 611 ο
2539 579 2674 650 παρ’
2711 572 2756 646 ᾦ
2792 581 2892 634 οὐκ
2924 580 3028 648 lin,
3069 580 3212 636 κατά
3237 582 3298 635 τὸ
3326 582 3529 651 λόγιον,
3567 576 3900 651 παραλλαγὴ

2316 669 2413 723 καὶ
2457 671 2666 741 τροπῆς
2697 670 3077 743 ἀποσκίασμα.

666 889 3868 919 MM

1855 1063 2165 1180 ΤΟΥ
2218 1065 2712 1184 ΑΥΤΟΥ

1029 1312 1525 1404 ΔΕΥΤΕΡΑ
1599 1311 2098 1404 ΦΥΣΙΚΩΝ
2171 1309 2821 1405 ΚΕΦΑΛΑΙΩΝ
2856 1311 3518 1409 ΕΚΑΤΟΝΤΑΣ

1667 1499 1843 1556 ΠΕΡΙ
1876 1497 2021 1556 ΤΗΣ
2072 1500 2204 1556 ΤοΥ
2238 1500 2435 1555 ΝΟΟΣ
2479 1503 2923 1560 ΚΔΕΑΡΣΕΩΣ.

1949 1823 2100 1938 EJ
2115 1824 2583 1941 USDEM

904 2067 1686 2164 PHYSICORUM
1771 2070 2301 2164 CAPITUM
2390 2076 2999 2172 CENTUBIA
3107 2080 3644 2176 SECUNDA

1767 2311 1886 2373 DE
1918 2309 2470 2375 PURGATIONE
2492 2311 2777 2380 ANIMI.

723 2673 775 2725 l.
810 2667 1149 2738 Principium
1182 2665 1390 2722 amoris
1422 2665 1518 2721 Dei
1563 2677 1647 2722 est
1681 2669 1982 2725 visibilium
2025 2672 2218 2727 huma-

2388 2667 2459 2720 α’.
2505 2665 2674 2736 Ἀρχὴ
2718 2665 2816 2736 μὶν
2861 2657 3083 2736 ἀγάπης
3109 2664 3266 2732 Θεοῦ,
3297 2665 3406 2719 τῶν
3449 2666 3744 2738 ὁρωμένων
3797 2668 3896 2723 καὶ

652 2773 956 2830 uarumque
982 2773 1164 2814 rerum
1197 2759 1526 2828 despectus;
1562 2758 1804 2814 medium
1850 2776 2003 2828 vero,
2037 2763 2224 2820 cordis

647 2859 706 2905 et
740 2851 902 2904 animi
940 2850 1212 2918 purgatio,
1245 2864 1312 2904 ex
1337 2864 1444 2918 qua
1473 2850 1782 2917 procedunt
1811 2851 2112 2919 spiritualis
2141 2853 2225 2908 in-

654 2939 1042 2997 tellectualium
1074 2941 1358 2994 oculorum
1389 2941 1621 3009 apertio,
1653 2949 1708 2996 et
1737 2941 2045 2998 absconditi
2080 2945 2222 2999 intra

657 3043 756 3084 nos
793 3029 942 3098 regni
999 3026 1092 3081 Dei
1141 3028 1419 3098 cognitio;
1465 3029 1587 3084 linis
1621 3030 1877 3097 denique,
1927 3033 2222 3091 vehemens

657 3117 995 3172 desiderium
1027 3116 1532 3184 supernaturalium
1566 3117 1658 3173 Dei
1709 3120 2000 3187 donorum,
2030 3130 2085 3177 et
2123 3138 2223 3179 na-

654 3209 850 3272 turalis
879 3210 1157 3278 appetitus
1183 3209 1472 3266 societatis
1493 3223 1619 3266 cum
1654 3209 1787 3277 Deo,
1819 3225 1940 3282 qua:
1961 3222 2046 3270 est
2072 3213 2216 3286 ipsa-

657 3308 768 3353 met
808 3300 860 3352 in
893 3314 956 3353 eo
990 3299 1168 3368 quies.

720 3390 774 3445 2.
805 3390 906 3446 Ubi
935 3405 1090 3444 amor
1126 3391 1219 3445 Dei
1251 3399 1306 3446 et
1338 3391 1704 3462 spiritualium
1737 3409 1920 3451 rerum
1950 3399 2220 3467 operatio,

652 3485 706 3532 et
738 3477 1136 3532 inaccessibilis
1161 3478 1304 3535 lucis
1339 3482 1715 3552 participatio,
1752 3484 1827 3537 ibi
1852 3488 2220 3554 potentiarum

653 3569 847 3622 animae
896 3584 1018 3639 pax,
1074 3571 1375 3640 mentisque
1425 3573 1699 3642 purgatio,
1756 3583 1812 3629 et
1871 3575 2211 3635 inhabitatio

654 3668 862 3714 sancta:
893 3657 1196 3715 Trinitatis.
1256 3659 1470 3714 Etenim
1525 3679 1544 3714 ‹
1594 3662 1685 3732 qui
1708 3663 1886 3733 diligit
1919 3680 2030 3732 me,
2061 3668 2221 3724 Chri-

651 3755 773 3803 stus
823 3747 1022 3817 inquit,
1060 3762 1370 3804 sermonem
1421 3765 1600 3806 meum
1649 3755 1908 3815 servabit.
1957 3765 2012 3813 et
2059 3758 2221 3817 Pater

653 3852 809 3892 meus
835 3838 1025 3907 diliget
1050 3854 1199 3904 eum,
1228 3849 1281 3894 et
1311 3840 1380 3894 ad
1405 3855 1529 3896 eum
1561 3843 1874 3911 veniemus,
1899 3858 1954 3903 et
1978 3852 2223 3906 mansio-

646 3942 774 3981 nem
808 3931 950 3998 apnd
983 3945 1108 3984 eum
1137 3931 1402 3985 faciemus
1432 3931 1478 3964 “
1509 3971 1525 3988 .
1558 3951 1578 3985 ι

719 4015 774 4068 3.
801 4014 935 4071 Tres
981 4020 1128 4072 novit
1161 4019 1302 4075 ratio
1350 4028 1528 4077 status
1559 4021 1716 4088 vitae,
1769 4026 2064 4095 carnalem,
2094 4029 2215 4084 ani-

648 4105 849 4160 malem
902 4115 957 4162 et
1002 4109 1375 4177 spiritualem.
1414 4111 1619 4168 Horum
1673 4117 2055 4187 unusquisque
2086 4134 2217 4190 pro-

650 4196 827 4265 prium
864 4198 1021 4253 habet
1051 4201 1351 4257 exsistendi
1383 4204 1602 4259 modum
1637 4205 1691 4260 in
1722 4221 1782 4262 se
1811 4207 2131 4265 distinctum
2163 4222 2219 4267 et

647 4290 719 4341 ab
749 4288 869 4344 aliis
903 4291 1248 4347 dissimilem.

721 4383 775 4436 4.
807 4381 1051 4439 Carualis
1083 4387 1202 4439 vita
1227 4395 1401 4442 status
1428 4397 1576 4445 totus
1603 4389 1972 4460 voluptatibus
1999 4401 2053 4449 et
2079 4409 2217 4464 pra:—

646 4476 824 4530 senris
859 4477 981 4530 vita:
1012 4477 1223 4532 deliciis
1255 4479 1474 4534 deditus
1507 4490 1612 4546 est,
1660 4484 1794 4537 nihil
1822 4487 2071 4543 animalis
2101 4491 2219 4558 spi-

649 4565 975 4636 ritualisqne
1003 4579 1178 4624 status
1209 4571 1262 4624 in
1293 4587 1353 4626 se
1380 4573 1612 4639 habens,
1637 4584 1729 4627 aut
1768 4577 2053 4645 acquirere
2083 4581 2217 4633 ulla-

650 4664 811 4711 tenus
847 4659 1056 4713 volens.
1095 4661 1383 4726 Animalis,
1418 4664 1572 4733 quasi
1610 4665 1802 4719 vitium
1854 4674 1908 4721 et
1958 4669 2215 4724 virtutem

651 4747 1006 4816 intn'jacens,
1042 4750 1109 4804 ad
1175 4767 1359 4806 curam
1416 4754 1819 4825 sanitatemque
1869 4761 2117 4829 corporis
2163 4769 2217 4816 et

649 4837 719 4889 ad
761 4838 968 4890 laudem
1011 4840 1306 4894 humanam
1343 4842 1593 4906 intendit,
1623 4846 1828 4912 pariter
1856 4847 2071 4901 labores
2103 4848 2215 4901 vir-

650 4928 786 4982 tutis
832 4932 1138 4996 excutiens,
1191 4942 1244 4986 et
1293 4947 1457 5002 opera
1502 4934 1718 5004 fugiens
1769 4938 1986 5000 carnis,
2040 4954 2217 5004 neque

652 5019 864 5083 virtuti,
901 5035 1080 5088 neque
1132 5023 1261 5077 vitio
1302 5025 1644 5089 incumbens,
1672 5038 1890 5096 propter
1939 5031 2216 5099 oppositas

651 5109 754 5162 sibi
807 5111 1038 5164 invicem
1078 5127 1276 5167 causas
1311 5131 1326 5171 ;
1357 5131 1464 5169 non
1497 5117 1703 5179 virtuti,
1741 5122 1962 5186 prepter
2008 5122 2215 5188 asperi-

651 5206 818 5252 tatem
871 5201 994 5271 ejus
1049 5204 1212 5258 simul
1244 5214 1298 5258 ct
1344 5205 1750 5273 diﬂicultatcm;
1796 5222 1905 5262 non
1957 5210 2109 5273 vitio,
2148 5227 2216 5265 nc

2316 2754 2677 2826 ἀνθρωπίνων
2719 2758 3065 2826 πραγμάτων
3094 2758 3129 2827 ἡ
3173 2756 3582 2827 καταφρόνησις
3605 2774 3619 2790 ·
3651 2759 3892 2830 μεσότης

2316 2846 2393 2908 δὲ,
2426 2847 2654 2916 καρδίας
2681 2845 2778 2900 καὶ
2827 2848 2946 2910 νοδς
2991 2846 3366 2918 κάθαρσις-ἒξ
3403 2843 3474 2920 ἧς
3510 2849 3544 2916 ή
3592 2850 3753 2918 νοερά
3784 2850 3895 2902 τῶν

2316 2937 2523 3008 νοητῶν
2549 2937 2846 3007 ὀφθαλμῶν
2867 2937 3232 3007 ἀποκάλυψις,
3259 2939 3354 2993 καὶ
3387 2941 3420 3009 ἡ
3459 2940 3752 3008 ἐπίγνωσις
3785 2937 3890 3008 τῆς

2315 3029 2705 3100 κεκρυμμένης
2729 3029 2787 3080 ιν
2812 3031 2944 3099 ἡμῖν
2974 3028 3082 3082 τῶν
3119 3029 3361 3099 οὐρανῶν
3395 3029 3671 3100 βασιλείας
3699 3046 3712 3061 ·
3739 3029 3894 3094 τέλος

2314 3117 2392 3181 δὲ,
2432 3119 2800 3189 ἀκατάσχετος
2822 3117 2961 3189 ερως
2988 3118 3098 3171 τῶν
3119 3119 3259 3189 ὑπὲρ
3285 3118 3446 3188 φύσιν
3475 3118 3569 3173 τοῦ
3614 3119 3750 3173 Θεοῦ
3783 3119 3883 3174 δω-

2317 3208 2476 3278 ρεῶν,
2505 3208 2599 3263 καὶ
2631 3210 2833 3280 φυσικὴ
2884 3209 3149 3279 ἑπιθυμία
3213 3211 3312 3280 τῆς
3359 3211 3499 3280 μετά
3529 3210 3665 3265 Θεοῦ
3709 3212 3883 3267 dwa-

2314 3301 2472 3370 φείας
2502 3301 2673 3371 αὐτῆς
2715 3303 2813 3371 τῆς
2853 3303 2911 3356 ὲν
2941 3300 3090 3372 αὑτῷ
3116 3303 3534 3366 καταπαύσεως.

2387 3390 2456 3460 β’.
2479 3391 2654 3444 Ὅπου
2695 3392 2835 3462 ἔρως
2859 3391 3016 3453 Θεοῦ,
3048 3393 3145 3445 καὶ⁵
3188 3393 3295 3446 τῶν
3325 3392 3529 3463 νοητῶν
3549 3391 3892 3464 πραγμάτων

2311 3483 2346 3550 ἡ
2383 3481 2635 3551 ἐργασία,
2669 3483 2764 3535 καὶ
2812 3483 2846 3552 ἡ
2903 3483 3164 3552 μετουσία
3196 3482 3292 3536 τοῦ
3339 3481 3636 3552 ἀπροσίτου
3689 3483 3887 3551 φωτθδς,

2312 3571 2580 3644 ἐκτίκτῶν
2632 3572 2918 3642 δυνάμεων
2971 3570 3072 3641 τῆς
3122 3572 3302 3642 ψυχῆς
3353 3573 3566 3643 εἰρήνη,
3619 3573 3714 3628 καῖ⁵
3766 3573 3887 3638 νοὸς

2312 3661 2602 3732 κάθαρσις,
2638 3662 2733 3715 καὶ
2769 3664 2801 3732 ἡ
2835 3661 3110 3732 ὲνοίκησις
3128 3663 3230 3732 τῆς
3287 3662 3446 3730 ἁγίας
3471 3663 3718 3733 Τριάδος.
3753 3681 3774 3716 ‹
3826 3663 3886 3718 '0

2312 3753 2420 3824 γὰρ
2447 3753 2679 3821 ἀγαπῶν
2707 3770 2796 3823 με,
2839 3753 2993 3823 φησι,
3017 3753 3110 3806 τὸν
3132 3752 3292 3822 λόγον
3324 3771 3424 3823 μου
3453 3755 3706 3834 τηρήσει,
3735 3755 3828 3808 καὶ
3854 3755 3884 3807 ὁ

2313 3846 2502 3915 Πατήρ
2533 3862 2632 3913 μου
2660 3845 2936 3915 ἀγαπήσει
2967 3844 3152 3907 αὐτὸν,
3185 3844 3442 3915 καὶπρὸς
3471 3843 3635 3898 αὐτὸν
3675 3845 3890 3898 ἐλευσό-

2319 3936 2478 4005 μεθα,
2513 3936 2606 3987 καὶ
2639 3935 2805 4004 μονὴν
2835 3935 2966 4005 παρ’
2998 3933 3148 4002 αὐτῷ
3169 3935 3486 4006 ποιήσομεν.
3532 3953 3551 3986 s

2385 4023 2453 4092 γ’.
2488 4025 2650 4094 Τρεῖς
2705 4020 2906 4077 οἷδενιό
2946 4025 3102 4092 λόγος
3141 4024 3505 4087 καταστάσεις
3551 4024 3645 4077 τοῦ
3710 4023 3830 4094 βίου
3868 4039 3886 4056 ο

2315 4116 2602 4188 σαρκικὴν,
2623 4115 2881 4185 ψυχικὴν,
2897 4116 2990 4169 καὶ
3009 4097 3406 4186 πνέυματικήν.
3444 4115 3661 4168 Τούτων
3681 4115 3886 4185 ἑκάστη

2309 4210 2409 4276 τὴν
2453 4207 2659 4260 οἰκείαν
2693 4207 2805 4274 ἔχει
2854 4205 3091 4258 διάθεσιν
3120 4205 3222 4275 τῆς
3266 4205 3412 4277 ζωῆς
3457 4205 3889 4277 διακεκριμένην

2311 4298 2446 4368 πρὸς
2468 4297 2686 4368 ἑαυτὴν,
2714 4295 2804 4350 καὶ
2830 4296 2937 4349 τῶν
2959 4297 3420 4368 ἀλλωνξάνόμοιον.

2378 4389 2440 4443 δ’.
2485 4389 2547 4440 Ἦ
2580 4388 2816 4460 σαρκικὴ
2850 4387 2947 4441 τοῦ
2993 4388 3108 4458 βίου
3157 4389 3488 4451 κατάστασις
3526 4388 3623 4456 ὅλη
3651 4386 3884 4440 καθόλου

2313 4482 2448 4553 πρδς
2496 4480 2685 4549 ήδονάς
2725 4479 2818 4532 καὶ
2878 4479 3207 4542 ἀπολαύσεις
3255 4480 3354 4550 τῆς
3405 4479 3687 4550 παρούσης
3742 4478 3888 4550 ζωῆς

2311 4571 2684 4640 καταγίνεται,
2725 4569 2892 4641 μηδὲν
2934 4569 2966 4640 ἢ
3017 4570 3125 4624 ἀπὸ
3171 4572 3269 4640 τῆς
3304 4569 3541 4640 ψυχικῆς
3600 4570 3884 4623 καταστά-

2314 4683 2470 4728 σεως.
2511 4664 2669 4734 ἢάπὸ
2707 4664 2805 4733 τῆς
2829 4664 3210 4733 πνευματικῆς
3256 4664 3392 4734 πρὸς
3432 4663 3632 4732 ἑαυτὴν
3659 4664 3882 4732 ἔχουσα,

2309 4760 2342 4827 ἢ
2404 4757 2507 4811 κᾶν
2567 4758 2703 4819 ὅλως
2778 4754 3078 4825 βουλομένη
3156 4752 3625 4824 προσκτήσασθαι.
3696 4753 3760 4806 Ἦ
3826 4753 3884 4806 δὲ

2307 4849 2554 4918 ψυχικὴ,
2618 4845 2864 4916 μεθόριος
2931 4862 3016 4907 τις
3079 4843 3209 4897 οὖσα
3266 4843 3462 4906 κακίας
3510 4843 3603 4896 καὶ
3655 4843 3878 4913 ἀρετῆς,

2309 4937 2444 5004 πρὸς
2507 4935 2605 5004 τὴν
2663 4933 2756 4985 τοῦ
2819 4932 3071 5000 σώματος
3148 4933 3466 5002 ἐπιμέλειαν
3535 4933 3632 4985 καὶ
3710 4931 3882 5000 ρῶσιν

2307 5027 2428 5096 ὁρᾷ,
2461 5026 2554 5078 καὶ
2595 5023 2732 5094 πρὸς
2767 5024 2856 5076 τὸν
2903 5022 3119 5075 ἔπαινον
3174 5023 3282 5075 τῶν
3314 5021 3613 5090 ἀνθρώπιον
3634 5038 3646 5052 ·
3679 5022 3880 5092 ἀπίσης

2307 5117 2432 5174 τοὺς
2474 5134 2531 5168 τε
2574 5117 2766 5177 πόνους
2811 5115 3182 5183 ἀποσειομένη
3224 5114 3322 5182 τῆς
3378 5113 3600 5181 ἀρετῆς,
3633 5115 3728 5167 καὶ
3779 5115 3883 5177 τάς

2316 5207 2542 5276 πράξεις
2568 5205 2842 5273 φεύγουσα
2865 5205 2964 5272 τῆς
3007 5204 3238 5274 σαρκόςο
3277 5203 3351 5274 μὴ
3385 5204 3757 5273 προσκιιμὲνη
3784 5221 3884 5256 κα·

652 5292 935 5347 amittatur
1002 5298 1287 5351 hominum
1347 5303 1700 5358 existimatio.
1746 5304 2058 5373 Spiritualis
2123 5307 2214 5361 de-

2317 5301 2431 5369 κίᾳ,
2466 5298 2499 5367 ἢ
2554 5299 2744 5368 ἀρετῇ.
2773 5295 2858 5349 διὰ
2890 5296 2989 5358 τὰς
3027 5299 3085 5350 ὲν
3123 5297 3312 5357 αὑταῖς
3336 5294 3645 5357 ἀντιθέτους
3675 5295 3877 5356 αἰτίας.

654 5397 799 5436 mum
849 5386 972 5441 vitae
1024 5398 1204 5444 status
1257 5391 1488 5446 duorum
1537 5395 1778 5463 priorum
1831 5397 1963 5450 nihil
2015 5398 2215 5453 habere

2312 5391 2480 5462 ἀρετῇ
2511 5390 2630 5457 μὲν,
2662 5389 2748 5440 διὰ
2788 5389 2847 5439 τὸ
2899 5389 3073 5457 τραχὺ
3118 5387 3322 5458 ταύτης
3359 5386 3495 5457 ὁμοῦ
3541 5387 3635 5438 καὶ
3681 5386 3879 5437 ὲπίποο

651 5472 790 5536 vult,
819 5477 1086 5536 etambos
1115 5479 1185 5532 ita
1219 5481 1388 5535 malos
1423 5483 1646 5536 minime
1679 5484 1906 5552 appetit,
1938 5485 2031 5540 scd
2069 5495 2217 5541 totus

2312 5498 2434 5532 νον·
2478 5480 2645 5548 κακίᾳ
2691 5478 2878 5543 ὀὲ,διά
2937 5483 2996 5531 τὸ
3052 5479 3124 5548 μὴ
3174 5477 3576 5549 προσαπολέσαι
3615 5478 3742 5538 τοὺς
3771 5475 3880 5527 τῶν

655 5564 723 5617 ab
768 5575 999 5634 utroque
1057 5584 1282 5638 prorsus
1337 5573 1492 5635 liber,
1548 5575 1912 5646 (lcargentatis
1971 5577 2213 5630 Charita-

2313 5572 2616 5642 ἀνθρώπων
2665 5573 2938 5634 ἐπαίνους.
3008 5571 3070 5623 Ἦ
3123 5571 3178 5624 δὲ
3225 5568 3568 5638 πνευματικὴ
3611 5568 3704 5622 τοῦ
3762 5567 3878 5637 βίου

733 5765 774 5796 ⁸³
807 5766 920 5821 Jac.
953 5784 986 5829 ι,
1034 5770 1111 5820 l7.
1195 5770 1236 5798 "
1270 5769 1423 5824 Joan.
1485 5786 1588 5836 xiv,
1627 5771 1712 5825 23.
