4106 6336
183 406 287 469 901

1117 394 1598 457 PHYSICOBUM
1635 390 1973 455 CAPITUM
2011 390 2401 453 CENTURIA
2432 395 2511 456 ΙΙ.

3287 402 3394 463 902

186 498 524 565 κατάστασις
569 499 913 572 τούτωνμὲν
954 500 1107 555 οὐδὲν
1143 483 1466 571 ὀύτεῐχειν
1515 501 1752 571 αἱρεῖται

1851 504 1912 558 tis
1951 502 2514 573 impassibilitatisque
2568 506 2762 576 pennis
2809 504 3001 560 ambos
3049 506 3388 575 supervolat,

185 589 309 645 οὔτε
344 591 481 663 πρὸς
521 590 665 645 οὕτω
697 591 843 646 κακά
893 591 1279 661 καταγίνεσθαι
1309 592 1380 647 τὰ
1422 591 1708 662 ἀμφότερα
1737 608 1751 622 ⁸

187 680 304 735 ἀλλ’
329 682 426 751 ὅλη
456 680 519 735 δι’
550 682 675 736 ὅλου
729 681 1016 752 ἐλεύθερός
1058 684 1175 736 ἐστι
1224 683 1430 754 ταύτης
1469 682 1755 753 κάκείνης,

186 771 416 841 πτέρυξι
467 774 968 845 περιηργυρωμένη
1020 773 1240 847 ἀγάπης
1296 776 1393 829 καὶ
1438 774 1707 838 ἀπαθείας
1739 814 1754 839 ,

188 864 611 936 ὑπεριπταμένη
662 867 770 920 τῶν
816 866 1142 938 ἀμφοτέρων
1174 909 1189 933 ,
1248 870 1386 940 μήτε
1441 869 1759 940 πράττουσά

182 972 242 1009 τι
292 956 401 1009 τῶν
456 956 950 1027 ἀπηγορευμένων,
978 961 1070 1012 καὶ
1111 958 1210 1031 τὴν
1264 958 1464 1030 ἀργίαν
1514 957 1756 1028 ἀποφεύ-

185 1062 358 1114 γουσα
388 1047 499 1101 τῶν
545 1049 753 1106 κακῶν.

262 1142 323 1191 ε’.
355 1138 417 1190 Ol
456 1137 736 1207 σαρκικῶς
764 1138 988 1207 ζῶντες,
1019 1141 1114 1195 καί¹
1141 1140 1276 1196 πολὺ
1319 1140 1382 1194 τὺ
1412 1143 1513 1213 τῆς
1554 1142 1758 1213 σαρκὸς

1840 591 1977 646 nihil
2018 591 2172 648 vetiti
2223 592 2330 649 sibi
2374 594 2666 665 permittit,
2713 604 2768 652 et
2813 596 3068 652 inertiam
3122 595 3261 668 fugit
3314 597 3396 653 vl-

1838 682 2063 739 tiorum.

1911 1147 1964 1201 5.
1997 1144 2101 1212 Qui
2134 1142 2428 1199 carnaliter
2451 1142 2677 1207 vivunt,
2723 1154 2947 1197 sensum
2981 1139 3253 1194 carnalem
3287 1138 3392 1191 im-

185 1226 443 1298 φρόνημα
488 1229 832 1300 ἐπικείμενον
866 1233 925 1286 ιν
973 1232 1188 1295 ἑαυτοῖς
1234 1232 1487 1303 ἔχοντες,
1551 1233 1755 1302 σάρκες

1851 1229 2149 1294 manentem
2190 1238 2243 1292 in
2265 1235 2463 1306 seipsis
2490 1235 2777 1299 habentes,
2803 1248 2926 1288 cum
2955 1233 3063 1288 sint
3092 1248 3215 1286 vere
3240 1247 3392 1293 caro,

184 1318 512 1389 αὐτόχρημα
536 1320 708 1389 ὅντες,
729 1322 790 1375 οὐ
814 1322 1067 1378 δύνανται
1091 1324 1284 1393 ἀρέσαι
1305 1323 1422 1394 Θεῷ
1443 1339 1458 1355 ·
1494 1325 1757 1377 σκοτεινοί

181 1410 297 1481 γάρ
320 1412 426 1463 εἰσι
454 1415 569 1475 τοῖς
594 1416 938 1487 φρονήμασι,
961 1418 1057 1471 καὶ
1089 1417 1198 1471 τῶν
1219 1417 1455 1472 ἀκτίνων
1468 1416 1570 1470 τοῦ
1610 1416 1756 1470 θείου

184 1499 367 1567 φωτὸς
382 1501 601 1555 πάντων
624 1503 901 1576 ἀμέτοχοι.
917 1506 997 1560 Τά
1024 1506 1135 1578 γὰρ
1160 1506 1599 1577 ἐπιπροσθοῦντα
1620 1506 1755 1578 νέφη

180 1587 295 1641 τῶν
350 1589 541 1644 παθῶν
572 1633 589 1658 ,
644 1590 835 1665 ὥσπερ
889 1595 1071 1665 ὑψηλὰ
1121 1596 1276 1668 τείχη
1344 1596 1759 1667 ἀποτειχίζοντα

188 1678 419 1751 ἔχοντες
444 1681 545 1746 τὰς
588 1682 941 1754 λαμπηδόνας
971 1686 1065 1740 τοῦ
1091 1687 1422 1758 πνεύματος,
1464 1688 1759 1756 ἀφώτιστοι

179 1768 523 1839 διαμένουσι.
555 1774 730 1844 Πηροὶ
756 1775 812 1828 δὲ
842 1775 942 1840 τάς
964 1776 1247 1848 αἰσθήσεις
1279 1778 1436 1842 ὄντες
1469 1779 1578 1832 τῶν
1614 1779 1758 1832 ἰδίων

1844 1333 2061 1399 placere
2099 1328 2211 1385 Deo
2238 1338 2522 1397 nequeunt
2552 1344 2564 1379 :
2596 1326 2872 1381 tenebrosi
2920 1325 3065 1379 enim
3093 1334 3221 1379 sunt
3250 1325 3399 1391 cogi-

1842 1421 2162 1484 tationibus,
2196 1428 2250 1475 et
2280 1419 2537 1475 omnibus
2577 1417 2747 1471 divini
2798 1416 3021 1471 luminis
3064 1416 3232 1470 radiis
3279 1416 3397 1484 pri-

1844 1510 1975 1564 vati.
2004 1508 2257 1577 Objectas
2287 1509 2432 1564 enim
2463 1506 2823 1576 cupiditatum
2852 1507 3100 1570 nebulas,
3134 1512 3282 1560 velut
3305 1519 3401 1558 ex-

1843 1602 1989 1657 celsa
2022 1599 2218 1655 mmnia
2268 1597 2700 1652 illuminationes
2729 1596 2961 1666 spiritus
2993 1595 3399 1663 intereipientia

1844 1692 2149 1753 habentes,
2207 1690 2329 1745 sine
2378 1684 2584 1743 lumine
2634 1694 2937 1742 remanent.
2992 1688 3171 1755 Atque
3224 1684 3401 1739 orbati

1845 1785 2080 1854 propria:
2123 1780 2318 1836 anima:
2361 1778 2640 1844 sensibus,
2690 1793 2798 1832 non
2830 1788 3058 1848 possunt
3088 1776 3401 1845 spirituales

181 1859 392 1930 ψυχῶν,
424 1862 485 1916 ού
514 1862 767 1919 δύνανται
815 1867 953 1937 πρὸς
982 1867 1049 1925 τὰ
1080 1869 1245 1939 νοητά
1274 1869 1444 1939 κάλλη
1489 1869 1583 1922 τοῦ
1623 1868 1757 1923 Θεοῦ

1851 1875 1937 1928 Dei
1976 1872 2410 1944 pulchritudines
2446 1870 2712 1940 aspicere,
2747 1876 2803 1923 et
2831 1868 3013 1921 lumen
3049 1868 3235 1921 videre
3264 1879 3404 1919 veras

184 1952 502 2018 ἀνανεῦσαι,
528 1958 623 2010 καὶ
650 1956 714 2009 τὸ
759 1957 877 2027 φῶς
910 2028 913 2032 η
937 1958 1063 2012 ἰδεῖν
1089 1961 1189 2029 τῆς
1237 1960 1499 2030 ἀληθινῆς
1540 1962 1619 2032 τῷ
1645 1962 1758 2015 δντι

186 2038 360 2113 ζωῆς,
422 2044 517 2099 καὶ
571 2046 830 2117 ὑπεράνω
872 2050 1126 2117 γενέσθαι
1177 2049 1284 2103 τῶν
1318 2051 1611 2121 ὁρωμένων
1660 2053 1758 2119 τῆς

186 2134 607 2209 ττιιιτιεεινιίκτεως.Δ
638 2138 777 2192 Ἀλλ’
826 2134 939 2192 οἷον
980 2140 1461 2211 ἀποκτηνωθέντες
1515 2144 1610 2196 καὶ
1671 2144 1757 2197 αί-

189 2226 385 2298 σθησις
429 2230 717 2297 γεγονότες
756 2230 851 2284 τοῦ
908 2232 1137 2301 κόσμου,
1179 2233 1291 2295 τοῖς
1341 2231 1616 2303 αἰσθητοῖς
1665 2235 1760 2287 καὶ

187 2319 555 2390 ἀνθρωπίνοις
613 2322 931 2392 πράγμασι,
977 2324 1039 2375 τὸ
1100 2323 1196 2376 τοῦ
1253 2324 1412 2392 λόγου
1471 2325 1762 2396 δεσμοῦσιν

186 2409 429 2481 ἀξίωμα,
458 2411 553 2466 καί⁵
617 2413 709 2467 τὸν
759 2415 946 2482 ἀγῶνα
1002 2414 1180 2468 πάντα
1214 2416 1351 2486 πρὸς
1395 2419 1464 2469 τά
1508 2416 1761 2488 ὁρώμενα

188 2502 286 2555 καὶ
310 2502 647 2575 φθειρόμενα
697 2502 930 2573 ἔχουσιν,
975 2505 1223 2575 ἀλλήλοις
1270 2506 1359 2560 διὰ
1384 2507 1557 2561 ταῦτα
1587 2509 1759 2579 μαχό-

192 2608 366 2663 μενοι,
400 2595 495 2648 καὶ
519 2594 659 2666 ὑπὲρ
681 2594 791 2649 τῶν
826 2594 1083 2649 τοιούτων
1117 2597 1230 2649 ἔσθ’
1260 2597 1346 2651 ὅτε
1371 2600 1465 2650 καὶ
1504 2597 1603 2661 τὰς
1626 2599 1761 2663 ἰδίας

187 2681 371 2753 ψυχὰς
430 2684 690 2750 τιθέντες,
726 2686 1072 2756 ἀντεχόμενοι
1114 2686 1432 2757 χρημάτων,
1460 2687 1637 2756 δόξης,
1670 2691 1763 2742 καὶ

190 2774 398 2843 ἡδονῶν
443 2777 543 2845 τῆς
582 2776 808 2847 σαρκὸς,
840 2778 935 2831 καὶ
984 2776 1187 2848 ζημίαν
1232 2779 1475 2849 μεγάλην
1515 2780 1616 2849 τὴν
1653 2782 1764 2835 τῶν

186 2862 447 2917 τοιούτων
472 2865 773 2935 ἀποτυχίαν
795 2865 1109 2937 ἡγούμενοι.
1144 2867 1287 2937 Πρὸς
1314 2866 1406 2930 οὓς
1436 2870 1659 2932 εἰκότως
1688 2872 1764 2935 ὡς

193 2952 259 3005 ἔκ
290 2952 584 3025 προσώπου
614 2956 708 3009 τοῦ
738 2955 876 3010 Θεοῦ
908 2958 970 3010 τὸ
998 2956 1339 3027 προφητικὸν
1387 2960 1563 3012 ἐκεῖνο
1586 2959 1766 3028 λόγιον

192 3042 438 3112 λέγεται,
474 3064 493 3098 ι
527 3046 603 3100 Οὐ
658 3049 733 3119 μὴ
766 3048 938 3117 μείνει
1004 3048 1066 3100 τὸ
1110 3046 1336 3118 Πνεῦμά
1392 3066 1493 3117 μου
1541 3051 1601 3103 ὲν
1652 3052 1767 3114 τοῖς

193 3134 503 3205 ἀνθρώποις
530 3137 761 3202 τούτοις,
800 3138 889 3192 διὰ
911 3139 973 3192 τὸ
1002 3134 1140 3191 εἰναι
1169 3140 1365 3201 αὐτοὺς
1390 3139 1621 3210 σάρκας.
1668 3160 1687 3194 ι
1774 3139 1818 3199 C

272 3224 355 3290 ς’.
395 3228 457 3281 οι
499 3228 747 3298 ψυχικῶς
778 3227 997 3295 ζῶντες,
1026 3231 1118 3283 καὶ
1140 3230 1227 3283 διὰ
1256 3229 1415 3283 τοῦτο
1442 3231 1766 3301 καλούμενοι

196 3316 758 3390 ψυχικοὶ,ήμίμωροί
802 3338 976 3385 τινες,
1043 3321 1140 3374 καὶ
1193 3320 1271 3382 ὡς
1317 3321 1642 3390 παρειμένοι
1697 3320 1768 3374 τὰ

202 3410 338 3481 μέλη
381 3411 733 3481 τυγχάνουσι,
773 3412 912 3482 μήτε
942 3411 1166 3464 πονέσαι
1208 3411 1341 3464 ποτε
1377 3411 1517 3483 ὑπὲρ
1568 3414 1767 3485 ἀρετῆς

198 3503 295 3555 καὶ
332 3502 552 3571 ἐντολῆς
598 3502 734 3555 Θεοῦ
790 3501 1251 3572 προθυμούμενοι,
1286 3502 1380 3555 καὶ
1422 3503 1523 3566 τὰς
1574 3504 1764 3574 ἐπιψό-

199 3608 331 3660 γους
372 3592 601 3663 πράξεις
628 3593 715 3646 διά
760 3592 857 3663 τὴν
898 3593 1008 3645 τῶν
1034 3590 1334 3661 ἀνθρώπων
1366 3592 1523 3658 δόξαν
1569 3593 1767 3662 ἐκφεύ-

202 3697 394 3750 γοντες
422 3698 437 3714 ο
462 3681 725 3753 φιλαυτία
754 3681 811 3735 δὲ
840 3683 905 3752 τῇ
934 3680 1122 3752 τροφῷ
1153 3681 1262 3756 τῶν
1292 3681 1551 3750 ὀλεθρίων
1583 3682 1768 3737 παθῶν

201 3764 733 3848 κατακρατούμενοι,
766 3774 946 3844 πάσης
970 3774 1289 3844 θεραπείας,
1316 3773 1407 3827 διὰ
1434 3773 1533 3845 την
1579 3774 1767 3842 ὑγείαν

199 3866 295 3920 καὶ
316 3866 626 3919 ἀπόλαυσιν
640 3866 739 3936 τῆς
767 3865 992 3937 σαρκὸς,
1009 3865 1413 3920 ἀντιποιοῦνται
1434 3881 1447 3895 ο
1476 3865 1571 3918 καὶ
1587 3866 1768 3920 πᾶσαν

202 3957 405 4029 θλίψιν,
444 3958 544 4012 καὶ
595 3958 774 4012 πάντα
812 3957 996 4021 πόνον,
1023 3958 1121 4011 καὶ
1173 3959 1353 4012 πᾶσαν
1397 3958 1767 4013 κακοπάθειαν

198 4050 341 4122 ὑπὲρ
393 4051 614 4121 ἀρετῆς,
666 4050 1032 4117 ἀποσείονται,
1062 4050 1123 4102 τὸ
1170 4048 1429 4119 πολέμιον
1477 4049 1619 4120 πέρα
1670 4049 1765 4103 τοῦ

197 4140 410 4206 δέοντος
446 4139 839 4203 ὲπιθάλποντες
874 4139 1051 4208 σῶμα.
1083 4134 1241 4192 Οῦτω
1263 4137 1319 4190 δὲ
1352 4138 1467 4208 βίου
1500 4140 1592 4193 καὶ
1624 4141 1768 4205 ἀγω-

197 4234 301 4305 γῆς
354 4232 591 4303 ἔχοντες,
633 4229 993 4297 ἀπογεοῦνται
1050 4229 1140 4280 τὸν
1195 4226 1341 4291 νοῦν,
1404 4230 1516 4291 τοῖς
1570 4227 1767 4281 πάθεσι

200 4323 567 4395 παχυνθέντα,
598 4321 695 4375 καὶ
722 4318 1091 4390 ἀπαράδεκτοί
1123 4318 1229 4370 εἰσι
1257 4318 1365 4371 τῶν
1409 4316 1639 4388 νοητῶν,
1671 4318 1766 4371 καὶ

202 4418 367 4471 θείων
399 4414 765 4485 πραγμάτων,
798 4410 886 4479 ὑφ’
914 4404 987 4463 ὧν
1016 4410 1049 4480 ἡ
1081 4408 1224 4479 ψυχὴ
1277 4408 1374 4475 τῆς
1405 4408 1537 4478 ὕλης
1592 4409 1769 4481 ἀρπά-

204 4509 388 4573 ζεται,
426 4507 521 4559 καὶ
549 4504 643 4575 ὅλη
676 4501 821 4575 πρὸς.
835 4502 1059 4571 νοητοὺς
1093 4498 1453 4569 ὲμπεριπολεῖ
1484 4499 1764 4569 οὐρανούς.

204 4597 382 4653 Τοῦτο
409 4596 466 4649 δὲ
498 4595 817 4664 πάσχουσιν,
859 4592 963 4645 ὑπὸ
993 4591 1087 4645 τοῦ
1119 4588 1305 4643 ὑλικοῦ
1344 4588 1424 4642 ἔτι
1473 4590 1771 4660 κατεχόμε-

203 4706 287 4765 νοι
313 4688 647 4759 πνεύματος,
677 4686 753 4748 ὡς
792 4684 893 4747 τὰς
949 4683 1085 4747 ἰδίας
1130 4680 1413 4751 φιλοῦντες
1443 4681 1641 4752 ψυχὰς,
1676 4682 1770 4735 καὶ

208 4784 386 4837 ποιεῖν
413 4780 484 4834 τὰ
531 4778 811 4850 θελήματα
854 4776 1037 4831 αὐτῶν
1092 4774 1513 4847 προαιρούμενοι
1553 4790 1568 4805 ο
1626 4774 1771 4827 κενοὶ

208 4874 319 4944 γὰρ
351 4872 504 4935 ὅντες
561 4862 874 4938 Πνεύματος
912 4867 1094 4935 ἀγίου,
1134 4866 1351 4937 ἄμοιροί
1391 4866 1496 4918 εἰσι
1540 4864 1772 4918 καὶτῶν

207 4964 565 5037 χαρισμάτων
610 4958 798 5014 αὐτοῦ.
841 4957 1000 5011 Ὀθεν
1031 4956 1149 5009 οὐδὲ
1213 4956 1424 5026 καρπὸν
1469 4955 1582 5008 ἔστι
1631 4954 1772 5007 θεῖον

211 5058 339 5112 ἰδεῖν
367 5058 423 5110 έν
454 5056 655 5121 αὐτοῖς,
681 5053 903 5123 ἀγάπην
930 5053 1008 5115 εἰς
1030 5050 1160 5104 Θεὸν
1195 5050 1288 5103 καὶ
1331 5049 1421 5102 τὸν
1455 5048 1699 5120 πλησίον,
1736 5048 1769 5120 ἢ

207 5148 387 5222 χαρὰν
415 5148 476 5200 ἂν
510 5146 752 5215 πτωχείᾳ
782 5145 875 5199 καὶ
896 5140 1162 5212 θλίψεσιν,
1193 5140 1226 5210 ἢ
1254 5139 1432 5209 ψυχῆς
1456 5139 1696 5210 εἰρήνην,
1738 5138 1770 5208 ἢ

209 5237 518 5294 ἐνδιάθετον
551 5235 755 5298 πίστιν,
780 5235 814 5304 ἢ
866 5230 1220 5304 περιεκτικὴν
1264 5229 1588 5300 ἐγκράτειαν
1620 5245 1636 5259 ·
1660 5228 1772 5281 ἀλλ’

212 5329 334 5381 οὐδὲ
366 5326 677 5392 κατάνυξιν,
710 5324 744 5395 ἢ
782 5324 1036 5393 δάκρυον,
1074 5320 1475 5391 ἢταπείνωσιν,
1504 5318 1597 5371 καὶ
1643 5334 1774 5387 συμο

216 5418 448 5474 πάθειαν
484 5436 500 5450 ο
526 5418 704 5473 πάντα
724 5416 781 5470 δὲ
803 5414 969 5482 ὄγκου
1021 5412 1115 5466 καὶ
1141 5408 1517 5481 ὑπερηφανίας
1557 5409 1729 5478 μεστά
1758 5425 1770 5438 ·

217 5509 368 5564 ῑνθεν
390 5526 473 5569 τοι
502 5509 596 5561 καὶ
618 5504 941 5576 ὲμὸαθύνειν
965 5504 1044 5566 εἰς
1076 5501 1149 5555 τὰ
1176 5500 1314 5570 βάθη
1344 5499 1436 5553 τοῦ
1468 5499 1776 5569 πνεύματος

216 5596 425 5650 οἴκοθεν
467 5598 749 5668 δυνάμεως
790 5595 1103 5667 ἀποροῦσιν.
1131 5591 1300 5647 Οὐδὲν
1362 5591 1469 5662 γάρ
1518 5593 1681 5646 ἐστιν’
1716 5591 1774 5643 έν

270 5764 311 5797 ⁸³
351 5764 483 5821 GC".
542 5783 611 5826 vr,
668 5767 720 5817 5.

1844 1966 2023 2035 magni
2050 1964 2206 2019 Entis
2234 1965 2379 2024 vitae.
2407 1976 2472 2018 ac
2510 1959 2915 2035 supereminere
2944 1956 3240 2013 visibilium
3278 1957 3400 2011 vili-

1846 2058 1965 2113 tatl.
1990 2056 2058 2109 At
2090 2054 2253 2109 veluti
2278 2052 2541 2121 iumentis
2568 2050 2878 2113 assimilati,
2904 2064 3209 2119 sensusque
3240 2064 3401 2102 mun-

1845 2147 2021 2203 danus
2048 2142 2246 2207 eﬂ‘ec—ti,
2277 2140 2631 2197 sensibilibus
2656 2140 3016 2209 humanisque
3040 2141 3205 2194 rebus
3228 2138 3405 2207 digni-

1849 2246 2010 2294 tatem
2036 2234 2264 2290 rationis
2294 2233 2591 2302 captivant,
2636 2239 2690 2286 et
2724 2231 2872 2287 omni
2905 2231 3051 2286 lucta
3078 2230 3315 2285 visibilis
3346 2241 3401 2284 et

1847 2326 2225 2399 corruptibilis
2256 2333 2536 2394 appetunt,
2572 2338 2756 2379 secum
2791 2323 3025 2378 invicem
3069 2322 3134 2377 ad
3178 2336 3241 2376 ea
3270 2336 3404 2376 con-

1848 2419 2123 2491 sequentia
2154 2422 2486 2487 pugnantes,
2518 2423 2571 2469 et
2596 2429 2693 2483 pro
2717 2414 2802 2467 his
2830 2413 3123 2483 aliquando
3150 2412 3403 2482 preprias

1848 2512 2059 2566 animas
2103 2508 2374 2577 ponentes
2398 2542 2415 2570 ,
2468 2502 2805 2558 adhaerentes
2852 2502 3058 2557 divitiis
3085 2540 3100 2567 ,
3137 2503 3323 2572 gloria
3348 2509 3404 2555 et

1848 2602 2032 2659 carnis
2061 2594 2450 2668 voluptatibus,
2491 2602 2543 2649 et
2576 2607 2830 2663 magnum
2857 2593 3115 2645 damnum
3142 2592 3404 2645 habentes

1850 2693 2039 2747 talium
2071 2702 2253 2744 rerum
2285 2685 2660 2740 amissionem.
2696 2680 2806 2736 Hos
2834 2680 3244 2743 convenienter,
3278 2688 3401 2732 tan-

1850 2794 2010 2851 quam
2039 2791 2106 2832 ex
2144 2789 2372 2843 persona
2402 2772 2518 2835 Dei,
2555 2770 2812 2840 propheta
2845 2769 2928 2824 his
2955 2769 3247 2838 alloquitur
3277 2784 3401 2822 ver-

1851 2875 1933 2927 bis
1963 2888 1977 2925 :
2012 2889 2030 2921 ι
2068 2869 2184 2924 Non
2218 2873 2399 2921 manet
2442 2863 2681 2934 Spiritus
2713 2876 2865 2918 meus
2897 2862 2951 2916 in
2979 2860 3079 2927 eis,
3117 2859 3244 2930 quia
3275 2874 3405 2914 caro

1852 2972 1981 3021 sunt
2002 2963 2071 3019 ³⁸.
2109 2978 2128 3013 ι

1921 3228 1975 3284 6.
2008 3226 2110 3292 Qui
2133 3225 2297 3278 vitam
2334 3221 2543 3277 ducunt
2573 3220 2859 3275 attimalem
2882 3256 2898 3284 ,
2951 3231 3163 3288 deoque
3201 3216 3409 3271 anima-

1853 3320 1931 3375 les
1966 3317 2245 3380 dicuntur,
2274 3320 2402 3367 sunt
2428 3312 2575 3366 velut
2599 3311 2815 3379 quidam
2847 3309 3117 3363 semifatui
3147 3318 3203 3363 et
3235 3323 3407 3361 mem-

1852 3412 1965 3468 bris
1993 3409 2220 3471 debiles,
2246 3404 2364 3474 qui,
2399 3410 2457 3456 ut
2488 3402 2704 3456 labores
2739 3415 2837 3469 pro
2872 3400 3071 3453 virtute
3095 3408 3149 3452 et
3181 3399 3406 3451 manda-

1854 3512 2030 3556 torum
2071 3495 2455 3552 observatione
2489 3507 2596 3547 non
2635 3494 2931 3556 sustinent,
2960 3493 3040 3546 sic
3063 3490 3408 3559 reprehensi-

1850 3595 1989 3649 biles
2047 3597 2203 3644 actus
2254 3593 2478 3656 propter
2535 3582 2816 3637 hominum
2869 3582 3099 3650 glori-am
3154 3579 3402 3647 fugiunt;

1850 3697 2034 3741 amore
2062 3687 2245 3734 autem
2274 3674 2496 3747 proprio
2531 3687 2817 3742 pravarum
2842 3672 3028 3726 fomite
3051 3670 3406 3739 cupiditatum

1852 3775 2001 3836 victi,
2022 3785 2237 3826 omnem
2256 3780 2444 3821 curam
2475 3763 2542 3818 ad
2571 3765 2857 3818 sanitatem
2883 3761 3409 3830 delectationemque

1854 3864 2034 3921 carnis
2071 3858 2431 3930 impendunt,
2463 3864 2517 3911 et
2552 3860 2769 3907 omnem
2805 3851 3210 3905 tribulationem
3238 3891 3253 3915 ,
3294 3866 3411 3903 om-

1855 3974 1973 4013 nem
2021 3954 2262 4009 laborem
2286 3989 2300 4015 ,
2337 3961 2498 4003 omne
2529 3954 2859 3999 tormentum
2916 3958 3013 4012 pro
3045 3942 3248 3996 virtute
3296 3941 3407 4010 puti

1852 4048 2121 4103 renuunt,
2177 4036 2453 4093 inimicum
2504 4034 2627 4103 plus
2672 4044 2827 4100 aequo
2878 4029 3125 4086 foventes
3182 4045 3404 4099 corpus.

1854 4136 2038 4190 Talem
2063 4132 2230 4187 vitam
2263 4136 2317 4184 et
2342 4125 2536 4196 agendi
2569 4127 2837 4179 rationem
2873 4123 3159 4184 habentes,
3189 4122 3399 4174 demer-

1857 4236 1991 4299 gunt
2021 4226 2077 4280 itt
2108 4232 2305 4278 terram
2332 4220 2573 4274 animum
2601 4215 2990 4285 cupiditatibus
3020 4214 3407 4276 inerassatum,

1855 4328 1907 4373 et
1936 4330 2130 4386 capere
2163 4317 2438 4381 nequeunt
2472 4308 2747 4376 spiritales
2776 4304 3100 4373 divinasque
3133 4319 3240 4363 res.
3274 4304 3405 4371 qui-

1856 4413 1959 4466 bus
1988 4408 2171 4463 anima
2209 4420 2274 4460 es
2314 4401 2540 4457 materia
2567 4398 2816 4467 eripitur,
2847 4411 2911 4451 ac
2948 4402 3063 4450 toto
3093 4394 3410 4464 intelligihi-

1856 4508 1934 4561 les
1982 4501 2251 4558 inhabitat
2296 4496 2485 4552 ccelos.
2541 4492 2655 4549 Hoc
2698 4502 2877 4547 autem
2930 4490 3233 4558 patiuntur,
3281 4489 3407 4557 quia

1856 4593 2121 4652 materiali
2154 4591 2331 4645 adhuc
2358 4587 2671 4643 detinentur
2698 4584 2915 4653 spiritu,
2945 4590 3133 4651 utpote
3166 4582 3412 4651 preprias

1857 4694 2099 4742 amantes
2130 4685 2375 4743 animas,
2421 4686 2474 4732 et
2514 4674 2789 4746 propriam
2839 4674 3174 4727 voluntatem
3225 4672 3410 4726 facere

1857 4778 2048 4831 volunt
2089 4790 2103 4827 :
2140 4787 2245 4826 non
2294 4768 2555 4822 habentes
2603 4766 2746 4819 enim
2800 4760 3065 4831 Spiritum
3112 4767 3357 4815 sanetum
3388 4800 3405 4824 ,

1856 4868 2138 4937 privantur
2184 4861 2347 4914 etiam
2397 4857 2567 4925 ipsius
2598 4852 3050 4908 eltarismatlbus.
3098 4850 3251 4905 Unde
3300 4864 3410 4904 non

1852 4958 2038 5014 videre
2069 4963 2150 5007 est
2188 4951 2241 5002 in
2291 4948 2373 5003 eis
2404 4947 2616 4999 divinos
2662 4943 2909 5002 fructus,
2943 4955 3182 4994 amorem
3220 4938 3311 4994 Del
3354 4947 3412 4992 et

1854 5043 2107 5116 proximi,
2138 5040 2221 5093 vel
2251 5036 2504 5106 gaudium
2554 5034 2607 5086 in
2641 5038 2958 5100 paupertate
3006 5036 3061 5083 et
3106 5029 3408 5083 tribulatio.

1860 5136 2041 5197 nibus,
2077 5130 2157 5185 vel
2194 5127 2389 5180 animae
2425 5138 2643 5192 pacem,
2680 5122 2764 5175 vel
2795 5117 3258 5175 sinceramiidem
3283 5158 3298 5182 ,
3327 5118 3411 5173 vel

1859 5220 2225 5279 universalem
2276 5213 2707 5277 continentiam;
2774 5211 2868 5265 sed
2921 5223 3094 5277 neque
3150 5223 3411 5276 compun-

1858 5314 2116 5373 etionem,
2150 5308 2234 5363 vel
2260 5309 2548 5375 laerymas,
2586 5302 2667 5357 vel
2705 5300 3069 5355 humilitatem
3094 5338 3107 5360 ,
3148 5298 3229 5351 vel
3262 5313 3411 5350 com-

1860 5404 2206 5476 passionem;
2238 5397 2417 5451 omnia
2451 5403 2630 5448 autem
2661 5400 2877 5446 tumore
2918 5401 2971 5444 et
3001 5388 3254 5457 superbia
3282 5396 3411 5440 sunt

1859 5498 2013 5565 plena
2044 5508 2059 5545 :
2089 5489 2238 5545 unde
2261 5488 2315 5541 in
2354 5483 2620 5555 profunda
2652 5483 2893 5551 Spiritus
2922 5495 2981 5536 se
3015 5478 3287 5548 mergeudi
3345 5492 3412 5531 ex

1867 5583 2060 5653 seipsis
2092 5582 2201 5637 vim
2236 5593 2342 5634 non
2378 5576 2595 5631 habent.
2627 5573 2783 5631 Nulla
2815 5572 2960 5629 enim
2987 5571 3120 5641 ipsis
3146 5571 3287 5625 inest
3320 5568 3410 5622 lux
