4152 6338
638 358 750 424 903

1817 345 2126 409 .NICET/E
2152 346 2581 411 PECTORATI

3769 353 3886 417 θοἱ

642 485 763 542 quae
789 482 882 524 eos
905 468 1068 524 ducat
1093 475 1439 538 mentemque
1464 465 1668 535 aperiat
1698 461 1763 516 ad
1792 461 2199 542 Seripturarum

2313 455 2498 519 αὐτοῖς
2527 457 2588 510 τὸ
2640 457 2870 527 ὀδηγοῦν
2911 460 3046 527 φῶς,
3083 463 3177 515 καὶ
3207 463 3470 534 διανοῖγον
3503 465 3592 520 τὸν
3627 467 3752 521 νοῦν
3793 469 3884 529 εἰς

644 539 1078 629 intelligentiam.
1105 557 1248 624 Quin
1279 557 1441 612 etiam
1483 555 1550 610 ab
1580 554 1701 609 aliis
1742 539 1973 607 ducibus
1999 567 2058 606 se
2091 565 2196 604 au-

644 652 762 706 dire
808 666 918 706 non
973 651 1276 721 patiuntur.
1317 645 1472 702 Unde
1525 643 1914 702 convenienter
1965 641 2034 698 de
2080 641 2203 698 istis

645 743 941 813 Apostolus
971 742 1104 796 dixit
1137 757 1151 794 :
1189 759 1207 794 ι
1242 739 1508 795 Animalis
1537 738 1707 793 homo
1733 752 1842 792 non
1881 735 2112 809 percipit
2141 750 2206 791 ea

645 849 769 902 qua:
803 841 930 888 sunt
976 832 1212 902 Spiritus
1257 832 1389 897 Dei;
1422 831 1656 888 stultitia
1692 831 1838 886 enim
1881 839 1969 886 est
2004 828 2119 896 illi,
2152 836 2208 884 et

646 941 755 979 non
788 933 968 996 potest
1009 924 1310 994 intelligere
1336 965 1350 990 ,
1383 924 1514 994 quia
1552 925 1638 980 lex
1674 922 1980 994 spiritualis
2016 932 2120 987 est,
2151 929 2208 978 et

645 1015 1002 1080 Spiritualiter
1030 1016 1375 1070 examinatur
1399 1015 1465 1070 ".

715 1108 770 1162 "l.
805 1109 905 1174 Qui
935 1108 1148 1177 spiritui
1183 1109 1486 1173 adhaerent,
1513 1118 1567 1163 et
1601 1109 1828 1164 omnino
1863 1106 2205 1178 spiritualem

647 1199 859 1270 eligunt
887 1200 1091 1265 vitam,
1140 1200 1354 1268 placent
1397 1199 1529 1266 Deo,
1565 1202 1654 1255 cui
1691 1209 1748 1254 ut
1793 1195 2032 1253 Nazartei
2079 1205 2209 1251 sunt

646 1292 954 1346 consecrati
985 1309 1001 1348 :
1034 1307 1251 1362 semper
1279 1294 1424 1346 enim
1455 1292 1738 1348 laboribus
1764 1307 1893 1346 suas
1920 1289 2211 1360 puriﬁcant

649 1384 883 1444 animas,
906 1392 960 1436 et
986 1392 1259 1454 praecepta
1294 1382 1509 1438 Domini
1536 1383 1873 1438 custodiunt.
1898 1381 2210 1436 Fundentes

648 1489 810 1528 suum
845 1477 1164 1544 sanguinem
1199 1475 1269 1530 ob
1299 1489 1541 1529 amoretn
1567 1475 1736 1538 illius,
1771 1488 1992 1528 carnem
2021 1487 2212 1527 emun-

648 1565 782 1619 dant
819 1566 1041 1634 jejuniis
1073 1574 1126 1621 et
1160 1567 1379 1636 vigiliis,
1421 1567 1673 1636 lacrymis
1719 1579 1814 1620 cor
1847 1566 2210 1643 incrassatum

650 1666 970 1721 attenuant,
1033 1657 1277 1711 membra
1338 1656 1666 1711 tnortilicaut
1725 1654 2209 1716 macerationibus,

651 1748 915 1802 oratmnis
966 1756 1020 1800 et
1074 1749 1442 1802 meditationis
1483 1763 1583 1814 ope
1618 1758 1847 1799 mentem
1887 1745 2090 1798 lumine
2121 1760 2208 1798 re-

2308 547 2371 599 τὸ
2433 548 2668 601 συνιέναι
2720 549 2818 613 τάς
2873 551 3111 621 Γραφάς.
3155 552 3316 606 Ἀλλά
3359 557 3466 626 γάρ
3528 557 3650 609 οὐδὲ
3704 558 3885 611 ἄλλων

2309 639 2681 711 διηγουμένων
2727 643 2956 697 ἀκοῦσαι
2980 644 3150 698 ταῦτα
3179 647 3478 716 ἀνέχονται.
3515 649 3751 711 Εἰκότως
3781 650 3882 702 οῦν

2311 732 2562 802 καὶπερὶ
2590 731 2698 786 τῶν
2742 733 3000 788 τοιούτων
3048 736 3076 788 δ
3141 736 3463 800 Ἀπόστολος
3516 739 3835 808 ἀπεφήνατο
3863 759 3878 770 ·

2317 841 2337 873 r
2367 823 2610 894 Ψυχικὸς
2645 823 3020 896 ἄνθρωπος·ού
3057 825 3273 896 δέχεται
3298 828 3367 881 τὰ
3403 829 3496 882 τοῦ
3536 831 3875 901 Πνεύματος,

2313 914 2493 984 μωρία
2534 913 2642 986 γὰρ
2693 915 2842 986 αύτῷ
2872 917 3001 980 είσι,
3039 917 3132 970 καὶ
3184 919 3284 970 οὐκ
3322 914 3460 972 οἶδεν
3516 921 3598 973 ὅτι
3632 923 3658 974 ό
3713 924 3879 990 νόμος

2311 1005 2677 1072 πνευματικός
2695 1007 2809 1059 ἐστι
2831 1006 2926 1060 καὶ
2949 1008 3331 1076 πνευματικῶς
3354 1009 3722 1079 ἀνακρίνεται.
3745 1029 3762 1061 ι

2379 1091 2445 1158 ζ’.
2473 1095 2535 1146 Ol
2563 1096 2836 1165 πνεύματι
2869 1097 3235 1167 στοιχοῦντες,
3265 1099 3361 1153 καὶ
3379 1099 3479 1169 τὴν
3505 1101 3881 1171 πνευματικὴν

2310 1185 2714 1256 ἐπανῃρημένοι
2748 1187 2814 1241 δι’
2850 1187 2971 1241 ὅλου
2998 1187 3164 1259 ζωὴν,
3199 1190 3484 1262 εὐάρεστοι
3512 1195 3618 1245 sict
3641 1193 3718 1263 τῷ
3732 1192 3877 1259 Θεῷ.

2309 1278 2455 1349 αύτῷ
2483 1279 2558 1342 ὠς
2591 1279 2878 1352 Ναζιραῖοι
2925 1284 3413 1353 προσανακείμενοι
3440 1302 3454 1316 ο
3485 1285 3575 1338 ἀεὶ
3613 1285 3722 1354 γάρ
3777 1284 3880 1337 πό-

2309 1389 2419 1435 νοις
2451 1371 2657 1426 ἑαυτῶν
2701 1373 3020 1444 καθαίρουσι
3043 1377 3140 1440 τὰς
3174 1377 3373 1447 ψυχάς,
3407 1379 3502 1429 καὶ
3531 1377 3628 1441 τάς
3662 1377 3905 1440 ἐντολάς·

2309 1461 2400 1513 τοῦ
2443 1461 2648 1532 Κυρίου
2679 1463 2925 1534 τηροῦσι.
2963 1466 3262 1530 Κενοῦντες
3308 1466 3518 1522 ἑαυτῶν
3545 1467 3622 1521 ’τά
3669 1469 3882 1539 αἵματα

2314 1553 2454 1624 ὑπὲρ
2481 1553 2582 1623 τῆς
2609 1555 2831 1626 ἀγάπης
2870 1555 3036 1609 αὑτοῦ
3063 1597 3078 1620 ,
3102 1557 3421 1628 καθαίρουσι
3454 1557 3550 1628 τὴν
3580 1560 3753 1630 σάρκα
3782 1575 3882 1628 νη-

2314 1644 2518 1708 στείαις
2549 1646 2640 1699 καὶ
2682 1647 3032 1717 ἀγρυπνίαις,
3066 1649 3294 1719 δάκρυσι
3341 1650 3400 1702 τὸ
3447 1651 3617 1721 πάχος
3681 1651 3882 1704 λεπτύ-

2311 1754 2457 1791 νουσι
2487 1737 2587 1806 τῆς
2615 1738 2862 1808 καρδίας,
2893 1741 3287 1805 κακοπαθείαις
3319 1743 3569 1811 νεκροῦσι
3600 1744 3668 1797 τά
3714 1745 3878 1813 μέλη.

651 1833 799 1902 plent
827 1834 1201 1902 tulg-idutnque
1252 1834 1480 1898 faciunt,
1507 1835 1803 1888 voluntatis
1850 1835 2211 1903 abnegatione

2315 1833 2591 1900 προσευχῇ
2619 1832 2714 1883 καὶ
2743 1832 2942 1904 μελέτῃ
2967 1833 3057 1886 τὸν
3095 1834 3220 1887 νοῦν
3253 1834 3520 1905 πληροῦσι
3558 1836 3732 1904 φωτὸς
3781 1837 3883 1889 καὶ

652 1923 902 1990 proprias
920 1926 1130 1976 animas
1161 1933 1449 1993 segregant
1474 1940 1503 1977 a
1527 1926 1777 1994 corporis
1797 1925 2209 1993 cupiditatibus.

651 2027 716 2066 ac
743 2016 836 2064 toti
873 2013 1033 2066 unius
1065 2014 1198 2068 liunt
1222 2016 1447 2083 spiritus
1478 2032 1490 2067 :
1523 2015 1706 2086 itaque
1754 2016 2070 2085 spirituales
2103 2035 2209 2074 nott

653 2105 827 2160 Solum
863 2105 1151 2169 videntur,
1188 2108 1281 2162 sed
1316 2117 1369 2160 et
1403 2119 1671 2161 vocantur
1704 2109 2097 2164 convenienter
2144 2112 2214 2166 ab

653 2194 930 2249 omnibus.
978 2194 1142 2249 lidem
1166 2197 1232 2250 ad
1266 2197 1761 2265 itnpassibilitatem
1789 2207 1842 2253 et
1885 2199 2212 2255 cbaritatem

653 2287 1072 2353 pervenientes,
1126 2285 1194 2340 ad
1264 2301 1641 2341 creaturarum
1699 2290 2211 2357 contemplationem

653 2377 930 2431 advolant.
986 2377 1112 2432 lude
1162 2379 1444 2434 scientiam
1500 2380 1706 2433 entium
1761 2381 2038 2450 accipiunt
2121 2398 2216 2453 per

652 2470 976 2536 Sapientiam
1016 2469 1068 2522 in
1113 2469 1222 2524 Deo
1246 2471 1592 2532 absconsant,
1633 2468 1833 2540 hisque
1873 2482 2084 2528 tantum
2119 2477 2214 2530 (ία-

655 2567 763 2613 tam
805 2562 897 2628 qui
945 2562 1256 2630 superiores
1293 2562 1469 2618 eﬂ'ecti
1520 2574 1648 2617 sunt
1689 2566 1940 2634 corporis
1989 2567 2212 2624 vilitate.

655 2648 884 2703 Omnem
938 2651 1103 2722 igitur
1140 2653 1326 2707 mundi
1376 2670 1598 2709 sensum
1645 2660 1996 2726 transgressi,
2044 2667 2099 2713 et
2134 2660 2214 2712 in:

656 2745 871 2797 tellectu
911 2744 1220 2800 illuminato
1277 2747 1344 2800 ad
1399 2762 1462 2800 ea
1517 2762 1638 2816 quae
1681 2764 1904 2813 sensum
1950 2761 2216 2821 superant

655 2834 874 2897 elevati.
913 2837 1176 2892 rationem
1207 2839 1509 2892 clariﬁcant
1532 2880 1545 2904 ,
1575 2849 1631 2895 ct
1671 2841 1724 2894 in
1756 2842 1934 2897 medio
1961 2842 2216 2900 Ecclesiae

658 2926 751 2981 Dei
780 2937 832 2982 et
875 2929 1092 2983 concilii
1140 2933 1298 2985 multi
1335 2931 1577 2985 ﬁdelium
1638 2932 1812 2988 bonos
1841 2949 2121 2992 sermones
2151 2953 2214 2992 ex

658 3035 795 3088 puro
826 3022 988 3075 corde
1020 3022 1324 3090 proferunt,
1352 3034 1515 3093 atque
1553 3025 1687 3078 ﬁunt
1718 3025 2036 3082 hominibus
2063 3029 2143 3082 sal
2167 3038 2219 3082 et

2311 1917 2560 1988 λαμπρὸν
2611 1919 2771 1974 αὐτὸν
2821 1921 3246 1992 ἀπεργάζονται,
3309 1928 3374 1995 τῇ
3424 1927 3728 1996 άπαρνήσει
3765 1926 3882 1979 τῶν

2311 2006 2631 2078 θελημάτων
2668 2010 2960 2081 χωρίζουσι
2985 2013 3081 2076 τὰς
3116 2013 3251 2076 ἰδίας
3297 2014 3474 2086 ψυχὰς
3505 2017 3613 2070 ἀπὸ
3641 2017 3738 2088 τῆς
3784 2016 3882 2071 τοῦ

2311 2099 2560 2170 σώματος
2591 2103 2979 2171 προσπαθείας,
3005 2106 3100 2159 καὶ
3132 2107 3240 2158 ὅλοι
3277 2108 3438 2176 μόνου
3493 2107 3586 2161 τοῦ
3629 2108 3905 2185 πνεύματ

2310 2206 2400 2253 τος
2418 2191 2672 2258 γίνονται
2706 2208 2721 2223 °
2749 2193 2828 2246 διὸ
2872 2195 2964 2246 καὶ
3009 2196 3373 2266 πνευματικοὶ
3401 2197 3462 2249 ού
3515 2195 3675 2266 μόνον
3730 2213 3884 2265 γνω-

2313 2280 2570 2349 ρίζονται,
2593 2282 2726 2336 ἀλλά
2749 2284 2843 2338 καὶ
2873 2285 3160 2339 καλοῦνται
3186 2287 3337 2358 παρά
3377 2287 3594 2341 πάντων
3629 2288 3880 2350 εἰκότως.

2311 2367 2472 2427 Οὗτοι
2500 2375 2636 2446 πρὸς
2668 2377 2935 2432 ἀπάθειαν
2981 2379 3075 2432 καὶ
3111 2379 3332 2451 ἀγάπην
3394 2381 3696 2451 ἐρχόμενοι,
3742 2380 3885 2452 πρὸς

2312 2463 2545 2536 θεωρίαν
2613 2469 2939 2538 πτεροῦνται
2982 2474 3082 2541 τῆς
3127 2472 3376 2536 κτίσεως.
3438 2473 3546 2525 Καὶ
3588 2471 3690 2544 τὴν
3735 2469 3886 2541 γνῶ-

2314 2572 2396 2608 σιν
2435 2558 2642 2628 ἐκεῖθεν
2683 2561 2790 2613 τῶν
2823 2561 3120 2637 δντωνὶδιά
3165 2562 3355 2631 σοφίας
3400 2563 3736 2634 λαμϐάνουσι
3782 2564 3886 2633 τῆς

2312 2644 2808 2718 ἀποκεκρυμμένης
2855 2649 2997 2721 Θεῷ,
3052 2649 3146 2703 καὶ
3205 2651 3387 2720 μόνοις
3441 2652 3724 2724 διδομένης
3765 2657 3886 2717 τοῖς

2314 2737 2568 2806 ὑπεράνω
2622 2741 2925 2811 γινομένοις
2988 2743 3090 2812 τῆς
3149 2741 3244 2797 τοῦ
3318 2743 3569 2814 σώματος
3617 2745 3887 2800 ταπεινώ⁴

2315 2844 2472 2892 σεως.
2539 2831 2731 2886 Τοίνυν
2804 2835 2899 2888 καὶ
2958 2836 3139 2889 πᾶσαν
3183 2835 3280 2907 τὴν
3331 2835 3585 2908 αίσθησιν
3648 2838 3741 2892 τοῦ
3791 2841 3886 2892 κό-

2315 2936 2452 2989 σμου
2503 2921 2968 2994 διαπεράσαντες,
3008 2927 3101 2979 καὶ
3128 2927 3338 2999 διανοίᾳ
3380 2930 3770 3001 πεφωτισμένῃ
3792 2932 3885 2994 είς

2313 3011 2380 3064 τὰ
2438 3013 2578 3084 ὑπὲρ
2626 3015 2879 3086 αἴσθησιν
2922 3018 3230 3086 γεγονότες,
3276 3017 3601 3092 τρανοῦνται
3647 3021 3740 3074 τὸν
3793 3023 3886 3074 λό-

659 3113 772 3174 qu,
800 3112 958 3181 juxta
991 3114 1212 3167 verbum
1248 3130 1355 3184 quo
1405 3115 1672 3170 Dominus
1718 3134 1814 3173 eos
1863 3118 2157 3188 alloquitur
2199 3140 2210 3176 :

2313 3121 2429 3171 γον,
2455 3105 2547 3159 καὶ
2571 3106 2630 3159 ἐν
2667 3107 2816 3179 μέσῳ
2863 3108 3189 3180 Ἐκκλησίας
3220 3109 3355 3166 Θεοῦ
3412 3112 3508 3165 καὶ
3562 3115 3886 3182 συναγωγῆς

664 3221 682 3253 ι
725 3201 830 3260 Vos
861 3206 994 3260 estis
1024 3206 1114 3261 lux
1145 3207 1327 3261 mundi
1358 3217 1412 3263 et
1446 3209 1524 3262 sal
1559 3218 1717 3265 terrae
1742 3209 1817 3266 ".
1859 3231 1877 3263 ι

719 3640 782 3696 8.
822 3659 839 3692 ι
875 3641 1093 3707 \‘aeate,
1117 3652 1165 3698 et
1197 3646 1374 3701 videte
1391 3648 1649 3718 quoniam
1681 3663 1780 3718 ego
1799 3665 1921 3705 sum
1949 3650 2089 3708 Deus
2115 3663 2215 3716 -°;i

660 3732 774 3787 lizec
807 3745 892 3789 est
927 3732 1088 3790 Verbi
1135 3736 1301 3791 divini
1337 3753 1459 3804 vox,
1493 3755 1613 3809 quae
1638 3742 1704 3796 ad
1734 3744 1940 3808 praxim
1974 3758 2003 3797 a
2031 3747 2222 3800 volen-

662 3821 808 3874 tibus
841 3822 1144 3876 reducitur.
1190 3823 1378 3879 Refert
1408 3827 1572 3894 igitur
1597 3828 1716 3897 ejus
1751 3832 1845 3900 qui
1873 3833 2038 3887 semel
2071 3832 2222 3886 vale-

661 3912 800 3966 dixit
830 3913 1316 3981 sollicitudinibus,
1350 3917 1607 3986 periculis
1638 3927 1690 3973 et
1719 3921 2048 3976 vanitatibus
2081 3925 2222 3985 vitae,

661 4003 833 4055 multa
872 4003 1151 4072 vigilantia
1188 4012 1246 4058 et
1271 4004 1449 4074 quiete
1483 4006 1772 4078 diligenter
1801 4011 2116 4065 examinare
2145 4013 2224 4065 in-

663 4101 848 4148 ternos
881 4103 1037 4149 actus
1073 4111 1225 4160 suos,
1277 4106 1332 4152 et
1382 4094 1550 4151 Deum
1595 4099 1647 4151 in
1694 4100 1875 4167 seipso
1927 4101 2224 4171 inquirere,

654 4197 785 4236 cum
815 4184 954 4239 intra
991 4200 1088 4240 nos
1117 4188 1188 4242 sit
1217 4203 1441 4260 regnum
1469 4189 1586 4246 Dei.
1619 4188 1716 4244 Vix
1757 4193 1901 4248 enim
1928 4194 2127 4265 aliquis
2152 4196 2221 4249 ita

663 4293 850 4348 agens,
885 4296 980 4349 per
1004 4281 1224 4353 longum
1259 4285 1519 4354 temporis
1553 4284 1789 4355 spatium
1826 4288 1996 4343 malas
2029 4289 2224 4343 animae

659 4369 1055 4439 impressiones
1103 4375 1343 4432 evadere
1381 4386 1584 4445 posset,
1625 4385 1679 4433 et
1723 4377 2013 4448 pristinum
2057 4381 2226 4437 decus

654 4464 710 4517 .ei
741 4465 831 4534 qui
861 4465 1031 4533 dedit,
1063 4468 1329 4539 integrum
1364 4483 1606 4526 servare.

735 4750 792 4805 9.
820 4749 1136 4820 Depositum
1168 4751 1224 4807 in
1261 4753 1420 4810 nobis
1454 4752 1580 4808 mali
1613 4769 1902 4820 venenum,
1933 4768 2056 4810 eum
2085 4756 2229 4809 mul-

658 4853 778 4898 tum
809 4845 901 4908 sit,
933 4845 1161 4900 multum
1192 4847 1420 4915 proinde
1468 4849 1708 4920 suppetit
1737 4850 1914 4919 ignem
1945 4850 2038 4919 qui
2072 4851 2222 4917 puri-

661 4939 788 4991 licet
813 4953 908 5006 per
936 4937 1201 5008 lacrymas
1237 4940 1573 5009 pcenitentiae
1601 4949 1654 4994 et
1684 4940 2021 4995 voluntarios
2059 4956 2214 4997 asce-

664 5030 743 5084 sis
784 5029 1018 5084 labores.
1057 5029 1335 5099 Siquidem
1367 5031 1448 5087 vel
1498 5047 1592 5102 per
1625 5032 1964 5088 voluntarios
2007 5033 2224 5088 labores

660 5121 748 5175 vel
781 5136 874 5190 per
897 5121 1302 5177 involuntarias
1337 5123 1677 5180 calamitates
1709 5139 1739 5179 a
1779 5125 2034 5188 sordibus
2071 5129 2224 5196 puri-

662 5211 892 5267 l‘tcamur
919 5227 1278 5284 peccatorum.
1307 5215 1362 5270 Si
1390 5218 1532 5272 enim
1570 5217 1880 5287 praecedant
1916 5218 2224 5274 voluntaria

667 5319 776 5358 non
830 5305 1238 5372 subsequuntur
1264 5307 1662 5373 involuntaria;
1703 5310 1748 5363 si
1782 5317 1961 5363 autem
1991 5309 2081 5363 illa
2119 5325 2227 5363 non

671 5394 933 5450 mundant
964 5397 1109 5464 quod
1141 5397 1287 5451 intus
1321 5407 1402 5452 est
1441 5399 1626 5454 calicis
1657 5411 1707 5454 et
1736 5400 2066 5471 paropsidis,
2102 5401 2217 5456 haec

670 5487 940 5543 cmcacius
970 5507 1069 5545 nos
1097 5493 1161 5546 ad
1193 5493 1478 5562 pristinum
1509 5503 1710 5550 statum
1740 5505 2066 5561 restaurant,
2101 5512 2227 5564 spe-

665 5579 801 5634 ciali
828 5581 1102 5658 Creatoris
1127 5586 1447 5641 oeconomia.

2314 3196 2517 3268 πολλῆς
2544 3199 2653 3253 τῶν
2678 3200 2887 3253 πιστῶν
2918 3201 3110 3270 λόγους
3130 3204 3368 3268 ἀγαθοὺς
3385 3206 3446 3258 ἐκ
3477 3207 3720 3276 καθαρᾶς
3747 3224 3886 3278 καρ-

2313 3289 2431 3353 δίας
2466 3292 2818 3361 ὲρεύγονταιο
2856 3292 2949 3346 καὶ
2996 3293 3237 3360 γίνονται
3268 3297 3380 3358 τοῖς
3406 3295 3710 3364 ἀνθρώποις
3746 3295 3885 3359 άλας

2312 3383 2407 3436 καὶ
2458 3385 2594 3450 φῶς.
2624 3385 2766 3438 καθά
2792 3387 2888 3439 καὶ
2914 3389 2942 3440 ό
2976 3387 3180 3458 Κύριος
3210 3386 3348 3458 πρὸς
3375 3388 3572 3450 αὐτοὺς
3604 3387 3885 3456 ἀποφθέγ-

2315 3491 2490 3542 γεται·
2519 3493 2536 3526 ι
2582 3475 2768 3546 Ὑμεῖς
2799 3477 2918 3530 ἐστε
2956 3478 3018 3531 τὸ
3038 3477 3154 3546 φῶς
3179 3477 3272 3532 τοῦ
3307 3480 3512 3550 κόσμου
3541 3480 3635 3533 καὶ
3659 3479 3719 3532 τὸ
3747 3477 3884 3543 ἅλας

2314 3566 2412 3634 τῆς
2443 3567 2564 3634 γῆς.
2593 3585 2612 3620 ι

2385 3655 2455 3724 η’.
2505 3657 2828 3726 Σχολάσατε,
2859 3663 2953 3712 καὶ
2981 3663 3176 3727 γνῶτε,
3219 3660 3300 3714 ὅτι
3335 3659 3446 3729 ἐγώ
3495 3663 3613 3733 είμι
3649 3664 3681 3718 ό
3718 3662 3879 3725 θεός.

2317 3747 2422 3799 Τοῦ
2445 3748 2588 3802 θείου
2610 3749 2767 3817 λόγου
2789 3750 2946 3804 τοῦτο
2974 3751 3149 3821 φωνὴ,
3165 3751 3261 3805 καὶ
3288 3753 3607 3823 πρακτικῶς
3635 3758 3745 3818 τοῖς
3766 3755 3886 3824 βου·

2317 3835 2562 3907 λομένοις
2598 3839 3036 3907 ἐπιγινώσκεται.
3056 3841 3342 3911 Συμφέρον
3367 3837 3459 3896 οὖν
3481 3844 3595 3896 ἐστι
3636 3845 3712 3914 τῷ
3734 3845 3882 3910 ἅπαξ

2317 3929 2712 4000 ἀποταξαμένη)
2748 3933 2813 4002 τῇ
2867 3930 3227 4002 πολυταράχῳ
3289 3933 3382 3986 τοῦ
3442 3933 3558 4002 βίου
3588 3936 3680 3988 καὶ
3732 3935 3878 4005 δεινῇ

2320 4019 2669 4090 ματαιότητι,
2694 4021 2782 4073 διὰ
2829 4022 3102 4092 προσοχῆς
3136 4021 3336 4091 πολλῆς
3376 4022 3564 4075 ἑαυτὸν
3609 4023 3704 4077 καὶ
3739 4026 3878 4094 ἠσυ-

2315 4113 2460 4181 χίας,
2496 4111 2601 4165 τῶν
2640 4110 2747 4165 ἔσω
2782 4111 3154 4183 ⁸πραγμάτων,
3225 4113 3506 4184 ἐπιμελῶς
3550 4116 3881 4169 ἐπισκέπτε-

2318 4203 2460 4268 σθαι,
2493 4204 2587 4255 καὶ
2623 4203 2714 4255 τὸν
2738 4202 2869 4255 Θεὸν
2893 4205 2948 4255 ἐν
2969 4204 3151 4274 ἐαυτῷ
3187 4202 3362 4274 ζητεῖν
3380 4205 3674 4274 ἐπιγνῶναι
3696 4223 3710 4237 ·
3733 4209 3886 4271 ἐντὸς

2315 4295 2472 4364 ήμῶν
2491 4295 2659 4366 οὔσης
2679 4296 2778 4366 τῆς
2811 4294 3087 4365 βασιλείας
3114 4295 3302 4350 αὑτοῦ.
3339 4297 3506 4360 Μόλις
3533 4299 3640 4368 γὰρ
3662 4297 3728 4352 ἂν
3742 4297 3885 4352 οὕτω

2317 4386 2486 4439 ποιῶν
2531 4405 2638 4451 τις,
2675 4387 2761 4440 διὰ
2791 4387 3004 4441 πολλῶν
3052 4387 3318 4458 περιόδων
3366 4387 3462 4441 τοῦ
3513 4389 3724 4458 χρόνου,
3756 4390 3885 4453 τοὺς

2243 4475 2517 4542 ὀτύπους
2560 4478 2660 4548 τῆς
2703 4481 2900 4544 κακίας
2949 4479 3216 4546 ἀποξέσαι
3261 4479 3362 4551 τῆς
3389 4479 3564 4550 ψυχῆς
3605 4481 3882 4551 δυνηθείη,

2318 4575 2413 4627 καὶ
2459 4572 2520 4626 τὸ
2557 4573 2783 4644 ἀρχαῖον
2832 4572 3026 4638 κάλλος
3047 4574 3125 4644 τῷ
3162 4572 3304 4628 δόντι
3349 4573 3603 4644 καθαρῶς
3665 4575 3884 4628 ἀνασώ-

2319 4665 2534 4721 σασθαι.

2389 4758 2456 4813 θ’.
2501 4759 2558 4814 Ὀ
2589 4752 2980 4831 προαποτεθεὶς
3020 4759 3093 4826 ib;
3133 4760 3192 4813 ἐν
3217 4761 3352 4831 ἡμῖν
3383 4759 3483 4829 τῆς
3530 4759 3748 4824 κακίας,
3785 4775 3883 4812 πο-

2317 4853 2414 4917 λὺς
2452 4853 2548 4920 ὢν,
2585 4853 2720 4906 πολὺ
2752 4854 2844 4907 καὶ
2892 4854 2952 4906 τὸ
2990 4853 3099 4924 πῦρ
3143 4854 3253 4924 ἄρα
3302 4853 3363 4908 τὸ
3417 4853 3747 4923 καθαρτικὸν
3795 4853 3885 4906 διὰ

2319 4942 2566 5013 δακρύων
2610 4941 2800 5013 χρῄζει
2837 4943 2936 5012 τῆς
2991 4942 3298 5013 μετανοίας,
3343 4942 3440 4995 καὶ
3477 4941 3585 4994 τῶν
3621 4942 3884 4996 ἑκουσίων

2320 5039 2418 5105 τῆς
2447 5037 2732 5105 ἀσκήσεως
2769 5034 2969 5088 πόνων.
3003 5034 3219 5104 Ἐπειδὴ
3248 5035 3283 5104 κῆ
3320 5034 3387 5087 δι’
3412 5033 3672 5087 ἑκουσίων
3707 5033 3885 5086 πόνων

2319 5125 2695 5196 καθαιῴμεθα
2728 5125 2835 5178 τῶν
2892 5123 3187 5195 μολυσμῶν
3233 5123 3333 5192 τῆς
3384 5121 3674 5192 ἁμαρτίας,
3723 5121 3755 5191 ἢ
3813 5121 3882 5174 δι’

2320 5219 2587 5272 ἀκουσίων
2635 5216 2913 5287 ἐπιφορῶν
2942 5231 2953 5243 ο
2987 5216 3098 5270 τῶν
3144 5215 3253 5288 γὰρ
3308 5214 3572 5269 ἑκουσίων
3608 5231 3884 5285 προηγου-

2324 5313 2498 5384 μένων
2531 5353 2545 5376 ,
2589 5311 2686 5381 οὐχ
2734 5311 2945 5381 ὑπαντᾷ
3000 5309 3070 5363 τὰ
3124 5308 3387 5363 ἀκούσια·
3423 5306 3648 5360 ἐκείνων
3702 5307 3761 5359 δὲ
3805 5307 3882 5378 μὴ

2322 5403 2684 5474 ἐνεργούντων
2721 5403 2818 5471 τὴν
2852 5403 3119 5471 κάθαρσιν
3144 5402 3238 5456 τοῦ
3287 5401 3436 5463 ἐντὸς
3478 5397 3574 5453 τοῦ
3621 5399 3882 5467 ποτηρίου

2322 5497 2534 5565 καὶτῆς
2567 5495 2878 5566 παροψίδος,
2911 5496 3082 5548 ταῦτα
3139 5495 3496 5563 σφοδρότερον
3535 5492 3748 5562 ἐνεργεῖ
3784 5493 3884 5554 τὴν

2322 5587 2595 5658 ἡμετέραν
2632 5587 2764 5656 πρὸς
2786 5586 2846 5637 τὸ
2878 5586 3099 5657 ἀρχαῖον
3130 5584 3586 5646 ἀποκατάστασιν,
3621 5578 3764 5634 οὕτω
3789 5577 3884 5631 τοῦ

2324 5680 2567 5750 τεχνίτου
2607 5678 3079 5749 οἰκονομήσαντος.

729 5769 775 5803 ³⁸
807 5772 828 5828 ι
857 5772 983 5832 Cor.
1022 5789 1079 5844 ιι,
1106 5775 1159 5830 Ι.
1235 5777 1275 5810 ³⁷
1309 5776 1499 5835 Matth.
1527 5795 1578 5848 ν,
1610 5750 1803 5845 13,Η.
1882 5777 1924 5812 ³⁸
1953 5777 2099 5837 Psal.
2125 5797 2244 5852 ην,
2273 5783 2361 5840 ll.
