4152 6338
205 389 308 453 905

1142 399 1623 464 PHYSICORUM
1655 401 1983 467 CAPITUM
2025 408 2408 471 CENTURIA
2452 414 2528 474 Il.

3301 426 3402 486 906

271 500 319 552 ι’.
358 501 618 566 Παίζουσι
644 505 739 576 τὴν
768 506 1064 575 εὐσέϐειαν,
1094 512 1186 564 καὶ
1212 515 1493 578 παίζονται
1518 518 1623 572 ὑπὸ
1655 520 1761 573 τῶν

1928 521 2014 576 10.
2052 501 2266 578 Ludunt
2314 527 2566 595 pietatem
2604 540 2655 586 et
2699 535 2962 590 luduntur
3009 537 3076 592 ab
3125 527 3399 608 operibus.

198 596 564 666 πραγμάτων,
597 600 646 650 οί
669 600 743 669 μὴ
779 605 920 654 κατά
949 603 1104 670 λόγον
1139 605 1235 674 τὴν
1289 607 1500 659 ἑαυτῶν
1532 626 1763 679 πεποιη-

198 687 355 750 κότες
413 690 722 762 ἁποταγὴν,
789 695 920 764 μηδέ
965 696 1271 768 διδασκάλῳ
1319 701 1625 770 χρήσασθαι
1673 704 1766 754 καὶ

196 779 378 850 ὁδηγῷ
403 781 753 853 βουληθέντες
776 788 837 838 ἐκ
869 788 1190 858 προοιμίων,
1224 791 1357 844 ἀλλὰ
1385 795 1449 861 τῇ
1482 793 1585 863 ἰδίᾳ
1635 811 1762 846 συν-

205 870 321 923 έσει.
353 873 841 946 ἀκολουθήσαντες,
901 881 992 934 καὶ
1026 884 1286 951 φανέντες
1319 887 1552 941 ἐνώπιον
1583 887 1767 942 αὐτῶν

197 969 581 1041 ἐπιστήμονες.

272 1063 361 1111 ια’.
390 1057 525 1112 Οὔτε
576 1063 683 1115 τῶν
741 1068 1069 1136 σωματιιιῶν
1103 1070 1289 1126 παθῶν
1319 1071 1418 1135 sic
1458 1074 1768 1134 νοσοποιοὺς

199 1151 383 1214 αἰτίας
409 1153 636 1209 δύναταί
663 1171 747 1220 τις
785 1159 1031 1232 ἀκριϐῶς
1083 1163 1299 1230 ειδέναι,
1338 1166 1560 1228 καὶτὰς
1602 1167 1767 1238 θεραο

198 1243 361 1307 πείας
384 1246 583 1310 αὐτῶν,
609 1247 737 1302 ἄνευ
760 1252 956 1324 πείρας
985 1251 1185 1325 πολλῆς
1215 1257 1314 1326 τῆς
1357 1259 1611 1329 ἰατρικῆς
1638 1260 1764 1313 ἐπι-

199 1336 438 1408 στήμης,
471 1337 593 1396 οὔτε
646 1343 754 1396 τῶν
791 1344 1059 1416 ψυχικῶν,
1083 1347 1212 1402 ἄνευ
1248 1349 1348 1419 τῆς
1391 1350 1593 1420 πολλῆς
1643 1349 1772 1422 περὶ

198 1430 370 1483 ταῦτα
428 1435 737 1506 ἀσκήσεως.
779 1438 1000 1510 Ἐπειδὴ
1048 1438 1236 1510 ὥσπερ
1295 1443 1539 1513 σφαλερὰ
1584 1444 1729 1497 δοκεῖ
1755 1482 1805 1507 ,,

199 1525 294 1578 καὶ
325 1524 522 1594 ὀλίγοις
569 1530 764 1602 κομιδῆ
796 1529 1098 1599 εὕγνωστος
1127 1535 1160 1604 ἠ
1193 1539 1302 1588 τῶν
1331 1536 1660 1606 σωματικῶν
1686 1555 1772 1591 νο·-

203 1619 465 1687 σημάτων
489 1622 800 1690 διάγνωσις,
836 1628 966 1695 περὶ
1000 1629 1065 1699 ἢν
1110 1631 1142 1698 ἡ
1187 1629 1295 1683 τῶν
1323 1631 1524 1702 ίατρῶν
1551 1632 1774 1699 καταγί-

201 1725 354 1763 νεται
416 1712 728 1785 ἐπιστήμη,
784 1714 930 1771 οὕτω
990 1720 1383 1792 σφαλερωτέρα
1439 1723 1533 1776 καὶ
1599 1721 1777 1794 πολλῷ

1861 617 1948 685 qui
1986 632 2090 671 non
2121 619 2316 688 seipsis
2351 623 2738 680 rationabiliter
2783 630 3270 698 renuntiaverunt,
3305 651 3402 688 nec

1863 709 2118 777 magistro
2162 712 2243 764 vel
2279 713 2416 766 duce
2451 715 2526 768 uti
2563 717 2750 772 volunt
2795 721 2862 773 ab
2909 722 3083 787 initio,
3134 726 3226 778 sed
3279 742 3403 794 pro-

1863 798 2038 863 prium
2067 808 2366 867 sequuntur
2389 804 2765 872 consiliutn,et
2794 809 3006 866 sibimet
3034 813 3164 881 ipsis
3188 816 3400 884 sapien-

1863 894 1942 940 tcs
1979 887 2246 944 videntur.

1933 1070 2019 1124 tl.
2055 1068 2223 1127 Nemo
2255 1084 2429 1144 potest
2478 1080 2782 1138 morbilicas
2813 1084 3122 1153 passionum
3166 1093 3408 1160 corporis

1862 1175 2058 1218 causas
2103 1177 2396 1234 earumque
2440 1169 2699 1225 medelam
2750 1174 3065 1241 percallere,
3098 1177 3213 1231 sine
3243 1181 3407 1232 multa

1863 1254 2106 1318 scientiae
2133 1258 2413 1313 medicalis
2439 1263 2798 1330 experientia;
2827 1281 2924 1320 nec
2955 1270 3263 1336 passionum
3293 1271 3411 1324 ani-

1867 1359 1985 1405 mae.
2035 1347 2152 1419 sine
2205 1350 2375 1404 multo
2435 1353 2579 1406 circa
2636 1355 2732 1409 has
2789 1352 3070 1413 exerCitio.
3128 1361 3402 1430 Siquidem

1865 1445 2124 1502 quantum
2153 1438 2356 1494 lubrica
2385 1442 2596 1497 videtur
2625 1452 2680 1497 et
2712 1447 2897 1513 paucis
2923 1451 3294 1506 tantummodo
3318 1467 3408 1504 ac-

1866 1536 2053 1583 curate
2089 1533 2476 1599 cognoscibilis
2511 1535 2830 1590 morborum
2876 1541 3121 1608 corporis
3173 1543 3362 1594 notitia
3393 1581 3408 1602 .

1865 1617 2014 1674 circa
2067 1635 2226 1690 quam
2250 1636 2493 1680 versatur
2540 1629 2866 1686 medicorum
2909 1632 3165 1696 scientia;
3200 1641 3407 1687 tantum

1868 1722 1921 1769 et
1951 1716 2121 1770 multo
2155 1719 2323 1788 magis
2347 1719 2579 1775 diliicilis
2611 1731 2697 1777 est
2721 1724 3035 1780 morborum
3081 1727 3284 1782 animaa-
3321 1743 3413 1782 co-

208 1801 498 1874 μᾶλλον,ἢ
535 1807 742 1892 ἐκείνη,
775 1809 808 1879 ἡ
841 1810 950 1862 τῶν
992 1810 1259 1882 ψυχικῶν.
1304 1814 1453 1886 ’Ὁσῳ
1480 1815 1588 1886 γὰρ
1631 1814 1778 1888 ψυχὴ

1868 1806 2060 1874 gnitio.
2091 1808 2301 1874 Quanto
2335 1813 2478 1866 enim
2509 1816 2720 1883 c0rpori
2755 1827 2969 1886 praestat
2997 1820 3174 1872 anima
3201 1858 3216 1882 ,
3255 1829 3408 1872 tanto

204 1895 461 1967 σώματος
524 1891 822 1970 κρείττων,
870 1903 1127 1959 τοσοῦτον
1200 1907 1368 1977 μείζω
1417 1909 1487 1962 τὰ
1562 1910 1776 1980 ἐκείνης

1867 1900 2067 1968 trajora
2092 1911 2144 1955 et
2166 1906 2386 1973 cognitu
2409 1907 2707 1964 dilliciliora
2725 1920 2851 1965 sunt
2871 1912 3008 1965 mala
3034 1912 3226 1967 anima:
3246 1926 3406 1982 quam

201 1992 297 2044 καὶ
353 1993 767 2067 δυσκατανόητα
806 1999 992 2070 πάθη,
1030 2002 1060 2072 ἢ
1106 2001 1198 2055 τοῦ
1252 2001 1572 2071 φαινομένου
1614 2005 1777 2058 πᾶσιν

184 2085 474 2158 -αίσθητῶς
501 2088 691 2141 τούτου
704 2089 993 2160 κσώματος.

277 2178 370 2247 ιβ’.
402 2180 566 2233 Φύσει
597 2183 709 2246 τοῖς
754 2183 1063 2256 ἀνθρώποις
1085 2186 1141 2239 αί
1163 2187 1380 2256 γενικαὶ
1396 2171 1494 2240 acui.
1515 2186 1779 2257 ἄρχουσαι.

201 2271 262 2324 τὸ
291 2270 476 2325 λοιπὸν
506 2276 698 2344 ἀρεταὶ
720 2277 1166 2348 συνεκτίσθησαν.
1194 2271 1375 2348 ἀφ’ὧν
1401 2280 1478 2344 ὡς
1508 2279 1573 2332 ἐκ
1593 2280 1780 2333 τεσσά-

206 2381 316 2433 ρων
333 2365 516 2435 ἀρχῶν
537 2369 584 2420 oi
603 2370 836 2439 ποταμοὶ
853 2369 958 2423 τῶν
974 2371 1146 2425 ἀλλων
1169 2370 1395 2426 ἁπασῶν
1422 2371 1632 2441 ἀρετῶν
1646 2369 1780 2441 πλη-

207 2458 672 2528 ροῦνταιιπάτων,
701 2464 796 2516 καὶ
826 2464 1102 2527 ποτίζουσι
1148 2465 1247 2534 τὴν
1267 2463 1433 2518 ’πόλιν
1467 2464 1560 2517 τοῦ
1589 2463 1727 2517 Θεοῦ

203 2550 321 2621 ἥτις
355 2552 564 2625 ἐστὶνὴ
609 2554 987 2629 καθαιρομένη
1042 2557 1261 2629 καρδία,
1293 2560 1388 2613 καὶ
1429 2559 1776 2634 παρακαλου·

207 2641 345 2713 μένη
378 2641 465 2697 διὰ
489 2644 762 2716 δακρύων.
788 2647 1004 2714 Ταύτας
1030 2652 1058 2703 ὁ
1086 2651 1327 2721 τηρήσας
1354 2649 1781 2713 excruciaret):

204 2733 314 2787 ἀπὸ
342 2736 451 2805 τῶν
481 2740 808 2809 πνευμάτων
844 2740 943 2811 τῆς
975 2741 1259 2811 πονηρίας,
1294 2741 1324 2813 ἢ
1372 2743 1400 2796 ὀ
1433 2741 1778 2812 συμπτωθεί-

207 2841 309 2890 σας
358 2827 444 2881 διὰ
488 2830 664 2884 πόνων
722 2832 932 2886 πολλῶν
992 2834 1090 2903 τῆς
1127 2834 1418 2906 μετανοίας
1467 2833 1818 2905 ἀνεγείρας,-

205 2915 356 2972 οἷκον
408 2922 585 2992 ἐαυτῷ
626 2924 905 2993 βασιλικὸν
936 2929 1028 2980 καὶ
1063 2927 1325 2981 παλάτιον
1366 2927 1609 2997 ἤγειρεν,
1652 2928 1709 2979 ἐν
1738 2917 1782 2995 ᾧ

211 3008 381 3080 μονὴν
433 3013 668 3067 ποιεῖται
728 3013 757 3066 ό
799 3012 1065 3077 Βασιλεὺς
1120 3016 1213 3067 τοῦ
1277 3013 1501 3076 παντὸς,
1535 3010 1631 3066 καὶ
1682 3013 1782 3077 τὰς

207 3101 421 3173 ὑψηλάς
465 3103 673 3176 δωρεὰς
725 3105 890 3160 αὑτοῦ
929 3107 1042 3164 τοῖς
1072 3106 1245 3170 οὕτως
1280 3107 1502 3170 ἑαυτοὺς
1535 3106 1784 3178 εὐτρεπί-

209 3209 368 3249 σασιν
406 3196 653 3264 ἀφθόνως
699 3198 1079 3269 ἀπονέμεικαὶ
1107 3199 1312 3254 δίδωσι.

284 3293 374 3354 ιγ’.
412 3288 629 3360 Βραχὺς
674 3289 700 3340 ὁ
730 3289 865 3359 βίος,
903 3290 1116 3358 μακρὸς
1161 3291 1187 3342 ὁ
1242 3288 1451 3358 μέλλων
1504 3288 1656 3356 αἰὼν,
1687 3291 1782 3344 καὶ

207 3382 389 3449 ὀλίγον
423 3383 481 3436 τὸ
509 3383 783 3454 διάστημα
804 3386 903 3454 τῆς
944 3384 1222 3455 παρούσης
1263 3383 1425 3453 ζωῆς.
1461 3383 1783 3455 Ἀνθρωπος

208 3477 264 3530 δέ
291 3478 350 3530 τὸ
387 3477 527 3548 μέγα
559 3478 652 3532 καὶ
685 3478 854 3550 βραχὺ
884 3479 1039 3532 τοῦτο
1073 3478 1230 3543 ζῶον.
1266 3470 1310 3546 ᾧ
1335 3478 1568 3542 στενὸςὸ
1591 3479 1785 3550 παρὼν

209 3570 368 3642 ἐδόθη
400 3573 611 3642 καιρὸς,
638 3573 868 3643 ἀσθενής
893 3585 906 3602 ⁸
937 3575 1026 3626 καὶ
1049 3576 1076 3626 ό
1109 3573 1207 3644 μέν
1239 3572 1444 3636 στενὸς,
1469 3573 1497 3625 ὁ
1527 3573 1583 3626 δὲ
1613 3574 1782 3628 ἀσθε-

212 3662 310 3731 νής
338 3677 353 3694 ο
385 3661 444 3714 τὸ
495 3662 551 3714 δὲ
595 3661 954 3733 προκείμενον
987 3658 1168 3724 ἆθλον,
1223 3665 1302 3726 είς
1354 3661 1608 3716 ἐπάθλων
1632 3665 1781 3718 ἀντι-

215 3753 458 3823 μισθίαν,
510 3755 674 3825 μέγα,
727 3756 951 3825 μυρίους
1003 3754 1122 3824 ἔχον
1155 3757 1279 3823 τοὺς
1345 3754 1632 3819 σκόλοπας,
1692 3755 1784 3809 καὶ

212 3849 293 3910 είς
317 3848 662 3918 βραχυτάτην
688 3847 996 3901 κινδυνεῦον
1030 3848 1196 3917 ζωήν.

287 3941 368 3993 ιδ’.
405 3940 478 3993 Οὐ
513 3939 760 4010 βούλεται
796 3941 903 3993 τῶν
957 3939 1261 3992 σπουδαίων
1305 3939 1403 4008 τὴν
1447 3938 1707 4009 ἐργασίαν
1753 3936 1779 3987 ὁ

213 4032 346 4092 Θεὸς
399 4031 756 4085 ἀϐασάνιστον
799 4029 961 4093 εἶναι,
1017 4033 1150 4086 ἀλλὰ
1202 4034 1295 4086 καὶ
1345 4033 1467 4088 λίαν
1494 4032 1783 4102 δεδοκιμα-

217 4120 445 4191 σμένην.
485 4123 581 4173 Διά
608 4122 768 4175 τοῦτο
794 4119 887 4175 οὖν
911 4123 970 4176 τὸ
1001 4122 1122 4192 πῦρ·
1142 4125 1406 4194 ἐπαφίησι
1440 4125 1546 4177 τῶν
1595 4141 1786 4193 πειρα-

218 4213 392 4283 σμῶν,
421 4215 513 4267 καὶ
542 4215 639 4283 τὴν
669 4215 825 4284 χάριν
867 4215 1143 4268 συστέλλει
1186 4217 1317 4285 πρὸς
1348 4217 1527 4283 ὀλίγον
1560 4217 1657 4289 τὴν
1710 4216 1786 4270 δι-

214 4307 449 4377 δομένην
480 4307 664 4368 αὐτοῖς
695 4305 918 4369 ἄνωθεν,
947 4308 1040 4360 καλ.
1093 4308 1200 4360 τῶν
1233 4309 1506 4378 λογισμῶν
1546 4307 1645 4378 τὴν
1690 4325 1787 4376 γα-

216 4399 386 4469 λήνην
437 4399 541 4452 ὑπὸ
571 4398 678 4452 τῶν
701 4401 1025 4469 πνευμάτων
1051 4403 1149 4471 τῆς
1182 4401 1445 4471 πονηρίας
1500 4400 1785 4471 κυμανθῆ-

217 4508 306 4545 ναι
335 4493 474 4545 κατὰ
505 4492 696 4563 καιρὸν
741 4497 1052 4564 συγχωρεῖ·
1094 4493 1162 4545 ἵν’
1206 4495 1287 4564 ἴδῃ
1338 4495 1434 4564 τὴν
1475 4494 1645 4564 ῥοπὴν
1690 4489 1786 4564 τῆς

1863 1993 2000 2044 mala
2038 1998 2282 2064 corporis
2315 1997 2477 2066 hujus
2516 2002 2769 2055 omnibus
2805 2002 3054 2060 visibilis.

1945 2183 2029 2238 t2.
2066 2183 2268 2240 Natura
2314 2187 2621 2246 hominibus
2657 2199 2856 2246 matres
2882 2193 3154 2264 ducesque
3183 2202 3410 2250 caetera-

1866 2289 1984 2331 rum
2020 2277 2191 2333 insitae
2215 2278 2344 2356 sunt
2367 2281 2614 2346 virtutes,
2639 2296 2670 2337 c
2699 2283 2894 2352 quibus
2922 2285 3066 2341 velut
3090 2303 3153 2342 ex
3179 2297 3412 2356 quatuor

1868 2366 2109 2424 fontibus
2129 2368 2279 2424 ﬂuvii
2305 2372 2637 2442 reliquarum
2660 2375 2919 2430 virtutum
2939 2378 3092 2446 aquis
3115 2381 3406 2448 replentur,

1864 2467 1920 2514 et
1946 2461 2179 2531 irrigant
2213 2461 2491 2515 civitatem
2539 2463 2656 2525 Dei,
2682 2479 2803 2532 quae
2827 2475 2913 2520 est
2941 2481 3037 2521 cor
3068 2469 3408 2536 puriﬁcatam

1865 2560 1920 2605 et
1944 2551 2200 2621 Iacrymis
2237 2551 2550 2609 allevatmn.
2584 2552 2706 2607 lllas
2732 2556 2823 2624 qui
2850 2565 3032 2612 servat
3060 2557 3410 2614 inconcussas

1868 2659 1897 2696 a
1934 2643 2224 2714 spiritibus
2260 2645 2536 2715 malignis,
2564 2646 2646 2699 vel
2681 2649 2771 2716 qui
2820 2648 3006 2718 lapsus
3041 2651 3269 2721 resurgit
3315 2666 3412 2721 per

1870 2737 2069 2791 multos
2102 2738 2436 2806 pm'nitentiaa
2462 2737 2696 2804 labores,
2726 2738 2827 2793 sibi
2861 2741 3082 2794 domum
3114 2741 3285 2795 struit
3324 2756 3411 2794 rc~

1864 2827 2004 2898 giam
2035 2838 2085 2882 et
2109 2828 2391 2898 palatium,
2427 2829 2482 2882 in
2513 2844 2620 2898 quo
2650 2830 2983 2885 mansionem
3013 2831 3144 2885 facit
3167 2834 3407 2886 omnium

1865 2918 2213 2989 gubernator,
2251 2936 2484 2989 suasque
2522 2923 3025 2991 superabundantes
3047 2923 3412 2979 divitiashene

1868 3011 2185 3080 pra'puratis
2224 3013 2448 3081 copiose
2480 3013 2757 3068 distribuit
2795 3023 2847 3069 et
2880 3013 3129 3084 largitur.

1939 3284 2248 3339 13.-Brevis
2277 3293 2360 3340 est
2398 3285 2528 3350 vita,
2566 3286 2785 3356 longum
2811 3293 3026 3357 tempus
3061 3287 3320 3352 futurum,
3359 3299 3415 3342 et

1869 3389 2094 3445 parvum
2148 3376 2273 3431 vitze
2326 3377 2614 3445 praesentis
2664 3379 2920 3447 spatium.
2969 3377 3160 3458 llomo,
3207 3381 3405 3435 animal

1868 3467 1999 3522 illud
2049 3481 2301 3538 magnum
2348 3475 2397 3522 et
2434 3457 2678 3538 parvum,
2736 3473 2822 3526 cui
2865 3470 3024 3526 breve
3075 3469 3256 3525 datum
3325 3483 3409 3528 cst

1864 3574 2108 3632 .praasens
2156 3570 2388 3630 tempus,
2425 3562 2621 3618 debilis
2655 3570 2736 3617 est
2773 3579 2786 3616 :
2825 3566 3014 3632 sicque
3066 3572 3276 3632 tempus
3329 3574 3410 3616 est

1865 3654 2050 3718 breve,
2092 3653 2254 3707 homo
2282 3653 2510 3718 debilis;
2543 3663 2596 3707 at
2624 3653 2870 3710 bravium
2906 3657 2972 3710 ad
3023 3658 3413 3711 remuneratio-

1865 3760 1983 3799 nem
2000 3744 2321 3798 athletarum
2337 3743 2561 3802 ollcrtur
2579 3760 2850 3816 magnum,
2877 3748 3190 3803 innumeras
3208 3748 3410 3804 habens

1863 3851 2073 3901 cruces,
2104 3843 2158 3892 et
2185 3837 2592 3906 periculis-vitae
2628 3837 2960 3893 brevissimze
2990 3841 3314 3909 expositum.

1937 3928 2021 3982 Η.
2056 3926 2173 3981 Non
2213 3930 2324 3982 vult
2377 3927 2516 3982 Deus
2564 3929 2828 3984 honorum
2876 3945 3037 3998 opera
3093 3933 3411 3985 tentaminis

1865 4020 2105 4090 expertia
2141 4035 2282 4086 esse,
2321 4021 2413 4076 sed
2450 4021 2606 4076 valde
2633 4022 2877 4091 probari.
2911 4021 3200 4092 Propterea
3233 4023 3407 4093 ignem

1866 4113 2226 4166 tentationum
2259 4112 2524 4175 immittit,
2555 4119 2609 4166 et
2640 4113 2705 4166 ad
2756 4123 2971 4183 tempus
3012 4113 3237 4168 retrahit
3286 4131 3408 4184 gra-

1868 4205 1995 4259 tiam
2026 4205 2132 4258 lllis
2166 4204 2342 4258 datam
2394 4205 2643 4272 desuper,
2703 4211 2759 4258 et
2795 4205 3201 4274 “cogitationum
3265 4215 3413 4260 tran-

1866 4298 2192 4368 quillitatem
2220 4304 2540 4365 tempestate
2573 4294 2884 4364 perturbari
2928 4299 3251 4366 tempestive
3280 4314 3406 4366 per-

1866 4390 2030 4444 mittit
2073 4409 2084 4444 :
2127 4399 2185 4445 ut
2238 4391 2417 4445 videat
2469 4390 2888 4460 propensionem
2939 4393 3153 4457 animae,
3203 4392 3254 4446 in
3305 4403 3412 4460 ‘quo

1865 4485 1967 4539 sibi
2003 4484 2238 4538 maxime
2285 4484 2649 4553 complaceat,
2697 4494 2877 4538 utrum
2927 4485 2977 4537 in
3010 4500 3110 4539 suo
3157 4484 3415 4541 Creatore

217 4581 421 4652 ψυχῆς,
449 4584 553 4636 τίνι
582 4583 641 4636 τὸ
666 4584 916 4638 πλεῖστον
939 4583 1244 4653 χαρίζεταιο
1273 4584 1500 4656 πότερον
1533 4584 1682 4655 αὐτῷ
1710 4585 1781 4656 τῷ

1866 4590 1928 4629 ac
1957 4575 2316 4640 benefactore,
2351 4591 2416 4628 an
2457 4578 2514 4628 in
2552 4590 2715 4630 sensu
2761 4576 2948 4631 mundi
3015 4579 3413 4648 voluptatisque

220 4677 420 4745 ποιητῇ
446 4676 542 4729 καὶ
571 4674 834 4748 εὐεργέτῃ
861 4676 1053 4745 αὐτῆς,
1089 4677 1206 4746 ἧτῇ
1243 4671 1490 4746 αἰσθήσει
1547 4675 1641 4728 τοῦ
1691 4676 1780 4729 κό-

222 4782 380 4836 σμου,
416 4767 510 4820 καὶ
555 4766 632 4838 τῷ
658 4765 787 4838 λείῳ
820 4768 914 4838 τῆς
973 4767 1162 4838 ἡδονῆς
1196 4783 1208 4796 °
1246 4767 1338 4820 καὶ
1384 4767 1555 4830 οὕτως
1612 4767 1643 4837 ἦ
1692 4767 1788 4836 τὴν

222 4859 382 4927 χάριν
439 4858 783 4921 διπλασιάζει
838 4861 1043 4921 αὐτοῖς,
1091 4859 1495 4929 προκόπτουσιν
1546 4861 1624 4920 είς
1691 4859 1789 4927 τὴν

221 4953 446 5020 ἀγάπην
477 4951 661 5017 αὐτοῦ,
700 4951 734 5021 ἢ
775 4953 1025 5021 μαστίξει
1059 4951 1276 5012 τούτους
1301 4953 1410 5014 τοῖς
1464 4952 1788 5020 πειρασμοῖς

226 5044 321 5098 καὶ
380 5045 500 5106 ταῖς
540 5025 771 5113 θλίψεσι,
802 5043 1236 5114 προσκειμένους
1266 5044 1380 5104 τοῖς
1419 5042 1737 5112 πράγμασιν
1771 5056 1783 5069 ο

220 5134 326 5197 ἓως
365 5126 424 5186 οὗ
477 5135 630 5202 μῖσος
661 5134 864 5187 λάϐωσι
900 5133 1008 5187 τῶν
1055 5132 1346 5203 ὁρωμένων
1398 5130 1498 5200 τῆς
1554 5130 1787 5182 ἀστάτου

227 5227 548 5298 περιφορᾶς,
598 5224 692 5277 καὶ
752 5224 847 5295 τὴν
902 5225 1126 5295 πικρίαν
1179 5223 1287 5276 τῶν
1338 5220 1547 5274 ἐκεῖθεν
1586 5219 1788 5288 ἡδονῶν

223 5321 484 5390 δάκρυσιν
522 5317 941 5371 ἀποκλύσονται.

296 5408 379 5463 ιε’.
411 5410 522 5478 Τῆς
567 5409 791 5478 εἰρήνης
821 5409 926 5458 τῶν
960 5405 1232 5474 λογισμῶν
1264 5403 1368 5455 ὑπὸ
1401 5402 1506 5454 τῶν
1545 5401 1786 5470 πνευμά-

223 5519 327 5554 των
385 5501 481 5569 τῆς
540 5498 803 5568 πονηρίας
855 5495 1305 5564 ἐκταραχθείσης,
1345 5492 1542 5547 αὐτίκα
1585 5492 1680 5545 καὶ
1719 5490 1788 5542 τὰ

225 5597 593 5668 πεπυρωμένα
639 5595 767 5663 βέλη
809 5594 904 5662 τῆς
946 5591 1260 5660 ἐπιθυμίας,
1301 5590 1443 5642 κατὰ
1481 5587 1575 5641 τοῦ
1626 5586 1787 5650 ὀξέως

224 5688 506 5755 τρέχοντος
552 5683 676 5753 πρὸς
721 5682 785 5733 τὰ
821 5680 927 5749 ὕψη
982 5677 1120 5741 νοὸς,
1148 5676 1298 5745 παρὰ
1352 5678 1456 5728 τῶν
1509 5675 1787 5744 θηρευτῶν

227 5779 319 5830 καὶ
350 5776 690 5847 φιλοσάρκων
735 5773 1022 5841 δαιμόνων,
1061 5771 1373 5841 πέμπονται
1420 5767 1676 5840 συνεχῶς.
1727 5767 1785 5816 '0

536 5861 806 5918 ΡΑτιιοῑ..
845 5859 960 5918 (in.
1000 5861 1168 5920 CXX.

1866 4668 2184 4732 dulcedine;
2221 4681 2352 4723 tunc
2387 4683 2514 4723 vero
2555 4669 2636 4723 vel
2684 4668 2912 4738 gratiam
2973 4685 3126 4726 suam
3177 4671 3415 4740 duplicat

1870 4763 1975 4828 eis,
2014 4763 2057 4817 si
2091 4777 2284 4831 nempe
2335 4763 2385 4815 in
2433 4762 2554 4830 ejus
2596 4775 2781 4816 amore
2828 4762 3134 4830 proﬁciant,
3186 4763 3265 4816 vel
3322 4762 3415 4816 lia-

1869 4854 2032 4922 gellat
2061 4868 2155 4907 eos
2199 4852 2484 4907 tormentis
2517 4866 2580 4905 ac
2615 4851 3087 4914 tribulationibus,
3136 4853 3180 4906 si
3227 4868 3408 4906 rerum

1868 4943 2462 5014 cupiditate‘laborent,
2495 4942 2851 5012 quoadusque
2891 4941 3410 4997 instabilem'visibi-

1835 5024 1839 5026 ’
1869 5037 2000 5089 lium
2032 5035 2462 5089 vicissitudinem
2493 5037 2596 5097 osi,
2630 5032 3045 5088 amaritudinem
3072 5041 3407 5088 terrenarum

1864 5129 2202 5198 voluptatum
2239 5127 2494 5195 lacrymls
2531 5139 2781 5195 purgent.

1936 5393 2022 5445 15.
2053 5389 2474 5457 Tranquillitate
2501 5385 2890 5457 cogitationum
2919 5398 2949 5436 a
2972 5384 3257 5452 spiritibus
3290 5396 3408 5434 ma-

1877 5485 2040 5551 lignis
2090 5482 2323 5546 turb’ata,
2368 5480 2549 5534 statim
2591 5479 2757 5548 ignita
2810 5475 3265 5545 concupiscentia:
3304 5476 3405 5527 tela

1871 5581 2062 5629 contra
2100 5589 2221 5626 eum
2271 5573 2363 5641 qui
2416 5572 2480 5624 ad
2523 5571 2718 5623 mentis
2766 5568 3116 5623 elevationem
3151 5565 3411 5620 velociter

1871 5664 2066 5727 currit,
2096 5678 2122 5714 a
2152 5661 2502 5715 venatoribus
2543 5658 2960 5725 carnalibusquc
3011 5654 3290 5710 dremoniis
3329 5651 3410 5720 ja-

1873 5763 2087 5809 ctantur
2113 5754 2262 5809 iuch
2289 5752 2658 5808 nenter.Mcns
2690 5766 2814 5807 vero
2841 5766 2866 5803 a
2901 5759 3045 5804 motu
3076 5746 3409 5802 ascensionis

3024 5841 3097 5900 ‘29
