4106 6336
264 329 374 394 909

1199 324 1686 389 PHYSICORUM
1730 321 2063 385 CAPITUM
2095 312 2488 386 'CENTURIA
2524 327 2606 388 Ιῐ.

3357 340 3457 402 9Ῑ1)

263 422 402 499 ἀλλὰ
434 444 637 515 βαίνειν
672 443 856 504 ἐπὶιτά
883 441 1071 515 ,πρόσω
1097 436 1208 507 ἀεὶ,
1232 440 1328 499 καὶ
1356 439 1468 510 τῶν
1485 435 1833 508 τελειοτέρων

1928 436 2114 503 genter
2141 435 2425 516 applicari,
2460 453 2529 492 ne
2551 438 2681 493 mali
2729 427 2994 512 ﬂagellum
3045 443 3158 514 ejus
3207 447 3458 504 taberna—

264 541 445 610 ερτων
461 538 765 604 σπουδαίως
792 537 1131 610 ἐφάπτεσθαι
1152 550 1166 566 ⁶
1199 537 1294 605 ἵνα,
1315 534 1389 607 μὴ
1410 529 1608 604 μάστιξ
1637 527 1834 593 κακίας

262 628 343 700 τῷ
374 628 578 701 ταύτης
610 629 802 702 ὲγγίσῃ
833 628 1172 703 σκηνώματι.
1322 709 1323 712 η

339 719 428 787 ιθ’.
462 722 656 792 Πεῖρα,
691 722 785 775 καὶ
816 719 1053 791 σκόλωψ,
1091 721 1185 774 καὶ
1213 719 1443 789 βάσανος
1476 719 1598 774 κατ’
1630 720 1831 774 οἰκονο-

267 811 398 881 μίαν
445 812 674 876 ἰκτίνοις
722 811 878 866 τοῦτο
927 813 988 866 τὺ
1037 811 1256 883 πνεῦμα
1311 811 1539 879 γίνεται,
1583 811 1741 875 ὅσους
1795 813 1830 880 ἡ

265 903 462 977 πρώτη
490 905 628 974 πρὸς
651 895 928 976 δευτέραν
957 904 1226 960 ἀπάθειαν
1267 903 1490 975 ἤλασενο
1509 903 1584 965 ὡς
1613 901 1680 956 ἂν
1715 899 1822 954 ὑπὸ

263 985 467 1057 ταύτης
481 987 819 1057 ὀχλούμενοι,
834 985 932 1061 τῆς
947 986 1182 1061 φυσικῆς
1207 985 1511 1054 μέμνηνται
1531 983 1813 1048 ἀσθενείας
1824 1028 1836 1048 ,

265 1077 361 1130 καὶ
389 1076 466 1146 μὴ
487 1078 554 1147 τῇ
595 1060 871 1149 ὑπερδολῇ
906 1060 1015 1130 τῶν
1055 1076 1120 1129 ὲκ
1162 1076 1262 1145 τῆς
1295 1074 1524 1146 θεωρίας
1556 1075 1833 1129 ἀποκαλύ-

262 1167 433 1238 ψεων,
465 1169 607 1222 κατὰ
635 1168 696 1222 τὸ
724 1168 926 1237 λόγιον,
967 1167 1398 1238 ὐπεραίρωνται,
1440 1166 1576 1220 ἀλλὰ
1618 1166 1710 1220 τὸν
1741 1167 1834 1219 άν-

264 1260 751 1329 τιστρατέυόμενον
780 1245 1029 1330 τῶνόμῳ
1049 1257 1336 1330 βλέποντες
1365 1257 1459 1310 τοῦ
1489 1258 1604 1321 νοὸς
1631 1256 1831 1323 αὐτῶν,

265 1329 484 1419 καὶίτὴν
518 1346 678 1419 ψιλὴν
705 1329 1106 1402 ἀποσείσωνται
1137 1348 1358 1417 μνήμην
1387 1347 1486 1416 τῆς
1516 1346 1794 1416 ἁμαρτίας
1815 1362 1827 1377 ’

265 1440 421 1512 φόὸῳ
472 1439 566 1496 τοῦ
604 1440 680 1511 μὴ
732 1439 918 1494 λαϐεῖν
969 1437 1222 1508 αἴσθησιν
1278 1437 1378 1507 τῆς
1442 1436 1831 1508 ὲντικτομὲνης

264 1533 448 1604 λύμης
471 1531 580 1588 ἀπὸ
611 1533 710 1602 τῆς
747 1532 968 1610 μνῇμης
996 1528 1169 1599 αὐτῆς
1195 1569 1210 1590 ,
1245 1528 1338 1581 καὶ
1389 1528 1482 1582 τοῦ
1537 1527 1704 1598 ὕψους
1734 1527 1835 1598 τῆς

265 1621 505 1693 θεωρίας
532 1622 607 1693 μὴ
636 1622 914 1692 χαλάσωσι
944 1620 1005 1674 τὺ
1032 1619 1257 1674 ὀπτικὸν
1279 1618 1373 1673 τοῦ
1404 1620 1521 1683 νοὸς
1548 1620 1748 1674 αὐτῶν.

337 1712 408 1769 κ’.
435 1715 603 1769 Μόνοι
631 1715 725 1767 καὶ
744 1715 852 1783 τῆς
867 1710 1030 1783 ψιλῆς
1066 1713 1303 1817 μνήμης
1321 1712 1420 1782 τῆς
1441 1713 1838 1817 ¹ιίιμιιιρτίαςητὸν
1852 1763 1892 1817 Β

267 1805 479 1860 ἑαυτῶν
509 1806 633 1859 νοῦν
677 1806 1035 1875 άνενόχλητον
1079 1804 1405 1872 διατηρῆσαι
1440 1802 1685 1872 ίσχυσαν,
1723 1804 1837 1858 ὅσοι

266 1899 366 1965 τὴν
417 1897 680 1962 (marrova
729 1896 823 1950 τοῦ
855 1895 1060 1967 Κυρίου
1091 1894 1358 1964 νέκρωσιν
1388 1896 1445 1947 ὲν
1483 1897 1594 1956 τοῖς
1626 1895 1836 1949 ἑαυτῶν

269 1988 455 2058 μέλεσι
516 1987 610 2040 καὶ
641 1987 904 2058 νοήμασιν
934 1982 1139 2061 ἅνωθεν
1173 1984 1357 2070 λαϐεῖν
1398 1985 1487 2038 διὰ
1517 1985 1610 2038 τοῦ
1655 1986 1834 2040 Πνεύ-

268 2098 437 2151 ματος
488 2079 819 2151 ἠξιώθησαν,
852 2079 947 2132 καὶ
993 2079 1092 2149 τὴν
1140 2079 1240 2147 μὲν
1291 2080 1471 2149 σάρκα
1527 2079 1728 2170 νεκρὰν
1764 2081 1835 2170 τῇ

266 2169 513 2242 ἁμαρτίᾳ
540 2170 940 2242 περιφέρουσι,
977 2170 1038 2222 τὸ
1097 2169 1154 2223 δὲ
1189 2167 1420 2249 Δπνεῦμα
1466 2168 1609 2240 ζωὴν
1655 2170 1741 2224 διὰ
1764 2167 1842 2223 δι-

265 2262 559 2330 καιοσύνην
605 2261 704 2332 τὴν
760 2262 818 2313 ὲν
866 2259 1087 2330 Χριστῷ
1131 2259 1310 2333 Ἰησοῦ
1364 2259 1832 2330 κατεπλούτησαν.

265 2354 376 2412 Καὶ
404 2355 551 2416 ὅσοις
583 2353 612 2404 ὁ
660 2352 782 2414 νοῦς
821 2341 977 2422 ἐδόθη
1036 2350 1279 2422 Χριστοῦ
1317 2354 1373 2404 ὲν
1429 2351 1571 2421 λόγῳ
1619 2352 1833 2420 σοφίας,

263 2442 476 2504 τούτοις
511 2437 677 2512 καὶὴ
724 2439 1076 2509 ἀνενόχλητος
1133 2439 1394 2504 (mortem;
1453 2441 1719 2510 νέκρωσις
1780 2443 1838 2494 ὲν

263 2531 464 2602 γνώσει
494 2531 691 2602 εὑρέθη
720 2528 879 2584 Θεοῦ.

269 2612 273 2616 ’
334 2621 442 2678 xz’.
493 2624 623 2686 Ταῖς
657 2603 1083 2693 καθαλρομέναις
1116 2621 1240 2690 ἄρτι
1290 2619 1489 2689 ψυχαῖς
1539 2618 1697 2673 εἴωθέ
1722 2633 1839 2683 πως

265 2698 451 2784 τὸτῆς
480 2712 775 2783 ἐπιθυμίας
831 2715 926 2767 καὶ
956 2711 1050 2765 τοῦ
1081 2710 1255 2781 θυμοῦ
1288 2710 1640 2778 ἐπεμϐαίνειν
1669 2708 1836 2763 πνεῦ-

266 2825 364 2877 μα.
403 2805 536 2859 Τίνα
564 2806 764 2876 τρόπον
791 2823 806 2871 ;
843 2799 961 2859 ’Ὶνα
995 2805 1120 2868 τοὺς
1147 2804 1388 2874 καρποὺς
1417 2803 1714 2874 κατασείσῃ
1743 2803 1835 2856 τοῦ

265 2891 586 2968 Πνεύματος
640 2897 734 2950 τοῦ
772 2897 954 2965 ἁγίου,
1019 2894 1399 2966 ὲπισρίθοντας
1458 2894 1538 2956 είς
1615 2894 1834 2956 ἑαυτάς

264 2990 450 3060 ἐπειδὴ
476 2989 533 3042 δὲ
569 2989 662 3042 καὶ
687 2989 720 3061 ἡ
753 2987 898 3059 χαρὰ
923 2987 1022 3056 τῆς
1082 2986 1394 3056 ἐλευθερίας
1444 2985 1691 3055 διάχυσιν
1715 3001 1834 3038 τινα

1923 524 2045 579 culo
2071 528 2487 599 appr0pinquet.

1999 719 2083 773 l9.
2110 720 2386 790 Probatio,
2418 739 2551 780 crux
2600 736 2653 780 et
2689 736 3035 795 tormentum,
3068 731 3175 787 Deo
3213 734 3287 789 ita
3337 735 3455 790 dis-

1925 820 2184 880 ponente,
2216 813 2360 868 idem
2398 816 2628 884 spiritus
2658 817 2715 872 lit
2748 819 2853 875 illis
2892 837 3033 891 quos
3061 824 3233 893 prima
3266 826 3459 896 impas-

1924 902 2155 958 sibilitas
2197 905 2264 959 ad
2307 908 2602 964 secundam
2649 911 2870 966 evexit:
2902 921 2964 968 ut
3005 915 3106 970 hac
3160 920 3457 971 tentatiune

1925 993 2150 1056 turbati,
2203 999 2470 1054 naturalis
2501 999 2850 1057 meminerint
2881 1002 3234 1068 inﬁrmitatis,
3285 1017 3339 1063 et
3389 1025 3459 1065 ne

1924 1082 2293 1150 magnitudine
2339 1086 2730 1143 revelationum
2763 1099 2817 1146 et
2861 1093 3152 1162 visionum,
3183 1097 3336 1166 juxta
3368 1115 3460 1152 sa-

1928 1183 2080 1222 cruzn
2113 1170 2356 1239 ell'atum,
2387 1177 2741 1245 extollantur,
2783 1181 2875 1236 sed
2905 1199 3030 1238 eum
3068 1182 3312 1243 videhtcs
3367 1191 3459 1258 qui

1926 1259 2250 1318 adversatur
2280 1263 2381 1332 legi
2414 1267 2639 1335 spiritus
2667 1271 2933 1340 ipsorum,
2972 1275 3055 1330 vel
3088 1275 3257 1332 levem
3294 1293 3460 1333 excu-

1925 1351 2055 1406 tiant
2111 1355 2319 1422 peccati
2355 1360 2693 1423 memoriam,
2729 1364 2887 1417 veriti
2931 1379 2998 1419 ne
3026 1363 3096 1419 ab
3145 1367 3244 1422 hac
3278 1384 3463 1424 recor-

1923 1438 2142 1498 datione
2184 1445 2562 1523 detrimentum
2607 1454 2915 1522 patiantur,
2965 1464 3018 1511 et
3087 1473 3153 1513 ne
3221 1460 3287 1514 ab
3351 1462 3458 1515 alta

1922 1534 2384 1604 contemplatione
2420 1539 2700 1595 remittant
2731 1545 2930 1601 tuentis
2960 1562 3072 1603 suae
3103 1546 3348 1606 oculum.

1993 1709 2083 1766 ΩΟ.
2127 1712 2206 1766 illi
2255 1721 2463 1770 tantum
2514 1719 2597 1772 vel
2628 1720 2773 1774 tenui
2817 1732 3158 1792 peccatorum
3217 1731 3465 1785 recorda-

1927 1800 2072 1856 tione
2122 1802 2567 1872 imperturbatam
2622 1817 2858 1865 mentem
2916 1827 3069 1867 suam
3136 1827 3463 1873 conservare

1925 1899 2194 1958 possunt,
2251 1897 2344 1962 qui
2400 1895 2666 1951 viviﬁcam
2724 1900 2818 1954 Dei
2874 1903 3344 1962 mortiﬁcationem
3408 1911 3460 1962 in

1927 1981 2186 2035 membris
2230 1985 2343 2038 suis
2372 1994 2425 2039 et
2451 1985 2869 2056 cogitationibus
2907 1991 3137 2066 desuper
3171 2009 3201 2049 a
3243 1995 3448 2066 Spiritu

1936 2082 2128 2126 sancto
2165 2073 2446 2142 suscipere
2499 2087 2836 2145 meruerunt,
2887 2090 2940 2135 et
2990 2097 3207 2140 carnem
3243 2098 3464 2156 peccato

1929 2168 2202 2216 mortuam
2239 2153 2446 2230 ferunt,
2479 2175 2640 2238 atque
2672 2169 2869 2239 spiritu
2890 2172 3037 2227 vitali
3071 2190 3167 2244 per
3193 2153 3462 2241 justitiam

1927 2264 2046 2318 quae
2085 2263 2167 2306 cst
2221 2254 2273 2307 in
2329 2254 2550 2312 Christo
2594 2257 2721 2313 Jcsu
2771 2261 2924 2316 ditati
2970 2257 3115 2319 sunt;
3159 2265 3464 2337 Et'quibus

1925 2341 2086 2397 datus
2138 2353 2224 2397 est
2273 2361 2470 2401 sensus
2505 2346 2707 2402 Christi
2762 2351 2818 2404 in
2863 2367 3115 2409 sermone
3158 2357 3464 2424 sapientitr,

1928 2432 2011 2486 his
2048 2433 2438 2502 imperturbata
2481 2437 2619 2493 inest
2663 2440 2948 2501 viviﬂcans
2990 2444 3042 2498 in
3089 2443 3321 2501 scientia
3371 2448 3462 2503 Dei

1927 2525 2290 2608 mortificatio.

1994 2617 2084 2671 2|.
2112 2616 2170 2671 ln
2201 2619 2693 2678 animasrecenter
2717 2626 3004 2684 mundatas
3031 2631 3166 2686 solct
3193 2635 3458 2702 quodam-

1926 2707 2090 2762 modo
2118 2708 2448 2766 descendere
2490 2717 2950 2786 concupiscentiae
2985 2719 3183 2789 itaque
3213 2727 3464 2790 spiritus.

1924 2796 1993 2849 At
2048 2797 2353 2866 quomodo?
2383 2798 2452 2854 Ut
2479 2801 2687 2858 fructus
2735 2806 2973 2860 decutiat
3027 2808 3261 2879 Spiritus
3296 2818 3465 2870 sant-ti

1929 2886 2038 2942 illis
2072 2888 2468 2960 impendentes.
2500 2893 2632 2947 Cum
2665 2906 2842 2950 autem
2886 2902 3140 2968 gaudium
3199 2905 3469 2962 libertatis

1927 2978 2325 3064 in‘hujusmodi
2362 2985 2571 3041 animas
2599 2987 3132 3066 quasidiil‘unditur,
3167 2999 3352 3054 omnia
3398 3002 3464 3054 ad

265 3081 562 3150 ἐργάζεται
603 3081 681 3149 είς
719 3079 816 3144 τᾲς
855 3079 1110 3141 τοιαύτας
1168 3077 1367 3147 ψυχὰς,
1412 3077 1445 3147 ἡ
1490 3078 1664 3129 πάντα
1698 3077 1834 3148 πρὸς

1930 3071 2216 3127 utilitatem
2249 3074 2548 3144 disponens
2602 3079 2892 3148 sapientia,
2925 3086 3114 3141 volens
3147 3103 3364 3160 semper
3397 3094 3464 3145 ad

269 3172 548 3241 συμφέρον
568 3170 924 3240 οἰκονομοῦσα
953 3169 1132 3238 σοφία,
1164 3169 1300 3239 πρὸς
1345 3167 1542 3237 ἑαυτὴν
1585 3169 1672 3221 ἀεὶ
1703 3167 1830 3237 βου-

266 3260 470 3330 λομένη
488 3260 576 3314 διὰ
615 3260 720 3314 τῶν
742 3260 910 3328 αὐτῆς
937 3257 1286 3329 χαρισμάτῶν
1310 3259 1489 3311 ἓλκειν
1517 3258 1824 3329 αύτῶντὴν

266 3351 526 3414 διάνοιαν,
554 3351 647 3402 καὶ
679 3351 862 3420 μένειν
880 3349 1048 3411 αὐτάς
1077 3349 1132 3402 ὲν
1162 3347 1638 3418 ταπεινοφροσύνῃ
1682 3347 1831 3400 ἀσεί-

272 3457 453 3503 στους,
497 3441 587 3494 ἵνα
641 3440 716 3511 μὴ
753 3443 820 3510 τῇ
855 3440 1025 3509 πολλῇ
1057 3438 1335 3508 ἐλευθερίᾳ
1366 3437 1456 3491 καὶ
1484 3439 1562 3508 τῷ
1615 3438 1826 3507 πλούτῳ

268 3531 376 3582 τῶν
422 3519 778 3602 χαρισμάτων
828 3530 934 3583 τῶν
965 3529 1139 3583 ἄλλων
1174 3528 1620 3598 κατεπαρθῶσιν,
1657 3527 1690 3596 ἦ
1742 3529 1834 3609 καὶ

272 3621 551 3689 οἰηθῶσιν,
583 3621 642 3684 ἐξ
687 3621 818 3684 ἰδίας
837 3621 1116 3689 δυνάμεως
1139 3619 1231 3672 καὶ
1264 3619 1554 3684 συνέσεως,
1599 3619 1659 3670 τὸ
1695 3618 1833 3686 μέγα

273 3712 583 3783 κτήσασθαι
656 3712 815 3766 τοῦτο
872 3710 1132 3764 παλάτιον
1193 3709 1295 3777 τῆς
1345 3709 1590 3780 εἰρήνης,
1658 3708 1840 3762 δίδωσι

273 3803 483 3864 τούτοις
502 3802 687 3873 χώραν
721 3805 832 3865 τοῖς
859 3800 1168 3870 πνεύμασιν
1203 3799 1482 3870 ἐπιπηδᾷν
1516 3799 1736 3863 αὐταῖς,
1772 3799 1830 3851 ὲν

273 3896 503 3964 συστολῇ
530 3893 719 3962 αὐτῆς·
757 3883 830 3955 ὥς
869 3894 934 3946 ἂν
985 3891 1135 3961 φόϐῳ
1189 3889 1512 3960 βαλλόμεναι
1556 3887 1834 3954 πτώσεως,

271 3989 366 4041 ἐπὶ
393 3987 493 4057 τὴν
513 3986 648 4037 ἰδίαν
673 3985 916 4038 ἵστανται
942 3981 1188 4052 φυλακὴν
1216 3981 1317 4050 τῆς
1346 3979 1618 4049 μακαρίας
1641 3995 1833 4031 ταπει-

272 4078 632 4148 νοφροσύνηςο
659 4075 753 4128 καὶ
775 4076 860 4127 ἵνα
897 4066 1165 4145 μαθοῦσαι
1195 4073 1276 4124 ὅτι
1319 4071 1482 4135 σαρκὶ
1528 4068 1622 4122 καὶ
1645 4068 1836 4138 αἵματι

273 4171 533 4233 δέδενται,
583 4164 885 4236 ἐπιζητῶσι
921 4162 1166 4232 φυσικῶς
1219 4160 1276 4213 τὸ
1306 4162 1504 4212 οἰκεῖον
1551 4158 1835 4230 φρούριον,

272 4264 326 4314 ὲν
350 4255 393 4328 ᾧ
416 4259 672 4320 ἀδλαὸεῖς
699 4256 953 4310 δύνανται
991 4252 1442 4323 διαφυλαχθῆναι,
1484 4254 1551 4323 τῇ
1609 4251 1836 4322 δυνάμει

270 4351 362 4406 τοῦ
396 4349 728 4418 πνεύματος.
1666 4390 1671 4394 ,

1928 3162 2162 3232 seipsam
2204 3179 2297 3234 per
2327 3179 2421 3220 sua
2452 3168 2783 3224 charismata
2818 3173 3038 3230 allicere
3068 3178 3281 3234 illarum
3315 3184 3467 3254 cogi-

1928 3253 2182 3318 tation‘es,
2209 3264 2264 3309 et
2293 3257 2507 3312 easdem
2528 3273 2847 3327 permanere
2869 3265 2921 3317 in
2950 3265 3250 3324 humilitate
3273 3253 3464 3329 incon-

1926 3351 2137 3401 cussas,
2174 3355 2241 3394 ne
2293 3344 2460 3398 multa
2498 3345 2747 3404 libertate
2778 3359 2830 3404 et
2863 3344 3247 3410 charismatum
3279 3360 3453 3414 abun-

1925 3426 2108 3483 dantia
2139 3446 2259 3486 sese
2293 3433 2418 3488 aliis
2442 3437 2752 3505 prteferant,
2787 3443 2867 3496 vel
2891 3445 3226 3501 arbitrentur
3249 3453 3461 3522 propria

1926 3531 1985 3573 se
2019 3519 2220 3575 virtute
2267 3524 2466 3592 potitos
2500 3526 2669 3583 fuisse
2716 3532 2817 3585 hoc
2861 3541 3014 3588 tanto
3059 3538 3210 3605 pacis
3238 3519 3457 3608 palatio,

1928 3611 2034 3666 illis
2069 3615 2332 3678 permittit
2363 3617 2646 3684 spiritibus
2678 3630 2736 3674 ut
2760 3637 2877 3676 eam
2906 3626 3137 3689 irruant,
3185 3632 3464 3700 ipsamque

1926 3701 2064 3757 hanc
2094 3718 2280 3772 pacem
2317 3708 2564 3772 retrahit,
2593 3717 2648 3762 ut
2683 3712 2874 3767 timore
2908 3715 3092 3783 lapsus
3122 3723 3382 3786 perculsre
3398 3726 3462 3775 ad

1925 3791 2137 3848 felicem
2173 3795 2533 3853 humilitatem
2563 3801 2664 3854 sibi
2695 3808 3129 3861 conservandam
3167 3810 3466 3878 invigilant,

1927 3891 2091 3952 utque
2130 3885 2370 3941 scientes
2400 3902 2459 3942 se
2495 3891 2646 3943 carni
2681 3903 2732 3946 et
2766 3896 3014 3966 sanguini
3050 3913 3170 3953 esse
3201 3902 3465 3971 alligatas,

1925 3973 2250 4029 naturaliter
2293 3975 2577 4046 inquirant
2609 3984 2886 4050 propriam
2924 4000 3128 4054 arcent,
3184 3991 3271 4044 ubi
3308 3994 3465 4047 inuo-

1923 4071 2106 4119 ceutes
2141 4063 2339 4123 virtute
2369 4068 2594 4137 spiritus
2624 4076 2938 4130 conservari
2968 4091 3220 4147 possunt.

341 4442 450 4513 κβ’.
488 4441 649 4496 Κατὰ
687 4438 784 4509 τὴν
830 4436 1234 4506 ἐπικρατοῦσαν
1266 4429 1372 4487 τῶν
1424 4432 1609 4486 παθῶν
1657 4431 1834 4503 ἀρρω-

1993 4428 2084 4481 22.
2128 4428 2296 4480 Prout
2330 4426 2530 4481 inﬁrmi
2571 4442 2758 4480 sumus
2785 4433 2840 4479 et
2887 4425 3042 4479 nobis
3082 4424 3223 4477 inest
3257 4427 3462 4493 peccati

273 4535 446 4598 στίαν,
481 4533 577 4586 καὶ
598 4532 698 4599 τὴν
727 4528 1050 4598 ὲγκειμένην
1077 4529 1135 4580 ὲν
1173 4526 1303 4595 ήμῐν
1332 4521 1494 4593 σῆψιν
1516 4523 1613 4592 τῆς
1639 4523 1838 4591 ἁμαρ-ι

269 4625 413 4688 τίας,
479 4621 586 4675 τῶν
621 4616 944 4690 πειρασμῶν
1003 4618 1038 4686 ἡ
1101 4614 1336 4683 ἐπιφορὰ
1389 4611 1618 4679 γίνεται·
1656 4610 1751 4662 καὶ
1777 4607 1837 4661 τὸ

269 4716 528 4784 ποτήριον
563 4711 660 4780 τῆς
691 4709 913 4777 ἀψίνθου
935 4707 1043 4760 τῶν
1076 4705 1358 4775 χριμάτων
1386 4701 1542 4766 Θεοῦ,
1578 4703 1609 4771 ἢ
1641 4700 1834 4770 δριμύ-

270 4787 713 4874 τερονκιρνᾶται
742 4800 898 4869 ἡμῖν,
930 4797 967 4868 ἢ
999 4794 1466 4865 συμπαθέστερον.
1503 4793 1564 4844 Εἰ
1604 4789 1702 4860 μὲν
1729 4790 1836 4860 γὰρ

273 4896 490 4965 ἰάσιμος
528 4910 614 4956 τις
663 4892 750 4962 εἴη
789 4890 883 4944 καὶ
927 4889 1323 4959 εὐθεράπευτος
1367 4889 1399 4957 ὴ
1454 4885 1747 4955 ἐγκειμένη
1782 4886 1838 4936 ὲν

272 4985 405 5052 ἡμῖν
443 4982 542 5054 ῦλη
573 4983 670 5051 τῆς
695 4980 992 5051 ἁμαρτίας,
1021 4979 1129 5031 ἀπὸ
1153 4978 1429 5047 λογισμῶν
1457 4975 1658 5046 δηλαδὴ
1684 4973 1839 5044 φιλη-

267 5071 816 5144 δόνωνῆφιλοζώων,
879 5069 1215 5139 κεκραμένον
1252 5069 1566 5137 συμπαθείᾳ
1631 5067 1688 5118 τ’)
1743 5083 1837 5118 πο-

268 5166 459 5236 τήριον
489 5165 600 5218 τῶν
630 5163 950 5234 πειρασμῶν
975 5165 1122 5234 παρὰ
1153 5160 1248 5214 τοῦ
1279 5158 1464 5230 ἰατροῦ
1510 5158 1618 5211 τῶν
1651 5158 1835 5228 ψυχῶν

269 5258 427 5328 ἡμῶν
486 5256 707 5320 δίδοται,
766 5255 841 5317 ὡς
899 5255 956 5306 ὲν
1012 5251 1371 5322 ἀνθρωπίνοις
1425 5249 1834 5318 ὲξεταζομένοις

271 5349 507 5417 νοήμασι
534 5346 627 5418 [ἐν
661 5345 801 5398 (1.1.1.
831 5341 1148 5413 νοσήμασι],
1184 5341 1278 5395 καὶ
1308 5341 1388 5393 ἔτι
1418 5343 1483 5393 τὰ
1516 5339 1829 5408 ἀνθρώπινα.

273 5443 590 5512 πάσχουσιν*
619 5440 668 5491 εί
691 5437 748 5490 δὲ
789 5435 1036 5497 δυσίατός
1064 5450 1148 5497 τις
1176 5434 1259 5503 εἴη
1300 5434 1393 5485 καὶ
1428 5431 1720 5501 ἐγκειμένη
1753 5432 1836 5492 εἰς

277 5535 460 5606 βάθος,
490 5534 588 5588 καὶ
620 5534 717 5600 τὴν
749 5532 887 5602 πρὸς
921 5531 1149 5584 θάνατον
1206 5529 1605 5598 κατεργάζεται
1650 5526 1834 5623 σῆψιν,

274 5627 379 5681 ἀπὸ
408 5625 687 5694 λογισμῶν
714 5623 1032 5686 ἀλαζονείας
1050 5622 1141 5674 καὶ
1165 5620 1539 5690 ὑπερηφανίας
1558 5619 1826 5688 ἐσχάτης,

272 5719 506 5789 ἄκρατον
531 5717 588 5768 ἒν
611 5714 896 5783 δριμύτητι
922 5714 1093 5783 θυμοῦ
1118 5713 1338 5766 δίδοται·
1372 5715 1446 5776 ῶς
1491 5715 1554 5766 ἂν
1588 5713 1663 5781 τῷ
1694 5714 1826 5782 πυρῖ

1925 4521 2216 4588 corruptio,
2249 4519 2651 4572 ιι·ἱί›ιιι.ιιίοηυιιι
2682 4516 3001 4595 ίιιῳειυς-ίὶι
3021 4525 3076 4568 et
3104 4513 3465 4569 absinthiatus

1922 4610 2253 4680 judiciorum
2317 4610 2406 4663 Dei
2465 4607 2605 4662 calix
2656 4607 2904 4662 acerbior
2953 4606 3034 4659 vel
3089 4606 3270 4660 mitior
3309 4606 3469 4659 nobis

1929 4701 2211 4756 miscetur.
2244 4697 2300 4753 Si
2325 4699 2466 4753 enim
2507 4696 2872 4752 remediabilis
2901 4705 2954 4749 et
2985 4695 3243 4749 curabilis
3283 4696 3352 4747 sit
3384 4693 3436 4747 in

1932 4790 2050 4844 fusa
2110 4790 2266 4844 nobis
2322 4787 2542 4842 materia
2603 4787 2843 4855 peccati,
2905 4801 2935 4838 a
2995 4785 3162 4838 nimio
3217 4783 3472 4839 videlicet

1930 4880 2268 4948 voluptatum
2308 4877 2538 4946 vitatque
2567 4891 2753 4931 amore
2798 4883 3011 4938 exorta,
3058 4872 3469 4928 tribulationum

1928 4990 1956 5027 a
1995 4973 2204 5028 medico
2243 4972 2547 5024 animarum
2581 4969 2730 5023 mitis
2766 4968 3027 5023 miscetur
3069 4967 3251 5031 nobis,
3290 4975 3475 5033 utpote

1929 5054 2107 5118 adhuc
2143 5061 2521 5117 laborantibus
2558 5058 2816 5113 hutnanis
2865 5057 3068 5111 morbis
3117 5056 3220 5125 (vel
3267 5055 3474 5124 cOgita-

1931 5152 2218 5221 tionibus),
2249 5161 2302 5206 et
2337 5152 2515 5205 adhuc
2546 5165 2666 5219 quae
2693 5158 2822 5203 sunt
2857 5148 3091 5202 hominis
3120 5145 3470 5215 patientibus.

1938 5247 1993 5300 Si
2036 5254 2214 5298 autem
2248 5241 2662 5298 irremediabilis
2683 5242 2751 5297 sit
2776 5239 2897 5295 etin
2921 5240 3172 5309 abyssum
3201 5239 3473 5302 demersa,

1933 5344 1986 5390 et
2009 5335 2409 5404 corruptionem
2447 5331 2713 5400 producat
2739 5330 2897 5384 morti
2924 5329 3223 5398 proximam
3253 5332 3476 5385 materia

1936 5429 2167 5494 peccati,
2217 5442 2246 5479 a
2297 5425 2719 5495 cogitationibus
2765 5422 3086 5492 arrogantia:
3117 5431 3174 5477 et
3220 5433 3475 5476 extremae

1939 5520 2211 5583 superbiae
2276 5518 2642 5588 proveniens,
2699 5525 2826 5570 tunc
2880 5514 3272 5583 iutemperatus
3323 5511 3479 5564 nobis

1946 5615 2084 5667 calix
2126 5613 2179 5665 in
2223 5611 2589 5666 amaritudine
2619 5609 2800 5664 cordis
2834 5606 3016 5669 datur,
3053 5615 3112 5659 ut
3143 5605 3267 5673 igne
3316 5605 3482 5657 alter-

1944 5721 2138 5761 narum
2201 5707 2559 5760 tentationum
2620 5702 2941 5755 imminutus
3012 5707 3480 5760 consumptusque
