4124 6338
682 388 788 453 919

1883 387 2176 448 ΝΙΟΕΤίΕ
2215 387 2635 448 PECTORATI

3794 382 3900 446 9'20

686 519 748 557 ac
782 512 948 557 totum
997 503 1229 556 lucidam
1266 500 1439 555 reddit
1475 502 1742 568 animam;
1774 511 1826 557 et
1866 504 2039 558 oratio
2072 512 2241 556 totum

2339 497 2429 565 τῆς
2477 495 2703 566 καρδίας
2763 496 2824 549 τὸ
2859 495 3035 566 ὄμμα,
3081 499 3173 549 καὶ
3224 497 3506 567 ὁλολαμπῆ
3561 498 3657 569 τὴν
3717 498 3899 568 ψυχὴν

691 595 962 648 hominem
1016 593 1126 648 Deo
1177 592 1496 664 conjungit,
1560 609 1681 648 eum
1738 594 1868 649 facit
1930 593 2243 666 angelorum

691 688 994 749 convivam,
1029 686 1118 739 dat
1155 686 1203 738 ei
1239 686 1540 753 gustandas
1568 697 1895 740 aeternorum
1923 685 2017 740 Dei
2059 686 2244 742 bono-

695 791 810 828 ruat
844 776 1086 838 delicias,
1125 777 1412 830 thesauros
1439 777 1537 844 ipsi
1571 777 1743 845 aperit
1769 779 2005 832 altorum
2043 788 2247 846 myste-

698 867 921 928 riorum,
959 867 1112 935 eique
1145 867 1408 920 charitate
1448 882 1682 921 accenso
1729 869 2019 936 persuadet
2051 875 2108 921 ut
2151 883 2248 938 po-

699 972 825 1011 nere
865 957 1060 1010 audeat
1111 959 1382 1026 propriam
1428 959 1668 1012 animam
1728 974 1824 1029 pro
1875 959 1992 1015 suis
2036 958 2248 1023 amicis,

698 1057 951 1117 tanquam
982 1063 1252 1117 corporeae
1288 1048 1515 1104 vilitatis
1544 1051 1745 1106 limites
1779 1062 2172 1121 transgressus.

763 1225 851 1278 Η.
885 1224 1074 1288 Serva,
1125 1241 1328 1294 quaeso,
1375 1229 1670 1295 pretiosum
1692 1229 1917 1284 ditantis
1947 1229 2251 1296 depositura

698 1315 1038 1379 humilitatis,
1071 1316 1121 1367 iu
1148 1332 1254 1384 quo
1278 1327 1404 1370 sunt
1436 1318 1675 1383 thesauri
1709 1319 1992 1374 charitatis
2018 1321 2252 1373 abscon-

695 1405 813 1468 diti,
849 1406 900 1458 in
933 1421 1039 1473 quo
1075 1417 1424 1462 asservantur
1457 1412 1892 1478 compunctionis
1923 1410 2250 1480 margarita),

697 1505 749 1548 et
787 1512 877 1548 rex
911 1496 1162 1552 Christus
1199 1499 1339 1551 Deus
1374 1501 1518 1553 velut
1550 1517 1710 1570 super
1735 1502 1930 1555 throno
1963 1499 2254 1570 requiescit

696 1587 977 1651 deaurato,
1004 1589 1144 1641 dona
1177 1591 1350 1643 sancti
1381 1592 1461 1643 sui
1497 1592 2083 1659 Spiritusdistribuens
2107 1593 2254 1648 illius

697 1678 956 1738 alumnis,
984 1688 1036 1731 et
1069 1694 1261 1748 magna
1308 1681 1392 1734 his
1430 1681 1666 1750 largiens
1701 1698 1799 1738 sua
1833 1685 2050 1753 praemia
2074 1723 2090 1746 ,
2133 1699 2252 1737 ser-

699 1785 908 1823 mopem
941 1771 1185 1825 scientia:
1218 1789 1349 1836 sum,
1381 1775 1704 1843 sapientiam
1748 1790 1901 1828 suam
1952 1786 2211 1833 secretam
2235 1819 2250 1843 ,

2333 587 2731 658 ἀπεργάζεται·
2787 589 2819 655 ἡ
2867 588 2922 640 δὲ
2956 587 3216 642 συνάπτει
3242 590 3332 642 τὸν
3357 590 3640 661 ἄνθρωπον
3668 589 3788 647 δλον
3818 589 3899 658 τῷ

2331 679 2470 749 Θεῷ,
2501 681 2593 732 καὶ
2646 679 2833 732 τοῦτον
2891 679 3146 748 ἀγγέλοις
3202 682 3346 732 ποιεῖ
3399 681 3730 749 ὁμοδίαιτον,
3775 679 3895 766 κκαὶ

2333 770 2664 840 γλυκύτητος
2686 770 2795 823 τῶν
2825 771 3056 825 αἰωνίων
3085 771 3180 824 τοῦ
3210 770 3346 823 Θεοῦ
3365 771 3584 838 ἀγαθῶν
3612 771 3899 839 ἀπογεύει,

2334 866 2428 917 καὶ
2457 864 2764 934 θησαυροὺς
2783 865 2931 935 αύτῷ
2952 865 3132 919 δίδωσι
3161 865 3474 936 μυστηρίων
3500 864 3772 934 μεγάλων,
3803 865 3899 917 καὶ

2333 955 2684 1025 πυρπολοῦσα
2707 959 2772 1026 τῇ
2802 958 3012 1029 ἀγάπῃ,
3046 957 3251 1027 τολμᾷν
3282 956 3490 1010 τιθέναι
3520 957 3681 1009 αὑτὸν
3717 955 3900 1007 πείθει

2335 1045 2432 1116 τὴν
2469 1045 2604 1099 ίδίαν
2631 1045 2809 1116 ψυχὴν
2832 1048 2971 1119 ὑπὲρ
2992 1046 3101 1100 τῶν
3127 1048 3295 1116 φίλων
3323 1047 3510 1110 αὑτοῦ,
3542 1048 3615 1111 ῶς
3645 1045 3903 1126 ὑπεράνω

2336 1137 2600 1204 γεγονότα
2629 1136 2738 1190 τῶν
2770 1138 2913 1208 ὅρων
2941 1138 3041 1207 τῆς
3064 1138 3158 1192 τοῦ
3187 1138 3437 1216 σώματος
3469 1138 3865 1199 ταπεινώσεως.

2411 1226 2517 1298 μβ’.
2553 1225 2800 1281 Φύλασσέ
2835 1245 2926 1300 μοι
2957 1229 3056 1300 τὴν
3083 1229 3254 1298 καλὴν
3296 1229 3770 1300 παρακαταθήκην
3798 1227 3900 1294 τῆς

2337 1318 2694 1371 πλουτοποιοῦ
2721 1318 3127 1385 ταπεινώσεως,
3169 1319 3223 1371 ὲν
3315 1319 3410 1388 τῆς
3440 1319 3660 1389 ἀγάπης
3689 1320 3737 1370 oi
3766 1317 3902 1370 ἀπό-

2341 1427 2540 1480 κρυφοι
2574 1411 2840 1478 θησαυροὶ
2870 1411 3272 1476 έναπόκεινται,
3300 1404 3408 1482 ὲνῇ
3435 1409 3537 1477 τῆς
3559 1405 3905 1472 κατανύξεως

2335 1499 2383 1551 οἱ
2418 1499 2756 1568 μαργαρῖται
2781 1499 3160 1567 φυλάττονται·
3193 1500 3287 1553 καὶ⁵
3315 1501 3341 1553 ὁ
3384 1499 3636 1569 βασιλεὺς
3665 1500 3903 1568 Χριστὸς

2336 1590 2364 1641 ὁ
2397 1589 2529 1651 Θεὸς
2562 1588 2638 1651 ὡς
2668 1590 2745 1649 είς
2784 1588 2972 1658 Θρόνον
3012 1590 3426 1642 ὲπαναπαύεται
3451 1589 3901 1659 χρυσοκόλλητον,

2338 1675 2436 1736 τὰς
2471 1675 2677 1745 δωρεὰς
2706 1675 2975 1745 διανέμων
3001 1675 3096 1730 τοῦ
3150 1677 3305 1744 ἁγίου
3365 1678 3532 1730 αὐτοῦ
3563 1678 3900 1749 Πνεύματος,

2339 1766 2453 1825 τοῖς
2484 1765 2770 1836 τροςίμοις
2796 1766 2990 1836 αὐτῆς·
3023 1768 3115 1820 καὶ
3154 1769 3230 1822 τὰ
3255 1768 3469 1840 μεγάλα
3499 1767 3706 1832 τούτοις
3737 1767 3905 1822 αύτοῦ

697 1877 875 1915 rerum
909 1863 1212 1917 divinarum
1251 1867 1686 1934 perspicientiam
1710 1907 1722 1930 ,
1753 1869 2115 1924 vivificantem
2143 1873 2245 1925 im-

2339 1827 2674 1926 δωρούμενος
2708 1827 3018 1928 ἀξιώματα,
3071 1864 3162 1914 τὸν
3193 1827 3291 1930 τῆς
3341 1827 3598 1928 γνώσεως
3623 1827 3787 1914 αὐτοῦ
3815 1861 3906 1913 ld-

697 1953 1079 2018 passihilitatis
1106 1971 1208 2025 ope
1237 1959 1732 2024 mortilicationem,
1759 1971 1955 2015 etcum
1985 1963 2100 2030 ipso
2126 1979 2255 2018 eon-

687 2042 1035 2104 j’unetioncm
1063 2086 1077 2108 ,
1112 2046 1177 2098 ad
1211 2049 1654 2114 conregnandum
1693 2066 1814 2103 cum
1851 2067 1916 2105 eo
1945 2053 1997 2106 iu
2034 2053 2123 2108 Dei
2156 2055 2256 2109 Pa-

699 2130 799 2183 tris
826 2145 1011 2201 reguo,
1049 2142 1104 2186 ut
1137 2134 1252 2203 ipse
1308 2134 1451 2190 hunc
1490 2152 1588 2205 pro
1621 2139 1777 2194 nobis
1825 2152 1977 2211 rogat
2024 2143 2251 2200 dicens:

703 2240 719 2269 ι
761 2220 945 2287 Pater,
975 2239 1112 2292 quos
1142 2226 1335 2283 dedisti
1367 2227 1520 2295 mihi,
1549 2231 1670 2284 volo
1702 2240 1759 2285 ut
1790 2233 1880 2288 ubi
1904 2249 2023 2289 sum
2057 2249 2178 2304 ego,
2203 2243 2256 2291 et

700 2313 800 2382 ipsi
842 2316 952 2369 sint
986 2317 1048 2369 ⁵ο.
1088 2336 1103 2366 υ

767 2669 854 2722 45.
885 2670 1018 2723 Cum
1047 2671 1195 2737 quis,
1241 2685 1334 2739 per
1385 2673 1594 2741 praxim
1671 2671 1926 2728 laborans
1978 2675 2043 2728 ad
2101 2688 2257 2728 exse-

697 2759 911 2826 quenda
943 2760 1216 2824 mandata,
1252 2761 1432 2815 subito
1462 2761 1715 2817 ineliabili
1745 2772 1797 2816 ct
1829 2770 2038 2819 secreto
2068 2765 2246 2834 reple-

701 2863 790 2904 tur
818 2851 1039 2919 gaudio,
1072 2851 1140 2904 ita
1174 2860 1230 2905 ut
1261 2853 1610 2924 singulariter
1664 2864 1716 2910 et
1772 2869 1934 2924 supra
1969 2857 2111 2924 quod
2147 2855 2256 2909 dici

701 2951 876 3008 potest
908 2941 1322 2997 transformetur
1358 2983 1373 3008 ,
1411 2953 1462 2996 et
1497 2943 1691 2998 molem
1723 2945 1954 3012 deponat
1988 2947 2252 3014 corporis,

696 3041 751 3085 ct
778 3031 1123 3086 obliviscatur
1152 3033 1420 3096 ciborum,
1450 3035 1628 3088 somni
1655 3044 1708 3088 et
1735 3035 1962 3088 aliarum
2003 3037 2124 3090 vita:
2155 3052 2254 3091 ne-

697 3121 1013 3175 cessitatum
1041 3138 1052 3174 :
1078 3122 1216 3177 sciat
1246 3123 1319 3176 ita
1353 3123 1690 3178 manifestari
1718 3125 1770 3178 in
1796 3141 1854 3180 se
1878 3126 2103 3194 gratiam
2137 3127 2249 3191 Dei,

695 3229 817 3281 qua:
847 3213 899 3266 in
937 3213 1272 3269 luctantibns
1303 3216 1552 3284 producit
1576 3215 1840 3270 viviﬁcam
1880 3217 2248 3272 mortiﬁcatio-

698 3321 844 3367 nem,
895 3305 1079 3372 eisque
1110 3306 1200 3358 dat
1237 3306 1430 3360 exinde
1479 3308 1918 3376 iucorporeorum
1980 3317 2248 3364 naturam.

695 3392 890 3446 Felicis
919 3403 1097 3446 autem
1147 3392 1306 3462 hujus
1351 3392 1469 3446 vitae
1504 3408 1665 3446 causa
1699 3403 1781 3448 est
1810 3393 2117 3460 humilitas;
2149 3411 2251 3449 nu-

695 3486 799 3536 trix
828 3494 880 3537 et
914 3494 1108 3547 mater,
1145 3495 1337 3539 sancta
1380 3485 1760 3551 compnnctio;
1795 3485 1966 3536 amica
1993 3496 2043 3538 et
2074 3500 2248 3548 soror,

695 3575 862 3627 divini
925 3574 1142 3628 luminis
1194 3573 1369 3638 visio;
1405 3573 1650 3637 thronus,
1705 3575 2150 3642 impassihilitas;
2199 3584 2252 3630 et

699 3667 980 3734 periei-tio,
1013 3683 1168 3721 sacra
1209 3674 1262 3719 et
1286 3666 1469 3719 divina
1503 3664 1761 3720 Trinitas.

767 3848 857 3902 Η.
895 3847 996 3913 Qui
1031 3847 1167 3900 hanc
1197 3847 1428 3916 adeptus
1459 3857 1539 3900 est
1571 3861 1775 3912 arcem,
1809 3862 1913 3899 non
1948 3853 2125 3914 potest
2155 3844 2252 3899 de-

697 3941 856 3993 tineii
914 3939 1144 3993 vinculis
1204 3954 1399 3993 sensus
1453 3939 1731 4002 mundani,
1783 3952 1969 3992 omnes
2024 3937 2254 4005 despicit

697 4035 816 4084 vitze
854 4030 1102 4094 delicias,
1136 4044 1239 4082 non
1271 4028 1530 4082 discernit
1567 4030 1706 4080 inter
1740 4029 1886 4096 pium
1921 4035 1972 4082 et
2007 4023 2251 4096 impium,

697 4119 792 4175 sed
839 4121 982 4173 sicut
1026 4120 1168 4174 Deus
1203 4136 1358 4187 teque
1402 4121 1538 4188 pluit
1591 4126 1642 4172 ct
1695 4119 1862 4173 solem
1913 4134 2069 4172 suum
2123 4119 2249 4171 oriri

699 4211 829 4264 facit
867 4227 1028 4279 super
1057 4211 1234 4278 justos
1273 4220 1326 4262 et
1362 4209 1620 4277 injustos,
1675 4215 1728 4262 et
1771 4195 1933 4276 super
1979 4208 2151 4262 honos
2202 4218 2255 4262 ct

699 4301 958 4362 malus",
1011 4303 1088 4353 sic
1135 4309 1187 4353 ct
1239 4299 1357 4367 ipse
1411 4316 1572 4365 super
1625 4313 1814 4351 omnes
1862 4300 2064 4366 pariter
2125 4299 2250 4351 oriri

698 4392 823 4444 facit
851 4399 903 4443 et
942 4391 1173 4459 etplicat
1215 4391 1497 4444 charitatis
1532 4390 1732 4452 radios,
1786 4399 1838 4442 et
1885 4389 2094 4443 viscera
2144 4405 2250 4441 non

2343 1964 2458 2016 γον,
2479 1948 2578 2019 τὴν
2603 1950 2794 2019 σοφίαν
2816 1952 2980 2005 αὑτοῦ
3009 1954 3105 2022 τὴν
3128 1955 3460 2026 ἀπόρρητον,
3483 1956 3582 2025 τὴν
3609 1954 3714 2007 τῶν
3747 1953 3908 2008 θείων

2339 2040 2682 2110 πραγμάτων
2718 2043 2980 2114 διόρασιν,
3041 2045 3137 2114 τὴν
3184 2046 3295 2099 τῶν
3336 2046 3690 2118 ἀνθρωπίνων
3725 2062 3908 2116 πραγ-

2345 2131 2531 2200 μάτων
2557 2135 2876 2206 προόρασιν,
2923 2138 3021 2207 τὴν
3077 2137 3164 2190 διὰ
3191 2137 3291 2208 τῆς
3345 2138 3608 2200 ἀπαθείας
3641 2138 3908 2202 ζωοποιδν

2342 2222 2627 2292 νέκρωσιν,
2675 2227 2770 2278 καὶ
2809 2226 2907 2296 τὴν
2964 2227 3080 2297 μετ’
3133 2228 3300 2282 αὐτοῦ
3360 2229 3676 2297 συνάφειαν,
3720 2231 3800 2292 είς
3845 2229 3908 2280 τὸ

2343 2312 2763 2382 συμὸασιλεύειν
2801 2317 2951 2387 αὐτῷ
3001 2320 3058 2371 έν
3116 2321 3182 2388 τῇ
3231 2319 3325 2371 τοῦ
3380 2318 3591 2389 Πατρδς
3628 2317 3724 2371 καὶ
3769 2315 3911 2370 Θεοῦ

2346 2403 2613 2476 βασιλείᾳ,
2637 2407 2821 2472 καθὼς
2859 2410 3018 2470 αὐτὸς
3049 2409 3184 2472 πρὸς
3217 2411 3378 2464 αύτδν
3412 2410 3511 2468 τὴν
3558 2409 3906 2478 παράκλησιν

2342 2483 2568 2536 ποιεῖται
2595 2483 2770 2551 λέγων
2818 2483 2960 2554 ὑπὲρ
3010 2485 3188 2555 ἡμῶν·
3229 2505 3247 2539 ι
3304 2489 3506 2558 Πάτερ,
3533 2491 3632 2556 οὓς
3664 2493 3906 2564 δέδωκάς

2344 2587 2454 2638 μοι,
2485 2571 2624 2624 θέλω
2649 2571 2737 2626 τνα
2771 2573 2905 2627 ὃπου
2941 2578 3057 2646 εἰμὶ
3093 2576 3224 2646 ἐγὼ,
3253 2579 3349 2632 καὶ
3378 2580 3531 2634 αὐτοὶ
3561 2576 3715 2638 ὧσιν.
3751 2605 3772 2638 ι

2413 2669 2524 2731 μγ’.
2561 2663 2728 2718 Ὅταν
2758 2667 3078 2735 πρακτικῶς
3111 2669 3315 2722 κοπιῶν
3344 2687 3428 2734 τις
3453 2675 3581 2743 περὶ
3603 2676 3701 2744 τὴν
3736 2678 3901 2747 ἔργα.

2345 2751 2460 2806 ,τίαν
2495 2754 2600 2808 τῶν
2643 2756 2897 2817 ἐντολῶν,
2927 2759 3124 2828 αζφνης
3153 2761 3209 2814 ἐν
3237 2761 3588 2836 ἀνεκλαλήτῳ
3616 2768 3708 2820 καὶ
3735 2769 3905 2840 ἀρρή-

2339 2859 2414 2910 τῳ
2439 2846 2582 2913 χαρᾷ
2630 2845 2877 2914 γένηται,
2915 2847 2992 2911 ὡς
3022 2848 3378 2920 ἀλλοιωθῆναι
3408 2854 3568 2907 αὑτὸν
3602 2855 3762 2927 ξένην
3811 2858 3904 2912 καὶ

2342 2933 2481 3004 ὑπὲρ
2512 2935 2671 3004 λόγον
2698 2938 3004 3001 ἀλλοίωσιν,
3041 2944 3133 2993 καὶ
3165 2942 3226 2994 τὸ
3261 2943 3358 3012 μὲν
3399 2944 3564 3016 βάρος
3598 2948 3904 3002 ἀποθέσθαι

2339 3023 2434 3075 τοῦ
2465 3023 2734 3094 σώματος,
2767 3027 3114 3082 ἐπιλαθέσθαι
3146 3029 3199 3082 δὲ
3257 3031 3533 3101 βρώσεως,
3577 3036 3767 3104 ὕπνου,
3810 3039 3908 3094 καὶ

2339 3113 2448 3166 τῶν
2479 3114 2653 3167 ἄλλων
2681 3118 2778 3186 τῆς
2803 3115 3016 3185 φύσεως
3053 3120 3324 3189 ἀναγκῶν,
3353 3112 3668 3190 γινωσκέτω
3703 3127 3908 3198 ταύτην

2340 3200 2478 3259 εἶναι
2511 3205 2641 3258 Θεοῦ
2684 3208 2978 3278 ἐπιδημίαν
3010 3211 3144 3279 πρὸς
3188 3213 3369 3278 αὐτὸν,
3405 3216 3504 3281 τὴν
3548 3216 3809 3272 ποιοῦσαν
3849 3219 3908 3271 ιν

2339 3302 2450 3363 τοῖς
2482 3303 2901 3371 ἀγωνιζομένοις
2924 3308 3024 3377 τὴν
3047 3307 3312 3370 ζωοποιδν
3357 3309 3647 3380 νέκρωσιν,
3679 3315 3775 3366 καὶ
3807 3313 3909 3367 δω-

2343 3390 2610 3459 ρουμένην
2650 3392 2830 3456 αὐτοῖς
2877 3396 3124 3450 ἐντεῦθεν
3170 3397 3269 3468 ἤδη
3327 3399 3425 3468 τὴν
3457 3400 3564 3452 τῶν
3599 3402 3912 3471 ἀσωμάτων

2339 3481 2690 3533 κατάστασιν·
2723 3483 2925 3553 ταύτης
2948 3486 3046 3553 τῆς
3080 3489 3355 3557 μακαρίας
3395 3490 3539 3559 ζωῆς
3564 3493 3849 3563 πρόξενος,
3874 3497 3908 3565 ἡ

2339 3571 2685 3633 ταπείνωσις·
2721 3574 2914 3641 τροφὸς
2943 3575 2997 3628 δὲ
3022 3577 3113 3630 καὶ
3139 3579 3341 3649 μήτηρ,
3368 3582 3399 3649 ἡ
3429 3581 3562 3648 ἀγία
3593 3583 3906 3650 κατάνυξις·

2341 3660 2468 3730 φίλη
2509 3662 2562 3714 δὲ
2595 3663 2685 3715 καὶ
2709 3664 2932 3735 ἀδελφὴ,
2968 3669 3001 3734 ἡ
3034 3667 3126 3720 τοῦ
3155 3669 3299 3722 Θείου
3329 3673 3505 3738 φωτὸς
3537 3673 3759 3744 θεωρία·
3787 3676 3912 3747 θρό-

2341 3769 2427 3815 νος
2467 3754 2498 3822 ή
2526 3755 2796 3808 ἀπάθεια·
2837 3759 2928 3808 καὶ
2962 3760 3114 3822 τέλος
3153 3763 3185 3830 ἡ
3219 3762 3354 3830 άγία
3395 3765 3565 3833 Τριάς
3592 3767 3620 3818 ὁ
3649 3767 3802 3831 Θεός.

2415 3846 2516 3913 μδ’.
2563 3847 2620 3898 Ὀ
2653 3847 2855 3918 ταύτην
2907 3851 3229 3906 καταλαϐὼν
3255 3854 3353 3924 τὴν
3381 3855 3695 3926 ἀκρόπολιν,
3725 3861 3786 3912 οὐ
3819 3859 3912 3915 δύ·

2339 3952 2495 3988 ναται
2520 3935 2622 3988 ὑπὸ
2644 3939 2713 3991 τά
2738 3939 2909 4010 δεσμά
2942 3943 3263 4010 κρατεῖσθαι
3285 3945 3382 4013 τῆς
3417 3947 3526 4000 τῶν
3553 3949 3689 4002 ὅλων
3721 3951 3916 4022 αἰσθή-

2343 4043 2498 4091 σεως,
2530 4029 2626 4098 οὐχ
2647 4032 2746 4100 ὁρᾷ
2773 4048 2823 4084 τι
2859 4032 2968 4107 τῶν
2997 4034 3096 4086 τοῦ
3122 4034 3234 4103 βίου
3261 4039 3529 4107 τερπνῶν,
3554 4041 3615 4092 οὐ
3645 4042 3911 4112 διακρίνει

2340 4117 2433 4169 τού
2469 4120 2686 4173 ἀνοσίου
2738 4123 2828 4174 τὸν
2857 4125 3024 4178 ὅσιον·
3057 4127 3171 4179 ἀλλ’
3215 4130 3405 4199 ὥσπερ
3446 4133 3474 4184 ὁ
3527 4132 3659 4195 Θεὸς
3712 4134 3911 4204 ἐπίσης

2343 4204 2525 4274 βρέχει
2572 4209 2666 4261 καὶ
2723 4211 3002 4265 ἀνατέλλει
3059 4213 3150 4266 τὸν
3181 4216 3333 4285 ἥλιον
3379 4219 3470 4270 ἐπὶ
3524 4219 3768 4282 δικαίους
3816 4224 3910 4277 καὶ

2341 4296 2582 4361 ἀδίκους,
2633 4303 2903 4370 πονηρούς
2945 4321 3004 4356 τε
3049 4307 3143 4357 καὶ
3200 4307 3456 4374 ἀγαθοὺς,
3499 4311 3671 4372 οὕτως
3714 4313 3910 4382 ἐπίσης

2341 4385 2436 4436 καὶ
2501 4387 2664 4450 αὐτὸς
2705 4387 2803 4452 τάς
2842 4391 2944 4460 τῆς
2993 4393 3212 4462 ἀγάπης
3261 4397 3540 4450 ἀνατέλλει
3605 4401 3698 4452 καὶ
3747 4401 3911 4455 ἀπλοῐ

698 4479 993 4548 restringit,
1047 4493 1208 4543 super
1259 4492 1448 4529 omnes
1501 4476 1809 4529 diffundens
1859 4491 2119 4540 amorem,
2156 4477 2246 4530 sed

2342 4480 2478 4548 πρὸς
2523 4481 2728 4544 πάντας
2787 4484 3028 4549 ἀκτῖνας,
3093 4487 3186 4538 καὶ
3239 4489 3300 4540 οὐ
3360 4495 3778 4561 στενοχωρείται
3843 4495 3909 4548 τά

697 4572 999 4640 angustiam
1027 4579 1088 4632 et,
1111 4569 1214 4621 vim
1248 4569 1448 4636 patitur
1480 4569 1523 4622 si
1563 4584 1665 4621 non
1697 4567 1962 4621 bcnel‘acit
1986 4578 2245 4638 quantum

697 4662 827 4714 vult.
862 4661 936 4714 Ex
983 4660 1098 4723 illo,
1136 4659 1280 4711 velut
1330 4675 1393 4712 cx
1449 4659 1616 4711 altern
1664 4659 1831 4722 Eden,
1866 4659 1984 4713 fons
2028 4661 2246 4727 quidam

696 4758 878 4802 manat
911 4750 1369 4816 compuuetiunis,
1406 4751 1607 4803 divisus
1658 4750 1710 4802 in
1768 4759 2000 4818 quatuor
2049 4753 2246 4819 capita,

695 4843 903 4895 scilicet
936 4842 988 4894 in
1018 4841 1400 4905 humilitatem,
1450 4841 1501 4892 in
1537 4843 1860 4903 castitatem,
1901 4842 1951 4893 in
1997 4844 2247 4908 impassi-

695 4933 955 4987 hilitatem
985 4973 1000 4996 ,
1034 4941 1086 4985 et
1123 4933 1177 4984 in
1209 4931 1595 4986 sublimitatem
1637 4932 1902 4986 orationis
1943 4932 2249 4986 distractio-

698 5040 823 5077 num
855 5023 1114 5092 expertis,
1143 5031 1198 5077 et
1233 5023 1418 5090 irrigat
1452 5022 1643 5076 faciem
1662 5023 1840 5076 omnis
1865 5023 2248 5076 intellectualis

693 5124 955 5168 creaturae
988 5114 1101 5169 Dei.

765 5207 856 5260 4:).
894 5206 995 5271 Qui
1034 5206 1371 5260 dulcedinem
1403 5205 1841 5272 compunctionis
1887 5206 2244 5276 lacrymarunt

699 5313 802 5350 non
836 5307 1209 5366 gtlslavcrunt,
1251 5313 1345 5351 nec
1375 5297 1556 5350 sciunt
1588 5312 1706 5364 qua:
1738 5297 1806 5348 sit
1850 5298 2012 5364 hujus
2067 5297 2240 5350 suavi-

699 5401 779 5440 tas
815 5395 866 5439 et
899 5387 1157 5452 putentia,
1190 5387 1286 5440 has
1309 5387 1580 5456 lacrymas
1637 5386 1767 5438 nihil
1821 5386 2034 5440 dilierre
2060 5394 2249 5454 putant

703 5493 728 5526 τι
755 5478 1009 5547 lacrymis
1035 5493 1197 5544 super
1231 5487 1472 5532 mortuos
1524 5479 1732 5538 cll'usis,
1783 5479 1883 5530 sihi
1935 5477 2249 5546 eﬂingcntes

705 5569 903 5621 multas
937 5568 1071 5622 alias
1122 5569 1361 5632 inanium
1394 5577 1748 5637 pra-tcxtuum
1785 5569 2016 5638 species,
2067 5577 2115 5623 et
2165 5569 2245 5621 iu-

775 5753 817 5782 "
849 5751 998 5806 Joan.
1061 5767 1188 5817 M‘tl,
1240 5751 1326 5806 ei.
1408 5751 1446 5781 δ’
1492 5749 1677 5804 Matth.
1714 5766 1760 5813 γ,
1815 5749 1902 5801 liii.

2343 4569 2648 4638 σπλάγχνα,
2720 4572 2938 4626 πάντων
2990 4575 3308 4644 ὲγκυμονῶν
3355 4579 3454 4648 τὴν
3505 4582 3751 4649 ἀγάπην,
3813 4585 3908 4638 καὶ

2342 4666 2755 4733 στενοχωρεῖται
2818 4665 2910 4717 καὶ
2964 4665 3230 4734 βιάζεται,
3289 4669 3362 4740 μὴ
3424 4672 3727 4740 εὐεργετῶν
3783 4677 3906 4728 ὅσον

2342 4750 2606 4818 βούλεται·
2644 4755 2708 4806 ἐκ
2735 4754 2926 4806 τούτου
2978 4756 3129 4826 πηγή
3174 4775 3277 4820 τις,
3307 4759 3380 4822 ὠς
3408 4761 3468 4824 ἐξ
3535 4763 3716 4831 Ἐδὲμ,
3771 4764 3905 4828 άλλη

2339 4843 2694 4911 ἐκπορεύεται
2726 4845 3091 4912 κατανύξεως,
3119 4849 3198 4911 είς
3222 4849 3494 4920 τέσσαρας
3541 4853 3898 4928 διαιρουμένη

2338 4933 2530 5001 ἀρχάς·
2581 4935 2659 4996 είς
2703 4937 3224 5008 ταπεινοφροσύνην,
3259 4942 3339 5003 εἰς
3367 4942 3610 5009 ἁγνείαν,
3647 4946 3726 5007 είς
3759 4947 3904 5000 ἀπά-

2339 5023 2507 5089 θειαν,
2549 5027 2640 5077 καὶ
2670 5026 2750 5089 είς
2783 5026 2914 5096 ὕψος
2943 5029 3357 5099 ἀπερισπάστου
3387 5035 3573 5103 εὐχῆς,
3623 5037 3718 5088 καὶ
3748 5038 3904 5090 ποτί-

2339 5112 2419 5176 ζει
2441 5115 2500 5165 τὸ
2526 5115 2817 5184 πρόσωπον
2841 5119 3022 5190 πάσης
3045 5123 3142 5192 τῆς
3169 5123 3364 5192 νοητῆς
3389 5126 3620 5189 κτίσεως
3633 5127 3728 5179 τοῦ
3746 5128 3900 5183 Θεοῦ.

2409 5214 2511 5274 με’.
2545 5209 2607 5258 (li
2647 5209 2720 5277 μὴ
2749 5211 2848 5280 τῆς
2879 5211 3215 5283 γλυκύτητος
3259 5215 3368 5266 τῶν
3420 5217 3518 5284 τῆς
3558 5219 3905 5286 κατανύξεως

2335 5297 2585 5365 δακρύων
2606 5300 2959 5369 γευσάμενοι,
3007 5303 3143 5372 μηδὲ
3173 5304 3372 5366 είδότες
3399 5306 3480 5367 τίς
3505 5307 3715 5376 ἡχάρις
3740 5309 3905 5376 αὐτῆς

2338 5390 2428 5440 καὶ
2460 5390 2540 5451 τίς
2561 5390 2593 5458 ή
2617 5391 2886 5458 ἐνέργεια,
2903 5393 3054 5445 οὐδὲν
3066 5394 3173 5446 τῶν
3195 5396 3273 5455 είς
3297 5395 3600 5458 τεθνεῶτας
3630 5400 3904 5466 χεομένων

2335 5478 2607 5547 δακρύων,
2653 5481 2822 5533 ταῦτα
2875 5482 3150 5550 διαφέρειν
3199 5484 3421 5548 οἴονται,
3479 5488 3901 5555 προσαναπλάτ-

2337 5587 2518 5633 τοντες
2574 5573 2803 5635 ἑαυτοῖς,
2849 5573 2958 5627 ἀλλ’
3014 5573 3146 5627 ἄττα
3183 5576 3299 5645 εἴδη
3360 5577 3530 5630 κενῶν
3575 5580 3901 5646 προφάσεων
