4152 6338
249 347 352 411 921

1182 353 1672 416 PllYSICORUM
1711 355 2047 424 CAPITUM
2084 362 2477 424 CENTURIA
2514 361 2592 422 Ιῐ.

3360 373 3470 436 922

243 467 442 526 πολλὰ.
479 468 572 520 καὶ
615 466 848 538 ἀπορίας
899 464 1314 535 συλλογισμούς·
1353 467 1420 520 τὰ
1459 467 1516 520 δὲ
1571 469 1818 538 φυσικῶς

1921 469 2111 523 tricala
2137 461 2475 540 argumenta.
2511 471 2728 539 Verum,
2759 471 2866 526 illa
2900 473 3058 529 nobis
3091 481 3284 528 natura
3315 475 3463 530 inse-

245 561 386 629 ἠμϊν
430 558 804 629 ἐμπεφύκασι,
842 559 935 612 καὶ
959 558 1122 627 ἡνίκα
1154 559 1214 611 τὸ
1239 559 1522 630 ἀγέρωχον
1571 560 1696 631 ἄρτι
1724 561 1818 614 τοῦ

247 649 373 713 νοὸς
405 649 540 720 πρὸς
588 649 917 703 ταπείνωσιν
945 650 1123 720 κλίνῃ,
1152 648 1299 722 μύσῃ
1347 649 1404 700 δὲ
1451 650 1546 702 καὶ
1593 650 1625 719 ἠ
1675 650 1820 718 ψυχὴ

245 740 354 805 τὰς
386 742 603 811 ὁράσεις
625 741 795 811 αὐτῆς
821 743 929 796 ἀπὸ
965 741 1065 810 τῆς
1092 741 1313 812 ἀπάτης
1352 742 1462 794 τῶν
1506 742 1820 812 ὁρωμένων,

245 833 350 885 καὶ
377 832 579 896 ταύτας
610 832 748 902 πρὸς
776 833 946 904 μόνην
984 833 1082 904 τὴν
1125 832 1358 904 θεωρίαν
1394 831 1486 886 τοῦ
1528 833 1694 885 ἀΰλου
1729 833 1824 885 καὶ

249 921 474 991 πρώτου
507 923 683 991 φωτὸς
725 923 1024 996 ὲκπετάσῃ.
1056 925 1236 977 πᾶσαν
1274 923 1692 993 ἀποσεισαμένη
1730 921 1824 976 τοῦ

250 1014 463 1083 κόσμου
510 1012 608 1085 τὴν
658 1015 934 1086 αἴσθησιν,
988 1018 1084 1070 καὶ
1134 1015 1271 1086 τύχῃ
1318 1017 1417 1085 τῆς
1461 1014 1681 1092 ,ἀνωθεν
1730 1011 1825 1066 τοῦ

251 1102 570 1173 πνεύματος
623 1104 1046 1176 παρακλήσεως,
1102 1105 1302 1158 αὐτίκα
1364 1104 1432 1156 τά
1461 1083 1695 1174 ’δάκρυα
1749 1101 1826 1165 ὡς

248 1188 425 1246 ὕδατα
516 1193 702 1262 πηγῆς
770 1192 1121 1258 έκόλύζουσιν
1183 1194 1245 1259 ἐξ
1309 1192 1516 1263 αύτῆςι,
1597 1191 1690 1246 καὶ
1755 1190 1825 1246 τὰ

246 1283 586 1353 αἰσθητήρια
655 1283 860 1354 ταύτης
923 1283 1441 1352 καταγλυκαίνουσι,
1505 1283 1685 1353 πάσης
1737 1283 1825 1336 εύ-

247 1375 532 1445 φροσύνης
561 1375 920 1445 ὲμπιπλῶντα
942 1377 1112 1446 αὐτῆς
1134 1376 1233 1447 τὴν
1253 1375 1496 1429 διάνοιαν
1558 1376 1650 1428 καὶ
1680 1373 1826 1427 θείου

249 1461 455 1528 φωτός·
493 1463 553 1514 οὐ
588 1461 712 1532 μὴν,
745 1462 880 1516 ἀλλᾶ
904 1464 1013 1533 γὰρ
1043 1463 1138 1516 καὶ
1183 1461 1533 1532 συντρίδουσι
1565 1461 1828 1533 τὴνκαρέ

246 1548 394 1613 δίαν,
434 1551 527 1602 καὶ
573 1542 679 1602 τὸν
717 1550 843 1604 νοῦν
874 1551 1274 1621 ταπεινόφρονα
1334 1553 1392 1602 ὲν
1451 1548 1690 1619 ὀπτασίᾳ.
1733 1548 1828 1602 τοῦ

248 1638 567 1706 κρείττονος
602 1638 1028 1708 ἀπεργάζονται,
1085 1637 1121 1691 ἃ
1182 1639 1433 1707 γενέσθαι
1482 1638 1742 1692 ἀδύνατον
1772 1640 1828 1690 ὲν

247 1731 370 1791 τοῖς
400 1728 573 1790 άλλως
595 1728 854 1799 θρηνοῦσι
884 1729 976 1782 καὶ
1014 1729 1389 1798 κοπτομένοις.

1913 571 2133 628 runtur,
2179 569 2384 616 etcum
2440 562 2692 632 superbia
2742 564 2941 619 mentis
2987 565 3056 618 ad
3105 565 3464 621 humilitatem

1915 665 2137 719 vergere
2164 651 2374 720 incipit,
2409 661 2463 706 et
2498 653 2678 706 anima
2705 653 2890 709 oculos
2929 655 3135 708 claudit
3169 671 3237 708 ne
3285 655 3466 710 videat

1916 738 2183 794 fallaciam
2240 742 2560 807 visibilium,
2606 757 2817 812 eosque
2855 744 2921 800 ad
2951 744 3122 797 solam
3154 745 3342 814 dirigit
3388 747 3468 798 v.i-

1915 830 2122 884 sionem
2190 831 2566 888 immaterialis
2620 841 2674 889 et
2725 832 2884 903 primi
2945 833 3188 899 luminis,
3246 851 3466 888 omnem

1916 919 2168 988 rejiciens
2199 922 2386 976 mundi
2420 937 2668 986 sensum,
2694 938 2757 978 ac
2785 938 3077 988 supernam
3111 924 3308 994 accipit
3340 924 3466 994 Spi-

1917 1010 2060 1064 ritus
2117 1012 2574 1077 consolationem,
2636 1014 2819 1068 statim
2881 1013 3133 1081 lacrymte
3187 1024 3246 1067 ut
3310 1029 3470 1082 aqum

1917 1099 2081 1156 fontis
2123 1099 2301 1157 ﬂuunt
2353 1117 2420 1156 ex
2457 1102 2628 1158 oculis
2660 1104 2800 1171 ejus.
2833 1111 2886 1158 et
2915 1118 3109 1159 sensus
3159 1104 3277 1171 ejus
3329 1107 3468 1160 deli.

1916 1191 2091 1257 niunt,
2129 1191 2247 1260 ejus
2277 1191 2612 1246 intellectum
2641 1193 2791 1248 omni
2843 1192 3031 1248 laetitia
3074 1201 3128 1249 et
3172 1195 3355 1249 divino
3381 1210 3469 1251 ναξ

1915 1279 2124 1347 pientes
2148 1280 2382 1345 lumine;
2406 1281 2534 1349 quin
2562 1281 2673 1335 imo
2703 1297 2796 1336 cor
2824 1291 3139 1348 conterunt,
3165 1292 3467 1338 etmentem

1917 1369 2148 1425 reddunt
2191 1371 2450 1425 humilem
2491 1374 2546 1426 in
2597 1373 2811 1428 visione
2860 1375 3101 1430 melioris
3135 1393 3148 1428 :
3182 1391 3305 1443 quae
3341 1376 3467 1442 qui-

1917 1461 2035 1515 dem
2068 1459 2269 1516 habere
2309 1476 2414 1516 non
2454 1473 2676 1531 possunt
2711 1462 2803 1532 qui
2845 1463 2997 1517 aliter
3025 1465 3207 1534 lugent
3234 1474 3286 1519 et
3309 1464 3465 1533 plan-

1918 1563 2071 1622 gunt.

333 1826 452 1889 ttg’.
513 1819 799 1875 Ἀδύνατον
825 1819 1000 1882 ἄλλως
1023 1819 1120 1889 τὴν
1177 1819 1362 1890 πηγὴν
1422 1819 1531 1872 τῶν
1575 1817 1828 1889 δακρύων

1985 1820 2076 1875 46.
2105 1820 2442 1888 lmpossibile
2464 1828 2545 1875 est
2577 1819 2780 1874 fontem
2806 1818 3162 1890 lacrymaru‘m
3189 1819 3471 1888 adaperire

251 1911 648 1981 ἀναστομῶσαί
693 1928 836 1976 τινα,
876 1910 1004 1966 ἄνευ
1056 1910 1363 1981 βαθυτάτης
1403 1909 1829 1979 ταπεινοφροσύ-

251 2022 378 2073 νης,
404 2004 528 2059 οὗτε
553 2005 716 2058 πάλιν
743 1998 1143 2074 ταπεινόφρονα
1180 1997 1344 2068 εἶναι,
1388 2002 1516 2056 ἄνευ
1547 2002 1645 2072 τῆς
1671 2004 1826 2069 ἐγγι-

251 2097 491 2166 νομένης
515 2096 622 2148 ἀπὸ
655 2097 756 2164 τῆς
783 2095 1075 2165 ἐπιδημίας
1119 2094 1214 2148 τοῦ
1250 2094 1558 2164 πνεύματος
1588 2090 1828 2146 κατανύη

252 2190 417 2256 ξεως·
449 2188 547 2257 τὴν
581 2187 690 2258 γὰρ
719 2187 1010 2252 κατάνυξιν
1035 2189 1067 2256 ἠ
1099 2186 1590 2256 ταπεινοφροσύνη,
1615 2185 1708 2240 καὶ
1731 2182 1828 2255 τῆν

252 2263 765 2348 ταπεινοφροσύνην
796 2281 828 2347 ὴ
861 2277 1176 2343 κατάνυξις,
1233 2277 1319 2330 διὰ
1347 2277 1440 2330 τοῦ
1484 2277 1641 2344 ἀγίου
1687 2275 1824 2328 ἀπο⁴

251 2374 423 2442 γεννᾷ
454 2371 788 2442 Πνεύμστος·
818 2369 894 2433 ὼς
934 2367 987 2421 εἴ
1012 2386 1096 2433 τις
1113 2369 1219 2440 γὰρ
1269 2368 1424 2436 σειρά
1452 2367 1697 2439 ἀλλήλων
1727 2364 1824 2420 αὖ-

253 2481 353 2518 ται
378 2463 654 2533 ἐχόμεναι,
681 2463 777 2516 καὶ
805 2462 864 2514 έν
890 2461 988 2532 μιᾷ
1017 2461 1198 2530 χάριτι
1243 2460 1614 2528 συνδεόμεναι,
1647 2459 1827 2532 ἄρρη-

253 2573 392 2620 κτον
420 2556 511 2607 τὸν
545 2553 839 2622 σύνδεσμον
869 2552 963 2605 τοῦ
991 2551 1304 2621 Πνεύματος
1339 2551 1538 2621 ἔχουσι.

339 2650 445 2716 μί’.
471 2649 543 2701 Τὸ
571 2648 674 2700 ὑπὸ
705 2647 795 2700 τοῦ
820 2646 963 2699 θείου
989 2645 1302 2714 Πνεύματος
1326 2643 1677 2713 ἐγγινόμενον
1709 2642 1827 2714 φῶς

259 2740 338 2808 τῇ
366 2738 536 2808 ψυχῇ,
592 2738 977 2806 ὑπαναχωρεῖν
1030 2736 1222 2790 εἴωθεν
1270 2739 1334 2790 ὲκ
1386 2736 1676 2807 ῥᾳθυμίας,
1732 2736 1827 2789 καὶ

254 2828 543 2898 ἀμελείας,
570 2829 664 2883 καὶ
691 2829 750 2894 ἐξ
776 2829 1116 2898 ἀδιαφορίας,
1139 2831 1238 2898 τῆς
1279 2830 1335 2882 ὲν
1365 2829 1540 2897 λόγοις
1571 2829 1666 2883 καὶ
1695 2826 1826 2898 βρώ-

256 2935 446 2990 μασιν·
476 2921 511 2991 ἥ
550 2938 607 2974 τε
650 2921 761 2992 γὰρ
792 2921 900 2974 τῶν
951 2921 1254 2992 βρωμάτων
1302 2922 1612 2992 ἀδιαφορία,
1656 2921 1747 2974 καὶ
1765 2920 1828 2974 τδ

265 3010 440 3079 ὑγρὸν
462 3012 559 3080 τῆς
577 3012 805 3080 διαίτης,
829 3013 961 3066 αὐτό
981 3030 1040 3066 τε
1059 3013 1120 3067 τὸ
1147 3013 1384 3083 ἀκρατὲς
1416 3013 1516 3082 τῆς
1558 3012 1823 3084 γλώττης.

256 3101 359 3153 καὶ
410 3100 517 3153 τῶν
557 3101 852 3170 ὀφθαλμῶν
902 3103 964 3155 τὸ
1008 3103 1341 3171 ἀφύλακτον,
1398 3102 1615 3158 διώκειν
1673 3102 1891 3198 τοῦτοῦ

256 3188 503 3258 πέφυκεν
530 3189 589 3254 ἐξ
620 3191 811 3257 αὐτῆς,
845 3192 939 3244 καὶ
988 3193 1297 3256 σκοτεινοὺς
1331 3195 1476 3264 ἡμᾶς
1519 3193 1827 3265 ἀπεργάζε-

256 3279 409 3334 σθαι·
470 3285 693 3345 σκότους
735 3283 790 3335 δὲ
858 3284 1251 3354 πληρωθέντων
1300 3287 1483 3355 ἡμῶν,
1538 3287 1607 3338 τὰ.
1665 3285 1830 3358 θηρία

257 3371 445 3424 πάντα
477 3372 570 3424 τοῦ
629 3372 801 3443 ἀγροῦ
827 3378 924 3443 τῆς
949 3375 1174 3444 καρδίας
1209 3376 1384 3450 ἡμῶν,
1407 3377 1501 3429 καὶ
1526 3379 1574 3429 oi
1600 3359 1829 3445 σκύμνοι

259 3465 515 3533 λογισμοὶ
554 3466 662 3517 τῶν
701 3467 889 3520 παθῶν
939 3467 1138 3519 αὐτίκα
1181 3467 1486 3537 διέρχονται
1530 3469 1828 3538 ὠρυόμενοι

258 3555 327 3608 ἐν
356 3555 518 3624 αἰτῇ,
567 3555 860 3626 ζητοῦντες
894 3556 1096 3628 βρῶσιν
1134 3559 1460 3626 ὲμπαθείας,
1501 3559 1593 3612 καὶ
1617 3561 1709 3611 τοῦ
1734 3559 1830 3628 ἀρ-

260 3641 438 3694 πάσαι
472 3643 562 3695 τὸν
590 3642 924 3697 ἀποτεθέντα
963 3647 1021 3696 ἐν
1046 3647 1176 3712 ἡμῖν
1211 3646 1360 3716 παρά
1391 3645 1483 3698 τοῦ
1516 3643 1832 3714 Πνεύματος

260 3731 565 3802 θησαυρόν·
595 3733 709 3786 ἀλλ’
767 3735 800 3800 ἠ
848 3733 976 3802 φίλη
1027 3733 1103 3802 τῷ
1134 3735 1246 3786 δντι
1298 3737 1611 3805 ἐγκράτεια,
1661 3736 1754 3788 καὶ
1794 3735 1829 3805 ἠ

259 3824 614 3890 ἁγγελοποιὸς
644 3810 942 3894 προσευχὴ.
977 3825 1038 3877 οὗ
1078 3825 1238 3894 μόνον
1262 3825 1412 3878 οὐδὲν
1438 3827 1545 3879 τῶν
1575 3826 1831 3879 τοιούτων

262 3915 542 3982 συγχωρεῖ
588 3915 722 3982 ,περὶ
775 3913 872 3984 τὴν
900 3915 1079 3985 ψυχὴν
1137 3914 1383 3979 διελθεῖν,
1444 3917 1579 3968 ἀλλά
1625 3917 1714 3968 καὶ
1773 3915 1834 3967 τὸ

261 4000 469 4068 φέγγος
500 4002 763 4054 ἄσϐεστον
790 4002 883 4054 τοῦ
915 4004 1232 4074 Πνεύματος
1274 4006 1398 4074 περὶ
1428 4005 1516 4056 τὸν
1560 4005 1684 4057 νοῦν
1717 4005 1834 4057 διας

260 4091 441 4159 τηρεῖ,
473 4091 566 4146 καὶ
594 4091 690 4159 τὴν
725 4091 954 4161 καρδίαν
988 4093 1192 4161 ἤρεμον
1223 4092 1492 4154 ἀποτελεῖ,
1521 4094 1616 4146 καὶ¹
1664 4093 1834 4162 ἁγνὴν

262 4179 508 4248 ⁴ιιτηγάζει
559 4179 656 4250 τὴν
707 4181 857 4234 θείαν
889 4182 1203 4247 κατάνυξιν,
1249 4184 1343 4235 καὶ
1391 4183 1486 4252 τὴν
1534 4183 1709 4252 ψυχὴν
1755 4183 1834 4245 εἰς

263 4272 490 4340 ἀγάπην
513 4273 770 4327 πλατύνει
788 4273 946 4339 Θεοῦ,
972 4277 1066 4329 καὶ
1090 4275 1260 4345 αὐτὴν
1280 4276 1405 4344 ὅλην
1426 4276 1530 4344 ὅλῳ
1558 4275 1621 4328 δι’
1641 4275 1835 4346 εὐφροα

265 4359 436 4445 σύνης
461 4364 551 4414 καὶ
581 4363 880 4433 παρθενίας
907 4366 1169 4419 συνάπτει
1197 4364 1437 4433 Χριστῷ.

1912 1912 2030 1966 sine
2071 1912 2502 1980 profundissima
2545 1912 2871 1974 humilitate,
2919 1921 2972 1964 et
3014 1911 3131 1965 vice
3166 1926 3320 1966 versa
3371 1911 3473 1964 ltu-

1913 2002 2095 2057 milem
2126 2016 2248 2057 esse
2299 2003 2504 2071 absque
2542 2002 2976 2074 compunctione‘
3015 2015 3174 2069 quam
3221 2001 3471 2069 producit

1913 2095 2082 2163 gratia
2140 2091 2423 2162 Spiritus:
2474 2091 2942 2159 compunctionem
3001 2091 3143 2144 enim
3187 2092 3472 2144 humilitas

1912 2195 1965 2240 et
1996 2184 2353 2239 humilitatem
2385 2182 2729 2252 compunctio
2754 2190 3014 2251 generat;
3062 2197 3127 2236 ac
3149 2183 3312 2237 veluti
3343 2198 3476 2251 qua-

1911 2277 2034 2330 dam
2110 2287 2299 2330 catena
2374 2274 2474 2329 sibi
2531 2273 2755 2327 invicem
2806 2273 3107 2342 colligata},
3159 2281 3211 2327 et
3263 2273 3316 2328 in
3364 2290 3472 2328 una

1912 2365 2543 2438 maritate-conjunctae,
2591 2365 2768 2436 rumpi
2809 2364 2998 2422 nescio
3043 2363 3278 2436 Spiritus
3333 2381 3472 2422 ucxn

1914 2462 2318 2516 devinciuntur.

1983 2640 2073 2692 47.
2130 2638 2242 2692 Lux
2290 2652 2409 2708 qua
2442 2651 2538 2707 per
2589 2635 2851 2704 Spiritum
2903 2642 3150 2691 sanctum
3201 2632 3466 2687 inseritur

1916 2729 2129 2788 animae,
2161 2727 2297 2782 solet
2339 2725 2594 2795 paulatim
2641 2723 2836 2793 expelli
2888 2721 3135 2784 mollitie,
3189 2719 3466 2787 negligen-

1916 2821 2096 2888 tiaque
2125 2827 2178 2872 et
2205 2816 2562 2872 lndiﬂ'eretttia
2598 2815 2654 2868 in
2699 2813 2877 2870 verbis
2905 2821 2960 2867 et
2997 2811 3136 2865 cibis
3161 2827 3180 2866 :
3208 2810 3458 2863 ciborum

1914 2909 2058 2963 enim
2097 2903 2467 2960 indiﬂ‘ereutia
2501 2913 2556 2959 et
2579 2903 2704 2957 vitae
2733 2901 3010 2966 mollities,
3053 2913 3264 2953 necnon
3303 2899 3478 2965 impo-

1917 2998 2080 3052 tentia
2133 2998 2330 3066 lingute
2378 3004 2433 3050 et
2487 2995 2773 3050 oculorum
2839 2989 3233 3046 incontinentia
3293 2987 3474 3040 lucem

1917 3089 2058 3144 illam
2086 3087 2307 3156 expellit
2328 3102 2390 3141 ex
2423 3085 2628 3148 anima,
2651 3092 2706 3139 et
2727 3083 2983 3138 tenebras
3013 3080 3168 3134 nobis
3196 3077 3465 3132 offundit:

1921 3179 2077 3234 nobis
2112 3189 2290 3234 autem
2336 3178 2567 3244 caligine
2623 3175 2837 3236 obsitis,
2881 3186 3070 3232 omnes
3118 3171 3305 3225 bestia:
3339 3169 3476 3237 agri,

1921 3272 1972 3324 id
2025 3279 2129 3332 est,
2183 3269 2366 3324 cordis
2422 3266 2619 3332 nostri,
2672 3275 2726 3319 et
2777 3263 2939 3320 catuli
2994 3258 3234 3322 leonum.
3283 3260 3476 3319 idest,

1918 3363 2271 3431 cupiditatum
2324 3360 2703 3428 cogitationes,
2747 3357 2801 3410 in
2833 3355 2920 3407 illa
2949 3363 3176 3407 currum
3204 3353 3478 3419 rugientes

1916 3463 1969 3508 et
2001 3461 2311 3521 qnmrentes
2340 3465 2493 3505 suam
2530 3449 2732 3503 satiare
2761 3445 3110 3514 cupiditatem
3149 3458 3212 3497 ac
3237 3442 3476 3510 diripere

1921 3545 2240 3597 thesaurum
2294 3540 2347 3593 in
2408 3539 2565 3592 nobis
2629 3553 2659 3592 a
2714 3535 2920 3606 Spiritu
2985 3534 3310 3602 depositum.
3370 3531 3477 3584 Sed

1922 3633 2094 3686 amica
2143 3632 2251 3685 Deo
2304 3629 2678 3696 temperantia,
2721 3633 2775 3681 et
2817 3625 2993 3679 oratio
3032 3626 3252 3691 angelos
3281 3622 3480 3692 genui.

1921 3737 2075 3781 uans.
2136 3734 2240 3773 non
2289 3719 2463 3774 solum
2518 3716 2651 3770 nihil
2701 3715 2894 3769 horum
2943 3712 3201 3768 invadere
3241 3713 3478 3765 animam

1923 3796 2129 3873 sinunt,
2181 3807 2273 3862 sed
2322 3807 2482 3861 etiam
2546 3806 2724 3859 lumen
2777 3804 3014 3872 Spiritus
3081 3801 3477 3877 incastinctum

1923 3907 2102 3954 servat
2155 3898 2207 3950 iu
2240 3903 2456 3957 mente,
2504 3908 2598 3946 cor
2650 3891 2780 3946 facit
2825 3890 3217 3958 tranquillum,
3269 3887 3480 3956 limpidi

1924 3989 2094 4043 instar
2138 3986 2304 4040 l'outis
2341 3985 2582 4036 divinam
2625 3980 2851 4035 ell'uudit
2890 3979 3388 4048 compunctionem,
3419 3977 3478 4029 in

1924 4081 2102 4135 anima
2133 4089 2290 4144 auget
2318 4088 2555 4128 amorem
2623 4071 2737 4134 Dei,
2772 4085 2998 4138 eamque
3030 4078 3193 4121 totam
3241 4070 3335 4122 toti
3391 4085 3483 4136 per

1927 4171 2179 4241 gaudium
2216 4176 2268 4221 et
2300 4163 2664 4234 virginitatem
2718 4159 2996 4231 coniungit
3028 4159 3265 4214 Cbrism.

341 4452 451 4522 μη’.
489 4455 656 4508 Οὐδὲν
720 4456 892 4512 οὓτως
939 4457 1127 4527 ἕτερον
1181 4458 1379 4510 οίκεῖον
1426 4455 1503 4524 τῷ
1548 4454 1709 4524 Mm"
1761 4470 1830 4516 ως

1999 4461 2087 4514 t8.
2139 4459 2288 4512 Nihil
2334 4466 2440 4509 tam
2499 4453 2860 4524 propinquant
2919 4457 3002 4538 est
3057 4446 3265 4513 Verbo,
3318 4451 3477 4511 quam

264 4545 462 4611 ἁγνεία
503 4548 598 4598 καὶ
629 4548 946 4618 σωφροσύνη
989 4548 1186 4617 ψυχῆς·
1230 4548 1434 4601 τούτων
1484 4548 1541 4599 δὲ
1587 4547 1830 4616 μήτηρή

1928 4553 2148 4608 castitas
2177 4557 2229 4602 et
2269 4545 2599 4601 continentia
2675 4541 2888 4596 animat.
2922 4537 3119 4591 Harum
3152 4546 3329 4590 autem
3364 4547 3480 4587 nia-

267 4638 595 4705 περιεκτικὴ
642 4641 737 4691 καὶ
778 4638 905 4708 φίλη
955 4640 1271 4709 ἐγκράτεια·
1321 4641 1417 4708 τῆς
1460 4639 1516 4692 δὲ
1552 4639 1758 4709 πατὴρ,
1807 4637 1836 4690 ὁ

268 4728 456 4795 φόϐος·
485 4723 638 4792 οὗτος
665 4731 720 4783 δὲ
751 4733 831 4794 είς
848 4731 1011 4785 πόθον
1037 4732 1286 4799 τραπεὶς,
1319 4733 1411 4783 καὶ
1429 4735 1493 4798 τῇ
1523 4733 1705 4799 ἐφέσει
1730 4731 1836 4784 τῶν

270 4821 432 4872 θείων
462 4821 753 4888 συναφθεὶς
798 4822 1159 4891 πραγμάτων,
1207 4822 1410 4888 ἄφοδον
1464 4821 1837 4890 ἀπεργάζεται

269 4913 370 4980 τὴν
398 4911 574 4981 ψυχὴν
607 4914 702 4966 καὶ
750 4913 929 4983 πλήρη
973 4903 1191 4983 ἀγάπης
1231 4913 1387 4977 Θεοῦ,
1449 4913 1662 4966 καὶτοῦ
1691 4913 1835 4966 θείου

268 5001 431 5068 λόγου
470 5005 810 5073 γεννήτριαν.

347 5095 454 5163 pd)".
519 5094 686 5157 Φόϐος
734 5095 833 5163 μὲν
883 5096 1148 5165 πρότερον
1196 5093 1489 5163 συναφθεὶς
1555 5095 1620 5162 τῇ
1666 5092 1834 5161 ψυχῇ,

271 5183 552 5253 ἐγκύμονα
588 5187 864 5250 τοῦλόγου
919 5189 1019 5255 τῆς
1049 5190 1282 5259 κρίσεως
1324 5190 1493 5257 αὐτὴν
1537 5189 1624 5240 διὰ
1678 5204 1840 5255 μετα-

272 5278 420 5337 νοίας
451 5280 611 5337 ποιεῖ,
650 5279 715 5349 ἣν
749 5279 934 5340 ὠδῖνες
956 5280 1080 5349 ᾇδου
1131 5280 1239 5332 τῶν
1288 5282 1561 5334 κολάσεων
1610 5296 1838 5348 περικυ-

274 5364 494 5418 κλοῦσιν
527 5367 746 5430 αὐτίκα,
780 5369 1069 5436 στεναγμοί
1102 5387 1158 5421 τε
1215 5370 1308 5421 καὶ
1357 5371 1506 5424 πόνοι
1553 5371 1610 5420 ὲν
1643 5369 1837 5434 συνοχῇ

275 5456 674 5524 κατατρύχουσι
740 5461 836 5526 τῆς
911 5459 1157 5528 καρδίας,
1220 5461 1681 5528 ἀναλογιζομένην
1739 5461 1838 5522 τὴν

278 5545 577 5611 μέλλουσαν
611 5547 703 5597 ἐπὶ
740 5551 927 5609 κακοῖς
958 5549 1331 5600 ἀνταπόδοσιν.
1371 5545 1499 5600 Εἶτα
1523 5549 1608 5601 διὰ
1633 5548 1840 5600 πολλῶν

275 5637 524 5704 δακρύων
543 5639 634 5691 καὶ
655 5638 830 5692 πόνων
858 5639 995 5711 αὕτη
1035 5645 1092 5693 ἐν
1139 5641 1338 5712 γαστρὶ
1367 5642 1605 5704 διανοίας
1635 5643 1692 5692 τί)
1721 5640 1838 5692 σολ-

276 5725 476 5793 ληφοὲν
512 5729 880 5798 ἀπαίτίῖαπει,
920 5730 1126 5797 πνεῦμα
1168 5729 1435 5796 σωτηρίας
1488 5729 1578 5781 ἐπὶ
1609 5727 1701 5792 τὴν·
1740 5728 1836 5791 γῆκτ

1930 4650 2010 4695 ter
2043 4647 2096 4691 et
2149 4636 2319 4688 amica
2370 4641 2453 4688 est
2494 4630 2821 4686 universalis
2869 4626 3220 4694 temperantia
3268 4642 3279 4676 :
3317 4623 3479 4690 hujus

1929 4724 2058 4782 vero
2091 4733 2262 4795 pater,
2302 4723 2482 4782 timor,
2539 4719 2630 4788 qui
2657 4717 2874 4786 quidem
2901 4715 2954 4767 in
2987 4712 3313 4766 desiderium
3349 4725 3450 4763 con

1929 4830 2137 4875 versus.
2177 4826 2465 4879 rerumque
2495 4808 2799 4861 divinarum
2827 4803 3155 4871 coniunctus
3185 4800 3474 4868 appetitui,

1926 4905 2247 4972 impavidam
2289 4900 2458 4954 reddit
2492 4900 2751 4960 animam,
2782 4895 3105 4964 plenamque
3139 4890 3232 4942 Dei
3270 4903 3473 4948 amore,

1922 5009 1974 5051 ct
2007 4995 2164 5050 Verbi
2201 4990 2367 5045 divini
2401 4987 2736 5057 genitricem,

1993 5085 2082 5138 49.
2156 5081 2345 5134 Timor
2370 5093 2492 5131 cum
2555 5075 2731 5128 anima
2784 5072 3090 5140 copulatus,
3138 5069 3314 5137 primo
3355 5079 3471 5119 eam

1926 5175 2091 5243 verbo
2122 5170 2311 5239 iudicii
2344 5168 2617 5236 gravidam
2661 5163 2842 5216 reddit
2872 5176 2964 5230 Per
2996 5158 3388 5227 pteuitentiam,
3419 5164 3473 5207 ct

1926 5266 2108 5322 statim
2140 5263 2356 5316 dolores
2411 5258 2602 5312 inferni
2635 5270 2914 5324 pmnarum
2961 5250 3299 5306 circumdant
3325 5263 3472 5311 eam,

1925 5358 2258 5425 gemitusque
2309 5363 2364 5406 et
2411 5351 2620 5403 labores
2674 5347 2725 5400 in
2768 5346 3018 5414 angustia
3071 5342 3251 5397 cordis
3300 5341 3471 5408 ipsam

1924 5444 2242 5511 defatigant,
2294 5440 2615 5507 cogitantem
2665 5437 2729 5490 de
2779 5436 2956 5488 lutura
2999 5435 3262 5487 malorum
3315 5429 3474 5481 rl-tri-

1925 5518 2422 5592 butionechindc,
2456 5544 2576 5581 cum
2614 5527 2796 5579 multis
2829 5524 3082 5592 lacrymis
3112 5537 3173 5575 ac
3195 5520 3470 5575 doloribus

1925 5629 1976 5679 in
2010 5636 2159 5677 utero
2197 5619 2560 5688 intolligcnlizc
2593 5626 2908 5684 conceptum
2964 5611 3229 5679 disposuit
3280 5608 3468 5668 fetum,

1923 5717 2172 5785 spiritum
2211 5710 2402 5768 salutis
2448 5711 2583 5780 parit
2641 5710 2692 5762 in
2732 5715 2871 5761 terra
2923 5705 3097 5759 cordis
3151 5701 3253 5766 sui,
3314 5709 3470 5766 atque
