4152 6338
146 414 254 480 θὲθ

1043 493 1046 496 λ
1093 416 1578 493 PHYSICORUM
1615 417 1957 481 CAPITUM
1995 392 2378 484 cernenti
2416 425 2498 487 ιι.

3263 435 3376 498 930

152 520 294 573 κατά
341 519 542 584 πάντα,
592 517 685 571 καὶ
712 515 899 571 τοῦτον
927 517 1262 589 εἰσπράττει,
1304 523 1397 577 καὶ
1451 525 1734 591 πλεονάζει

1818 529 2029 592 usuris,
2089 531 2218 583 etin
2269 530 2554 585 thesauros
2615 545 2750 587 nova
2778 548 2986 602 semper
3039 537 3288 608 deponit;
3322 550 3376 597 et

148 616 263 676 τοῖς
316 613 521 674 τόκοις,
572 612 666 665 καὶ
714 613 796 674 εἰς
825 605 1132 682 θησαυροὺς
1166 615 1508 681 ἀποτίθεται,
1541 621 1634 673 καὶ
1659 621 1734 684 ὡς

150 703 486 774 ἀσυμπαθὴς
512 703 922 770 κατακρίνεται.
967 703 1030 756 Εἰ
1056 703 1112 755 δὲ
1142 703 1363 775 θυμὼδη
1396 709 1492 760 καὶ
1524 708 1730 776 pacm-

149 810 260 857 νον,
296 791 507 861 θηρίοις
547 793 641 844 καὶ
671 791 901 856 ίοὸὀλοις
923 793 1176 846 διώκεται
1201 795 1475 863 ἑρπετοῖς,
1511 799 1605 850 καὶ
1633 798 1730 867 φό-

147 884 282 945 ϐοις.
328 885 422 937 καὶ
448 884 619 954 δειλίᾳ
652 886 1123 940 καθυποεάλλεται
1146 906 1158 918 ·
1209 887 1256 938 εί
1292 886 1347 939 δὲ
1383 890 1734 959 πεφυσιωμέ-

149 994 250 1046 νην
284 980 349 1046 τῇ
399 979 528 1047 κενῇ
556 976 704 1047 δόξῃ,
754 978 1030 1048 εὐφημίας
1105 979 1198 1031 καὶ
1257 976 1735 1051 προσυπαντήσεις

147 1069 281 1122 λαοῦ
302 1112 317 1135 ,
354 1070 574 1139 θρόνους
598 1069 773 1140 ἀρχῆς
797 1072 892 1123 καὶ
926 1071 1224 1140 ἡγεμονίας
1256 1071 1608 1139 φαντάζεται,
1640 1075 1730 1130 καὶ

148 1163 284 1232 περὶ
313 1162 382 1214 τὰ
415 1163 583 1232 μήπω
619 1161 749 1213 ὄντα
791 1161 962 1230 αὐτῷ,
991 1161 1067 1224 ὠς
1099 1161 1250 1226 ὄντα,
1281 1161 1314 1232 ἢ
1363 1162 1580 1227 πάντως
1610 1167 1731 1219 ἐσό-

151 1271 314 1324 μενα,
351 1255 448 1306 καὶ
475 1253 796 1324 ἐγρηγορῶν
840 1253 1161 1307 διατίθεται.
1206 1254 1269 1306 El
1301 1247 1356 1305 δὲ
1387 1255 1732 1326 ὑπερήφανον

148 1345 246 1400 καὶ
276 1345 595 1409 ἀλαζονείας
619 1345 845 1414 μεστὴν,
871 1344 962 1396 ἐπὶ
984 1344 1278 1414 ὀχημάτων
1303 1345 1564 1416 φέρεσθαι
1591 1347 1735 1416 λαμ-

147 1437 440 1507 προτάτων
470 1436 570 1504 ὁρᾷ
603 1435 793 1487 ἑαυτὸν
817 1473 832 1498 ,
869 1435 960 1486 καὶ
985 1434 1207 1504 πτεροῖς
1238 1433 1347 1486 ἔσθ’
1371 1435 1460 1487 ὅτε
1488 1437 1568 1498 είς
1595 1437 1734 1506 ἀέρα

151 1531 475 1599 πετόμενον,
510 1528 604 1581 καὶ
635 1526 842 1589 πάντας
877 1525 974 1605 τὴν
1006 1526 1282 1595 ὑπεροχὴν
1311 1526 1610 1597 τρέμοντας
1638 1529 1736 1599 τῆς

142 1620 402 1686 ἐξουσίας
451 1618 644 1673 αὐτοῦ.
677 1617 834 1672 Οὕτω
881 1617 946 1687 δὴ
1003 1619 1096 1670 καὶ
1145 1617 1389 1695 φιλόθεος
1414 1618 1729 1688 ἄνθρωπος,

148 1713 443 1772 σπουδαῖος
473 1711 548 1764 ὢν
593 1712 672 1773 είς
717 1710 979 1777 ἐργασίαν
1013 1709 1110 1779 τῆς
1142 1709 1366 1778 ἀρετῆς,
1401 1710 1494 1763 καὶ
1526 1710 1732 1774 δίκαιος

144 1807 233 1868 είς
261 1803 543 1866 εὐσεϐείας
572 1800 808 1869 ἀγῶνας,
839 1800 934 1854 καὶ
964 1800 1340 1871 καθαράντῆς
1374 1800 1505 1871 ὕλης
1545 1802 1734 1870 ἐπιφε-

148 1897 382 1967 ρόμενος
412 1895 508 1965 τὴν
535 1894 730 1964 ψυχὴν,
766 1891 1072 1963 μελλόντων
1106 1892 1447 1962 πραγμάτων
1480 1893 1734 1958 ἐκϐάσεις

145 1988 276 2042 καθ’
306 1988 506 2056 ὕπνους
553 1987 655 2056 ὁρᾷ
710 1984 804 2038 καὶ
844 1984 1090 2055 φρικτῶν
1128 1983 1418 2053 Θεαμάτων
1454 1982 1733 2036 ἀποκαλύ-

143 2081 294 2148 ψεις,
328 2079 413 2133 ἀεί
457 2095 517 2130 τε
569 2078 860 2150 εὐχόμενον
887 2076 1078 2129 ἑαυτὸν
1121 2075 1178 2126 ὲν
1209 2073 1499 2138 κατανύξει
1532 2073 1628 2127 καὶ
1657 2077 1734 2127 εί-

149 2173 353 2242 ρηνικῇ
395 2168 742 2230 καταστάσει,
775 2167 954 2235 ψυχῆς
984 2182 1040 2217 τε
1083 2165 1178 2216 καὶ
1218 2162 1470 2232 σώματος
1497 2165 1734 2233 ἀφυπνι-

143 2263 378 2332 ζόμενος
403 2257 935 2328 καταλαμϐάνει,νώς
954 2253 1097 2309 εἶναι
1124 2256 1221 2326 μὲν
1247 2255 1340 2308 ἐπὶ
1362 2256 1468 2308 τῶν
1491 2256 1733 2326 παρειῶν

143 2354 315 2409 αὐτοῦ
349 2356 413 2406 τά
444 2354 675 2423 δάκρυα,
710 2353 802 2404 ἐπὶ
831 2352 888 2402 δὲ
917 2351 1026 2404 τῶν
1053 2349 1277 2419 χειλέων
1305 2350 1406 2420 τὴν
1435 2351 1572 2421 πρὸς
1599 2351 1731 2404 Θεὸν

143 2447 389 2516 ὁμιλίαν.

225 2539 326 2603 ξα¹.
366 2537 485 2589 Τῶν
507 2535 628 2589 καθ’
663 2535 865 2599 ὕπνους
910 2538 1328 2606 φανταζομένων
1371 2536 1442 2588 τὰ
1502 2535 1601 2602 μὲν
1631 2534 1730 2586 αὺ-

143 2629 262 2684 τῶν
293 2633 438 2683 ἐστιν
501 2629 745 2692 ἐνύπνια,
792 2629 860 2682 τά
888 2628 944 2680 δὲ
991 2626 1231 2699 ὁράσεις,
1276 2627 1342 2680 τὰ
1374 2626 1430 2679 δὲ
1458 2625 1731 2678 ἀποκαλύ-

141 2721 296 2790 ψεις.
330 2721 440 2774 Καὶ
483 2719 550 2773 τὰ
588 2721 686 2788 μὲν
714 2720 940 2773 ἐνύπνιά
977 2723 1132 2785 εἰσιν,
1165 2721 1264 2772 ὅσα
1303 2718 1376 2788 μὴ
1412 2719 1560 2785 μένει
1599 2719 1730 2787 περὶ

145 2810 213 2862 τὸ
247 2809 611 2876 φανταστικὸν
664 2807 758 2861 τοῦ
800 2809 924 2871 νοὸς·
966 2807 1316 2869 ἀναλλοίωτα,
1364 2805 1499 2858 ἀλλὰ
1534 2819 1732 2870 συγκε-

147 2901 422 2970 χυμένην,
460 2900 555 2953 καὶ
586 2898 1011 2969 ἀλλεπάλληλον,
1041 2899 1135 2951 καὶ
1162 2895 1382 2959 πυκνῶς
1413 2894 1731 2963 ἀλλοιουμέ-

148 3007 254 3059 νην
281 2988 374 3041 ἀπ’
409 2986 569 3040 ἄλλον
602 2990 680 3049 εἰς
711 2987 838 3039 ἄλλο
869 2988 1024 3056 φέρει
1054 2986 1154 3054 τὴν
1185 2989 1486 3054 φαντασίαν
1507 3003 1519 3015 ο
1567 2984 1625 3050 ἐξ
1658 2979 1732 3038 ὧν

146 3078 378 3147 οὐδεμία
403 3077 508 3128 τῶν
543 3075 970 3145 φανταζομένων
997 3076 1300 3142 ἐπιγίνεται
1344 3075 1603 3142 ὠφέλεια,
1643 3078 1736 3129 καὶ

1817 615 1964 670 velut
2011 616 2404 672 immisericors
2441 619 2737 688 judicatur.
2775 621 2830 676 Si
2882 639 3011 678 vero
3059 627 3372 683 iracundam

1816 711 1869 758 et
1891 704 2152 771 invidam,
2217 707 2348 762 feris
2385 715 2440 763 et
2473 713 2756 763 venenosis
2808 722 3032 780 urgetur
3055 719 3359 785 reptilihus,

1815 810 1879 848 ac
1907 796 2210 853 terroribus
2241 807 2295 852 et
2347 797 2638 855 formidine
2667 802 2953 869 dejicitur;
2993 805 3039 859 si
3105 808 3368 862 tumidam

1815 884 1963 938 inani
2014 886 2206 955 gleria,
2259 887 2456 943 bonam
2505 889 2734 954 famam,
2783 901 3133 948 occurrentes
3189 897 3372 964 populi

1817 975 2028 1040 turbas,
2061 977 2289 1033 thronos
2321 978 2532 1047 imperii
2567 989 2620 1034 et
2644 982 2978 1050 principatus
3013 984 3115 1038 sibi
3139 986 3368 1052 ellingit,

1814 1072 1867 1116 et
1900 1078 1961 1117 ea
2001 1079 2124 1133 qua:
2177 1067 2413 1121 nondum
2445 1076 2594 1132 sunt,
2637 1081 2887 1138 tanquam
2929 1077 3209 1141 praesentia
3237 1111 3252 1134 .
3285 1076 3369 1128 vel

1817 1153 2006 1232 saltent
2038 1162 2300 1223 tanquam
2330 1158 2515 1212 futura
2545 1161 2705 1213 etiam
2732 1160 2959 1227 vigilans
2992 1164 3096 1217 sibi
3129 1165 3368 1218 exhibet.

1816 1243 1870 1297 Si
1905 1243 2140 1312 denique
2170 1250 2458 1315 superbam
2491 1258 2544 1303 et
2577 1252 2894 1320 arrogantia
2928 1253 3164 1321 plenam,
3199 1256 3371 1308 curri—

1815 1334 1918 1392 bus
1938 1334 2057 1388 vehi
2081 1333 2460 1400 fulgidissimis
2485 1339 2588 1392 sibi
2619 1339 2852 1406 videtur,
2879 1350 2932 1394 et
2955 1345 3055 1397 alis
3082 1344 3374 1413 aliquando

1816 1427 1868 1479 in
1900 1442 2080 1481 aerem
2125 1429 2330 1494 volare,
2363 1439 2416 1484 et
2463 1446 2653 1484 omnes
2705 1434 2851 1487 videt
2877 1437 3372 1502 supereminentem

1815 1533 1965 1572 suam
2014 1526 2312 1575 trementes
2361 1522 2680 1588 potentiam.
2727 1523 2820 1576 Sic
2851 1523 3011 1577 homo
3044 1525 3133 1577 Dei
3165 1541 3373 1589 amans,

1814 1609 2049 1662 colenda:
2077 1609 2295 1664 virtutis
2336 1610 2631 1675 studiosus,
2665 1613 2862 1682 dignus
2905 1611 3118 1682 pietat'is
3151 1616 3374 1674 athleta.

1815 1699 2184 1768 mundamque
2225 1715 2256 1754 a
2307 1704 2533 1754 materia
2584 1718 2808 1758 servans
2847 1706 3106 1763 animam.
3141 1706 3285 1760 videt
3317 1706 3375 1759 in

1817 1791 2022 1844 somnis
2073 1806 2254 1844 rerum
2309 1788 2610 1845 futurarum
2680 1794 2859 1849 exitus
2915 1804 2968 1848 ct
3018 1795 3376 1849 revelationes

1821 1881 2141 1935 terribilium
2191 1883 2650 1950 spectaculorum,
2689 1894 2743 1937 et
2804 1885 3217 1953 expergefactus
3257 1899 3377 1937 sese

1819 1971 2175 2040 deprehendit
2231 1987 2442 2040 semper
2482 1960 2724 2027 orantem
2775 1975 2826 2027 in
2872 1976 3294 2043 compunctione
3323 1983 3379 2029 et

1818 2058 2114 2128 tranquillo
2149 2061 2396 2126 corporis
2419 2061 2717 2129 animmque
2754 2070 2931 2129 statu,
2961 2064 3035 2118 ita
3067 2073 3124 2116 ut
3150 2063 3374 2119 suﬂ‘uste

1821 2151 1936 2203 sint
1965 2148 2120 2216 genis
2173 2147 2297 2217 ejus
2331 2149 2603 2219 lacrymae,
2636 2160 2687 2205 et
2717 2150 2877 2206 labiis
2930 2153 3049 2222 ejus
3095 2168 3374 2210 sermones

1817 2242 1884 2294 de
1923 2239 2054 2292 Deo.

1826 2552 1828 2555 -
1881 2527 1972 2582 6|.
2006 2525 2081 2579 Ex
2116 2525 2201 2581 his
2256 2539 2376 2595 quae
2422 2531 2681 2595 apparent
2730 2524 2784 2578 in
2835 2538 3044 2589 somno,
3096 2525 3198 2579 alia
3244 2534 3372 2580 sunt

1816 2617 2053 2678 somnia,
2092 2617 2198 2669 alia
2229 2615 2489 2678 visiones,
2523 2623 2576 2669 et
2608 2614 2711 2668 alia
2742 2614 3124 2669 revelationes.
3155 2615 3374 2668 Somnia

1814 2715 1942 2761 sunt
2005 2719 2340 2773 quaecunque
2382 2703 2435 2757 in
2468 2710 2620 2771 parte
2654 2703 2849 2756 mentis
2891 2702 3235 2770 imaginativa
3267 2717 3373 2756 non

1815 2804 2096 2850 remanent
2148 2795 2530 2858 immutabilia,
2581 2793 2672 2847 sed
2724 2791 2978 2845 confusas
3025 2793 3374 2861 alternasque

1825 2894 1878 2939 et
1910 2884 2225 2953 frequenter
2243 2898 2307 2935 ex
2328 2883 2427 2937 hoc
2459 2883 2511 2936 in
2539 2883 2665 2936 illud
2703 2889 2936 2934 mutatas
2958 2880 3209 2935 exhibent
3241 2883 3377 2935 ima-

1819 2977 1968 3046 gi-nes
2021 2989 2142 3028 :ex
2198 2973 2397 3041 quibus
2465 2973 2607 3025 nulla
2669 2971 2961 3040 percipitur
3026 2971 3261 3034 utilitas,
3323 2982 3377 3025 ct

1830 3066 1949 3132 ipsa
2049 3063 2362 3130 intaginatio
2441 3061 2603 3116 simul
2690 3076 2811 3114 cum
2884 3076 3077 3114 somno
3155 3062 3373 3116 recedit.

147 3168 293 3236 αὑτὴ
329 3167 360 3236 ἡ
399 3165 666 3233 φαντασία
712 3164 851 3232 μετά
881 3165 980 3232 τὴν
1010 3163 1324 3236 ἀφύπνησιν
1354 3164 1593 3219 ὄλλυται.
1630 3159 1738 3222 1rH;

1823 3152 1971 3206 Hanc
2005 3153 2229 3222 proinde
2253 3159 2603 3204 contemnere
2638 3149 2827 3202 fervidi
2867 3152 3080 3205 debent.
3133 3149 3375 3205 Visiones

151 3261 250 3314 acati.
276 3259 638 3327 καταφρονεῖν
667 3257 715 3309 οἱ
750 3258 1027 3309 σπουδαῖοι
1051 3258 1378 3326 ὀφείλουσιν.
1417 3260 1483 3310 Al
1511 3258 1576 3311 ’δὲ
1604 3259 1736 3328 δρά-

154 3364 274 3412 σεις
301 3349 462 3412 είσὶν,
502 3349 624 3400 ὅσαι
655 3348 1004 3401 ἀναλλοίωτοί
1034 3350 1139 3400 εἱσι
1162 3365 1174 3377 ο
1209 3349 1302 3400 καὶ
1328 3350 1428 3401 οὐκ
1458 3351 1523 3401 ὲκ
1547 3349 1736 3401 τούτου

150 3443 237 3505 είς
262 3443 449 3511 ἕτερον
479 3441 1066 3510 μετασχηματίζονται,
1089 3438 1222 3493 ἀλλά
1253 3440 1504 3510 μένουσιν
1523 3443 1741 3492 ἐντετυ-

153 3530 412 3601 πωμέναι
433 3529 510 3597 τῷ
539 3529 619 3581 νοῒ
650 3531 743 3582 ἐπὶ
770 3529 968 3593 πολλὰς
996 3529 1277 3598 περιόδους
1303 3529 1438 3581 ἑτῶν
1488 3530 1580 3581 καί¹
1604 3529 1737 3581 ἀλά-

152 3623 350 3692 θητοι·
412 3623 506 3674 καὶ
559 3603 674 3674 ὅσοι
723 3619 1420 3689 μελλόντων-πραγμάτων
1485 3619 1739 3681 ὲκῦάσεις

150 3712 486 3776 δεικνύουσι,
517 3713 611 3764 καὶ
631 3711 809 3780 ψυχῆς
838 3712 1105 3779 ὠφέλειαν
1141 3713 1202 3764 ὲκ
1233 3710 1577 3775 κατανύξεως
1603 3727 1738 3781 προ-

155 3804 374 3868 ξενοῦσι
418 3803 510 3855 καὶ
537 3801 784 3873 φοϐερῶν
813 3801 1124 3872 θεαμάτωνο
1157 3802 1380 3855 σύννουν
1404 3821 1463 3854 τε
1492 3803 1585 3855 καὶ
1619 3801 1740 3854 σύν-

154 3912 366 3966 τρομον
395 3894 484 3947 τὸν
510 3893 722 3960 ὁρῶντα
747 3895 812 3945 ὲκ
849 3894 947 3962 τῆς
981 3893 1087 3946 τῶν
1129 3893 1420 3963 ὁρωμένων
1451 3892 1743 3945 ἀναλλοιώ-

153 4004 256 4041 του
288 3984 522 4054 φρικτῆς
555 3984 788 4054 Θεωρίας
818 3983 1191 4049 ἀποτελοῦσιν,
1226 3978 1300 4037 ὧν
1333 3986 1426 4036 καί
1457 3986 1584 4055 περὶ
1614 3984 1742 4035 πολε

157 4076 256 4131 λοῦ
305 4075 554 4129 τίθεσθαι
597 4075 774 4145 χρεὼν
804 4078 928 4132 τοὺς
973 4075 1293 4139 σπουδαίους
1329 4077 1427 4138 τὰς
1458 4076 1737 4137 ὀπτασίας.

158 4171 229 4222 Ai
257 4168 316 4219 δὲ
343 4166 714 4235 ἀποκαλύψεις
754 4168 910 4231 εἰσὶν,
937 4169 991 4220 al
1027 4169 1178 4238 παρὰ
1221 4170 1396 4220 πᾶσαν
1435 4167 1530 4238 τὴν
1558 4168 1746 4236 αἴσθη-

159 4278 249 4313 σιν
276 4260 555 4329 γινόμεναι
582 4259 806 4330 θεωρίαι
834 4261 932 4328 τῆς
959 4261 1356 4330 καθαρωτάτης
1384 4261 1478 4311 καὶ
1505 4276 1747 4326 πεφωτι-

159 4354 375 4423 σμένης
412 4351 610 4421 ψυχῆς,
663 4351 865 4413 αἵτινες
897 4350 1061 4415 ξένων
1106 4351 1266 4402 τινῶν
1299 4350 1456 4402 θείων
1488 4349 1746 4420 πραγμά-

157 4461 274 4497 των
305 4444 399 4496 καὶ
422 4444 709 4511 νοημάτων
735 4445 958 4513 φέρουσι
992 4443 1240 4510 δύναμιν,
1261 4444 1666 4512 κεκρυμμένων
1685 4459 1744 4495 τε

165 4510 659 4604 μυστηρίωνίθεοῦ
720 4510 1109 4601 μυσταγωγίαν
1151 4534 1245 4584 καὶ
1287 4510 1540 4594 ἐκϐάσεις
1592 4530 1796 4602 μεγί-ί)
1829 4528 2050 4584 ίΐοειίυθ
2101 4528 2296 4567 scmus
2351 4510 2416 4564 de

1825 3253 2001 3299 autem
2036 3252 2187 3307 sunt,
2223 3258 2342 3311 qua:
2373 3241 2731 3295 immutabilis
2765 3253 2912 3306 sunt,
2964 3258 3140 3309 neque
3169 3256 3234 3295 ex
3274 3242 3377 3294 hoc

1835 3337 1890 3390 in
1952 3335 2085 3390 illud
2133 3341 2563 3396 convertuntur,
2633 3333 2727 3387 sed
2787 3341 3066 3387 remanent
3118 3333 3382 3401 impressa

1826 3428 1991 3483 menti
2027 3438 2080 3482 et
2101 3425 2368 3481 oblivione
2398 3423 2704 3495 indelebilis
2734 3440 2830 3494 per
2865 3424 3061 3477 multos
3111 3438 3378 3486 annorum

1825 3516 2116 3586 periodos;
2153 3523 2204 3568 et
2239 3529 2358 3582 qum
2386 3527 2569 3566 rerum
2608 3512 2910 3565 futurarum
2967 3513 3145 3565 exitus
3187 3518 3376 3565 osten-

1825 3609 1982 3669 dunt,
2015 3613 2067 3658 et
2091 3604 2285 3658 animae
2310 3603 2595 3657 utilitatem
2631 3615 2725 3670 per
2755 3603 3225 3668 compunctionem
3265 3610 3378 3653 ter-

1827 3696 2115 3764 ribiliaque
2179 3692 2488 3762 spectacula
2559 3701 2903 3760 procurant.
2979 3699 3032 3745 et
3104 3691 3376 3746 videntem

1827 3787 2198 3842 tneditativum
2232 3797 2296 3837 ac
2339 3782 2580 3836 timidum
2625 3796 2689 3834 ex
2735 3783 2834 3834 hac
2880 3779 3200 3833 immutabili
3250 3781 3378 3831 hor-

1830 3879 2115 3933 rendorum
2171 3874 2622 3941 contemplatione
2670 3871 2920 3924 reddunt.
2973 3870 3101 3935 Quae
3159 3871 3376 3938 quidem

1827 3971 2062 4024 visiones
2083 3965 2260 4034 magni
2327 3961 2585 4016 habenda:
2623 3970 2747 4014 sunt
2776 3977 2801 4010 a
2835 3959 3180 4013 ferventibus.
3207 3957 3379 4012 Reve—

1829 4062 2059 4114 lationes
2115 4058 2343 4126 deniqtte
2397 4064 2522 4109 sunt
2580 4052 2888 4120 superiores
2929 4049 3182 4104 sensibus
3245 4064 3378 4103 con-

1831 4147 2208 4220 témplationes
2245 4147 2548 4215 purissima:
2592 4151 2641 4196 et
2667 4143 2978 4195 illuminata:
3017 4143 3229 4202 animm,
3265 4155 3382 4208 qua:

1827 4239 2256 4296 extraordinaria
2335 4235 2625 4303 divinaque
2695 4232 2963 4300 cogitandi
3038 4239 3090 4284 et
3151 4230 3379 4283 faciendi

1829 4335 2081 4386 virtutem
2128 4327 2385 4385 aﬂcrunt,
2424 4323 2754 4378 absconditis
2831 4320 2922 4373 Dei
2973 4321 3245 4388 mysteriis
3282 4319 3382 4371 ini-

1832 4427 1991 4486 tiant,
2043 4421 2301 4475 sublimes
2334 4417 2486 4470 nobis
2537 4420 2830 4482 suggerunt
2887 4413 3214 4473 sententias,
3253 4424 3380 4464 nos-

2475 4508 2761 4562 mundauis
2816 4505 3174 4571 humanisque
3215 4502 3380 4556 rebus

163 4642 312 4676 στων
361 4625 440 4686 είς
479 4625 626 4690 ἡμᾶς
675 4622 1007 4690 ὑποθέσεων,
1066 4624 1158 4676 καὶ
1203 4625 1391 4694 κοινὴν
1448 4623 1738 4693 ὲναλλαγὴι

1834 4610 2056 4663 Omnino
2091 4612 2320 4656 mutant.

163 4715 264 4768 ἐπὶ
301 4713 407 4766 τῶν
437 4714 721 4784 κοσμικῶν
751 4714 843 4766 καὶ
884 4715 1241 4785 ἀνθρωπίνων
1281 4717 1640 4786 πραγμάτων.

243 4797 343 4870 ξβῗ
377 4802 496 4855 Τῶν
530 4803 838 4875 εἰρημένων
906 4803 973 4854 τὰ
1009 4804 1106 4871 μὲν
1135 4803 1274 4854 είσὶν
1309 4803 1512 4856 ὑλικῶν
1542 4805 1634 4856 καὶ
1664 4821 1749 4871 φι-

164 4895 456 4964 λοσάρκων
487 4895 720 4964 ἀνδρῶν,
755 4889 830 4948 ὧν
875 4896 902 4947 ὁ
933 4895 1128 4963 Θεὺςὴ
1167 4894 1340 4947 κοιλία
1380 4898 1474 4948 καὶ
1527 4898 1558 4965 ὴ
1597 4895 1752 4965 ὕϐρις

163 4986 266 5039 τοῦ
302 4987 463 5056 κόρου
484 5001 497 5016 ·
535 4981 609 5040 ὧν
651 4986 712 5039 τ’)
743 4985 972 5057 ζοφερὸν
1010 4987 1105 5039 τοῦ
1136 4987 1275 5048 νοὸς,
1311 4988 1373 5038 ὲκ
1403 4986 1517 5055 βίου
1549 4986 1752 5056 ἠμελη-

173 5079 345 5146 μένου
377 5079 469 5129 καὶ
496 5077 866 5147 τετριμμένου
899 5080 1009 5139 τοῖς
1044 5077 1264 5140 πάθεσι,
1304 5078 1397 5130 καὶ
1435 5076 1526 5139 οὓς
1552 5077 1752 5145 φαντά-

170 5170 333 5232 ζουσί
378 5187 437 5222 τε
500 5172 592 5223 καὶ
639 5171 894 5234 παίζουσι
921 5171 1172 5238 δαίμονες
1211 5189 1225 5202 ·
1260 5170 1330 5222 τὰ
1358 5170 1413 5222 δὲ
1451 5169 1754 5222 σπουδαίων

171 5264 272 5313 καὶ
301 5260 712 5332 καθαιρομένων
745 5262 812 5314 τὰ
841 5261 940 5328 τῆς
970 5260 1146 5329 ψυχῆς
1176 5261 1525 5330 αἰσθητήρια,
1556 5261 1648 5311 καὶ
1668 5259 1756 5311 διὰ

173 5351 290 5405 τῶν
328 5354 618 5422 ὁρωμένων
658 5352 1135 5420 εὐεργετουμένων
1175 5353 1253 5412 είς
1305 5351 1459 5403 θείων
1497 5351 1755 5420 πραγμά-

171 5459 289 5494 των
321 5443 642 5511 κατάληψιν,
681 5442 773 5494 καὶ
807 5443 885 5504 εἰς
925 5443 1165 5496 ἐπίδοσιν
1225 5442 1542 5505 ἁναόάσεως
1563 5459 1574 5470 ’
1605 5443 1671 5494 τὰ
1702 5441 1758 5493 δὲ

175 5532 426 5600 τελείων,
479 5537 572 5586 καὶ
611 5535 718 5588 ὑπὸ
769 5533 911 5587 θείου
966 5534 1372 5604 ἐνεργουμένων
1428 5534 1753 5603 πνεύματος,

179 5629 281 5682 καὶ
311 5625 606 5696 ἡνωμένων
639 5625 755 5694 Θεῷ
788 5626 851 5677 ἐκ
891 5625 1140 5690 θεολόγου
1173 5624 1370 5695 ψυχῆς.

255 5724 357 5790 ξγ¹.
403 5721 477 5773 Οὐ
519 5720 736 5772 πάντων
768 5721 823 5772 αἱ
855 5719 974 5772 καθ’
1025 5719 1224 5780 ὕπνους
1266 5719 1417 5787 ὄψεις
1470 5720 1605 5771 εἰσὶν
1632 5718 1755 5787 ἀλη-

182 5817 317 5880 θεῖς,
383 5815 504 5868 οὐδὲ
552 5816 769 5870 πάντων
814 5813 892 5882 τῷ
938 5814 1250 5884 ἡγεμονικῷ
1290 5811 1380 5865 τοῦ
1448 5814 1561 5875 veli;
1609 5813 1759 5864 ἐντυ-

1903 4802 1991 4855 62.
2057 4800 2130 4852 Ex
2165 4798 2249 4851 his
2279 4797 2344 4850 de
2373 4794 2568 4865 quibus
2617 4793 2774 4847 modo
2806 4790 3038 4844 diximus
3059 4825 3074 4853 ,
3108 4788 3206 4841 alia
3237 4801 3384 4842 com-

1831 4904 2016 4965 petunt
2037 4891 2344 4946 hominibus
2375 4887 2614 4941 materia:
2632 4885 2888 4952 carnique
2911 4881 3131 4944 deditis,
3151 4895 3383 4948 quorum

1837 4989 1971 5041 deus
1996 4991 2190 5036 venter
2220 4988 2302 5034 est
2333 4988 2386 5034 et
2409 4976 2753 5046 opprobrium
2797 4971 3115 5032 saturitatis,
3151 4984 3381 5039 quorum

1838 5075 2004 5131 menti
2067 5074 2351 5142 caliginem
2411 5071 2517 5121 vita
2544 5069 2815 5137 negligens
2890 5063 3386 5131 cupiditatibusque

1835 5168 1958 5220 trita
1977 5164 2226 5224 oll'undtt,
2248 5175 2382 5229 quos
2412 5160 2734 5228 imaginibus
2751 5166 2805 5210 et
2821 5153 3162 5209 illusionibus
3193 5152 3387 5204 fallunt

1834 5258 2140 5319 daemones;
2171 5253 2273 5304 alia
2298 5266 2423 5304 vero
2448 5250 2514 5302 iis
2532 5251 2620 5317 qtti
2646 5246 2867 5302 studiosi
2899 5251 3027 5298 sunt
3051 5253 3104 5297 et
3134 5241 3386 5296 sensibus

1837 5352 2027 5400 animm
2059 5344 2202 5412 puri,
2233 5351 2285 5395 et
2317 5355 2408 5408 per
2471 5339 2703 5391 visibilia
2755 5337 3044 5404 prolicittnt
3089 5332 3156 5385 ad
3204 5345 3382 5384 rerum

1835 5441 2140 5492 divinarum
2182 5431 2596 5498 intelligentiam
2635 5439 2706 5493 et,
2740 5423 3074 5480 ascensionis
3131 5434 3386 5489 augmen—

1838 5540 1987 5591 tum;
2038 5525 2139 5577 alia
2171 5523 2401 5591 denique
2460 5518 2739 5588 perfectis,
2793 5517 2884 5584 qui
2911 5513 3095 5568 divino
3147 5520 3388 5579 aguntur

1837 5618 2064 5687 Spiritu,
2093 5615 2378 5681 animaque
2418 5612 2659 5677 thc010ga
2690 5609 2796 5662 Deo
2829 5614 2954 5659 sunt
2981 5602 3140 5657 uniti.

1911 5710 1996 5762 65.
2038 5705 2154 5760 Non
2203 5701 2445 5758 omnium
2495 5701 2733 5753 visiones
2795 5711 2886 5764 per
2920 5708 3166 5750 somnum
3217 5704 3386 5760 appa-

1840 5810 2021 5859 rentes
2051 5806 2179 5854 sunt
2210 5810 2367 5858 verae,
2406 5807 2501 5848 nec
2527 5791 2765 5845 omnium
2807 5790 2860 5843 in
2909 5785 3152 5840 rationali
3190 5782 3386 5837 mentis
