4124 6338
197 366 305 442 933~

1129 380 1617 447 pnvsrconum
1646 360 1987 456 catinum
2014 392 2405 462 CENTURIA
2446 398 2532 459 II.

3314 410 3422 474 934

194 479 291 547 τὴν
317 481 596 550 ἁμαρτίαν
625 478 1033 553 ἀπονιψάμενος
1078 484 1167 539 διὰ
1217 488 1531 557 μετανοίας,
1578 492 1674 544 καὶ
1718 493 1768 545 τξ

1871 514 1890 546 ι
1934 499 2071 555 Ecce
2124 501 2264 556 labia
2322 521 2440 577 mea
2498 523 2607 563 non
2670 513 2971 581 prohibebo
3009 517 3303 587 :Domine,
3362 486 3422 580 tu

203 572 549 641 προφητικὸν
611 572 770 626 πάλιν
817 573 1110 628 ἀπολαϐὼν
1160 576 1436 653 χάρισμα,
1467 577 1662 652 ῶσπερ
1700 581 1777 653 μὴ

198 660 499 729 δυνάμενος
555 662 655 731 τὴν
715 664 1039 733 εὐεργεσίαν
1096 667 1383 737 κρύπτειν,
1439 668 1592 738 ἔλεγε
1644 673 1779 743 πρὸς

196 750 347 804 Θεόν·
381 768 400 802 ι
446 751 580 806 Ἰδοὺ
611 750 683 805 τὰ
726 753 878 825 χείλη
928 770 1031 824 μου
1054 755 1124 807 οὐ
1166 758 1241 826 μὴ
1275 757 1503 812 κωλύσω
1529 776 1542 789 ο
1579 760 1772 833 Κύριε,

195 842 261 895 σὺ
311 840 520 909 ἐγνωςο
567 842 667 913 τὴν
704 842 1054 915 δικαιοσύνην
1099 863 1195 900 σου
1234 848 1336 902 οὐκ
1379 847 1590 921 ἔκριψα
1622 854 1680 905 ὲν
1708 857 1773 923 τῇ

193 933 391 1003 καρδίᾳ
421 950 523 1002 μου
548 949 561 961 ·
603 934 702 1004 τὴν
730 935 990 1006 ἀλήθειάν
1021 954 1117 990 σου
1170 939 1266 1001 καὶ
1296 939 1358 993 τὸ
1388 943 1653 1013 σωτήριόν
1681 960 1773 996 σου

192 1020 358 1078 εἴπαο
396 1027 496 1079 οὐκ
546 1025 759 1097 ἔκρυψα
808 1027 869 1081 τὸ
903 1027 1051 1099 ἔλεός
1089 1047 1190 1084 σου
1229 1033 1323 1085 καὶ
1372 1033 1469 1105 τῂν
1519 1035 1775 1105 ἁ).ή(ὲε;ἀν

192 1130 286 1166 σου
308 1115 424 1168 ἀπὸ
458 1117 785 1187 συναγωγῆς
814 1118 1036 1196 πολλῆς.
1079 1138 1100 1171 ι
1404 1101 1414 1113 ’

264 1203 364 1269 εξ.
398 1205 543 1269 Νοῦς
572 1207 717 1273 ίλύος
741 1208 923 1280 πάσης
944 1198 1586 1286 ἐκκαθαρθεὶς,“οὑρανὸς
1611 1220 1776 1275 κατά-

192 1311 387 1365 στερος
427 1297 507 1361 έν,
529 1296 803 1371 λαμπροῖς
834 1302 929 1354 καὶ
976 1305 1393 1371 φωτεινοτάτοις
1422 1309 1658 1380 νόημασι
1688 1313 1774 1380 γί-

189 1403 347 1447 νεται
387 1390 453 1459 τῇ
509 1389 675 1461 ψυχῇ,
722 1392 814 1446 τὸν
864 1393 1053 1448 Ἥλιον
1095 1396 1197 1465 τῆς
1235 1381 1586 1470 δικαιοσύνης
1635 1404 1775 1473 ἔχων

189 1477 476 1549 λάμποντα
519 1484 578 1535 ὲν
627 1484 827 1553 ἑαυτῷ,
874 1489 971 1538 καὶ
1007 1487 1242 1559 φαιδράς
1283 1491 1384 1555 τὰς
1412 1493 1637 1556 ἀκτῖνας
1673 1495 1775 1565 τῆς

192 1571 475 1639 θεολογίας
508 1575 590 1638 εἰς
620 1575 713 1628 τὸν
757 1576 963 1647 κόσμον
1012 1579 1407 1653 ἐκπέμποντα·
1454 1584 1483 1635 ὁ
1532 1584 1689 1652 λόγος
1716 1586 1773 1640 δὲ

193 1658 371 1735 τούτῳ
402 1664 641 1736 καθαρὸς
671 1668 962 1735 γενόμενος
990 1669 1048 1735 ἐξ
1072 1658 1555 1743 ἀϐύσσουσοςρίας,
1592 1676 1772 1741 ἁπλᾶς

191 1756 286 1808 καὶ
342 1756 563 1826 ἀμιγεῖς
617 1758 831 1811 ἐκεῖθεν
875 1761 1069 1830 ἀνάγει
1121 1754 1259 1834 πρὸς
1294 1763 1457 1819 αὐτὸν
1508 1766 1607 1830 τὰς
1663 1768 1773 1822 τῶν

190 1850 537 1919 πραγμάτων
567 1850 730 1917 ίδέας,
759 1852 852 1906 καὶ
877 1852 974 1917 τὰς
996 1856 1368 1927 ἀποκαλύψεις
1395 1859 1502 1912 τῶν
1524 1876 1768 1930 κεκρυμ-

194 1938 379 2008 μένων
413 1941 854 2011 τετρανωμένας,
880 1944 960 2006 είς
982 1942 1043 1997 τὺ
1068 1944 1269 1998 ειδέναι
1296 1946 1350 1997 τί
1373 1946 1435 1999 τὸ
1468 1947 1651 2017 βάθος,
1679 1950 1772 2004 καὶ

188 2026 347 2098 ὕψος,
377 2031 472 2083 καὶ
500 2032 699 2101 πλάτος
719 2034 821 2104 τῆς
855 2033 1111 2101 γνώσεως
1140 2033 1234 2089 τοῦ
1263 2035 1422 2091 Θεοῦ.
1465 2038 1681 2102 Ταύτας
1714 2040 1771 2092 δὲ

188 2122 433 2187 φυσικῶς
459 2124 668 2186 ἐκεῖνος
694 2125 1207 2195 ἑγκολπωσάμενος,
1235 2127 1516 2199 διατρανοϊ
1534 2130 1602 2185 τὰ
1632 2130 1769 2201 βάθη

185 2211 279 2265 τοῦ
334 2212 651 2281 Πνεύματος
708 2214 796 2268 διὰ
854 2215 950 2269 τοῦ
992 2216 1156 2285 λόγου
1239 2219 1372 2272 πᾶσι
1418 2221 1533 2282 τοῖς
1588 2221 1771 2291 ἔχουσι

189 2301 421 2373 Πνεῦμα
452 2302 595 2357 θεῖον
625 2306 685 2358 ὲν
718 2308 829 2368 τοῖς
855 2307 1133 2375 ἑγκάτοις,
1163 2310 1257 2362 καὶ
1300 2310 1615 2381 δημοσιεύει
1663 2312 1770 2367 τῶν

185 2395 458 2465 δαιμόνων
486 2394 614 2460 τοὺς
641 2396 849 2463 δόλους,
874 2399 969 2452 καὶ
991 2400 1057 2453 τά
1081 2404 1357 2472 μυστήρια
1378 2403 1646 2473 διηγεῖται
1670 2404 1767 2476 τῆς

188 2484 470 2555 βασιλείας
505 2486 613 2541 τῶν
642 2480 889 2559 οὐρανῶν
901 2532 913 2542 .

257 2574 360 2646 ξη’.
396 2576 511 2640 Τὰς
547 2576 645 2647 μὲν
678 2579 999 2647 σωματικὰς
1025 2581 1233 2652 ὀρέξεις
1290 2586 1385 2637 καὶ
1434 2584 1500 2638 τὰ
1542 2588 1768 2657 σκιρτή-

191 2684 335 2737 ματα
364 2667 468 2737 τῆς
497 2670 700 2741 σαρκὸς
752 2670 965 2741 ἵστησιν
986 2675 1265 2744 ὲγράτεια,
1298 2678 1389 2728 καὶ
1412 2679 1654 2746 νηστεία,
1677 2679 1770 2730 καὶ

188 2758 398 2826 ἀγῶνες
429 2762 793 2830 πνευματικοί
824 2779 838 2794 ο
872 2764 972 2827 τάς
1003 2765 1059 2817 δὲ
1089 2765 1399 2835 φλεγμονὰς
1443 2769 1543 2836 τῆς
1575 2768 1754 2843 ψυχῆς

189 2850 284 2902 καὶ
310 2849 385 2904 τὰ
419 2851 689 2922 οἰδήματα
728 2855 827 2924 τῆς
857 2856 1084 2926 καρδίας
1138 2857 1441 2929 καταψύχει
1471 2860 1579 2911 τῶν
1611 2861 1768 2913 θείων

189 2938 425 3011 Γραφῶν
454 2942 484 3011 ἠ
518 2943 847 3011 ἀνάγνωσις,
889 2947 985 3000 καὶ
1008 2952 1254 3002 ταπεινοῖ
1284 2952 1317 3020 η
1351 2950 1574 3015 ἀένναος
1601 2968 1769 3020 προσ-

199 3032 352 3103 ευχὴ,
374 3034 470 3087 καί
488 3033 620 3087 ὡσεὶ
635 3034 786 3090 ἔλεον
807 3037 910 3091 καθ
921 3038 1159 3108 ιλαρύνει
1190 3041 1358 3105 αύτάς
1388 3044 1423 3114 ἡ
1453 3036 1764 3110 κατάνυξις.

1864 589 2037 658 scisti,
2061 590 2334 661 justitiam
2373 608 2520 654 tuam
2559 616 2665 656 non
2694 604 2962 663 abscondi
2995 609 3050 667 in
3073 615 3239 668 corde
3264 629 3422 681 meo,

1863 680 2147 740 veritatem
2181 696 2329 744 tuam
2372 698 2437 745 ‘et
2485 684 2741 750 salutare’
2765 706 2920 755 tuum
2975 703 3110 759 dixi.
3142 705 3263 762 Non
3294 680 3421 766 αὺιιέ

1862 775 2024 829 condi
2072 779 2508 838 misericordiam
2559 793 2731 857 tuam,
2777 799 2834 847 et
2876 796 3160 855 veritatem
3192 808 3344 858 tuam
3388 820 3420 859 a

1863 868 2099 922 concilio
2124 872 2297 929 multo
2324 876 2390 929 “.
2435 895 2455 928 ι

1934 1227 2023 1282 67.
2058 1228 2305 1286 Animus
2330 1232 2399 1287 ab
2443 1237 2589 1291 omni
2624 1239 2831 1297 macula
2879 1225 3194 1312 mundatus,
3222 1251 3421 1307 omium

1866 1319 2141 1407 stellatum
2176 1323 2229 1377 in
2271 1324 2489 1395 fulgidis
2521 1339 2573 1382 et
2606 1329 2961 1390 lucidissimis
2995 1339 3424 1407 cogitationibus

1865 1405 1922 1460 ﬁt
1948 1410 2162 1475 animae,
2198 1409 2378 1468 Solem
2408 1415 2635 1483 iustitia:
2698 1420 2751 1474 in
2798 1423 2978 1493 seipso
3024 1405 3229 1485 habens
3261 1446 3426 1489 coru-

1864 1508 2107 1555 scantem
2139 1503 2561 1577 splendidaque
2587 1510 2766 1566 radios
2791 1515 3071 1587 theologia:
3088 1520 3141 1574 in
3161 1524 3422 1579 mundum

1866 1592 2225 1649 emittentem.
2264 1596 2422 1654 [latio
2455 1611 2638 1656 autem
2680 1605 2782 1673 ipsi
2830 1608 3115 1677 purificata
3148 1630 3241 1682 per
3268 1617 3425 1687 abys-

1865 1694 1985 1735 sum
2019 1686 2323 1754 sapicntia,
2350 1690 2705 1760 simplicesret
2728 1712 2894 1766 puras
2929 1701 2995 1754 ad
3028 1701 3177 1757 illum
3202 1686 3425 1763 adducit

1867 1787 2049 1827 rerum
2100 1776 2252 1831 ideas
2302 1791 2355 1834 et
2405 1785 2760 1843 revelationes
2812 1780 3263 1852 absconditorum
3323 1815 3426 1869 pa-
3482 1826 3483 1829 η

1866 1871 2063 1929 tentes,
2093 1866 2159 1920 ad
2192 1870 2473 1926 sciendum
2510 1878 2720 1945 quaesit
2749 1880 3001 1947 latitudo,
3032 1893 3086 1939 et
3119 1866 3428 1944 sublimitas

1862 1961 1915 2004 et
1944 1955 2268 2022 profundum
2304 1962 2545 2017 scientiae
2584 1965 2697 2021 Dei.
2722 1969 2902 2039 Atque
2944 1972 3066 2028 illas
3100 1980 3425 2035 naturaliter

1862 2044 2634 2115 complexus_animus,revelat
2656 2058 2920 2124 profunda
2942 2061 3175 2131 Spiritus
3186 2083 3283 2137 per
3303 2085 3424 2125 vero

1864 2134 1988 2184 bum
2025 2135 2273 2190 erunibus
2305 2139 2395 2205 qui
2423 2139 2664 2196 divinum
2696 2144 2893 2201 habent
2923 2134 3200 2217 Spiritutnﬁ
3228 2154 3280 2209 iu
3340 2160 3425 2211 vi-

1861 2236 1969 2275 sre:
1985 2221 2019 2275 ἰ·
2044 2239 2127 2290 us,
2154 2240 2215 2279 ac
2241 2227 2479 2300 divulgat
2505 2234 2890 2292 daemoniorum
2909 2241 3080 2308 dolos,
3098 2253 3152 2299 et
3168 2250 3424 2317 mysteria

1863 2323 2046 2369 narrat
2071 2317 2218 2388 regni
2244 2320 2526 2376 caelorum.

1924 2584 2011 2638 68.
2042 2583 2349 2656 Corporeos
2384 2599 2563 2646 motus
2613 2602 2663 2647 et
2715 2595 2946 2665 impetus
3015 2600 3198 2659 carnis
3243 2604 3420 2674 repri-

1856 2687 2011 2731 munt
2058 2683 2438 2748 temperantia,
2484 2684 2754 2753 jejunium
2797 2696 2852 2743 et
2896 2689 3057 2747 lucta:
3086 2693 3416 2761 spirituales.

1854 2768 2096 2824 Ardores
2132 2779 2310 2825 autem
2345 2774 2541 2829 animae
2580 2778 2874 2847 cordisque
2912 2789 3157 2840 tumores
3193 2786 3418 2859 refrige-

1854 2870 1941 2915 rat
1996 2861 2304 2917 divinarum
2367 2863 2776 2935 Scripturarum
2833 2872 2993 2927 lectio
3055 2885 3111 2941 et
3165 2878 3420 2935 humiliat

1857 2959 2117 3011 continua
2144 2960 2341 3024 oratio,
2372 2969 2423 3013 et
2456 2964 2602 3015 sicut
2634 2964 2977 3036 eleemosyna
2998 2968 3267 3026 exhilarat
3288 2971 3414 3028 illos

1858 3051 2230 3118 compulit-tio.

262 3129 362 3195 ξθ’.
389 3130 560 3184 οὐδὲν
589 3131 761 3197 οὕτως
802 3132 1008 3208 ἕτερον,
1045 3136 1120 3201 ὡς
1162 3135 1297 3207 εὐχὴ
1327 3134 1547 3203 καθαρά
1575 3153 1633 3188 τε
1674 3136 1768 3189 καὶ

1932 3141 2019 3193 60.
2046 3140 2190 3195 Nihil
2215 3143 2382 3210 aliud,
2415 3145 2557 3199 sicut
2579 3147 2756 3201 oratio
2786 3164 2917 3217 pura
2940 3159 2994 3205 et
3017 3154 3413 3223 immaterialis,

192 3220 376 3285 ἀῦλος,
411 3224 699 3292 συνόμιλον
732 3224 810 3295 τῷ
842 3226 962 3297 Θεῷ
1004 3228 1093 3280 τὸν
1129 3227 1418 3298 ἄνθρωπον
1462 3225 1771 3296 ἀπεργάζε-

186 3327 295 3380 ται,
343 3310 445 3377 καὶ
491 3312 645 3366 ἑνοῦν
690 3309 831 3371 οἶδεν
863 3316 1013 3387 αὐτῷ
1043 3318 1138 3371 τὸν
1170 3318 1317 3388 λόγῳ
1348 3318 1772 3388 ἀπερισπάστως

190 3400 325 3468 μετά
352 3401 671 3473 πνεύματος
713 3407 1151 3477 προσευχόμενον
1170 3425 1185 3438 ⁸
1217 3408 1379 3480 ἡνίκα
1425 3409 1518 3462 καὶ
1543 3412 1657 3472 τοῖς
1678 3410 1770 3462 δά-

188 3507 381 3563 κρυσιν
431 3495 899 3568 ἀποσμηχομένην
946 3500 1058 3568 ἔχει
1107 3499 1207 3570 τὴν
1255 3500 1391 3553 ίδίαν
1448 3501 1646 3571 ψυχὴν,
1694 3500 1769 3570 τῷ

186 3583 299 3654 ἡδεί
323 3601 385 3638 τι
425 3588 1007 3663 καταγλυκαινομένην
1030 3592 1130 3662 τῆς
1160 3592 1529 3659 κατανύξεως,
1568 3597 1660 3649 καὶ
1692 3596 1768 3667 τῷ

189 3675 326 3741 φωτὶ
361 3676 892 3750 καταφαηιξομένην
922 3681 1035 3735 τοῦ
1052 3682 1192 3736 Πνεύ
1202 3676 1392 3753 ματος.

252 3772 314 3829 ο’.
347 3773 513 3844 Καλή
549 3777 785 3845 ποσότης
818 3777 880 3829 ὲν
909 3779 1029 3842 ταῖς
1056 3778 1171 3833 τῶν
1205 3779 1381 3850 εὐχῶν
1423 3780 1767 3851 ψαλμῳδίαις

187 3860 405 3932 ἀρίστη,
466 3863 631 3931 ἡνίκα
682 3863 889 3935 ταύτης
935 3868 1220 3938 καρτερία¹
1283 3874 1606 3940 προηγεῖται
1674 3856 1769 3927 καὶ

189 3954 457 4024 προσοχή.
501 3954 641 4007 Ἀλλ’
675 3958 709 4025 ή
768 3958 990 4028 ποιότης
1046 3961 1163 4012 ἐστὶ
1215 3961 1275 4013 τδ
1323 3961 1626 4031 ζωογονοῦν
1669 3964 1768 4034 τὴν

184 4042 380 4115 ψυχὴν,
400 4045 434 4114 ἥ
460 4046 555 4098 καὶ
583 4047 844 4116 πρόξενος
866 4048 959 4101 τοῦ
993 4050 1230 4120 καρποῦ.
1252 4052 1487 4123 ,Ποιὸτης
1504 4054 1560 4105 δὲ
1583 4053 1767 4125 ψαλμ-

183 4136 345 4205 ῳδίας
394 4136 492 4189 καὶ
534 4140 866 4208 προσευχῆς,
914 4138 976 4193 τὸ
1008 4142 1148 4210 μετά
1192 4141 1285 4195 τοῦ
1324 4143 1637 4214 πνεύματος
1688 4145 1767 4199 εὖ·

184 4227 397 4296 χεσθαι,
431 4229 527 4281 καὶ
553 4228 631 4298 τῷ
657 4230 758 4283 νοτ.
793 4228 1025 4301 Εὕχεται
1063 4231 1121 4285 δέ
1150 4250 1234 4296 τις
1277 4232 1355 4303 τῷ
1382 4233 1482 4300 νοῒ,
1514 4235 1643 4291 ὅταν
1686 4238 1768 4292 εὐ-

183 4318 413 4387 χόμενος
441 4319 537 4373 καὶ
566 4320 805 4389 ψάλλων,
841 4322 1146 4393 ἀναθεωρεῐ
1187 4323 1279 4377 τὸν
1309 4322 1434 4378 νοῦν
1462 4325 1555 4379 τὸν
1578 4327 1766 4394 νὲγκεί-

185 4427 344 4481 μενον
390 4414 449 4465 έν
498 4416 564 4483 τῇ
607 4412 726 4484 θείᾳ
782 4415 1009 4486 Γραφῇ·
1066 4416 1160 4470 καὶ
1208 4416 1420 4486 δέχεται
1468 4418 1766 4481 ἀναδάσεις

182 4503 397 4557 έκεῖθεν
421 4504 715 4573 νοημάτων
749 4508 807 4558 ὲν
837 4509 902 4578 τῇ
930 4507 1130 4578 καρδίᾳ
1151 4506 1318 4565 αὐτοῦ
1349 4510 1414 4562 ὲκ
1441 4508 1762 4581 θεοπρεπῶν

182 4596 425 4663 έννοιῶν,
458 4597 549 4666 ὑφ’
584 4591 659 4651 ὧν
690 4598 1048 4669 ἀρπαζομένη
1069 4599 1273 4670 νοερῶς
1294 4602 1328 4667 ἡ
1351 4600 1496 4672 ψυχὴ
1525 4602 1605 4664 ιίς
1627 4603 1764 4672 ἀέρα

184 4690 384 4757 φωτὸς,
416 4689 757 4759 ἐλλάμπεται
790 4689 1024 4760 τρανῶς,
1082 4692 1179 4745 καὶ
1215 4690 1535 4761 καθαίρεται
1579 4692 1757 4755 πλέον,

183 4783 276 4833 καὶ
313 4781 457 4851 πρὸς
483 4781 746 4852 οὐρανοὺς
782 4781 876 4851 ὅλη
915 4782 1206 4852 μετάρσιος
1251 4783 1480 4851 γίνεται,
1523 4784 1618 4836 καὶ
1651 4784 1761 4835 τῶν

184 4872 566 4941 ἀποκειμένων
621 4874 734 4936 τοῖς
786 4871 962 4940 ἁγίοις
1023 4873 1247 4942 ἀγαθῶν
1317 4874 1643 4929 κατοπτεύει
1693 4876 1762 4927 τὰ

184 4961 349 5031 κάλλη
374 4979 388 4993 ο
425 4954 501 5015 ὧν
524 4964 588 5033 τῇ
619 4962 886 5033 ἐπιθυμίᾳ.
909 4964 1263 5034 έκκαιομένη,
1303 4968 1394 5018 τὸν
1428 4965 1641 5036 καρπὸν
1669 4965 1760 5017 εὑ-

186 5054 278 5117 θὺς
299 5055 400 5124 τῆς
432 5053 601 5122 εὐχῆς
627 5055 902 5125 ἐκπέμπει
931 5055 1038 5109 ἀπὸ
1080 5056 1189 5109 τῶν
1228 5056 1543 5127 ὀφθαλμῶν,
1576 5057 1669 5113 καὶ
1702 5056 1760 5109 τὸ

183 5146 326 5215 νᾶμα
356 5164 359 5167 ί
392 5145 505 5198 τῶν
561 5145 812 5214 δακρύων
870 5146 1130 5215 πηγὰζει,
1190 5147 1254 5201 ὲκ
1308 5148 1407 5215 τῆς
1458 5148 1757 5217 φωτοποιοῦ

185 5236 463 5307 ἐνεργείας
502 5235 597 5288 τοῦ
645 5236 982 5305 Πνεύματος.
1019 5231 1117 5290 Ὧν
1169 5240 1202 5309 ἡ
1261 5237 1452 5307 γεῦσις
1504 5239 1757 5294 τοσοῦτον

185 5326 351 5395 ἡδεῖα,
382 5326 460 5389 ὡς
510 5327 603 5379 καὶ
644 5329 962 5398 σωματικῆς
1000 5329 1207 5400 τροφῆς
1241 5329 1355 5384 ἔσθ’
1402 5332 1493 5385 ὅτε
1572 5333 1664 5386 τὸν
1702 5335 1759 5386 ὲν

190 5417 401 5486 μεθέξει
456 5418 663 5471 τούτων
721 5420 1015 5490 γενόμενον
1075 5422 1553 5479 ἐπιλανθάνεσθαι.
1649 5427 1757 5479 Καὶ

184 5506 339 5560 τοῦτό
366 5508 518 5561 ἔστιν
540 5507 569 5561 ὀ
597 5508 808 5578 καρπὸς
839 5509 940 5580 τῆς
971 5509 1158 5580 εὐχῆς,
1186 5514 1213 5564 ὁ
1254 5512 1318 5564 ἐκ
1344 5514 1443 5583 τῆς
1476 5514 1754 5589 ποιότητος

186 5596 279 5667 τῆς
304 5596 624 5668 ψαλμῳδεας
656 5599 1005 5669 ἐγγινόμενος
1031 5602 1150 5664 ταῖς
1180 5600 1288 5655 τῶν
1319 5603 1630 5673 εὐχομένων
1651 5603 1747 5673 ψυ.

190 5690 324 5757 χαῖς.

264 5801 475 5861 “Psal.
505 5805 773 5871 xxxix,9,
801 5805 889 5863 li.

1854 3234 2176 3288 familiarem
2220 3235 2327 3290 Deo
2360 3238 2538 3291 reddit
2570 3238 2884 3304 hominem,
2921 3249 2975 3297 et
3010 3243 3086 3297 illi
3129 3246 3413 3317 conjungit

1854 3343 1977 3381 eum
2007 3329 2163 3398 cujus
2192 3330 2244 3382 in
2275 3328 2525 3386 oratione
2552 3331 2719 3386 verba
2756 3346 2884 3387 cum
2927 3333 3122 3403 spiritu
3152 3336 3275 3393 sine
3300 3339 3415 3395 dis-

1854 3422 2126 3476 traetione
2183 3432 2525 3489 consonant,
2572 3424 2733 3493 cujus
2788 3426 2969 3481 anima
3026 3427 3280 3500 lacrytnis
3325 3442 3415 3487 est

1855 3511 2062 3574 abluta,
2095 3521 2147 3567 et
2195 3513 2487 3568 dulcedine
2549 3516 2801 3586 mitigata
2837 3521 3317 3588 compunctionis,
3352 3537 3416 3578 ac

1856 3604 2064 3659 lumine
2091 3604 2365 3659 illustrata
2392 3605 2650 3675 Spiritus.

1926 3782 2011 3837 70.
2044 3781 2333 3849 Quantitas
2364 3785 2417 3838 in
2454 3800 2673 3853 precum
2708 3785 3024 3855 psalmodiis
3062 3789 3266 3858 optima
3310 3798 3417 3853 est,

1853 3876 2073 3944 quando
2128 3876 2176 3930 ei
2230 3884 2428 3945 praeest
2474 3877 2875 3945 perseverantia
2919 3884 2973 3931 et
3024 3880 3273 3933 attentio.
3312 3879 3415 3935 Sed

1854 3968 2094 4035 qualitas
2124 3980 2211 4023 est
2237 3969 2383 4037 quod
2417 3974 2652 4021 animam
2696 3968 2953 4033 viviticat,
2994 3968 3141 4037 quod
3176 3969 3415 4024 fructum

1854 4061 2087 4132 profert.
2143 4060 2388 4126 Qualitas
2447 4070 2628 4115 autem
2664 4060 2979 4126 psalmodiae
3036 4069 3091 4114 et
3154 4062 3419 4116 orationis

1854 4154 2107 4207 consistit
2138 4155 2191 4206 in
2250 4153 2460 4207 orando
2514 4151 2709 4220 spiritu
2742 4166 2804 4205 ac
2852 4161 3053 4207 mente.
3077 4152 3209 4207 Orat
3231 4165 3413 4209 autem

1854 4255 2060 4308 mente,
2090 4246 2183 4314 qui
2245 4258 2407 4297 orans
2462 4253 2516 4295 et
2551 4244 2790 4312 psallens
2824 4245 3140 4299 considerat
3178 4256 3414 4301 mentem

1856 4338 1907 4389 in
1938 4336 2121 4389 divina
2148 4334 2429 4404 Scriptura
2452 4337 2713 4399 infusam,
2742 4350 2805 4389 ac
2828 4336 2985 4405 digna
3011 4335 3121 4391 Deo
3150 4340 3415 4404 sentiens,

1858 4423 1981 4478 inde
2016 4426 2370 4477 escensiones
2420 4423 2812 4493 cogitationum
2866 4422 2923 4475 in
2967 4422 3130 4478 corde
3165 4410 3264 4477 suo
3295 4424 3412 4477 dis-

1855 4517 2027 4585 ponit,
2078 4518 2278 4585 quibus
2320 4524 2471 4583 rapta
2527 4515 2889 4584 spiritualiter
2921 4516 3101 4569 anima
3146 4515 3199 4567 in
3232 4529 3414 4569 aerem

1853 4608 2094 4672 luminis,
2124 4608 2274 4661 clare
2298 4594 2741 4676 iulget,‘amplius
2768 4606 3107 4676 puritlcatur,
3140 4606 3205 4659 ad
3245 4606 3417 4660 ccelos

1854 4707 1965 4753 tota
1994 4700 2269 4762 elevatur,
2299 4707 2353 4752 et
2382 4705 2603 4754 sanctos
2632 4698 2968 4751 manentium
2997 4697 3140 4751 videt
3174 4698 3411 4767 pulchri-

1853 4790 2092 4844 tudinem
2146 4788 2413 4844 bonorum
2458 4806 2472 4843 :
2511 4803 2739 4859 quorum
2798 4774 3089 4843 desiderio.
3135 4802 3366 4842 accensa
3398 4828 3414 4852 ,

1852 4886 2034 4939 statim
2062 4881 2295 4937 fructum
2315 4881 2583 4937 orationis
2612 4878 2812 4936 emittit
2839 4881 2907 4935 ab
2929 4881 3126 4945 oculis,
3150 4890 3203 4934 et
3237 4881 3416 4951 lacry-

1852 4990 2063 5029 marum
2121 4972 2323 5028 ﬂuento
2380 4981 2575 5038 scatet,
2631 4989 2699 5028 ex
2752 4972 3111 5026 illuminativa
3179 4970 3417 5042 Spiritus

1850 5069 2072 5122 virtute.
2106 5064 2347 5131 Quorum
2395 5075 2588 5135 gustus
2614 5065 2749 5119 adeo
2779 5064 2963 5118 suavis
2992 5072 3110 5125 est,
3144 5072 3200 5115 ut
3230 5062 3413 5117 cibum

1852 5156 2147 5225 aliquando
2184 5157 2526 5226 corporalem
2582 5155 2955 5217 obliviscatur,
2999 5153 3089 5221 qui
3142 5152 3416 5223 particeps

1853 5251 2068 5305 illorum
2102 5250 2279 5305 iactus
2312 5257 2420 5304 est.
2450 5247 2549 5303 Hic
2592 5257 2673 5302 est
2723 5246 2986 5300 orationis
3038 5243 3284 5309 fructus,
3319 5243 3414 5313 qui

1854 5359 1918 5398 ex
1950 5344 2212 5413 qualitate
2280 5340 2590 5409 psalmodia:
2628 5338 2912 5395 animabus
2950 5336 3219 5393 orantium
3255 5335 3415 5391 inna-

1855 5438 2047 5494 scitur.
