4124 6338
675 401 785 467 935

1891 397 1939 457 N
1953 395 2190 458 [CETAZ
2224 392 2657 456 PECTORATI

3808 389 3915 473 ως

755 514 851 568 7t.
873 509 976 567 Ubi
1001 509 1220 569 fructus
1254 510 1466 566 videtur
1494 509 1762 581 Spiritus,
1798 509 1871 566 ibi
1898 521 1956 565 et
2003 509 2237 581 qualitas

2404 502 2501 556 ω’.
2554 498 2628 554 υῦ
2663 503 2691 554 ὁ
2727 503 2933 574 καρπὸς
2991 501 3387 574 ἀναθεωρεῖται
3422 501 3516 556 τοῦ
3567 502 3914 575 ιῐνεύματος,

675 605 968 661 orationis.
1005 603 1072 658 Et
1107 603 1201 658 ubi
1237 603 1495 672 qualitas,
1536 604 1608 658 ibi
1654 613 1705 658 et
1735 605 1939 670 Optima
1967 599 2243 672 quantitas

676 695 1022 770 psalmodjae.
1062 695 1268 752 Fructu
1319 709 1501 753 autem
1545 712 1654 754 non
1709 701 2028 766 apparente,
2087 691 2239 746 arida

670 803 774 853 est
802 803 853 847 et
879 792 1133 861 qualitas.
1160 789 1219 845 Si
1254 799 1431 846 autem
1459 791 1573 844 haec
1607 790 1754 844 sicca
1787 790 1877 853 sit,
1915 788 2083 841 multo
2112 801 2228 839 mao

685 883 768 952 gis
791 883 1064 954 quantitas
1092 901 1105 940 :
1132 898 1270 953 quae,
1302 881 1407 937 etsi
1473 881 1723 952 corporis
1755 879 2076 936 exercitium
2113 878 2240 942 fert,

679 972 1041 1028 nihilominus
1078 975 1269 1028 multis
1302 973 1645 1028 infructuosa
1677 987 1783 1029 est.

750 1167 837 1220 73.
871 1166 1100 1221 Attende
1128 1183 1155 1222 a
1186 1167 1335 1234 dolo,
1361 1183 1482 1223 cum
1507 1169 1672 1225 horas
1701 1176 1753 1223 et
1785 1169 2024 1239 psalmos
2055 1177 2245 1248 cantas

681 1256 935 1313 Dtmiino.
970 1256 1064 1314 Vel
1100 1259 1243 1312 enim
1279 1261 1382 1314 alia
1415 1276 1514 1331 pro
1544 1262 1665 1316 aliis
1689 1261 1984 1329 daemones,
2019 1277 2243 1317 sensum

681 1352 883 1404 anime
934 1349 1350 1419 subripientes,
1405 1352 1564 1406 nobis
1622 1353 1870 1422 deceptis
1919 1363 2242 1424 suggerunt,

683 1442 1028 1511 psalmorum
1064 1457 1256 1498 versus
1292 1442 1345 1497 in
1397 1443 1795 1512 blasphemiam
1840 1454 2140 1510 vertentes,
2185 1455 2245 1500 ut

682 1553 781 1593 ore
819 1537 1056 1591 nefanda
1089 1537 1468 1607 proferamus;
1502 1539 1586 1593 vel
1622 1539 1788 1594 nobis
1836 1540 2050 1597 initium
2102 1544 2248 1613 psal-

682 1623 896 1682 morum
921 1626 1338 1693 inchoantibus.
1368 1630 1536 1685 verba
1569 1640 1754 1686 nostra
1785 1630 1851 1686 ad
1877 1631 2037 1688 ﬁnem
2071 1644 2250 1692 trans-

682 1718 887 1782 ferunt,
927 1737 1048 1790 quae
1079 1729 1209 1776 sunt
1261 1722 1316 1776 in
1343 1723 1527 1778 medio
1552 1737 1590 1777 ’a
1643 1733 1827 1780 mente
1879 1725 2245 1797 diripientes;

680 1812 766 1867 vel
820 1828 992 1865 unum
1037 1814 1404 1884 cumdemque
1438 1820 1655 1872 ret-sum
1705 1832 1922 1889 semper
1961 1830 2244 1890 repetunt,

2333 594 2450 647 ἐκεῖ
2477 595 2569 647 καὶ
2595 596 2626 663 ἡ
2658 595 2876 665 ποιότης
2906 595 3004 664 τῆς
3028 592 3362 666 προσευχῆς.
3395 594 3501 647 Καὶ
3521 587 3581 646 οὗ
3605 596 3638 666 ἡ
3664 596 3913 667 ποιότης,

2329 689 2446 741 ἐκεῖ
2475 687 2671 758 ἀρίστη
2725 689 2818 741 καὶ
2846 689 2879 759 η
2908 687 3142 758 ποσότης
3171 687 3268 755 τῆς
3300 685 3641 758 ψαλμῳδίας.
3681 689 3914 760 Καρποῡ

2328 780 2382 835 δὲ
2416 780 2490 852 μὴ
2519 781 2863 851 φαινομένου,
2891 781 3119 851 ἄνικμος
3145 781 3240 833 καὶ
3271 781 3303 849 ὴ
3336 779 3576 850 ποιότης.
3603 779 3664 834 El
3695 781 3751 834 δὲ
3775 779 3914 852 αὕτη

2336 873 2497 944 ξηρὰ,
2539 873 2788 944 περιττὸν
2834 875 2867 943 ἡ
2915 873 3183 944 ποσότης·
3241 871 3388 942 ἥτις,
3432 874 3482 926 εί
3520 876 3613 926 καὶ
3661 873 3917 945 σώματος

2334 965 2640 1038 γυμνασίαν
2661 964 2837 1037 φέρει,
2869 965 3004 1020 ἀλλὰ
3033 965 3250 1028 πάντως
3277 981 3342 1034 γε
3373 967 3486 1030 τοῖς
3511 965 3723 1045 πολλοῖς
3753 969 3916 1037 ἀκερ-

2328 1059 2425 1129 δής
2459 1059 2595 1112 ἐστι.

2400 1173 2496 1244 οβ’.
2531 1174 2703 1227 Βλέπε
2759 1188 2848 1226 τον
2903 1173 3052 1226 δόλον
3107 1171 3403 1242 εὐχόμενος
3460 1172 3555 1226 καὶ
3599 1171 3741 1244 ᾄδων
3791 1175 3916 1238 τοὺς

2329 1265 2578 1337 ψαλμοὺς
2613 1266 2689 1336 τῷ
2720 1266 2930 1336 Κυρίῳ.
2969 1266 3040 1318 ’Ἠ
3067 1265 3174 1334 γὰρ
3205 1265 3339 1319 ἄλλα
3373 1265 3490 1318 ἀντ’
3522 1265 3697 1319 ἄλλων
3728 1267 3777 1318 οἱ
3803 1267 3916 1322 δαί-

2334 1376 2493 1430 μονες
2541 1359 2638 1430 τὴν
2671 1358 2924 1429 αἴσθησιν
2975 1360 3073 1429 τῆς
3104 1358 3283 1429 ψυχῆς
3330 1357 3785 1424 ὐποκλέπτοντες,
3828 1361 3919 1411 λέ-

2332 1470 2449 1521 γειν
2491 1448 2637 1524 ἡμᾶς
2681 1451 2954 1519 ἀπατῶσι,
2984 1453 3110 1516 τοὺς
3163 1452 3378 1522 στίχους
3431 1453 3510 1510 είς
3561 1450 3916 1522 βλασφημίαν

2305 1546 2626 1617 ,τρέποντες
2655 1543 2763 1597 τῶν
2794 1544 3068 1614 ψαλμῶνμ
3090 1544 3164 1606 ὡς
3196 1545 3370 1596 εἰπεῖν
3399 1544 3545 1613 ἡμᾶς
3580 1542 3668 1595 διὰ
3710 1543 3915 1613 στόμα-

2331 1655 2420 1701 τος
2456 1637 2492 1692 ἃ.
2524 1639 2598 1708 μὴ
2620 1637 2810 1708 Θέμιςο
2844 1638 2878 1709 ἢ
2907 1636 3008 1708 τὴν
3055 1637 3230 1708 ἀρχὴν
3275 1636 3383 1689 τῶν
3413 1636 3643 1707 ψαλμῶν
3673 1637 3920 1708 ἀρξαμέ-

2338 1749 2476 1795 νους.
2522 1732 2614 1783 ἐπὶ
2653 1731 2714 1784 τὸ
2756 1731 2906 1793 τέλος
2941 1730 3186 1782 ποιοῦσιν
3222 1729 3379 1800 ἡμῶν
3414 1730 3504 1784 τὸν
3535 1729 3719 1798 λόγον,
3754 1730 3823 1783 τὰ
3859 1732 3918 1782 ἐν

2282 1825 2487 1923 Βμέσῳ
2517 1824 2959 1889 διασκεδάζοντες
2993 1818 3101 1877 ἀπὸ
3148 1822 3252 1923 τού
3274 1823 3394 1923 νοός
3415 1839 3428 1853 ⁸
3543 1825 3634 1876 ἐπὶ
3680 1823 3742 1876 τὸ
3786 1823 3918 1923 αύτδ

682 1917 793 1956 non
825 1904 1073 1959 sinentes
1097 1919 1198 1959 nos
1223 1912 1448 1975 propter
1467 1908 1799 1964 oblivionem
1833 1911 1976 1980 quod
2004 1913 2237 1981 psalmus

2335 1917 2424 1970 τὸν
2464 1915 2559 1969 ἕνα
2591 1916 2772 1986 στίχον
2810 1917 2897 1969 ἀεὶ
2947 1912 3410 1986 ὲπανακυιιλοῦσι,
3458 1913 3533 1985 μὴ
3571 1913 3919 1984 συγχωροῦν-

681 1995 930 2050 continet
964 1995 1250 2062 invenire;
1283 1998 1366 2050 vel
1398 1997 1560 2054 nobis
1593 1987 1831 2055 medium
1871 2001 2067 2072 psalmi
2105 2005 2237 2059 rcci-

2334 2029 2423 2074 τες
2468 2012 2555 2064 διὰ
2597 1984 2696 2080 τῆς
2725 2011 2896 2083 λήθης
2931 1984 3000 2063 τί
3038 2009 3297 2080 ἐχόμενον
3333 2009 3514 2080 εὑρεῖν
3542 2007 3634 2060 τοῦ
3649 2007 3873 2083 ψαλμοῦ
3898 2025 3912 2037 ο

682 2084 965 2149 tantibus,
1027 2086 1455 2155 coniunctorum
1510 2106 1771 2146 versuum
1834 2096 2152 2151 memoriam
2220 2112 2237 2151 ε

2335 2104 2368 2172 ἢ
2400 2105 2456 2156 ἐν
2493 2104 2644 2174 μέσῳ
2684 2103 2983 2172 γινομένων
3015 2103 3047 2171 ἡ
3059 2101 3173 2172 μῶν
3198 2100 3292 2154 τοῦ
3321 2099 3562 2170 ψαλμοῦ,
3603 2100 3804 2170 αἴφνης
3828 2100 3916 2151 af-

684 2187 870 2231 mcnte
951 2177 1230 2246 auferunt,
1303 2181 1376 2234 ita
1428 2193 1486 2236 ut
1541 2199 1645 2238 non
1705 2188 2054 2245 recortlemus
2108 2206 2237 2260 quot

2337 2213 2493 2266 ρουσι
2526 2194 2619 2247 τοῦ
2657 2196 2774 2258 νοὸς
2823 2196 2923 2262 τὴν
2971 2195 3191 2264 μνήμην
3245 2192 3463 2247 ἅπασαν
3493 2190 3603 2244 τῶν
3652 2194 3915 2244 ἐπισυνα-

669 2271 1232 2339 ~psalmodim-versus
1271 2275 1325 2330 in
1384 2290 1479 2331 ore
1511 2278 1892 2345 habuerimus,
1939 2298 2040 2338 nec
2072 2287 2237 2353 possi-

2336 2286 2579 2355 φθέντων
2620 2287 2817 2358 στίχων
2841 2302 2854 2315 ·
2916 2285 2991 2349 ὡς
3029 2285 3161 2356 μηδὲ
3218 2283 3582 2355 μνημονεύειν
3613 2284 3765 2352 ἡμᾶς
3796 2276 3916 2336 τίνα

684 2380 806 2418 ntus
848 2378 943 2420 eos
978 2366 1218 2436 reperire
1249 2377 1302 2422 et
1343 2369 1542 2439 linguae
1579 2371 1829 2428 reddere.
1867 2375 1957 2430 Sic
1986 2389 2156 2449 agunt
2189 2389 2249 2434 ut

679 2471 780 2512 nos
825 2457 1122 2528 conjiciant
1172 2461 1224 2514 in
1282 2469 1554 2532 torporem
1621 2474 1675 2520 et
1727 2471 1972 2525 acediam
2004 2511 2020 2537 ,
2083 2483 2248 2543 utque

679 2547 890 2604 fructus
924 2561 1186 2606 evacuent
1226 2555 1493 2611 orationis
1547 2569 1748 2614 nostra:
1777 2602 1792 2626 ,
1848 2577 2055 2617 moram
2105 2575 2247 2620 tem-

681 2637 833 2708 poris
863 2645 1254 2712 Supponentes.
1281 2641 1388 2699 Sed
1416 2656 1654 2702 mentem
1683 2658 1739 2703 tu
1765 2648 1982 2708 fortiter
2007 2654 2246 2725 applica,

675 2740 731 2784 et
763 2731 1037 2799 psalmum
1072 2733 1275 2789 lentius
1309 2735 1502 2802 recita,
1539 2747 1600 2793 ut
1631 2741 1906 2797 orationis
1941 2740 2182 2800 fructum
2216 2761 2244 2801 a

676 2821 932 2878 versibus
978 2836 1074 2894 per
1109 2827 1632 2896 contemplationem
1692 2839 1888 2896 metas,
1941 2847 2005 2888 ac
2057 2835 2248 2894 diterls

681 2915 892 2974 lumin‘e
923 2917 1165 2990 Spiritus
1218 2923 1392 2977 sancti
1437 2924 1729 2982 animabus
1783 2929 2065 2985 orantium
2116 2933 2246 2990 illu-

677 3015 859 3064 conte.

747 3370 834 3425 73.
864 3371 1097 3438 Quando
1127 3374 1332 3447 aliquid
1366 3393 1432 3435 ex
1470 3378 1629 3437 dictis
1671 3386 1867 3440 accidit
1898 3387 1999 3444 tibi
2074 3391 2240 3448 intel-

675 3460 912 3530 ligenter
963 3465 1238 3532 pallenti,
1296 3483 1363 3522 ne
1425 3473 1616 3525 acedia
1680 3482 2001 3545 torpescas,
2061 3498 2240 3555 neque

671 3554 924 3621 corporis
959 3556 1206 3625 requiem
1241 3559 1465 3615 utilitati
1497 3563 1690 3619 animat
1720 3574 1825 3621 tua:
1856 3554 2238 3638 praaferas.de

672 3649 935 3712 temporis
993 3663 1143 3701 mora
1192 3650 1460 3721 cogitans.
1512 3653 1618 3710 Sed
1677 3659 1820 3715 unde
1870 3665 2085 3732 captiva
2144 3676 2237 3722 tua

679 3752 834 3791 meus
867 3737 1104 3792 abducta
1136 3748 1244 3806 est,
1295 3743 1367 3796 ibi
1399 3753 1508 3809 sta,
1540 3756 1594 3801 et
1624 3748 1668 3803 si
1725 3749 1792 3804 ad
1833 3751 1992 3809 finem
2044 3758 2238 3827 psalmi

667 3827 781 3896 jam
828 3832 1168 3897 perveneris,
1205 3842 1260 3887 tu
1295 3835 1360 3890 ad
1394 3837 1608 3892 initium
1645 3850 1867 3898 strenue
1899 3846 2038 3913 redi,
2075 3849 2237 3920 idque

678 3927 956 3986 repetens,
1002 3922 1199 3977 iterum
1241 3925 1380 3979 viam
1434 3930 1632 3997 psalmi
1683 3947 1962 4001 percurre,
2018 3940 2235 3998 etiamsi

669 4021 814 4077 saepe
846 4011 902 4063 in
933 4026 1038 4064 una
1081 4013 1211 4066 hora
1240 4013 1530 4073 distractio
1565 4032 1835 4078 recurset.
1865 4023 1979 4081 Hoc
2011 4035 2155 4084 enim
2187 4034 2234 4089 si

670 4100 860 4167 facias,
897 4119 1001 4157 non
1053 4104 1284 4162 ferentes
1327 4115 1753 4178 permanentiam
1812 4127 2233 4187 perseverantia:

676 4205 786 4251 tuae
812 4197 1090 4254 daemones
1121 4208 1175 4253 et
1210 4201 1316 4254 vim
1352 4201 1696 4262 fortitudinis
1730 4218 1856 4274 tuae,
1891 4214 2098 4279 pudore
2121 4219 2234 4272 suf-

669 4290 777 4345 fusi
815 4304 844 4342 a
887 4298 940 4344 te
974 4291 1252 4346 recedent.

747 4467 840 4523 74.
875 4468 982 4522 Pro
1013 4478 1163 4525 certo
1197 4471 1335 4528 habe
1367 4476 1690 4533 continuam
1739 4484 2044 4541 orationem
2080 4489 2228 4545 illam

2335 2378 2426 2430 ἐπὶ
2461 2377 2724 2445 στόματος
2757 2376 2975 2446 εἴχομεν
3008 2377 3108 2447 τῆς
3134 2374 3475 2446 ψαλμῳδίας,
3508 2373 3640 2444 μηδὲ
3674 2374 3913 2444 δυναμέ-

2335 2488 2456 2534 νους
2502 2470 2682 2541 εὑρεῖν
2729 2469 2902 2522 ταῦτα
2954 2469 3049 2521 καὶ
3101 2465 3466 2520 ἐπαναλαϐεῖν
3497 2465 3588 2518 ἐπὶ
3633 2463 3909 2534 γλώσσης.

2336 2562 2506 2616 Τοῦτο
2540 2562 2597 2615 δὲ
2631 2561 2892 2627 ποιοῦσιν,
2927 2559 3068 2613 ὥστε
3103 2558 3283 2630 βαλεῖν
3323 2558 3470 2630 ἡμᾶς
3493 2559 3573 2620 είς
3615 2557 3912 2628 ὀλιγωρίαν

2337 2657 2431 2710 καὶ
2483 2656 2751 2727 ἀκηδίαν·
2809 2655 2904 2709 καὶ
2961 2656 3049 2709 ἵνα
3111 2653 3533 2726 καταργήσωσιν
3581 2652 3739 2722 ήμῶν
3787 2653 3912 2715 τοὺς

2340 2748 2582 2817 καρποὺς
2631 2747 2732 2816 τῆς
2783 2748 3114 2819 προσευχῆς,
3142 2746 3242 2816 τὴν
3271 2747 3370 2816 τῆς
3415 2743 3564 2813 ὥρας
3599 2743 3912 2814 βραδυτῆτα

2339 2841 2742 2913 ὑποτιθέμενοι.
2785 2841 2927 2893 Ἀλλ’
2979 2838 3195 2911 ἔνστηοι
3253 2841 3316 2893 σὺ
3364 2836 3625 2902 δυνατῶς,
3674 2836 3771 2890 καὶ
3819 2835 3910 2888 τὸν

2336 2935 2551 3008 ψαλμὸν
2602 2934 2977 3007 σχολαιότερον
3030 2932 3185 3003 έχουο
3233 2929 3308 2995 ὡς
3341 2931 3406 2984 ἂν
3445 2930 3544 3000 τὴν
3588 2929 3686 2998 τῆς
3745 2929 3912 2999 εὐχῆς

2337 3029 2448 3084 ἀπὸ
2500 3030 2608 3082 τῶν
2639 3027 2835 3098 στίχων
2887 3026 2976 3079 διὰ
3026 3023 3258 3095 θεωρίας
3307 3023 3586 3094 τρυγήσῃς
3616 3021 3908 3090 ὠφέλειαν,

2339 3126 2432 3178 καὶ
2466 3123 2554 3176 τὸν
2589 3121 2870 3191 φωτισμὸν
2909 3121 3002 3174 τοῦ
3045 3122 3203 3188 ἁγίου
3237 3118 3552 3185 Πνεὺματος
3603 3114 3910 3177 καταπλου-

2272 3207 2498 3277 (ζτήσῃς
2534 3205 2625 3259 τὸν
2668 3204 3018 3275 ἐγγινόμενον
3065 3202 3122 3254 ἒν
3152 3201 3272 3261 ταῖς
3307 3199 3416 3254 τῶν
3461 3199 3772 3272 εὐχομένων
3804 3201 3914 3272 ψυ-

2325 3311 2472 3365 χαις.

2393 3394 2493 3454 ογ’.
2537 3387 2706 3439 Ὅταν
2758 3402 2811 3439 τι
2866 3384 3110 3439 τοιοῦτον
3161 3385 3438 3456 επισυμδῇ
3511 3399 3592 3437 σοι
3649 3384 3910 3454 ψάλλοντι

2325 3477 2585 3542 συνετῶς,
2637 3477 2713 3546 μὴ
2746 3477 3087 3546 ὀλιγωρήσας
3135 3475 3438 3548 ἀκηδιάσῃς
3461 3491 3476 3507 ο
3514 3475 3649 3546 μηδὲ
3677 3475 3778 3546 τὴν
3815 3476 3910 3529 τοῦ

2324 3568 2574 3639 σώματος
2609 3570 2916 3622 ἀνάπαυσιν
2945 3569 3044 3637 τῆς
3075 3567 3313 3639 ψυχικῆς
3346 3567 3617 3635 ὠφελείας
3654 3586 3746 3620 σου
3783 3585 3913 3639 προ-

2320 3664 2578 3732 τιμήσῃς,
2639 3661 2736 3731 τὴν
2775 3661 3086 3731 βραδυτῆτα
3130 3663 3229 3730 τῆς
3258 3659 3407 3731 ὥρας
3427 3660 3725 3714 κατανοῶν.
3751 3661 3914 3715 Ἀλλὰ

2321 3752 2450 3805 ἔνθα
2481 3770 2540 3806 σε
2577 3755 2606 3822 ἡ
2634 3751 2982 3823 αἰχμαλωσία
3011 3752 3102 3806 τοῦ
3134 3754 3250 3815 νοὸς
3281 3752 3679 3823 καταλήψεται,
3722 3753 3908 3824 στῆθι,

2324 3846 2416 3899 καὶ
2451 3847 2497 3898 εξ
2537 3847 2672 3916 πρὸς
2704 3846 2763 3899 τὸ
2793 3846 2944 3909 τέλος
2993 3846 3124 3916 γένη
3139 3863 3224 3898 σαι
3265 3843 3362 3898 τοῦ
3391 3845 3628 3916 ψαλμοῦ,
3676 3847 3740 3898 σε)
3772 3847 3914 3917 πρὸς

2320 3938 2416 4009 τὴν
2442 3939 2616 4009 ἀρχὴν
2653 3939 2904 4008 ἐκθύμως
2935 3938 3214 4006 ἀνάδραμε
3239 3952 3255 3968 ·
3308 3937 3399 3988 καὶ
3430 3937 3768 4006 δραξάμενος
3802 3939 3910 3991 αὖ·

2319 4030 2436 4099 τῆς,
2470 4029 2623 4093 αὖθις
2650 4033 2771 4101 ἕχου
2803 4030 2895 4083 τοῦ
2922 4028 3134 4100 ψαλμοῦ
3166 4027 3290 4081 καθ’
3323 4028 3459 4106 ὁδὸν,
3509 4028 3609 4080 κᾶν
3643 4028 3910 4092 πολλάκις

2319 4124 2374 4175 ἐν
2406 4124 2505 4193 μιᾷ
2533 4122 2651 4194 ὥρᾳ
2681 4105 3084 4194 ήαίχμαλωσία
3119 4121 3569 4192 προσυπαντήσῃ,
3601 4120 3772 4173 Τοῦτο
3797 4120 3912 4190 γὰρ

2321 4213 2603 4276 ποιοῦντός
2645 4230 2758 4278 σου,
2799 4215 2872 4282 μὴ
2905 4212 3162 4282 φέροντες
3197 4210 3295 4282 τὴν
3329 4210 3611 4281 ὑπομονὴν
3652 4209 3750 4278 τῆς
3804 4211 3910 4279 σῆς

2321 4305 2617 4376 καρτερίας
2642 4307 2690 4356 oi
2719 4303 2973 4374 δαίμονες
3036 4305 3129 4356 καὶ
3157 4303 3246 4356 τὸν
3277 4289 3441 4356 τόνον
3463 4301 3562 4371 τῆς
3594 4301 3910 4372 προθυμίας

2318 4416 2432 4464 σου,
2465 4397 2726 4467 αἰσχύνης
2757 4395 3488 4466 πληρωθέντες.οἰχήσονται
3519 4393 3624 4446 ἀπὸ
3644 4392 3758 4446 σοῦ.

2383 4488 2474 4543 οδ’.
2549 4492 2799 4542 Ἀένναον
2856 4489 3161 4560 προσευχὴν
3215 4487 3429 4557 ἐκείνην
3481 4485 3622 4539 εἶναι
3658 4485 3902 4555 γίνωσκε

663 4575 810 4625 esse,
832 4575 952 4628 qua:
976 4576 1085 4616 non
1124 4565 1332 4619 recedit
1359 4567 1427 4622 ab
1463 4569 1644 4625 anima
1667 4589 1762 4642 per
1790 4575 2056 4647 integram
2086 4584 2225 4640 diem

2324 4582 2593 4650 ἀσφαλῶς,
2627 4585 2725 4653 τὴν
2777 4582 2852 4653 μὴ
2883 4582 3156 4652 λήγουσαν
3190 4580 3298 4634 ἀπὸ
3325 4579 3422 4650 τῆς
3469 4578 3647 4649 ψυχῆς
3673 4578 3762 4631 διὰ
3794 4579 3900 4631 πάι

663 4661 719 4705 et
753 4661 991 4717 noctem,
1015 4670 1136 4724 quae
1166 4672 1272 4712 non
1306 4659 1358 4712 in
1385 4665 1708 4721 extensione
1739 4682 2022 4736 manuum,
2053 4678 2134 4730 vel
2167 4678 2221 4732 in

2324 4693 2415 4746 της
2450 4675 2664 4745 ἡμέρας
2696 4693 2752 4726 τε
2785 4676 2878 4728 καὶ
2907 4675 3099 4737 νυκτός
3120 4693 3132 4706 ·
3165 4674 3284 4743 ἥτις
3307 4673 3406 4726 ούκ
3442 4674 3498 4724 ἐν
3528 4676 3745 4726 ἐκτάσει
3783 4689 3904 4742 χει-

664 4741 851 4795 habitu
871 4745 1138 4813 corporis,
1161 4747 1242 4800 vel
1266 4748 1318 4801 in
1338 4751 1483 4806 vocis
1505 4767 1662 4819 sono,
1686 4758 1858 4814 oculis
1879 4762 2092 4819 videtur
2109 4781 2226 4822 cor-

665 4835 865 4901 porcis,
889 4839 983 4888 sed
1017 4838 1068 4890 in
1104 4839 1322 4893 trientali
1352 4845 1618 4900 exercitio
1649 4852 2022 4918 Operationum
2064 4859 2222 4915 intel-

664 4923 978 4978 lectualium
1015 4937 1068 4981 et
1089 4929 1484 4988 recordationis
1519 4934 1613 4991 Dei
1656 4954 1752 5008 per
1777 4943 2050 4999 assiduam
2075 4964 2223 5003 cmu-

663 5014 1013 5083 puuctionem
1040 5019 1360 5090 intelligitur
1385 5024 1452 5078 ab
1479 5025 1544 5081 iis
1564 5031 1654 5097 qui
1690 5031 1990 5105 intelligere
2016 5041 2219 5098 sciunt.

741 5109 830 5161 75.
879 5108 1066 5165 Potest
1109 5114 1311 5182 aliquis
1352 5133 1570 5189 semper
1622 5124 1906 5185 intendere
1961 5137 2217 5202 orationi,

665 5212 791 5250 cum
827 5199 947 5267 ejus
985 5203 1345 5270 cogitationes
1377 5209 1444 5264 ad
1480 5215 1676 5267 mentis
1707 5216 1993 5286 imperium
2026 5199 2222 5280 conve-

668 5288 823 5342 niunt
856 5291 908 5343 in
957 5293 1124 5346 multa
1160 5310 1290 5363 pace
1333 5308 1390 5354 et
1433 5301 1945 5376 circumspectione,
1985 5316 2218 5380 profun—

2315 4767 2500 4839 ρῶν,ἢ
2534 4767 2875 4838 παραστάσει
2899 4766 3170 4836 σώματος,
3205 4764 3299 4818 καὶ
3333 4762 3578 4832 γλώττης
3611 4764 3747 4833 ἤχῳ,
3780 4765 3901 4825 τοῖς

2312 4857 2511 4929 ὁρῶσιν
2560 4858 2786 4928 ὁρᾶταιο
2824 4855 2938 4909 ἀλλ’
2988 4859 3046 4908 ὲν
3090 4855 3251 4926 νοερᾷ
3295 4853 3493 4924 μελέτῃ
3523 4853 3622 4923 τῆς
3651 4852 3744 4906 τοῦ
3777 4853 3901 4917 νοὸς

2312 4955 2596 5022 ἐργασίας,
2630 4952 2724 5004 καὶ
2751 4951 2848 5020 τῆς
2869 4948 2965 5002 τοῦ
2991 4947 3126 5004 Θεοῦ
3158 4950 3374 5019 μνήμης
3395 4947 3463 5000 δι’
3495 4947 3752 5016 ὲπιμόνου
3784 4963 3893 4999 κα.-

2311 5049 2584 5115 τανύξεως
2611 5050 2722 5110 τοῖς
2753 5048 2893 5100 νοεῖν
2919 5045 3088 5100 εἰδόσι
3118 5046 3340 5100 νοεῖται.

2323 5155 2328 5160 ’
2381 5139 2470 5194 σε’.
2528 5139 2759 5193 Δύναταί
2803 5157 2891 5202 ,τις
2944 5139 3032 5192 ἀεὶ
3079 5138 3439 5208 προσανέχειν
3493 5136 3650 5206 εὐχῇ,
3695 5135 3903 5190 ὁπόταν

2311 5236 2437 5297 τοὺς
2463 5231 2658 5285 ἑαυτοῦ
2689 5229 2982 5300 λογισμοὺς
3012 5227 3477 5296 ὲπισυνηγμένους
3511 5226 3608 5296 ἔχῃ
3634 5227 3762 5297 περὶ
3789 5227 3897 5297 τὴν

2312 5325 2610 5396 ἠγεμονίαν
2638 5323 2731 5377 τοῦ
2774 5323 2915 5387 νοὸς,
2947 5324 3005 5374 ὲν
3033 5321 3225 5391 εἰρήνῃ
3270 5319 3365 5373 καὶ
3403 5316 3663 5389 εὐλαϐείᾳ
3697 5317 3902 5389 πολλῇ,

665 5377 842 5447 daque
883 5383 971 5436 Dei
1021 5393 1371 5451 scrutantur.
1420 5403 1474 5447 et
1522 5409 1773 5463 qttmrunt
1829 5403 1955 5459 inde
1985 5377 2218 5477 igustarc

2324 5377 2559 5490 5:3qu
2614 5417 2706 5470 τοῦ
2766 5377 2915 5469 Θεοί),
2966 5377 3383 5482 ἀνορύττοντας,
3445 5413 3538 5466 καὶ
3593 5377 3900 5482 ζητοῦντας

667 5471 1012 5527 dulcissimos
1037 5482 1512 5548 contemplationis
1543 5489 1749 5547 latices.
1783 5493 1841 5547 Si
1871 5471 2049 5552 autem
2073 5502 2220 5556 absit

2324 5471 2520 5567 ὲκείθεν
2545 5471 2844 5580 γεύσασθαι
2878 5510 2937 5561 τὸ
2966 5471 3303 5576 γλυλτύτατον
3334 5508 3481 5575 νᾶμα
3502 5505 3599 5575 τῆς
3631 5505 3896 5574 θεωρίας.

668 5561 986 5628 lmjusmodi
1025 5582 1148 5634 pax,

1198 5586 1305 5674 ηοξ)
1344 5584 1536 5641 Pines“
1582 5580 1681 5635 CUi
1732 5585 1877 5638 Θιιίιη
1939 5587 2218 5648 [aemulus
2313 5609 2549 5676 Είρήνης
2585 5606 2640 5659 δὲ
2683 5603 2934 5672 τοιαύτης
2985 5600 3251 5670 ἀπούσης,
3287 5599 3348 5652 οὐ
3393 5597 3636 5652 δύναται.
3685 5596 3755 5650 EI
3787 5614 3898 5650 τιν’.

665 5653 860 5706 anima:
915 5653 1120 5713 fcedcre
1163 5664 1587 5734 conjunguntur,
1645 5674 1728 5728 hic
1784 5677 1847 5730 ad
1904 5683 2214 5738 continuam

665 5743 966 5770 nrntinnn...
1000 5745 1229 5770 I'..l:..!a-_
1259 5765 1371 5770 .__A.
1468 5758 1498 5770 -,

2324 5653 2784 5770 γὰεριαίῃψυχικαὶ
2827 5653 3089 5764 δυνάμεις
3118 5653 3211 5747 δια
3254 5692 3505 5759 γνώσεως
3542 5690 3892 5755 σπένδονται,

665 5743 968 5796 orationem
1000 5745 1229 5803 feliciter
1259 5758 1523 5819 pervenit.

2315 5792 2483 5861 τούτῳ
2517 5791 2606 5844 καὶ
2635 5793 2668 5858 ἡ
2705 5788 2952 5857 διηνεκὴς
2989 5786 3261 5856 προσευχὴ
3294 5783 3649 5854 κατωροώοη.
