4152 6338
219 439 325 501 937

278 568 384 627 ος¹.
431 561 554 615 Ἐὰν
581 559 712 630 ᾅδης
748 555 902 627 ᾆσμα
951 555 1116 624 εὐχῆς
1147 553 1225 623 τῷ
1266 552 1407 621 Θεῷ,
1437 551 1532 604 καὶ
1564 545 1855 617 ἀδελφδςΑ

208 655 463 723 παραστῇ
495 653 561 720 τῇ
595 648 735 718 θύρᾳ
763 648 978 717 κρούων
1001 645 1104 714 τῆς
1133 644 1328 715 κέλλης
1351 660 1484 708 σου,
1523 642 1601 712 μὴ
1653 656 1791 710 προ-

206 745 449 813 τιμήσῃς
478 740 540 792 τδ
570 739 728 808 ἔργον
753 737 854 805 τῆς
883 735 1044 806 εὐχῆς
1077 733 1173 787 τοῦ
1219 734 1383 804 ἔργου
1415 733 1516 802 τῆς
1545 731 1792 800 ἀγάπης,

209 833 308 886 καὶ
339 829 568 900 παρίδῃς
605 826 871 898 κρούοντα
898 825 993 878 τὸν
1040 824 1133 877 σὺν
1175 823 1435 893 ἀδελφόνο
1490 820 1652 875 τοῦτο
1683 820 1791 889 γὰρ

209 926 312 978 οὐκ
346 924 458 974 ἔστι
492 921 646 990 φίλον
679 917 817 988 Θεῷ.
863 917 1082 970 Ἐλαιον
1110 917 1219 986 γὰρ
1248 915 1470 984 ἀγάπης
1501 912 1670 978 θέλει,
1699 909 1790 964 καὶ

208 1018 274 1072 οὐ
324 1016 516 1069 θυσίαν
573 1011 908 1083 προσευχῆς.
953 1009 1116 1063 Ἀλλὰ
1153 1008 1214 1062 τὸ
1263 1008 1437 1077 δῶρον
1486 1005 1648 1075 ἀφεὶς
1694 1004 1795 1076 τῆς

213 1107 547 1179 προσευχῆς,
581 1105 669 1167 δὸς
715 1103 933 1173 ὁμιλίαν
975 1100 1196 1170 ἀγάπης
1241 1098 1321 1169 τῷ
1355 1096 1586 1172 ἀδελφῷ,
1629 1096 1796 1167 θερα-

218 1199 426 1259 πεύσας
449 1197 634 1249 αὐτόν.
667 1194 776 1248 Καὶ
803 1194 923 1245 τότε
953 1189 1239 1264 στραφεὶς,
1278 1188 1558 1259 πρόσφερέ
1609 1203 1704 1240 σου
1735 1183 1797 1239 τδ

211 1289 388 1360 δῶρον
415 1288 493 1358 τῷ
527 1287 700 1357 Πατρὶ
722 1285 832 1338 τῶν
860 1284 1192 1354 πνευμάτων
1225 1282 1362 1353 μετὰ
1406 1280 1658 1350 δακρύων
1700 1275 1797 1332 καὶ⁸

215 1381 687 1454 συντετριμμένης
717 1378 967 1448 καρδίας,
997 1377 1091 1431 καὶ
1119 1375 1335 1445 πνεῦμα
1364 1373 1521 1438 eoos;
1550 1374 1797 1442 ἐγκαινι-

1169 433 1655 496 PHYSlCORUM
1697 431 2033 492 CAPITUM
2071 431 2470 492 CENTURIA
2507 432 2588 491 II.

3330 437 3438 502 938

1951 545 2037 599 76.
2071 546 2127 601 Si
2166 555 2354 612 cantes
2387 549 2661 602 canticum
2696 547 2962 604 orationis
2989 548 3120 615 Deo,
3166 560 3221 606 et
3261 553 3432 610 frater

1879 644 2020 690 astet
2049 636 2270 705 pulsans
2303 638 2528 704 januam
2558 638 2711 692 cella:
2743 645 2872 704 tuae,
2906 654 2974 694 ne
3008 640 3265 709 praeferas
3298 659 3439 715 opus

1881 729 2153 783 orationis
2206 729 2358 797 operi
2413 729 2724 794 charitatis,
2763 747 2864 786 nec
2899 733 3174 803 despicias
3213 735 3437 793 fratrem

1883 826 2038 873 tuum
2077 818 2389 890 pulsantem
2422 837 2436 872 :
2470 819 2573 874 hoc
2610 821 2755 873 enim
2788 822 2896 877 Deo
2930 832 3146 894 gratum
3185 842 3296 882 non
3327 835 3452 884 est-

1881 903 2071 960 Oleum
2097 907 2241 961 euim
2268 906 2384 960 vult
2417 904 2725 969 charitatis.
2763 921 2873 962 non
2923 925 3054 964 vero
3101 913 3436 968 sacrificium

1882 997 2165 1052 orationis.
2199 997 2305 1052 Sed
2331 1013 2533 1052 munus
2563 999 2876 1068 relinquens
2905 1002 3190 1067 orationis,
3221 1006 3288 1058 da
3320 1019 3441 1059 ser-

1884 1101 2074 1141 mones
2113 1087 2397 1142 charitatis
2427 1096 2522 1142 tuo
2548 1088 2740 1154 fratri,
2765 1089 2943 1158 ipsum
2971 1105 3190 1148 curans.
3220 1093 3288 1148 Et
3306 1102 3440 1150 tunc

1886 1192 2166 1243 reversus,
2198 1177 2333 1232 offer
2369 1193 2568 1234 munus
2623 1188 2776 1233 tuum
2811 1179 2960 1233 Patri
2991 1181 3284 1250 spirituum
3307 1197 3436 1238 cum

1882 1269 2141 1340 lacrymis
2171 1279 2227 1324 et
2257 1271 2492 1325 contrito
2523 1273 2709 1337 corde,
2735 1279 2790 1325 et
2822 1270 3048 1340 spiritus
3073 1280 3254 1330 rectus
3284 1274 3442 1330 inno-

1879 1361 2098 1416 vabitur
2123 1361 2178 1415 in
2216 1361 2524 1417 visceribus
2551 1362 2680 1417 tuis.

213 1475 478 1555 σθήσεται
495 1474 621 1555 ’τοῖς
657 1469 920 1555 ἐγκάτοις.
939 1484 1052 1521 σου.
1175 1541 1200 1555 ⁸

286 1547 383 1611 οξ.
441 1548 554 1600 υύκ
604 1548 663 1598 ὲν
711 1546 1003 1615 ὡρισμένῳ
1034 1543 1212 1613 καιρῷ
1261 1543 1356 1596 καὶ
1389 1543 1537 1612 τόπῳ
1584 1543 1644 1596 τὸ
1694 1544 1792 1612 τῆς

215 1641 384 1710 εὐχῆς
409 1639 640 1692 τελεῖται
680 1640 998 1708 μυστήριον.
1030 1638 1090 1689 El
1114 1637 1223 1705 γὰρ
1253 1634 1455 1705 ὀρίζεις
1484 1634 1550 1689 τὰ
1576 1634 1675 1704 τῆς
1706 1635 1796 1687 εύ-

1893 1627 2076 1681 ficitur
2107 1628 2374 1683 orationis
2405 1631 2751 1700 mysterium.
2790 1630 2848 1686 Si
2900 1631 3045 1687 enim
3086 1633 3439 1690 circumscri-

215 1734 318 1802 χῆς
349 1735 409 1784 ὲν
460 1730 652 1800 ὥραις,
703 1731 800 1784 καὶ
847 1731 1077 1801 καιροῖς,
1129 1728 1224 1780 καὶ
1261 1728 1469 1792 τόποις,
1524 1727 1552 1778 ό
1595 1725 1796 1781 τούτων

1886 1718 1970 1772 bis
2000 1718 2298 1774 orationem
2331 1720 2503 1785 horis,
2547 1722 2990 1792 temporibusque
3043 1730 3096 1778 et
3125 1725 3282 1786 locis.
3314 1741 3442 1796 ergo

216 1822 374 1882 ἐκτὸς
409 1821 517 1889 ἄρα
547 1821 741 1892 χρόνος
802 1821 1000 1890 σχολὴν
1043 1822 1103 1876 ὲν
1148 1821 1326 1884 ἄλλοις
1355 1821 1479 1889 ἄγει
1509 1821 1796 1892 πράγμασι

1887 1818 2102 1880 tempus
2125 1821 2276 1866 extra
2309 1812 2426 1867 haec
2453 1812 2507 1866 in
2535 1813 2658 1866 aliis
2682 1815 3136 1884 occupationibus
3161 1827 3441 1885 peractum

217 1883 600 1976 ματαιότητοςί
645 1907 810 1976 Ὄρος
1015 1908 1182 1979 εὐχῆς
1226 1883 1382 1961 τοῦτό
1404 1883 1647 1974 ’ἐστιίτδ
1665 1883 1790 1980 περ

1884 1903 1995 1956 otio
2032 1902 2228 1957 teritur
2261 1903 2464 1957 inutili.
2491 1902 2776 1973 Objectum
2803 1883 2950 1959 enim
2992 1883 3258 1962 oratio—nis
3291 1908 3344 1962 in
3375 1923 3441 1964 eo

213 1997 350 2051 Θεὸν
382 1998 742 2067 ἀνεκκίνητον
789 1998 882 2052 τοῦ
915 2000 1034 2064 νοός
1055 2017 1069 2034 ο
1111 2001 1272 2070 ἔργον
1304 2001 1383 2066 δὲ,
1419 2000 1480 2054 τὸ
1522 2004 1649 2072 περὶ
1681 2001 1796 2055 θεία

1885 1994 2139 2048 consistit
2192 1994 2340 2064 quod
2392 2011 2546 2049 mens
2602 1994 2658 2050 in
2694 1995 2805 2051 Deo
2840 1997 3063 2051 immota
3109 2007 3244 2065 stet;
3301 2013 3440 2070 opus

212 2090 520 2157 πράγματα
547 2090 877 2160 στρέφεσθαι
913 2091 1012 2161 τὴν
1038 2092 1216 2162 ψυχήν
1241 2108 1254 2120 ο
1290 2093 1439 2154 τέλος
1465 2093 1541 2156 δὲ,
1574 2093 1636 2145 τὸ
1673 2093 1796 2145 κολ-

1889 2094 2093 2150 autem,
2138 2086 2189 2136 in
2239 2100 2302 2138 eo
2357 2087 2501 2152 quod
2560 2087 2628 2142 ad
2681 2101 2771 2142 res
2815 2088 3030 2144 divinas
3090 2099 3442 2146 convertatur

213 2181 446 2251 ληθῆναι
478 2182 593 2250 Θεῷ
624 2183 723 2250 τὴν
751 2183 1008 2248 διάνοιαν,
1042 2184 1136 2236 καὶ
1158 2183 1216 2235 ἓν
1245 2182 1460 2253 πνεῦμα
1487 2182 1604 2252 μετ’
1629 2180 1794 2236 αὑτοῦ

1892 2173 2113 2238 anima;
2139 2181 2193 2228 et
2235 2173 2381 2238 linis,
2421 2175 2479 2229 iu
2514 2189 2580 2230 eo
2611 2177 2758 2246 quod
2794 2178 3065 2233 adhaereat
3094 2177 3205 2234 Deo
3239 2180 3443 2234 intelli-

1936 1538 2042 1589 ‘77.
2079 1536 2196 1590 Non
2230 1553 2285 1591 in
2318 1537 2741 1608 circumscripto
2780 1547 3023 1607 tempore
3056 1547 3110 1595 et
3161 1541 3281 1597 loco
3316 1557 3443 1611 per-

213 2274 574 2342 χρηματξσαι,
599 2272 741 2328 κατὰ
779 2273 870 2327 τὸν
899 2274 1025 2344 ὅρον
1054 2274 1148 2327 καὶ
1198 2274 1355 2344 λόγον
1396 2275 1488 2328 τοῦ
1543 2276 1795 2328 Ἀποστό-

207 2363 308 2417 λου
318 2403 332 2417 .

284 2454 388 2523 οη’.
421 2453 482 2504 Εί
510 2453 603 2507 καὶ
627 2456 742 2517 τοῖς
773 2453 959 2524 μέλεσι
979 2454 1080 2524 τῆς
1116 2454 1319 2525 σαρκὸς
1343 2454 1674 2524 ὲνεκρώθης,
1699 2455 1795 2508 καὶ

210 2545 313 2616 τὴν
341 2545 516 2615 ψυχὴν
544 2543 918 2615 ὲζωοποιήθης
937 2544 1026 2598 διά
1043 2544 1132 2598 τοῦ
1159 2545 1493 2613 Πνεύματος,
1515 2544 1610 2598 καὶ
1628 2545 1778 2614 ὑπερ

212 2637 366 2705 φυῶν
408 2636 760 2706 χαρισμάτων
811 2636 1049 2705 ῆξιώθης
1096 2636 1203 2688 ἀπὸ
1250 2635 1408 2700 Θεοῦ,
1455 2637 1592 2691 ἀλλὰ
1633 2636 1696 2688 σύ
1730 2653 1794 2703 γε

217 2728 293 2796 μὴ
323 2725 511 2778 ἄνετον
559 2726 726 2797 ἐάσῃς
781 2727 843 2777 τὸ
901 2725 1252 2795 λογιζόμενον
1287 2726 1384 2794 τῆς
1432 2726 1610 2796 ψυχῆς
1661 2742 1789 2778 σου·

214 2818 543 2887 στρέφεσθαι
574 2818 630 2868 δὲ
664 2818 750 2870 ἀεὶ
777 2815 935 2869 τοῦτο
969 2815 1113 2881 ἔθιζε
1145 2817 1275 2886 περὶ
1303 2817 1402 2886 τὴν
1432 2818 1650 2887 μνήμην
1679 2817 1792 2868 τῶν

212 2911 346 2962 ποτέ
382 2927 462 2962 σοι
490 2909 916 2980 ἡμαρτημένων,
955 2908 1050 2961 καὶ
1086 2907 1196 2961 τῶν
1231 2909 1291 2961 ὲν
1323 2908 1397 2978 τῷ
1428 2908 1527 2980 ᾅδῃ
1563 2908 1788 2973 ποινῶν,

221 3003 316 3055 καὶ
344 3002 419 3064 ὡς
454 3002 744 3055 κατάδικον
773 3001 972 3072 νοερῶς
1001 3001 1192 3056 ἑαυτὸν
1224 3000 1498 3055 κατανόει.
1540 2999 1698 3054 Οὕτω
1732 2999 1791 3052 δὲ

218 3095 472 3164 στρέφων
514 3094 572 3146 ὲν
619 3093 828 3156 τούτοις
880 3092 972 3146 τὸν
1009 3092 1156 3160 νοῦν,
1205 3093 1299 3147 καὶ⁵
1339 3090 1483 3147 οὕτω
1511 3089 1792 3146 κατανοῶν

220 3182 437 3246 ἑαυτὸν,
495 3183 958 3251 συντετριμμένον
992 3181 1249 3250 φυλάξεις
1302 3181 1364 3234 τὸ
1409 3179 1647 3248 πνεῦμα,
1697 3180 1792 3236 καί

219 3271 323 3339 τὴν
349 3267 530 3338 πηγὴν
557 3267 851 3337 βλύζουσαν
880 3264 1023 3330 ἕξεις
1048 3264 1151 3333 τῆς
1190 3261 1558 3327 κατανύξεως,
1593 3262 1662 3315 τὰ
1693 3261 1790 3330 τῆς

221 3361 375 3420 θείας
402 3359 621 3428 χάριτος
656 3357 865 3428 ῥεῖθρα,
897 3355 1028 3408 Θεόν
1059 3371 1118 3407 τε
1151 3353 1416 3424 βλέποντα
1461 3353 1541 3416 είς
1574 3352 1655 3416 σὲ,
1700 3355 1794 3405 καὶ

221 3450 436 3504 διδόντα
478 3467 558 3501 σοι
600 3447 822 3517 Πνεῦμα
865 3448 943 3508 εἰς
995 3443 1390 3514 ὲπιστηριγμὺν
1423 3443 1521 3512 τῆς
1569 3443 1795 3511 καρδίας

226 3556 347 3593 σου.

297 3632 391 3686 οϐ’.
425 3629 663 3698 Νηστεία
696 3628 1072 3696 λελογισμένη,
1106 3625 1411 3695 ἀγρυπνίαν
1451 3622 1587 3692 μετά
1640 3622 1797 3691 μελέ-

221 3738 325 3790 της
377 3720 471 3772 καὶ
524 3718 833 3786 προσευχῆς
888 3715 1127 3768 λαϐοῦσα
1180 3715 1540 3782 συνέμπορον,
1585 3711 1795 3781 ταχέως

221 3813 339 3872 τοῖς
367 3812 465 3879 τῆς
495 3808 762 3871 ἀπαθείας
788 3810 934 3877 ὅροις
965 3807 1223 3874 ἐπιϐῆναι
1260 3806 1405 3857 ποιεῖ
1434 3805 1521 3856 τὸν
1557 3805 1794 3874 ἐργάτην

223 3900 417 3970 αὐτῆς,
459 3902 618 3968 ἡνίκα
649 3899 853 3961 τοῦτον,
899 3898 996 3950 καὶ
1042 3899 1140 3969 τὴν
1184 3899 1362 3968 ψυχὴν
1393 3897 1459 3949 δι’
1493 3896 1795 3966 ὑπερϐολὴν

223 3992 625 4057 ταπεινώσεως,
658 3990 1134 4058 καταντλουμένην
1163 3989 1350 4060 ἔχοντα
1379 3991 1490 4052 τοῖς
1533 3989 1795 4059 δάκρυσιν

220 4085 359 4150 ιξει,
389 4086 482 4137 καὶ
513 4085 614 4136 ὑπὸ
648 4084 748 4152 τῆς
774 4084 997 4151 ἀγάπης
1024 4082 1118 4135 τοῦ
1160 4082 1292 4135 Θεοῦ
1326 4083 1791 4152 πυρπολούμενον.

223 4178 320 4240 El;
352 4176 508 4230 τοῦτο
534 4175 590 4228 δὲ
635 4175 880 4238 ἐλθόντα,
930 4174 1067 4244 πρὸς
1105 4174 1203 4243 τὴν
1249 4175 1472 4245 είρήνην
1514 4174 1675 4227 αὐτὸν
1701 4172 1794 4225 τοῦ

223 4266 536 4334 πνεύματος
569 4266 691 4334 ἄγει
719 4264 816 4335 τὴν
841 4263 1018 4317 πάντα
1042 4263 1164 4315 νοῦν
1193 4263 1476 4333 ἐλεύθερον
1501 4262 1795 4334 ὑπερέχου-

223 4375 348 4421 σαν,
385 4359 477 4409 καὶ
507 4356 594 4409 διὰ
617 4359 715 4426 τῆς
744 4354 967 4424 ἀγάπης
997 4355 1107 4407 ἑνοῖ
1131 4354 1206 4424 τῷ
1237 4354 1374 4424 Θεῷ.

298 4453 372 4499 π’.
408 4448 516 4515 Οὐχ
542 4445 684 4499 οὕτω
713 4445 963 4516 βασιλεὺς
1002 4446 1094 4498 ἐπὶ
1111 4443 1236 4518 δόξῃ
1265 4447 1357 4499 καὶ
1381 4445 1624 4515 βασιλείᾳ
1653 4446 1795 4515 μέγα

1887 2267 2089 2336 gentia,
2119 2282 2371 2336 unusque
2398 2282 2520 2322 cum
2550 2282 2615 2324 eo
2636 2267 2733 2322 ﬂat
2764 2269 3013 2338 spiritus,
3045 2263 3195 2340 iuxta
3223 2270 3439 2327 effatum

1887 2367 1941 2412 et
1972 2371 2159 2411 vocem
2194 2359 2465 2426 Apostoli.
3041 2363 3047 2369 ’

1968 2445 2058 2500 78.
2093 2446 2206 2502 Etsi
2239 2448 2498 2505 membris
2550 2451 2734 2506 carnis
2788 2452 3140 2508 mortificatus
3179 2469 3239 2510 es
3265 2494 3279 2520 ,
3324 2456 3465 2509 ani-.

1894 2553 2090 2607 tuaque
2139 2553 2234 2607 per
2269 2539 2530 2608 Spiritum
2571 2542 2900 2608 viviﬁcatus,
2945 2554 2999 2600 et
3051 2556 3442 2616 supernatura-

1889 2630 2030 2686 libus
2078 2629 2237 2686 donis
2294 2633 2594 2689 honoratus
2661 2649 2689 2688 a
2749 2633 2878 2698 Deo,
2933 2652 3002 2691 ne
3053 2645 3235 2693 tamen
3292 2639 3444 2696 sinas

1894 2719 2125 2772 relaxari
2155 2729 2360 2790 partem
2412 2721 2607 2775 animm
2642 2730 2748 2776 tuae
2778 2724 3122 2791 rationalem,
3163 2726 3258 2782 sed
3305 2727 3446 2782 hanc

1894 2811 2184 2865 intendere
2217 2812 2332 2866 sole
2380 2811 2444 2865 ad
2483 2814 2802 2869 memoriam
2855 2815 3197 2887 iniquitatum
3233 2829 3444 2874 tuarum

1889 2899 2258 2967 antiquarum,
2302 2914 2363 2952 ac
2397 2914 2679 2969 poenarum
2721 2903 2942 2966 inferni,
2971 2913 3132 2974 atque
3179 2915 3240 2961 ut
3288 2910 3448 2964 dam-

1887 2997 2072 3042 natum
2106 2999 2156 3045 te
2199 2990 2505 3045 mentaliter
2574 3003 2790 3062 reputa.
2827 2994 2951 3050 llaec
2986 2997 3166 3050 animo
3194 3013 3446 3064 versans,

1891 3078 2005 3133 haec
2032 3078 2100 3133 de
2133 3085 2186 3134 te
2227 3080 2500 3149 cogitans,
2534 3083 2837 3137 contritum
2871 3086 3121 3141 servabis
3167 3087 3444 3158 spiritum.

1886 3179 1939 3224 et
1967 3169 2410 3238 compunctionis
2440 3171 2583 3234 fons.
2616 3173 2812 3227 divinae
2843 3175 3033 3239 gratia:
3065 3174 3265 3230 ﬂuenta
3303 3178 3358 3232 in
3395 3187 3449 3236 te

1885 3261 2114 3327 emittet,
2153 3271 2312 3331 teque
2343 3260 2484 3318 Deus
2510 3264 2783 3333 respiciet,
2812 3273 2863 3320 et
2887 3266 3134 3334 spiritum
3171 3267 3266 3323 tibi
3297 3268 3445 3324 dabit

1887 3351 1955 3406 ad
1992 3353 2384 3408 stabiliendum
2419 3370 2514 3410 cor
2545 3363 2722 3411 tuum.

1965 3635 2050 3687 79.
2082 3632 2358 3702 Jejunium
2390 3629 2738 3697 rationabile,
2771 3631 3014 3701 vigiliam
3044 3647 3168 3688 cum
3213 3633 3442 3688 medita-

1889 3724 2042 3776 tione
2076 3732 2130 3778 et
2156 3723 2407 3777 oratione
2441 3721 2695 3776 comitem
2747 3736 3053 3787 assumens,
3089 3723 3200 3776 cito
3241 3721 3308 3775 ad
3343 3724 3441 3776 im-

1887 3813 2271 3883 passibilitatis
2296 3813 2497 3867 limites
2524 3826 2683 3866 suum
2704 3811 2852 3865 ducit
2874 3812 3201 3880 operarium,
3223 3813 3444 3882 quando

1886 3905 2053 3973 hujus
2088 3904 2325 3956 animam
2389 3902 2591 3970 reperit
2626 3908 2848 3970 propter
2889 3901 3212 3956 bnmilitatis
3254 3917 3442 3957 exces-

1886 4009 2005 4049 sum
2049 3993 2305 4062 lacrymis
2341 3991 2614 4044 madidam
2649 4000 2701 4044 et
2729 4004 2914 4044 amore
2941 3989 3029 4044 Dei
3065 4007 3383 4046 succensam
3415 4011 3430 4059 ;

1885 4095 1939 4139 et
1975 4083 2222 4137 eumdem
2254 4080 2360 4132 huc
2406 4086 2649 4133 evectum
2699 4077 2848 4132 ducit
2902 4079 2967 4131 ad
3005 4095 3186 4148 pacem
3220 4081 3441 4149 spiritus

1888 4183 1995 4239 qua
2030 4183 2184 4222 mens
2212 4165 2392 4220 Omnis
2426 4165 2594 4220 libera
2627 4166 2704 4230 ﬁt,
2743 4180 2808 4221 ac
2844 4179 2940 4235 per
2980 4167 3301 4224 charitatem
3332 4169 3440 4228 Deo

1887 4259 2025 4314 unit.

1957 4435 2044 4490 80.
2073 4431 2186 4489 Non
2219 4435 2291 4488 ita
2336 4448 2526 4502 magna
2556 4433 2720 4486 sentit
2760 4447 2853 4488 rex
2910 4433 2978 4487 de
3015 4434 3184 4502 gloria
3217 4445 3271 4490 et
3322 4452 3439 4490 ma-

221 4539 434 4605 ιρρονεῖ,
470 4536 560 4587 καὶ
597 4537 675 4598 είς
707 4534 904 4606 κράτος
954 4516 1431 4605 ὲναμόρυνὸμενος
1484 4535 1683 4606 χαίρει,
1720 4536 1796 4599 ὡς

1886 4531 2086 4598 justate
2116 4527 2286 4595 regia,
2309 4540 2411 4580 nec
2433 4525 2508 4577 ita
2536 4523 2602 4577 de
2629 4539 2728 4578 sua
2758 4525 2998 4592 potentia
3028 4516 3438 4595 obstupefactus

231 4629 469 4696 μοναχδς
511 4627 602 4677 ἐπὶ
627 4626 809 4694 ψυχῆς
858 4625 1116 4698 ἀπαθείᾳ,
1171 4628 1264 4678 καὶ
1307 4627 1530 4695 δάκρυσι
1568 4627 1796 4678 κατανύ-

223 4715 382 4781 ξεως.
423 4715 480 4768 '0
514 4717 610 4782 μὲν
638 4716 746 4784 γὰρ
778 4716 1294 4786 συμμαραινόμενον
1319 4716 1428 4786 ἔχει
1461 4719 1526 4787 τῇ
1555 4715 1797 4786 βασιλείᾳ

223 4807 291 4859 τὸ
339 4807 628 4877 φρόνημαο
661 4809 688 4860 ό
723 4807 779 4859 δὲ
809 4808 1289 4879 συναπερχομένην
1319 4807 1526 4859 ἐκεῖθεν
1567 4809 1660 4859 καὶ
1701 4807 1797 4876 μέο

219 4914 423 4952 νουσαν
453 4898 569 4965 μετ’
598 4897 938 4967 εὐφροσύνης
965 4898 1064 4966 τὴν
1098 4898 1375 4967 μακαρίαν
1414 4898 1681 4951 ἀπάθειαν
1720 4898 1798 4960 είς

216 4987 566 5064 ἀπεράντους
593 4988 818 5051 αἰῶνας.
860 4982 962 5041 Οἷα
1008 4988 1116 5057 γὰρ
1156 4989 1346 5058 τροχὸς
1385 4989 1547 5056 μέσον
1590 4987 1799 5057 ἀνθρώ-

221 5096 346 5133 πων
378 5079 625 5132 κυλίεται
652 5081 792 5132 κατὰ
816 5078 916 5149 τὴν
945 5079 1228 5147 παροῦσαν
1267 5083 1294 5133 ὁ
1325 5078 1565 5141 τοιοῦτος
1618 5079 1763 5148 ζωήν
1782 5095 1796 5108 ·

223 5168 404 5237 μικρά
434 5169 531 5237 μὲν
557 5171 622 5238 τῇ
664 5172 734 5238 γῇ
770 5170 868 5223 καὶ
891 5172 1003 5233 τοῖς
1033 5171 1090 5223 ὲν
1120 5171 1254 5241 αύτῇ
1303 5171 1683 5242 προσεγγίζων
1713 5170 1800 5222 διὰ

219 5257 328 5325 τὴν
372 5257 617 5326 ἀνάγκην
661 5257 762 5327 τῆς
795 5257 1028 5327 φύσεως,
1056 5259 1178 5323 ὅλος
1206 5260 1261 5313 δὲ
1307 5262 1632 5330 σφαιρειδῶς
1667 5261 1800 5330 πρὶς

220 5349 368 5417 ἀέρα
401 5350 699 5419 φερόμενος
728 5350 939 5420 νοητὸν,
991 5352 1475 5423 ἀνακυκλουμένην
1516 5354 1572 5404 ὲν
1623 5353 1800 5420 ἑαυτῷ

222 5441 389 5512 φέρει
419 5442 518 5510 τὴν
572 5443 747 5514 ἀρχὴν
795 5443 932 5512 πρὸς
978 5445 1038 5496 τὸ
1093 5443 1265 5508 τέλος,
1303 5445 1398 5497 καὶ
1437 5446 1505 5498 τὰ
1542 5445 1654 5514 εἴδη
1695 5446 1800 5497 τῶν

221 5533 587 5605 χαρισμάτων
617 5535 1072 5606 ἐγκεκολαμμένα
1102 5537 1181 5604 τῷ
1218 5536 1464 5606 στεφάνῳ
1484 5536 1584 5606 τῆς
1613 5551 1802 5590 ταπει-

224 5623 467 5690 νώσεως.
505 5619 575 5696 ᾯ
618 5627 714 5680 καὶ
755 5627 1036 5698 πλήθουσά
1063 5628 1179 5680 ἐστι
1223 5629 1501 5701 τράπεζα,
1532 5630 1565 5699 ἡ
1599 5629 1801 5699 θεωρία

228 5715 338 5768 τῶν
379 5715 578 5769 ὄντων’
638 5716 790 5786 πόμα
839 5718 916 5783 δὲ,
964 5718 992 5768 ὁ
1038 5717 1251 5787 κρατὴρ
1296 5718 1394 5788 τῆς
1450 5719 1636 5788 σοφίας
1664 5735 1678 5748 ο
1711 5721 1802 5772 καὶ

227 5809 559 5872 ἀνάπαυσις.
592 5811 620 5861 ὁ
647 5808 797 5871 Θεός.

604 5920 861 5978 Panos.
904 5917 1016 5975 Gn.
1054 5912 1226 5973 CXX.

1896 4622 2112 4690 gaudet,
2148 4631 2308 4686 quam
2347 4615 2648 4669 monachus
2682 4615 2747 4669 de
2783 4615 3214 4684 impassibilitate
3249 4619 3444 4673 animae

1894 4712 2261 4782 lacrymisque
2314 4707 2776 4774 compunctionis.
2829 4706 3038 4759 Etenim
3086 4707 3178 4763 ille
3222 4710 3441 4777 quidem

1889 4805 2115 4874 gloriam
2138 4800 2298 4854 habet
2325 4799 2484 4851 simul
2507 4812 2630 4850 cum
2663 4796 2965 4850 diademate
2990 4810 3439 4862 marcescentem,

1899 4895 1987 4947 hic
2023 4905 2151 4946 vero
2211 4887 2427 4942 felicem
2491 4885 2654 4938 habet
2715 4883 3207 4952 impassibilitatem
3249 4889 3316 4941 ab
3359 4890 3445 4943 bis

1893 4984 2056 5038 terris
2109 4982 2377 5048 inceptam
2430 4986 2484 5030 et
2532 4990 2655 5029 cum
2692 4974 2889 5042 gaudio
2931 4989 3346 5042 permansuram
3392 4981 3447 5032 in

1896 5075 2105 5130 inﬁnita
2158 5069 2379 5125 sarcula.
2428 5066 2499 5121 Ut
2546 5076 2662 5119 rota
2716 5065 2860 5119 inter
2907 5064 3159 5121 homines
3211 5069 3450 5124 volvitur

1896 5163 2207 5235 huiusmodi
2243 5160 2326 5215 vir
2354 5161 2409 5212 in
2438 5158 2695 5228 praesenti
2736 5157 2840 5208 vita
2868 5173 2883 5215 ;
2924 5157 3204 5224 paululum
3227 5160 3447 5228 quidem

1897 5267 2097 5311 terram
2133 5263 2186 5309 et
2236 5268 2298 5307 ea
2337 5265 2458 5320 quae
2494 5249 2547 5301 in
2580 5263 2643 5300 ea
2699 5255 2827 5300 sunt
2876 5248 3189 5318 pertingens
3230 5261 3452 5318 propter

1896 5363 2107 5405 natura:
2136 5345 2547 5403 necessitatem,
2584 5349 2730 5394 totus
2767 5351 2896 5393 vero
2927 5337 2982 5390 in
3010 5353 3136 5392 aere
3182 5340 3449 5409 spirituali

1898 5438 2345 5497 circumvolutus,
2392 5433 2552 5487 habet
2603 5431 2662 5483 in’
2706 5430 2888 5498 seipso
2921 5428 3249 5499 principium
3288 5430 3448 5486 finem

1899 5529 2204 5586 circulatim
2253 5535 2532 5595 appetens,
2570 5531 2623 5574 et
2657 5519 2923 5588 imagines
2953 5518 3348 5575 charismatum
3391 5522 3448 5575 iu

1903 5620 2230 5677 humilitatis
2253 5631 2456 5672 corona
2487 5613 2731 5666 caelatas.
2766 5609 2844 5663 llli
2876 5624 3062 5664 mensa
3109 5620 3190 5664 est
3222 5611 3446 5674 referta,

1905 5712 2116 5768 theoria
2152 5711 2404 5773 entium;
2451 5704 2707 5775 poculum
2753 5716 2881 5755 vero
2940 5699 3079 5755 calix
3137 5701 3449 5771 sapientia;

1905 5815 1958 5860 ct
1993 5803 2236 5872 requies,
2273 5800 2436 5854 Deus.

3062 5885 3132 5944 30
