4124 6338
687 336 796 401 933
1910 334 1957 391 N
1973 330 2209 393 lCET/E
2248 330 2664 395 PECTORATI
3818 337 3927 401 9‘0

761 450 851 504 8|.
880 448 980 515 Qui
1032 446 1320 501 laboribus
1356 445 1614 499 virtutum
1668 458 1789 499 sese
1820 440 2168 503 ultro'dedit,
2199 448 2251 495 et

2418 450 2530 496 ια’.
2568 442 2628 492 ⁸0
2656 444 2839 504 πόνοις
2860 444 3069 512 άρετῶν
3089 446 3277 500 ἑαυτὸν
3303 448 3563 512 ἑκουσίως
3586 450 3797 515 ἐκδοὺς,
3827 452 3917 506 καὶ

690 542 815 596 vitae
866 540 1119 595 asceticae
1167 552 1385 592 cursum
1441 539 1695 589 ardenter
1742 536 1983 606 peragit,
2040 532 2251 603 magnis

2347 528 2437 584 τὸν
2461 528 2562 601 τῆς
2577 530 2866 603 ἀσκήσεως
2886 534 3085 603 δρόμον
3103 537 3431 609 θερμότερον
3452 540 3709 609 ἐξανύων,
3739 542 3914 611 μεγά-

688 632 1009 688 muneribus
1045 646 1074 685 a
1111 630 1223 684 Deo
1247 630 1446 699 dignus
1474 626 1725 683 habetur.
1753 624 1891 681 Hinc
1925 626 1979 679 in
2008 625 2248 680 medium

2346 618 2453 688 λων
2480 620 2729 687 ἀξιοῦται
2758 624 2865 677 άπὸ
2892 626 3027 679 Θεοῦ
3057 627 3294 698 δωρεῶν.
3327 629 3518 685 Ἔνθεν
3550 651 3631 687 τοι
3664 636 3758 688 καὶ
3779 636 3917 704 πρὸς

688 722 1072 792 progrediens,
1131 720 1197 773 ad
1247 719 1461 774 divinas
1510 717 1872 773 revelationes
1908 724 1963 771 et
2008 715 2251 768 visiones

689 818 864 878 venit,
908 830 972 868 ac
1004 822 1217 867 tantum
1256 810 1470 866 lucidus
1501 820 1554 866 et
1588 812 1811 880 sapiens
1847 809 1923 873 iit,
1973 814 2247 876 quantum

689 907 846 961 labor
896 921 1127 975 agonum
1180 905 1229 959 ei
1295 914 1561 975 augetur;
1629 912 1895 975 quantum
1947 909 2126 953 autem
2183 896 2248 952 ad

690 996 1168 1065 contemplationis
1220 994 1430 1065 apicem
1485 995 1753 1057 ascendit,
1785 1000 1938 1046 tanto
1986 989 2247 1059 majorem

687 1091 745 1143 in
779 1105 838 1144 se
873 1094 1181 1143 commovet
1225 1086 1549 1141 infestorum
1594 1082 2201 1159 daemonum-invidiam
2235 1096 2251 1136 :

690 1201 795 1239 non
853 1190 1080 1255 possunt
1122 1183 1265 1235 enim
1311 1180 1418 1234 nisi
1471 1194 1616 1249 aegre
1657 1178 1844 1232 videre
1879 1178 2157 1231 hominem
2192 1174 2249 1227 in

688 1278 865 1347 angeli
917 1286 1166 1330 naturam
1211 1271 1689 1333 transformatum,
1743 1270 1903 1338 cujus
1934 1270 2010 1322 rei
2070 1269 2245 1339 gratia

690 1383 907 1427 acutum
936 1368 1376 1441 prmsnmplionis
1404 1368 1854 1421 telumadversus
1878 1380 2001 1418 cum
2034 1373 2250 1433 parant.

685 1468 753 1519 Et
785 1465 830 1519 si
863 1465 1046 1516 dolum
1077 1461 1409 1527 intelligens,
1452 1459 1507 1514 in
1542 1456 1870 1511 humilitatis
1906 1470 2090 1509 arcem
2129 1471 2161 1525 p
2198 1470 2252 1507 r-

691 1555 861 1625 ingiat
892 1554 1110 1610 sibimet
1143 1550 1411 1612 dimdens,
1437 1548 1649 1615 aufugit
1679 1546 1949 1616 superbiae
1969 1546 2250 1618 abyssum,

689 1656 745 1699 et
775 1646 828 1697 in
862 1653 1078 1713 portum
1112 1641 1301 1695 salutis
1333 1640 1644 1694 deducitur.
1687 1636 1742 1692 Si
1773 1653 1898 1691 vero
1926 1655 2055 1703 non,
2090 1655 2251 1691 econ-

2345 708 2406 762 τὸ
2434 710 2598 780 μέσον
2631 713 2977 784 προκόπτων,
3006 718 3087 781 είς
3124 718 3275 784 θείας
3299 723 3670 793 ἀποκαλύψεις
3698 728 3793 779 καὶ
3816 728 3915 781 ὀπ-

2342 800 2538 865 τασίας
2565 801 2814 873 ἔρχεται·
2849 806 2944 859 καὶ
2996 809 3248 863 τοσοῦτον
3321 811 3441 877 ὅλος
3487 816 3781 887 φωτοειδὴς
3822 818 3914 873 καὶ

2346 892 2507 963 σοφὸς
2529 894 2757 962 γίνεται,
2790 896 2900 969 δσῳ
2933 898 3026 953 καὶ
3062 901 3171 955 τῶν
3200 902 3457 971 ἀγνώνων
3498 907 3647 977 αὐτῷ
3674 911 3701 963 ὀ
3736 908 3913 978 κάμα-

2343 999 2434 1048 τος
2462 986 2787 1041 ἐπιτείνεται
2807 1003 2821 1017 ·
2869 990 2992 1044 ὅσον
3029 990 3086 1044 δέ
3113 991 3250 1062 πρὸς
3278 993 3413 1062 ὕψος
3453 997 3739 1069 ἀνέρχεται
3776 999 3911 1053 θεω·

2345 1078 2489 1150 ρίας,
2522 1078 2773 1134 τοσοῦτον
2816 1086 2909 1136 καὶ
2940 1084 3031 1137 τὸν
3061 1085 3451 1163 φθόνονιπολὺν
3501 1089 3611 1143 τῶν
3649 1090 3911 1163 ὀλεθρίων

2341 1167 2611 1238 δαιμόνων
2678 1171 2878 1241 ἐγείρει
2930 1174 3048 1227 κατ’
3105 1154 3294 1230 αὑτοῐί.
3354 1177 3487 1231 Οὐδὲ
3543 1177 3649 1250 γὰρ
3718 1154 3912 1252 cpi-pov-

2346 1273 2430 1308 σιν
2488 1260 2621 1329 ὀρᾷν
2681 1259 2965 1331 ἄνθρωπον
3028 1264 3106 1327 είς
3163 1264 3397 1335 ἀγγέλου
3445 1267 3607 1337 φύσιν
3647 1271 3914 1341 μεταδαλ·

2346 1347 2567 1418 λόμενον
2592 1366 2607 1379 -
2637 1344 2696 1403 οὗ
2717 1352 2876 1421 χάριν
2902 1353 2995 1406 καὶ
3024 1352 3323 1425 λεληθότως
3352 1355 3414 1410 es
3442 1356 3535 1423 ὀξὺ
3560 1360 3659 1429 τῆς
3684 1362 3912 1431 οἰήσεως

2347 1438 2499 1509 βέλος
2532 1440 2756 1511 θήγουσι
2786 1447 2905 1497 κατ’
2934 1443 3121 1499 αὑτοῦ.
3156 1447 3267 1501 Καὶ
3296 1450 3343 1502 εί
3380 1449 3477 1519 μὲν
3499 1449 3590 1504 τὸν
3609 1452 3761 1507 δόλον
3791 1471 3914 1509 συν-

2345 1532 2422 1595 εὶς
2451 1532 2527 1602 τῷ
2556 1533 2870 1605 ὀχυρώματι
2906 1536 3199 1609 προσερύγῃ
3247 1538 3348 1609 τῆς
3376 1542 3778 1609 ταπεινώσεως,
3813 1561 3912 1599 κα-

2342 1626 2573 1691 ταγνοὺς
2602 1626 2816 1692 ἑαυτοῦ,
2850 1628 3107 1697 ἐκφεύγει
3137 1630 3226 1683 τὸν
3250 1630 3350 1699 τῆς
3377 1630 3755 1704 ὑπερηφανίας
3794 1635 3909 1690 6h-

693 1744 775 1787 tra
810 1744 1092 1802 correptus
1123 1747 1152 1785 a
1189 1731 1319 1794 Deo,
1347 1730 1631 1799 spiritibus
1674 1729 1907 1783 traditur
1944 1728 2251 1780 vindicibus

2346 1713 2493 1783 θρον,
2530 1716 2622 1769 καὶ
2649 1719 2729 1781 είς
2760 1718 2985 1789 λιμένας
3011 1722 3291 1790 εἰσάγεται
3322 1725 3617 1795 σωτηρίας.
3646 1725 3708 1779 Εί
3731 1727 3776 1781 δ’
3796 1723 3908 1794 οὖν,

691 1830 757 1881 ad
798 1824 1225 1880 inroluntariatn
1284 1822 1721 1889 caSIigntionem',
1759 1819 1887 1887 quia
1943 1818 2251 1871 voluntaria

688 1936 751 1975 se
777 1935 884 1972 non
914 1916 1160 1987 probavit
1194 1936 1205 1968 :
1235 1914 1323 1969 isti
1346 1922 1527 1965 autem
1554 1911 1781 1979 spiritus
1810 1910 2088 1964 libidinosi
2125 1917 2255 1964 sunt

690 2018 744 2063 et
782 2006 1050 2068 carnales,
1079 2005 1341 2074 pravique
1368 2013 1422 2057 et
1453 2000 1701 2056 iracundi
1732 2018 1746 2055 :
1783 2004 1877 2069 qui
1921 2000 2145 2067 quidem
2181 2001 2254 2069 ip-

691 2111 810 2152 sum
840 2095 1132 2149 humiliant
1160 2093 1364 2147 amaris
1416 2092 1735 2159 impetibus.
1766 2091 1941 2145 donec
1976 2092 2251 2161 propriam

698 2196 959 2259 agnoscat
1008 2186 1398 2245 inﬁrmitatem,
1444 2199 1495 2239 et
1535 2193 1730 2253 questu
1765 2194 2032 2237 tormenta
2068 2186 2249 2252 pellat,

691 2295 754 2335 at:
778 2278 927 2332 dicat
950 2278 1067 2348 ipse
1095 2292 1219 2331 cum
1258 2277 1458 2330 David:
1505 2296 1522 2327 ‹
1564 2276 1771 2329 Bonum
1810 2276 1953 2329 mihi.
1983 2279 2109 2345 quia
2152 2282 2254 2333 hu-

692 2369 914 2425 miliastl
949 2385 1057 2437 tne,
1091 2380 1148 2424 ut
1177 2368 1383 2424 discam
1413 2369 1839 2436 jttstilicutioues
1872 2378 1994 2422 tuas
2015 2370 2083 2423 ⁸⁵.
2122 2391 2141 2422 ι

762 2634 851 2691 82.
884 2633 1025 2688 Deus
1057 2648 1164 2687 non
1209 2631 1324 2686 vult
1354 2646 1453 2687 nos
1476 2646 1597 2687 esse
1624 2644 1839 2700 semper
1862 2630 2254 2700 cupiditatibus

686 2727 1035 2792 humiliatos,
1074 2726 1271 2796 hisque
1310 2725 1790 2794 persequentibus,
1845 2726 2093 2795 leporum
2132 2740 2255 2789 esse

692 2823 920 2887 similes,
964 2824 1251 2892 ipsumque
1298 2821 1503 2876 habere
1550 2832 1755 2875 tantum
1804 2829 1862 2875 ut
1904 2831 2116 2891 petram
2170 2836 2256 2877 re-

689 2917 852 2988 ‘t‘ugii,
904 2923 1036 2970 tunc
1086 2913 1231 2968 enim
1277 2928 1384 2966 non
1440 2912 1709 2966 dixisset:
1757 2930 1775 2963 ι
1810 2910 1921 2981 Ego
1966 2913 2125 2967 dixi:
2172 2912 2255 2967 Dii

697 3009 856 3071 estis,
890 3015 945 3061 et
976 3005 1068 3059 lilii
1102 3004 1311 3059 Excelsi
1337 3018 1529 3057 omnes
1558 3002 1637 3066 “;
1671 3020 1689 3053 ι
1732 3003 1827 3058 sed
1856 3006 2015 3057 etiam
2051 3014 2109 3056 ut
2137 3018 2254 3058 eer-

2347 1804 2454 1856 αλλ’
2490 1808 2921 1878 ἐγκαταληφθεὶς
2970 1810 3209 1878 ἄνωθεν,
3248 1812 3553 1883 πνεύμασιν
3604 1806 3910 1881 ἐξαιτοῦσιν

2345 1898 2609 1951 ἐκδίδοται
2657 1901 2737 1962 είς
2763 1901 3015 1954 ἀκούσιον
3049 1903 3360 1967 παίδευσιν,
3402 1906 3523 1959 ἐπεὶ
3554 1908 3629 1977 μὴ
3657 1912 3721 1979 τῇ
3749 1911 3909 1965 ἐκου-

2349 1989 2449 2059 σίῳ
2493 1989 2685 2043 ἑαυτὸν
2714 1990 3005 2063 ἐδοκίμασε
3027 2010 3040 2024 ·
3072 1994 3139 2047 τά
3173 1994 3228 2046 δέ
3263 1996 3368 2048 είσι
3410 1996 3666 2066 φιλήδονα
3698 2002 3791 2053 καὶ
3824 2017 3909 2070 φι-

2349 2078 2608 2150 λόσαρκα,
2659 2085 2870 2152 πονηρὰ
2906 2084 3001 2137 καὶ
3049 2083 3272 2156 θυμὼδη
3295 2100 3310 2114 ·
3365 2085 3401 2140 ἃ
3440 2090 3530 2141 καὶ
3566 2090 3909 2147 ταπεινοῦσιν

2350 2172 2513 2226 αὑτὸν
2547 2176 2666 2237 ταῖς
2694 2176 2982 2245 ἐπιφοραῖς
3014 2177 3271 2247 δριμέως,
3302 2179 3407 2243 ἓως
3453 2173 3514 2233 οὖ
3567 2182 3773 2254 ἐπιγνῷ
3811 2185 3908 2256 τὴν

2347 2263 2549 2316 οἰκείαν
2606 2264 2906 2328 ἀσθένειαν,
2944 2269 3035 2317 καὶ
3069 2266 3363 2338 θρηνήσας,
3394 2269 3644 2343 amona“
3686 2272 3786 2344 τὴν
3815 2274 3907 2344 βά-

2350 2371 2503 2407 σανον
2524 2373 2537 2385 ν
2568 2356 2662 2409 καὶ
2694 2356 2823 2426 εῐπῃ
2861 2358 2998 2427 μετὰ
3026 2356 3119 2410 τοῦ
3150 2359 3310 2412 Δαὸὶδ
3332 2359 3427 2412 καὶ
3451 2359 3613 2424 αὑτός
3631 2375 3645 2391 ·
3684 2380 3703 2414 ι
3747 2364 3908 2432 ’Δγα-

2347 2445 2435 2497 θόν
2469 2463 2578 2514 μοι,
2612 2447 2694 2500 δτι
2723 2447 3093 2513 ἐταπείνωσάς
3136 2466 3226 2520 με,
3257 2450 3406 2512 ὅπως
3433 2449 3498 2503 ἂν
3539 2452 3697 2521 μάθω
3727 2454 3796 2508 τα
3828 2454 3905 2509 δι-

2346 2534 2637 2601 καιώματά
2665 2552 2781 2590 σου.
2823 2555 2840 2587 ι

2416 2625 2524 2695 πβ’.
2573 2627 2629 2681 '0
2654 2628 2785 2691 Θεὸς
2818 2628 2879 2679 οὐ
2908 2628 3155 2699 βούλεται
3185 2630 3331 2700 ἡμᾶς
3366 2626 3641 2697 εἶναιτοῖς
3679 2634 3905 2691 πάθεσιν

2346 2718 2434 2772 ἀεὶ
2460 2721 2763 2783 ταπεινοὺς,
2797 2722 2889 2773 καὶ
2931 2720 3021 2773 ὑπ’
3049 2721 3225 2774 αὐτῶν
3276 2723 3634 2798 διωκομένους
3685 2726 3762 2790 ὡς
3810 2728 3904 2781 λα-

2345 2813 2520 2883 “yqu;
2541 2811 2815 2880 γενέσθαι,
2836 2814 2928 2866 καὶ
2942 2812 3144 2866 τιθέναι
3168 2815 3371 2886 πέτραν
3392 2816 3712 2889 καταφυγὴν
3747 2822 3907 2890 μόνον

2348 2900 2534 2956 αὐτόν·
2567 2903 2687 2954 ἐπεὶ
2716 2903 2816 2955 οὐκ
2851 2903 2916 2957 ἂν
2954 2898 3140 2956 εῐπενῖ
3194 2924 3212 2957 ι
3258 2905 3397 2974 Ἐγὼ
3438 2903 3566 2962 εῐπα
3596 2910 3721 2964 Geel
3760 2915 3905 2980 ἐστὶ,

2347 2994 2441 3046 καὶ
2470 2994 2576 3046 υἱοὶ
2619 2994 2866 3063 Ὑψίστου
2918 2996 3140 3060 πάντες,
3173 3015 3191 3048 ι
3229 2997 3361 3052 ἀλλὰ
3409 3000 3623 3065 καὶιὼς
3676 3002 3905 3071 ἐλάφους

711 3116 808 3154 vos
835 3099 902 3153 ad
929 3098 1066 3152 altos
1098 3096 1476 3151 mandatorum
1511 3110 1733 3149 suorum
1757 3105 1969 3149 montes
2008 3110 2249 3162 currere,

2347 3084 2438 3134 ἐπὶ
2467 3085 2532 3136 τὰ
2560 3084 2661 3149 δρη
2692 3087 2758 3138 τά
2790 3087 2967 3151 ὑψηλὰ
2993 3088 3100 3139 τῶν
3121 3084 3283 3140 αὐτοῦ
3313 3089 3538 3144 ἐντολῶν
3565 3093 3903 3157 ἀνατρέχειν,

692 3201 746 3246 et
777 3193 1119 3244 vehementer
1137 3186 1291 3241 sitire
1311 3188 1459 3240 vivas
1479 3184 1712 3253 Spiritus
1743 3200 1944 3254 aquas;
1976 3195 2032 3239 ut
2056 3200 2251 3254 quem-

695 3282 983 3336 admodum
1042 3278 1187 3333 ccrvi
1244 3277 1561 3331 naturaliter
1620 3280 1831 3346 reptilia
1874 3278 2250 3341 comedentes,

695 3374 874 3427 calore
907 3387 969 3426 ex
1004 3370 1164 3439 longo
1195 3386 1357 3424 cursu
1388 3380 1507 3422 orto
1551 3384 1875 3422 venenosam
1918 3371 2251 3437 serpentium

696 3478 945 3521 naturam
987 3465 1037 3517 in
1073 3464 1263 3527 fetum,
1310 3473 1368 3515 ut
1414 3462 1705 3531 perhibent
1756 3463 1867 3531 (vix
1916 3463 2254 3528 credibile!)

694 3563 1040 3617 convertunt,
1070 3554 1206 3606 nihil
1244 3553 1368 3605 inde
1407 3564 1800 3605 nocumentum
1838 3552 2143 3619 patientes;
2181 3550 2254 3603 ita

694 3654 748 3700 et
781 3660 879 3697 nos
916 3657 1130 3695 omnem
1165 3639 1485 3710 cupiditatis
1525 3640 1912 3709 cogitationem
1952 3642 2006 3693 in
2052 3640 2255 3693 intelli-

696 3736 888 3807 gentite
922 3736 1042 3788 alvo
1065 3734 1333 3801 captivam
1381 3732 1765 3800 suscipientes,
1818 3731 2034 3785 ardenti
2083 3746 2251 3786 cursu

699 3830 1076 3882 mandatorum
1098 3826 1190 3879 Dei
1217 3834 1263 3879 el
1292 3826 1492 3879 virtute
1518 3822 1752 3892 Spiritus
1777 3825 1953 3877 sancti
1983 3822 2252 3877 transfor-

698 3933 903 3971 ntemns
933 3933 1049 3969 eam
1074 3918 1125 3969 in
1160 3915 1563 3969 benevolentem
1597 3929 1660 3967 ac
1694 3914 1988 3968 salutarent
2032 3915 2255 3969 virtutis

696 4012 929 4078 praxim,
985 4010 1172 4076 sicque
1220 4022 1434 4061 omnem
1478 4006 1861 4075 cogitationem
1914 4020 2007 4073 per
2045 4008 2251 4075 praxim

698 4104 963 4167 sumit-ere
995 4100 1275 4152 rideamur
1308 4099 1360 4149 in
1392 4097 1756 4150 obedientiam
1791 4097 2021 4152 Christi.
2079 4099 2255 4166 Supe-

698 4208 806 4243 i-zor
837 4192 977 4243 enim
1016 4192 1253 4242 mundus
1288 4206 1392 4242 non
1429 4192 1782 4244 terrestribus
1828 4202 1881 4245 et
1920 4191 2253 4260 itnperfeCtis

2344 3171 2436 3225 καὶ
2464 3171 2933 3241 διψητικωτάτους
2951 3174 3194 3243 γίνεσθαι
3219 3176 3329 3230 τῶν
3351 3175 3627 3241 ζωοποιῶν
3653 3179 3910 3248 ναμάτων

2341 3264 2431 3316 τοῦ
2495 3263 2848 3332 Πνεύματος’
2883 3265 2969 3319 ἵνα
3019 3265 3270 3336 καθάπερ
3323 3268 3527 3321 ἐκεῖναι
3576 3267 3737 3336 φύσει
3786 3269 3911 3334 τοὺς

2339 3355 2489 3421 ὄφεις
2519 3355 2794 3408 ὲσθίουσαι
2824 3359 2888 3425 τῇ
2923 3358 2985 3408 ἐκ
3014 3356 3106 3408 τοῦ
3148 3357 3340 3410 πολλλοῦ
3372 3359 3572 3428 δρόμου
3610 3359 3909 3429 θερμότητι

2337 3446 2434 3515 τὴν
2469 3445 2671 3499 ἰοϐόλον
2697 3446 2857 3515 φύσιν
2891 3447 2998 3500 τῶν
3026 3447 3204 3517 ὄφεων
3230 3450 3311 3512 είς
3339 3450 3535 3520 μόσχον
3561 3451 3905 3520 παραδόξως,

2340 3537 2413 3601 ῶς
2450 3556 2614 3605 φασι,
2652 3540 3031 3608 μεταποιοῦσι,
3060 3541 3224 3612 μηδὲν
3254 3542 3465 3595 ἐκεῖθεν
3494 3542 3863 3613 βλαπτόμεναι
3889 3559 3903 3575 ·

2337 3629 2476 3681 οὕτω
2509 3630 2601 3681 καὶ
2628 3631 2788 3697 ἡμεῖς
2816 3630 2989 3683 πάντα
3015 3630 3274 3700 λογισμὸν
3297 3631 3602 3701 ἐμπαθείας
3631 3635 3687 3685 ἐν
3708 3634 3905 3703 γαστρὶ

2335 3720 2573 3784 διανοίας
2602 3722 2900 3790 δεχόμενοι,
2933 3722 3011 3793 τῷ
3046 3724 3278 3794 ἐμπύρῳ
3302 3724 3486 3795 δρόμῳ
3516 3724 3623 3777 τῶν
3649 3725 3741 3777 τοῦ
3768 3723 3904 3779 Θεοῦ

2334 3812 2580 3879 ἐντολῶν,
2600 3813 2693 3866 καὶ
2719 3816 2784 3884 τῇ
2817 3815 3039 3883 δυνάμει
3063 3815 3154 3868 τοῦ
3186 3815 3496 3879 Πνεύματος
3517 3818 3905 3886 μεταποιῶμεν

2333 3904 2400 3955 δι’
2450 3905 2825 3973 αίχμαλωσίας
2858 3907 2937 3969 είς
2984 3905 3156 3977 εὐώδη
3209 3908 3302 3959 καὶ
3352 3908 3668 3979 σωτηριὼδη
3704 3914 3901 3980 πρᾶξιν

2331 3995 2430 4063 τῆς
2477 3993 2701 4063 ἀρετῆς,
2735 3995 2906 4071 ὠςιᾶν
2948 4000 3053 4049 πᾶν
3105 3997 3282 4065 νόημα
3326 4000 3747 4069 αἰχμαλωτίζειν
3779 4020 3904 4069 φαι-

2331 4084 2577 4151 νοίμεθα,
2599 4086 2687 4137 διὰ
2719 4087 2987 4155 πράξεως,
3020 4089 3100 4149 εἰς
3128 4088 3224 4157 τὴν
3254 4089 3500 4157 ὑπακοὴν
3519 4088 3611 4141 τοῦ
3638 4091 3895 4158 Χριστοῦ.

2346 4174 2403 4227 Ὀ
2425 4174 2532 4245 γὰρ
2555 4177 2665 4230 ἄνω
2678 4178 2900 4247 κόσμος,
2924 4181 2982 4231 οὺ
3004 4180 3089 4231 διὰ
3106 4181 3302 4250 χοῖκῶν
3326 4180 3417 4232 καὶ
3437 4180 3640 4233 ἀτελῶν
3669 4181 3899 4251 ἀνδρῶν,

699 4284 1029 4345 hominibus,
1067 4282 1160 4335 sed
1193 4282 1462 4350 spirituali
1507 4293 1558 4335 ct
1596 4281 1851 4349 perfectis
1881 4294 1935 4336 et
1985 4284 2037 4337 in
2075 4287 2250 4337 virum

2342 4268 2464 4321 Ξιλλὰ
2505 4270 2592 4323 διὰ
2634 4271 3020 4341 πνευματικῶν
3070 4274 3162 4355 καὶ
3197 4273 3439 4337 τελείων,
3485 4273 3578 4325 καὶ
3620 4275 3697 4335 είς
3731 4274 3898 4343 ἄνδρα

696 4375 993 4443 perfectum
1042 4374 1392 4440 plenitudinis
1421 4374 1620 4427 Christi
1674 4378 2099 4431 occurrentibus
2151 4380 2254 4430 itu-

2342 4362 2528 4414 τέλειον
2551 4364 3072 4433 άναδεδραμηκότων
3113 4364 3204 4418 τοῦ
3243 4363 3612 4434 πληρώματος
3643 4365 3736 4418 τοῦ
3767 4367 3901 4436 Χρι-

698 4466 829 4531 pleri
869 4465 1050 4517 debet.

763 4556 849 4609 85.
878 4554 977 4620 Qui
1012 4557 1153 4609 circa
1199 4571 1361 4608 unum
1396 4566 1449 4608 et
1482 4556 1621 4609 idem
1660 4567 1933 4621 versatur,
1978 4573 2078 4611 nec
2110 4558 2247 4611 ulte-

698 4649 813 4701 rius
848 4649 1045 4701 moveri
1074 4649 1206 4711 Vult,
1239 4647 1432 4702 similis
1485 4661 1571 4702 est
1622 4650 1768 4703 mulo
1810 4651 1904 4719 qui
1948 4652 2252 4704 mat-lunam

694 4741 884 4792 eodem
920 4757 1129 4808 semper
1157 4743 1353 4793 circuit
1382 4740 1530 4794 orbe.
1565 4739 1665 4805 Qui
1701 4743 1846 4794 enim
1884 4756 2101 4810 semper
2133 4758 2254 4794 ear-

698 4849 819 4885 tn-tn
852 4842 1075 4900 pugnat,
1116 4841 1169 4885 ct
1196 4832 1296 4884 soli
1344 4844 1497 4885 vacat
1542 4838 1790 4901 corporis
1840 4830 2243 4900 cxicrcitatiOni,

698 4938 792 4991 per
822 4936 1035 4974 omnem
1064 4922 1367 4975 cruciatum
1404 4924 1577 4976 inscio
1623 4926 1727 4978 sibi
1786 4941 2042 4993 magnum
2087 4926 2255 4981 infert

693 5020 974 5077 damnum,
1008 5015 1134 5081 quia
1170 5031 1275 5066 non
1324 5017 1687 5084 consequitur
1715 5017 1912 5071 divina:
1949 5020 2253 5073 voluntatis

694 5108 1049 5172 propositum.
1093 5106 1225 5159 Nam
1268 5127 1284 5158 ι
1318 5113 1618 5179 corporalis
1646 5115 1973 5167 exercitatio
2018 5120 2084 5167 ad
2121 5132 2239 5169 mo-

694 5197 873 5248 dicum
913 5199 1061 5251 utilis
1105 5211 1206 5260 est,
1238 5221 1253 5251 ι
1286 5202 1442 5267 juxta
1493 5203 1676 5257 divum
1712 5205 1936 5258 Paulum
1962 5208 2029 5273 ⁸⁷,
2072 5208 2251 5261 donec

698 5288 874 5339 luteus
906 5288 1088 5339 carnis
1114 5302 1309 5343 sensus
1339 5293 1685 5361 demergatur
1718 5298 2052 5362 paenitentia:
2077 5298 2252 5349 liuen-

700 5375 789 5436 tis,
827 5384 879 5428 et
911 5376 1116 5431 \‘iviliea
1155 5382 1385 5448 spiritus
1437 5385 1786 5438 tuortiiicatio
1814 5389 2061 5455 corporis
2103 5405 2252 5441 utor-

700 5466 981 5520 tiﬂcationi
1016 5471 1266 5539 addatur,
1299 5484 1352 5528 et
1380 5476 1463 5529 lex
1498 5480 1728 5546 spiritus
1758 5490 1949 5548 regnet
1976 5481 2028 5533 in
2061 5488 2250 5534 nostra

697 5570 859 5610 carne
892 5566 1122 5616 mortali.
1157 5564 1334 5621 Pietas
1364 5576 1545 5622 autem
1582 5574 1797 5635 animae,
1831 5590 1991 5641 quam
2023 5576 2251 5629 scientia

2291 4453 2476 4515 υστοῦ,
2512 4454 2865 4525 πληρωθῆναι
2897 4456 3085 4509 δεῖται.

2414 4568 2523 4626 πγ’.
2570 4562 2627 4611 '0
2665 4562 2749 4613 ἀεὶ
2807 4563 2933 4630 περὶ
2989 4564 3049 4613 τὸ
3097 4563 3227 4615 αὐτὸ
3258 4563 3643 4630 στρεφόμενος,
3692 4562 3790 4613 mi.
3840 4559 3912 4632 μὴ

2344 4653 2673 4721 πορρωτέρω
2708 4656 2993 4724 κινηθῆναι
3043 4654 3386 4723 βουλόμενος,
3432 4655 3641 4722 ἡμιόνῳ
3670 4653 3751 4722 τῷ
3783 4670 3912 4724 περι

2339 4744 2437 4811 τὴν
2478 4744 2724 4813 μηχανὴν
2753 4745 2843 4796 ἐπὶ
2872 4746 2932 4797 τὸ
2972 4745 3103 4797 αὐτὸ
3132 4743 3435 4812 κινουμένῳ
3469 4742 3669 4796 ἔοικεν.
3717 4744 3775 4797 '0
3804 4744 3912 4813 γάρ

2340 4835 2425 4886 ἀεὶ
2459 4836 2767 4904 μαχόμενος
2790 4838 2851 4905 τῇ
2885 4836 3067 4905 σαρκὶ,
3097 4835 3189 4887 καὶ
3217 4834 3344 4904 περὶ
3368 4836 3467 4905 τὴν
3489 4834 3798 4901 γυμνασίαν
3817 4833 3910 4885 τοῦ

2342 4924 2590 4993 σώματος
2619 4926 3075 4994 ἐνασχολούμενος
3105 4925 3291 4996 μόνην,
3321 4925 3408 4977 διὰ
3448 4924 3626 4992 πάσης
3668 4941 3911 4977 κακοπα-

2340 5015 2487 5077 θείας
2540 5015 2726 5067 ἔλαθεν
2751 5016 2939 5068 ἑαυτὸν
2966 5016 3033 5068 τὰ
3065 5016 3293 5085 μέγιστα
3321 5015 3704 5084 ζημιούμενος.
3730 5015 3807 5079 ὡς
3839 5015 3910 5087 μὴ

2340 5107 2660 5159 καταλαϐὼν
2695 5108 2788 5159 τοῦ
2822 5106 2966 5160 θείου
2996 5107 3336 5177 βουλήματος
3365 5107 3456 5157 τὸν
3488 5106 3716 5157 σκοπόνο
3743 5108 3775 5174 ἡ
3803 5106 3911 5177 γὰρ

2341 5194 2625 5263 σωματικὴ
2649 5193 2945 5263 γυμνασία,
2994 5199 3134 5251 κατὰ
3165 5199 3257 5250 τὸν
3306 5196 3531 5260 Παῦλον,
3564 5196 3699 5265 πρὸς
3728 5194 3909 5263 ὀλίγον

2336 5286 2482 5338 ἐστὶν
2513 5286 2807 5354 ὠφέλιμος,
2847 5286 2948 5347 ἕως
2976 5280 3036 5339 οὗ
3067 5286 3127 5338 τὸ
3167 5288 3349 5356 χοῖκόν
3379 5288 3634 5356 φρόνημα
3665 5303 3907 5339 καταπο-

2339 5377 2403 5447 θῇ
2435 5377 2531 5445 τῆς
2580 5361 2783 5446 σαρκὸς
2832 5380 2943 5440 τοῖς
2990 5378 3089 5446 τῆς
3138 5376 3421 5446 μετανοίας
3458 5378 3716 5447 ῥεύμασι,
3749 5380 3844 5431 καὶ
3869 5380 3903 5449 ἡ

2337 5472 2597 5535 ζωοποιὺς
2624 5470 2715 5523 τοῦ
2750 5472 3061 5540 πνεύματος
3099 5471 3362 5539 νέκρωσις
3407 5468 3484 5538 τῷ
3524 5469 3739 5538 σώματι
3787 5472 3900 5522 ἐπι-

2338 5563 2579 5629 γένηται,
2623 5563 2715 5616 καὶ
2745 5566 2773 5616 ό
2817 5566 2979 5630 νόμος
3025 5562 3119 5615 τοῦ
3156 5561 3462 5627 meditato;
3515 5559 3815 5628 βασιλεύσῃ
3845 5563 3899 5615 έν

781 5740 823 5772 ε’
850 5736 992 5797 Psal.
1026 5759 1214 5809 cum,
1250 5748 1333 5802 7i.
1412 5751 1457 5782 “
1495 5750 1640 5807 l'sal.
1668 5767 1855 5819 um,
1884 5754 1935 5806 6.
2018 5755 2109 5807 "l
2153 5755 2289 5812 Tim.
2330 5774 2402 5821 tv,
2440 5761 2490 5810 is.
