4124 6338
170 402 267 464 941

1072 405 1563 466 PHYSICORUM
1606 406 1938 466 CAPITUM
1979 409 2368 469 CENTURIA
2412 409 2493 471 IL

3285 412 3387 476 9-12

170 530 233 595 τῇ
270 524 435 596 θνητῇ
470 524 633 595 σαρκὶ
660 522 817 593 ἡμῶν
841 539 852 551 °
904 525 936 592 ἡ
970 522 1024 574 δὲ
1058 521 1307 574 εύσέΰεια
1331 519 1430 588 τῆς
1468 503 1668 587 ψυχῆς,
1704 518 1730 587 ἡ

1839 522 2049 575 entium
2074 534 2128 576 et
2156 524 2492 579 immortales
2526 525 2744 595 plantat,
2776 524 2829 579 id
2870 532 2975 593 est,
3005 525 3206 583 divina:
3239 528 3390 600 cogi-

170 618 253 671 διά
281 616 379 686 τῆς
408 617 518 669 τῶν
562 617 729 669 ὄντων
760 612 1015 682 γνώσεως
1062 614 1155 666 καὶ
1183 613 1288 666 τῶν
1318 611 1601 665 ἀθανάτων
1636 627 1738 679 φυ-

169 708 295 771 τῶν,
326 708 437 761 τῶν
476 706 636 760 θείων
665 706 881 759 ὲννοιῶν
914 706 1075 772 λέγω,
1105 703 1450 775 θεωρουμένη
1480 703 1553 764 ὡς
1584 701 1740 767 ξύλον

172 798 331 867 ζωῆς,
362 799 420 850 ὲν
446 800 512 866 τῇ
544 798 703 867 νοερᾷ
730 795 824 850 τοῦ
869 795 984 860 νοὸς
1035 794 1283 867 ἐργασίᾳ,
1317 790 1586 863 πανταχοῦ
1645 792 1741 845 καὶ

169 890 225 940 ἑν
258 890 427 941 πᾶσιν
458 886 733 957 ὠφέλιμός
783 888 951 951 ἐστιν,
997 886 1073 949 ὡς
1117 887 1461 956 καθαρότητα
1510 882 1737 956 καρδίας

169 974 546 1049 ὲργαξομένὴο
596 975 670 1040 ὡς
721 975 1133 1046 είρηνοποιοῦσα
1183 976 1242 1028 εν
1283 978 1402 1038 ταῖς
1440 974 1738 1043 δυνάμεσιν

168 1068 359 1136 αὐτῆς,
391 1069 507 1130 νοὸς
554 1067 853 1137 φωτισμὸν,
890 1064 1112 1133 ἁγνείαν
1146 1066 1415 1139 σώματος,
1454 1064 1738 1134 σωφροσύ-

169 1173 281 1223 νην,
321 1158 676 1227 περιεκτικὴν
709 1156 1056 1227 ἐγκράτειαν,
1086 1155 1605 1225 ταπεινοφροσύνην,
1635 1172 1736 1208 κα-

170 1247 408 1313 τάνυξιν,
444 1247 685 1316 ἀγάπην,
727 1246 1016 1317 ἀγιασμὺν,
1075 1246 1273 1314 γνῶσιν
1322 1246 1591 1315 οὐράνιον,
1645 1262 1735 1299 σο-

171 1338 296 1407 φίαν
326 1338 511 1407 λόγου,
533 1341 625 1393 καὶ
655 1338 890 1411 θεωρίαν
915 1339 1074 1393 Θεοῦ.
1102 1340 1195 1402 Ὃς
1232 1339 1412 1393 τοίνυν
1443 1339 1506 1393 εκ
1536 1339 1736 1412 πολλῆς

170 1433 475 1503 γυμνασίας
508 1433 811 1503 ἀνέδραμεν
866 1434 945 1496 είς
990 1431 1088 1503 τὴν
1123 1430 1378 1503 τοιαύτην
1424 1432 1737 1501 τελειότητα

168 1528 265 1594 τῆς
286 1524 590 1590 εὐσεϐείας,
640 1523 737 1595 τὴν
772 1523 1006 1594 ἐρυθρὰν
1036 1523 1145 1575 τῶν
1180 1522 1367 1576 παθῶν
1402 1521 1736 1594 διαπεράσας

171 1616 466 1679 θάλασσαν,
520 1616 599 1678 είς
645 1614 745 1685 τὴν
772 1615 875 1683 γῆν
902 1613 1001 1684 τῆς
1042 1612 1371 1681 ἐπαγγελίας
1410 1613 1647 1684 εἰσῆλθε,
1675 1614 1737 1682 ἐξ

169 1700 231 1774 ἦς
272 1706 387 1775 ῥέει
415 1704 474 1755 τὸ
505 1704 647 1772 γάλα
677 1702 769 1755 καὶ
801 1702 861 1755 τὸ
890 1701 1012 1772 μέλι
1045 1701 1143 1771 τῆς
1168 1700 1262 1754 τοῦ
1293 1698 1429 1754 Θεοῦ
1458 1699 1731 1769 γνώσεως,

170 1799 200 1863 ὴ
239 1794 584 1861 ἀδαπάνητος
612 1791 720 1846 τῶν
743 1792 915 1860 ἁγίων
936 1793 1136 1863 τρυφή.

1840 614 2099 678 tationes,
2138 614 2342 668 habent
2371 624 2427 667 ut
2475 616 2679 685 lignum
2725 615 2875 679 vitae,
2927 617 2981 671 in
3026 617 3387 672 intellectuali

1836 707 2036 761 mentis
2069 706 2411 776 operatione,
2444 707 2647 778 ubique
2676 716 2728 763 et
2754 708 2821 763 ad
2851 708 3034 763 omnia
3090 710 3240 764 utilis
3287 721 3394 773 est,

1836 801 2024 863 utpote
2056 796 2369 865 producens
2418 798 2711 867 puritatem
2743 800 2948 863 cordis,
2987 815 3175 869 pacem
3213 801 3391 857 facul-

1836 893 2014 940 tatum
2052 886 2193 955 ejus,
2231 888 2428 943 mentis
2458 889 2902 957 illustrationem,
2929 895 3238 949 castitatem
3274 908 3398 947 cor-

1836 977 2009 1047 poris,
2068 978 2451 1047 prudentiam,
2512 981 2877 1035 universalem
2950 985 3390 1053 temperantiam,

1836 1067 2337 1135 compunctionem,
2357 1069 2705 1135 charitatem,
2725 1070 3092 1135 sanctitatem,
3114 1073 3392 1127 ccelestem

1836 1156 2143 1221 scientiam,
2177 1158 2496 1225 sapientiam
2520 1156 2717 1224 Verbi,
2752 1169 2807 1215 et
2836 1159 3096 1215 visionem
3136 1160 3252 1216 Dei.
3286 1160 3390 1229 Qui

1835 1244 2003 1315 igitur
2042 1260 2136 1314 per
2170 1246 2336 1299 multa
2375 1247 2629 1302 exercitia
2665 1248 2914 1304 ascendit
2961 1249 3028 1302 ad
3062 1250 3224 1304 talem
3267 1250 3392 1320 pic-

1837 1336 1966 1391 tatis
1996 1336 2415 1407 perl'ectionem,
2462 1338 2630 1393 rubro
2679 1339 3045 1408 cupiditatum
3098 1339 3234 1393 mari
3285 1348 3397 1392 tra-

1833 1427 2006 1498 jecto,
2034 1428 2088 1483 in
2122 1438 2321 1484 terram
2361 1430 2738 1500 promissionis
2766 1433 3009 1496 intravit,
3042 1433 3187 1486 unde
3221 1430 3397 1486 ﬂuunt

1838 1520 1925 1574 lac
1976 1527 2031 1575 et
2083 1520 2186 1575 mel
2236 1520 2481 1575 scientiae
2533 1519 2654 1585 Dei,
2705 1521 3028 1577 inexhausta
3078 1530 3393 1579 sanctorum

1836 1624 1987 1666 esca.

237 1886 342 1940 πδ’.
396 1885 454 1939 '0
487 1884 585 1953 μὲν
628 1887 702 1955 μὴ
733 1862 1163 1955 προαιρούμενος
1193 1883 1303 1938 ἀπὸ
1352 1883 1464 1937 τῶν
1494 1884 1730 1956 μερικῶν

1903 1880 1991 1936 84.
2027 1880 2129 1946 Qui
2178 1895 2288 1935 non
2333 1880 2445 1936 vult
2495 1879 2664 1936 abiis
2709 1895 2830 1951 quae
2861 1880 3179 1951 imperfecta
3230 1888 3286 1936 et
3320 1882 3388 1937 ad

170 1977 423 2047 καὶπρὸς
450 1975 630 2043 ὀλίγον
652 1975 712 2029 τὸ
737 1974 1013 2044 ὠφέλιμον
1041 1973 1275 2052 ἑχόντων⁷
1291 1975 1607 2043 ἀναστῆναι,
1637 1976 1734 2030 καὶ

171 2070 262 2123 ἐπὶ
287 2071 354 2124 τά
384 2069 616 2123 καθόλου
642 2068 899 2139 ἐπωφελῆ
928 2067 1193 2132 ἀνελθεῖν,
1239 2067 1319 2120 ετι
1361 2067 1452 2121 τὸν
1478 2068 1734 2141 πιτυρίαν

170 2163 330 2232 ἄρτον
365 2160 539 2213 ἐσθίει
592 2160 649 2212 ὲν
684 2159 867 2226 ίδρῶτι
909 2158 1003 2212 τοῦ
1052 2156 1342 2227 προσώπου
1374 2156 1561 2225 αὑτοῦ,
1594 2160 1735 2215 κατά

168 2256 263 2325 τὴν
292 2253 500 2307 ἀνωθεν
546 2251 817 2320 ἀπόφασιν
850 2250 941 2303 τοῦ
983 2249 1147 2303 Θεοῦ·
1176 2249 1258 2303 διδ
1304 2250 1400 2304 καὶ
1444 2251 1734 2321 ἀνόρεκτον

170 2345 489 2415 ἑπιφέρεται
529 2344 628 2412 τὴν
652 2342 831 2412 ψυχὴν
859 2340 952 2394 τοῦ
979 2341 1169 2412 νοητοῦ
1200 2340 1395 2411 μάννα,
1444 2343 1536 2397 καὶ
1566 2344 1732 2397 αὐτοῦ

165 2434 258 2488 τοῦ
286 2434 650 2506 ὲκρεύσαντος
704 2434 917 2502 μέλιτος
956 2432 1065 2485 ἀπὸ
1107 2432 1206 2501 τῆς
1238 2432 1496 2502 ῥαγείσης
1527 2433 1733 2503 πέτρας

167 2524 241 2593 τῷ
282 2523 524 2594 Ἰσραήλ.
566 2524 624 2576 Ὀ
654 2523 711 2574 δὲ
736 2520 1016 2592 ἀκηκοώςο
1063 2538 1081 2572 ι
1129 2521 1434 2592 Ἐγείρεσθε
1461 2539 1475 2553 ·
1511 2516 1733 2594 ἄγωμεν

168 2614 449 2679 δντεῦθεν,
485 2632 504 2666 ι
539 2613 631 2666 καὶ
652 2611 758 2666 ἀπὸ
774 2612 871 2680 τῆς
891 2610 984 2664 τοῦ
1014 2611 1332 2664 διδασκάλου
1362 2613 1545 2683 φωνῆς
1573 2615 1731 2685 ἐγερ-

167 2706 275 2768 θεὶς
306 2706 409 2774 τῆς
446 2704 702 2757 ἐπιπόνου
735 2701 1031 2773 ἐργασίας,
1067 2703 1160 2755 καὶ
1188 2701 1389 2755 ἐσθίειν
1434 2705 1525 2757 τὸν
1570 2705 1733 2775 ἄρτον

165 2797 258 2865 τῆς
286 2797 479 2867 ὀδύνης
512 2796 688 2863 ἀφεὶς,
724 2793 820 2864 τὴν
855 2793 1106 2863 αἴσθησιν
1127 2794 1473 2858 ἀπεσείσατο,
1507 2795 1600 2848 καὶ
1632 2796 1731 2865 τῆς

165 2888 255 2943 τοῦ
288 2890 427 2942 Θεοῦ
452 2888 642 2957 σοφίας
671 2886 766 2941 τοῦ
795 2888 1068 2959 κρατῆρος
1090 2883 1372 2953 ἐγεύσατο,
1397 2880 1549 2948 οὗτος
1568 2887 1727 2955 ἔγνω,

166 2979 242 3031 δτι
273 2977 512 3048 Χριστὸς
537 2978 566 3029 ό
595 2976 819 3047 Κύριος,
865 2976 939 3039 ὡς
976 2975 1354 3046 πεπληρωκὼς
1385 2976 1484 3045 μὲν
1526 2976 1617 3030 τὸν
1643 2978 1728 3032 νό-

1835 1973 2111 2028 modicum
2142 1973 2297 2027 utilia
2330 1982 2457 2028 sunt
2486 1988 2731 2043 surgere,
2764 1982 2818 2029 et
2840 1974 2906 2028 ad
2935 1988 2998 2029 ea
3027 1989 3150 2042 quae
3172 1973 3239 2029 ad
3276 1988 3393 2028 om-

1834 2063 1926 2118 nia
1967 2072 2099 2119 sunt
2128 2064 2281 2117 utilia
2309 2064 2630 2129 ascendere,
2662 2065 2842 2121 adhuc
2876 2065 3251 2122 furfnraceum
3291 2081 3392 2121 co-

1838 2155 2010 2210 medit
2040 2170 2236 2225 panem
2273 2155 2326 2210 in
2357 2157 2555 2211 sudore
2585 2157 2771 2211 vultus
2822 2159 2928 2223 sui,
2967 2158 3120 2225 juxta
3160 2159 3391 2227 primae-

1835 2261 1957 2300 vam
2012 2246 2107 2301 Dei
2172 2248 2527 2310 sententiam,
2586 2247 2817 2318 ideoque
2868 2247 3049 2303 anima
3117 2250 3237 2317 ejus
3282 2265 3390 2304 non

1833 2341 2041 2408 appetit
2070 2338 2352 2408 spirituale
2386 2352 2609 2401 manna,
2640 2352 2744 2394 nec
2785 2341 2964 2410 ipsum
2997 2339 3101 2394 mel
3134 2338 3203 2395 de
3231 2347 3392 2409 rupta

1834 2437 1990 2497 petra
2049 2427 2225 2483 ﬂuens
2278 2429 2485 2499 populo
2542 2428 2734 2484 lsrael.
2787 2429 2891 2494 Qui
2948 2443 3075 2483 vero
3133 2428 3391 2484 audivit:

1840 2536 1858 2570 ι
1898 2517 2143 2588 Surgite,
2175 2533 2368 2574 esurus
2403 2519 2529 2573 hinc
2550 2519 2618 2584 ⁸⁸,
2652 2538 2672 2572 ι
2707 2526 2763 2574 et
2806 2519 2871 2572 ad
2906 2520 3153 2590 magistri
3198 2535 3391 2575 vocem

1834 2609 2076 2663 surrexit
2100 2623 2130 2662 a
2151 2609 2427 2665 laboriosa
2448 2610 2789 2679 operatione,
2813 2618 2867 2665 et
2888 2611 3176 2664 comedere
3199 2624 3394 2680 panem

1831 2702 2043 2759 doloris
2076 2702 2265 2764 desiit.
2298 2704 2387 2758 hic
2411 2703 2823 2760 sensualitatem
2852 2703 3021 2769 exuit,
3054 2704 3401 2774 caliccmquo

1833 2793 2117 2861 sapientiae
2163 2792 2260 2848 Dei
2312 2795 2575 2863 gustavit,
2632 2793 2723 2848 hic
2781 2793 2885 2847 scit
2935 2792 3211 2847 Christum
3268 2808 3396 2851 esse

1836 2882 2156 2949 Dominum,
2208 2885 2333 2953 quia
2392 2884 2639 2952 implevit
2684 2885 2853 2956 legem
2911 2884 3287 2939 mandatorum
3336 2884 3393 2941 in

1832 2972 2135 3035 ministerio
2191 2975 2362 3039 verbi,
2402 2974 2753 3044 ascenditque
2808 2975 2881 3049 in,
2922 2975 3268 3032 cenaculum
3338 2986 3394 3032 et

170 3086 263 3139 μον
288 3068 397 3121 τῶν
432 3066 663 3120 ἐντολῶν
690 3068 747 3120 ιν
773 3069 839 3137 τῇ
865 3065 1110 3137 διακονίᾳ
1141 3065 1235 3119 τοῦ
1266 3066 1447 3135 λόγου,
1492 3066 1730 3121 ἀνελθὼν

1835 3065 2130 3120 adventum
2172 3073 2457 3136 exspectat
2490 3066 2778 3122 Paracletl.

166 3137 219 3211 δὲ
243 3160 321 3221 είς
350 3158 412 3211 τὺ
446 3157 695 3229 ὑπερῷον
720 3158 817 3212 καὶ
838 3157 939 3230 τὴν
977 3157 1273 3228 ἐπιδημίαν
1299 3158 1609 3231 περιμένων
1633 3158 1729 3217 τοῦ
1756 3137 1800 3196 c

166 3248 543 3314 Παρακλήτου.
670 3291 676 3294 .

232 3326 331 3374 κε’.
375 3320 533 3375 Κατά
560 3318 659 3383 τάς
693 3317 874 3385 τάξεις
907 3319 1001 3375 καὶ
1036 3318 1164 3383 τοὺς
1194 3318 1436 3389 βαθμοὺς
1475 3319 1575 3390 τῆς
1626 3318 1729 3389 ἑμ-

166 3409 451 3479 φιλοσόφου
490 3409 655 3481 ζωῆς,
690 3410 771 3463 δεῖ
819 3411 1035 3475 πάντως
1083 3411 1231 3481 ἡμᾶς
1272 3408 1479 3464 ὁδεύειν
1521 3411 1613 3464 ἰπὶ
1660 3410 1729 3463 τά

166 3502 363 3567 πρόσω,
399 3499 496 3552 καὶ
526 3500 662 3568 πρὸς
694 3499 756 3553 τὸ
791 3500 1199 3570 ὑπερκείμενον,
1234 3499 1537 3563 σπουδαίως
1565 3501 1728 3571 ἀνέρ-

164 3590 366 3659 χεσθαι,
401 3590 856 3661 ὼςνάεικινήτᾳυς
892 3591 1049 3655 ὄντας
1082 3591 1209 3661 περὶ
1232 3591 1385 3656 Θεὸν,
1418 3592 1511 3645 καὶ
1540 3593 1727 3646 στάσιν

168 3684 237 3752 μὴ
266 3682 478 3745 είδότας
513 3682 645 3735 ποτὲ
676 3681 771 3735 τοῦ
801 3682 988 3737 καλοῦ.
1026 3683 1216 3735 Ἔνθεν
1253 3699 1336 3736 τοι
1365 3682 1459 3736 καὶ
1490 3681 1597 3736 ἀπὸ
1629 3682 1728 3753 μὲν

162 3772 255 3840 τῆς
282 3772 604 3841 ὲμπράκτου
634 3773 942 3843 ἀσκήσεως,
978 3774 1071 3827 ἐπὶ
1100 3773 1199 3844 τὴν
1228 3774 1460 3844 φυσικὴν
1498 3774 1728 3842 θεωρίαν

161 3860 255 3929 τῆς
285 3861 537 3922 κτίσεως.
583 3861 715 3914 ’Δπδ
745 3862 801 3915 δὲ
830 3862 1051 3932 ταύτης,
1088 3864 1181 3916 ἐπὶ
1212 3863 1310 3933 τὴν
1342 3863 1607 3934 μυστικὴν
1633 3862 1724 3917 τοῦ

162 3950 311 4018 λόγου
352 3950 636 4019 θεολογίαν
663 3953 985 4024 ἀνέρχεσθαι
1015 3954 1140 4024 χρὴ,
1178 3956 1271 4007 καὶ
1306 3953 1640 4007 καταπαύειν
1668 3955 1725 4008 δν

161 4044 290 4113 αὐτῇ
324 4045 435 4097 ἀπὸ
464 4045 681 4098 πάντων
719 4046 830 4098 τῶν
852 4045 1027 4116 ἔργων
1049 4048 1147 4117 τῆς
1171 4048 1493 4117 σωματικῆς
1518 4063 1584 4114 γυ
1594 4063 1727 4117 μνα-

162 4136 295 4197 σίας,
336 4135 411 4198 ὼς
447 4136 705 4205 ὑπεράνω
742 4138 1032 4205 γεγονότας
1078 4138 1175 4207 τῆς
1212 4138 1305 4192 τοῦ
1348 4140 1597 4209 σώματος
1628 4156 1725 4192 τα-

162 4225 491 4289 πεινώσεως,
518 4229 613 4279 καὶ
633 4228 729 4297 τῆς
763 4227 1022 4299 ἀληθινῆς
1051 4228 1374 4300 διακρίσεως
1400 4230 1497 4300 τὴν
1527 4231 1724 4297 γνῶσιν

161 4316 450 4384 εἰληφότας
478 4317 575 4385 τὴν
618 4317 975 4386 εύδιάκριτον.
1023 4319 1085 4371 Εἰ
1116 4319 1172 4371 δὲ
1220 4318 1371 4372 οΰπω
1398 4318 1599 4390 ταύτης
1625 4321 1723 4389 τῆς

160 4401 479 4475 διακρίσεως
514 4404 780 4474 ὲλάὸομεν
812 4407 910 4477 τὴν
938 4408 1156 4475 γνῶσιν,
1182 4410 1299 4462 οὐδὲ
1323 4410 1495 4474 οὕτως
1520 4410 1723 4463 ὁδεύειν

1904 3316 1993 3370 85.
2031 3316 2345 3373 Secundum
2381 3319 2629 3377 ordinem
2659 3336 2713 3379 et
2746 3325 2952 3393 gradus
2985 3328 3108 3382 vitae,
3138 3329 3389 3398 philoso-

1834 3405 2027 3474 phicte,
2059 3414 2278 3475 oportet
2325 3422 2428 3463 nos
2467 3424 2686 3479 semper
2714 3413 3011 3480 procedere
3052 3415 3303 3484 ulterius,
3335 3428 3391 3473 et

1834 3497 1900 3550 ad
1940 3511 2003 3552 ea
2058 3512 2179 3568 quae
2234 3512 2455 3553 sursum
2508 3510 2657 3566 sunt,
2708 3500 3002 3571 diligenter
3058 3507 3387 3575 ascendere,

1831 3599 2085 3657 tanquam
2119 3590 2185 3644 ad
2213 3590 2380 3645 Deum
2426 3591 2798 3647 indesinenter
2831 3598 3143 3659 tendentes,
3194 3605 3247 3651 et
3287 3598 3390 3652 im-

1833 3688 2013 3734 motos
2043 3679 2096 3732 in
2133 3679 2278 3734 bono
2305 3690 2452 3735 stare
2482 3682 2809 3737 nescientes.
2844 3682 2982 3739 llinc
3008 3694 3060 3739 et
3091 3702 3118 3739 a
3149 3690 3385 3755 practica

1834 3769 2153 3838 operatione
2184 3770 2589 3840 procedendum
2622 3781 2703 3827 est
2736 3775 2801 3847 ad
2837 3775 3116 3845 physicam
3144 3790 3389 3835 contem-

1831 3859 2129 3929 plationem
2156 3861 2475 3916 creationis.
2497 3862 2579 3917 Ab
2598 3877 2659 3916 ea
2682 3878 2811 3917 vero
2834 3864 2899 3917 ad
2926 3870 3209 3935 mysticam
3225 3869 3385 3926 Verbi

1831 3952 2158 4022 theologiam
2188 3952 2491 4009 ascendere
2519 3964 2760 4023 oportet,
2792 3963 2845 4011 et
2892 3957 2947 4011 in
2993 3961 3093 4015 hac
3139 3965 3389 4031 requies-

1830 4057 1956 4099 cere
1972 4044 2039 4098 ab
2066 4042 2321 4099 omnibus
2345 4046 2645 4115 corporalis
2668 4048 3078 4104 exercitationis
3103 4055 3382 4121 operibus,

1832 4144 2093 4204 tanquam
2127 4136 2442 4205 superiores
2470 4137 2717 4207 corporis
2750 4140 2959 4195 vilitate
2996 4139 3193 4206 factos,
3235 4147 3384 4199 veri-

1832 4240 1940 4297 qne
1994 4226 2184 4295 judicii
2237 4241 2420 4281 sanam
2483 4230 2708 4297 adeptos
2761 4232 3073 4288 scientiam.
3134 4234 3190 4287 Si
3255 4251 3385 4291 vero

1833 4321 2068 4373 nondum
2120 4318 2281 4386 hujus
2313 4319 2504 4388 judicii
2559 4322 2848 4376 scientiam
2900 4325 3232 4395 accepimus,
3284 4344 3384 4383 nec

1831 4410 2037 4466 scimus
2067 4416 2359 4478 procedere
2395 4412 2623 4466 ulterius
2660 4424 2713 4467 et
2740 4416 2803 4467 ad
2833 4415 3133 4489 perfectius
3155 4428 3385 4474 conten-

161 4496 248 4547 ἐπὶ
276 4497 343 4549 τά
373 4497 581 4564 πρόσω,
616 4498 708 4549 καὶ
744 4498 876 4567 πρὸς
910 4498 969 4551 τὸ
991 4498 1320 4571 τελειότερον
1346 4502 1562 4571 οἴδαμεν
1600 4503 1722 4554 ὲπι-

1832 4502 1980 4570 dere,
2018 4502 2232 4571 pejores
2286 4518 2478 4557 sumus
2512 4505 2807 4559 mundanis
2855 4505 3193 4573 hominibus,
3226 4511 3319 4579 qui
3352 4528 3383 4565 a

159 4585 447 4652 τείνεσθαι,
501 4586 716 4656 χείρους
746 4586 826 4640 ἔτι
868 4587 975 4640 τῶν
1024 4589 1167 4642 κατά
1202 4590 1405 4660 κόσμον
1447 4594 1631 4661 ἐσμὲν,
1672 4592 1720 4645 οἶ

159 4676 276 4744 ὅρον
304 4678 405 4730 οὐκ
452 4677 627 4730 οίδασι
677 4681 960 4749 προκοπῆς
988 4680 1089 4749 τῆς
1130 4680 1359 4751 ἐχούσης
1394 4681 1569 4749 ἀξίας,
1602 4684 1722 4738 οὐδὲ

162 4764 343 4818 στάσιν
392 4766 497 4833 τῆς
531 4765 864 4830 ἀναϐάσεως,
902 4769 1006 4830 ἕως
1046 4768 1185 4839 πρὸς
1227 4770 1288 4822 τὸ
1334 4770 1720 4840 ὑπερκείμενον

160 4855 259 4909 τῶν
284 4857 460 4911 ἄλλων
482 4858 806 4927 ἀξιωμάτων
832 4860 1118 4925 ἀνέλθωσι,
1148 4864 1241 4916 καὶ
1266 4862 1364 4932 τὴν
1385 4864 1510 4933 περὶ
1531 4864 1719 4918 τούτου

160 4946 334 5014 ἔφεσιν
365 4949 421 5000 ὲν
443 4948 596 5019 αὑτῷ
625 4950 1067 5004 καταπαύσωσιν.

228 5047 341 5103 πς’.
380 5041 445 5093 Ἡ
478 5040 711 5105 εὐτόνως
748 5043 806 5097 ιν
841 5042 1131 5114 θερμότητι
1160 5047 1531 5117 καθαιρομένη
1572 5048 1718 5121 ψυχὴ

161 5126 241 5179 διὰ
272 5131 449 5181 πόνων
481 5130 785 5199 ἀσκήσεως,
821 5131 1117 5199 αύγάξεται
1165 5133 1269 5187 ὑπὸ
1313 5135 1405 5188 τοῦ
1440 5135 1581 5189 θείου
1608 5155 1720 5205 φω-

160 5221 265 5284 τὸς,
300 5224 397 5273 καὶ
427 5223 561 5292 ὀρᾷν
600 5222 741 5275 κατά
775 5225 967 5294 μικρὸν
997 5226 1220 5296 ἄρχεται
1258 5228 1499 5295 φυσικῶς
1542 5228 1602 5279 τὸ
1633 5229 1719 5280 δο-

164 5313 246 5364 θὲν
273 5316 410 5384 αὐτῇ
444 5314 636 5377 κάλλος
671 5315 909 5385 ἀρχῆθεν
938 5318 1044 5371 ἀπὸ
1088 5318 1221 5370 Θεοῦ
1248 5360 1262 5384 ,
1322 5320 1415 5372 καὶ
1465 5321 1721 5373 πλατύνε-

163 5404 280 5459 σθαι
309 5408 388 5467 είς
427 5405 527 5476 τὴν
567 5406 785 5477 ἀγάπην
816 5405 907 5458 τοῦ
944 5411 1300 5477 πεποιηκότος
1329 5410 1519 5481 αὑτήν.
1563 5411 1717 5462 Καο-

162 5495 276 5547 όσον
308 5496 371 5548 δὲ·
410 5497 735 5566 τρανοῦνται
790 5497 925 5567 αὐτῇ
970 5500 1033 5551 ὲκ
1065 5499 1381 5569 καθάρσεως
1411 5502 1466 5554 αί
1508 5504 1720 5565 ἀκτῖνες

164 5585 250 5639 τοῦ
298 5587 447 5653 ἡλίου
505 5587 602 5656 τῆς
649 5588 1012 5657 δικαιοσύνης,
1048 5591 1141 5644 καὶ
1180 5591 1239 5645 τὸ
1268 5592 1499 5660 φυσικὸν
1527 5592 1719 5657 κάλλος

242 5759 281 5789 ⁸⁸
309 5758 463 5815 Joan.
503 5775 611 5825 ειν,
642 5760 732 5814 5i.

1829 4593 2011 4663 dignis
2070 4608 2288 4648 cessare
2348 4595 2732 4663 progressibus
2793 4605 2847 4650 et
2910 4599 2979 4653 ab
3036 4601 3383 4656 ascendendo

1827 4685 2097 4740 desistere
2146 4686 2421 4749 nesciunt,
2472 4688 2603 4754 quin
2654 4689 2989 4756 superiorem
3038 4692 3162 4746 aliis
3206 4693 3383 4762 digni-

1825 4784 1986 4830 tatem
2021 4775 2319 4845 attigerint,
2347 4775 2622 4846 hujusque
2648 4778 2920 4846 cupiditas
2947 4780 3000 4835 in
3021 4781 3138 4850 ejus
3162 4782 3382 4839 fruitio-

1828 4881 1954 4921 nem
1995 4867 2272 4921 desiverit.

1898 5045 1985 5101 86.
2030 5045 2223 5099 Anima
2276 5058 2370 5122 per
2426 5043 2714 5099 Continuos
2772 5043 3119 5116 fervidosque
3171 5052 3377 5105 ascesis

1821 5138 2036 5192 labores
2085 5134 2390 5206 purificata,
2446 5135 2752 5189 illustratur
2807 5134 2995 5191 divino
3043 5137 3265 5205 lumine,
3311 5155 3377 5194 ac

1818 5226 2077 5297 paulatim
2136 5227 2322 5295 incipit
2386 5226 2706 5281 naturaliter
2764 5226 2951 5282 videre
3008 5228 3230 5281 insitam
3271 5230 3383 5285 sibi

1819 5319 2072 5389 primitus
2138 5332 2167 5371 a
2216 5316 2327 5373 Deo
2382 5317 2863 5387 pulchritudinem,
2920 5328 2974 5373 et
3027 5333 3271 5374 crescere
3320 5323 3372 5375 in

1822 5426 2004 5465 amore
2038 5412 2121 5464 sui
2154 5410 2409 5463 auctoris.
2444 5408 2656 5473 Quanto
2683 5418 2861 5463 autem
2891 5410 3090 5466 clarius
3119 5411 3189 5466 ob
3218 5426 3374 5466 suam

1823 5504 2111 5575 puritatem
2144 5501 2323 5557 radios
2352 5502 2608 5571 perspicit
2662 5502 2791 5556 solis
2833 5501 3078 5569 justitim,
3110 5515 3174 5556 ac
3214 5512 3375 5558 natu-

1832 5595 1948 5649 rale
1979 5593 2150 5649 decus
2202 5593 2250 5647 ei
2281 5600 2431 5663 patet
2465 5600 2520 5649 et
2547 5592 2861 5657 innotescit,
2905 5600 3111 5646 tantum
3160 5591 3377 5649 labores
