4124 6338
669 427 786 489 ρετ

1894 421 2189 482 ΝΙΕΕΤῈ
2237 421 2654 482 ΡΕΟΤΗἩᾹΤῙ

3815 412 3920 475 9H

677 532 1087 588 exercitationis
1135 539 1188 583 et
1236 532 1348 600 ipsa
1410 528 1766 598 multiplica,
1823 530 1889 582 ad
1941 526 2240 598 augendam

2354 521 2756 591 ἀπογυμνοῦται
2789 522 2946 591 αὐτῇ,
2991 524 3082 573 καὶ
3112 522 3454 590 γνωρίζεται,
3495 522 3631 574 κατά
3664 524 3916 582 τοσοῦτον

678 622 1116 692 puriﬁcationem
1153 634 1334 684 suam,
1363 629 1420 674 ut
1444 633 1578 688 pure
1612 620 1855 672 muneris
1901 634 2011 687 quo
2039 619 2238 672 donata

679 724 761 796 est
808 712 1238 785 magnitudinem
1291 711 1577 780 intelligat,
1612 710 1905 778 pristinam
1961 715 2242 777 recuperet

682 805 1026 875 dignitatem.
1055 810 1107 857 et
1159 800 1453 867 imaginem
1490 814 1684 867 puram
1719 807 1774 852 et
1825 797 2064 851 materiae
2093 796 2238 850 haud

683 897 896 951 mistam
932 899 1216 949 conservet
1236 889 1504 950 Creatori,
1527 897 1687 957 atque
1710 889 2021 942 nullatenus
2043 901 2243 957 augere

683 987 900 1041 labores
935 983 1155 1047 desinit,
1187 965 1505 1051 priusquam
1552 981 1786 1046 seipsam
1821 979 1889 1033 ab
1930 979 2075 1032 omni
2123 977 2244 1030 labe

683 1083 735 1127 et
777 1055 994 1126 macula
1034 1069 1414 1126 mundaverit,
1480 1068 1803 1136 dignamque
1861 1065 2104 1121 en‘ecerit
2159 1064 2240 1118 vi-

685 1165 840 1220 sione
869 1173 925 1222 et
946 1160 1360 1226 conversatione
1396 1158 1507 1212 Dei.

734 1351 841 1406 .87.
883 1368 901 1400 ι
943 1349 1137 1404 Revela
1161 1352 1353 1406 oculos
1386 1363 1558 1412 meos,
1589 1357 1642 1402 et
1677 1347 2032 1404 considerabo
2073 1347 2240 1400 mira-

684 1443 810 1496 bilia
836 1442 902 1495 de
933 1441 1048 1510 lege
1070 1450 1159 1493 tua
1184 1440 1252 1504 ⁶⁹,
1281 1458 1298 1491 ι
1325 1440 1516 1490 clamat
1542 1438 1607 1490 ad
1629 1437 1792 1492 Deum
1821 1437 1910 1490 ille
1931 1437 2022 1505 qui
2048 1436 2241 1491 nebula

687 1538 967 1590 terrestris
997 1547 1198 1593 sensus
1239 1532 1415 1584 adhuc
1475 1529 1705 1598 tegitur.
1765 1526 2242 1592 Terrestrisenim

687 1625 851 1678 animi
918 1622 1261 1692 ignorantia,
1315 1636 1439 1673 cum
1503 1619 1697 1674 nebula
1753 1618 1822 1671 sit
1871 1627 1924 1671 et
1982 1618 2244 1685 profunda

687 1715 882 1782 caligo,
939 1713 1132 1766 animae
1162 1711 1353 1765 oculos
1403 1710 1845 1776 circnmtegens,
1899 1722 2018 1760 eam
2068 1705 2272 1760 reddit

2350 615 2471 675 τοὺς
2498 613 2692 675 πόνους
2724 613 2827 682 τῆς
2867 613 3173 683 γυμνασίας
3209 615 3300 666 καὶ
3331 615 3467 683 αὑτὴ
3513 611 3794 683 πληθύνει,
3836 616 3913 673 εἰς

2348 705 2569 757 πλείονα
2597 705 2861 774 κάθαρσιν
2893 704 3090 773 ἑαυτῆς
3117 719 3130 731 ·
3183 704 3266 757 ἵνα
3307 704 3582 774 καθαρῶς,
3612 698 3678 774 ἧς
3710 703 3915 773 ἠξιώθη

2343 796 2573 864 δωρεᾶς,
2623 795 2914 864 καταμάθῃ
2960 795 3056 864 τὴν
3087 793 3262 861 δόξαν.
3295 796 3388 846 καὶ
3428 796 3524 864 τὴν
3562 794 3799 847 παλαιὰν
3829 796 3915 845 εὑ-

2349 885 2559 952 γένειαν
2608 884 2972 953 ἀναλάϐηται·
3027 885 3121 936 καὶ
3173 884 3268 954 τὴν
3322 885 3502 936 εἰκόνα
3550 885 3799 952 καθαρὰν
3828 886 3916 936 καὶ

2347 977 2521 1046 ἀμιγῆ
2551 979 2650 1044 τῆς
2675 975 2806 1045 ῦλης
2833 975 3086 1045 ἀνασώσῃ
3114 974 3190 1044 τῷ
3220 975 3514 1028 πλάσαντι’
3544 980 3634 1027 καῖ
3664 974 3915 1042 οὐδαμῶς

2344 1067 2445 1137 τῆς
2475 1066 2786 1136 προσθήκης
2816 1066 2920 1119 τῶν
2954 1065 3126 1117 πόνων
3161 1065 3456 1131 ἐνδίδωσιν,
3487 1066 3589 1128 ἕως
3634 1061 3693 1119 οὗ
3743 1066 3914 1142 ῥύπου

2348 1160 2545 1222 παντὸς
2573 1161 2667 1211 καί
2723 1159 3002 1230 μολυσμοῦ
3035 1159 3234 1228 ἑαυτὴν
3283 1159 3581 1248 ἐικκαθάρῃ,
3625 1160 3721 1212 καὶ
3761 1158 3916 1223 ἀξίαν

2344 1253 2424 1317 εις
2454 1253 2685 1325 θεωρίαν
2718 1255 2808 1305 καὶ
2835 1253 3048 1323 ὁμιλίαν
3080 1253 3214 1304 Θεοῦ
3246 1255 3642 1322 ἀπεργάσηται.

2415 1343 2521 1408 πῖ.
2554 1364 2582 1396 -ι
2621 1345 2992 1412 Ἀποκάλυψον
3014 1346 3136 1405 τοὺς
3157 1344 3466 1414 ὀφθαλμούς
3492 1361 3591 1414 μου
3621 1346 3715 1398 καὶ
3745 1361 3915 1400 κατα·

2345 1429 2524 1507 νοήσω
2546 1438 2615 1492 τὰ
2646 1437 2923 1505 θαυμάσια
2970 1438 3033 1488 ὲκ
3061 1435 3153 1488 τοῦ
3192 1436 3360 1505 νόμου
3407 1453 3521 1502 σου,
3574 1454 3591 1487 ι
3627 1437 3653 1488 6
3688 1438 3793 1491 ὑπὸ
3819 1437 3916 1506 τῆς

2345 1528 2541 1598 ἀχλύος
2578 1528 2658 1580 ἔτι
2690 1527 2779 1580 τοῦ
2830 1527 3061 1596 γεώδους
3113 1529 3458 1598 φρονήματος
3511 1528 3916 1598 καλυπτόμενος

2349 1619 2448 1689 βοᾷ
2474 1620 2607 1689 πρὸς
2629 1619 2780 1674 Θεόν.
2822 1619 2886 1670 Ἦ
2912 1618 3019 1689 γὰρ
3039 1619 3132 1671 τοῦ
3155 1619 3339 1688 χοϊκοῦ
3370 1619 3485 1681 νοὸς
3512 1620 3725 1688 ἄγνοια,
3751 1619 3915 1690 ἀχλὺς

2348 1703 2502 1773 οὖσα,
2539 1708 2634 1761 καὶ
2661 1708 2819 1774 ζόφος
2857 1707 3043 1776 βαθὺς,
3071 1707 3167 1769 τὰς
3199 1708 3423 1777 ὁράσεις,
3444 1711 3542 1777 τῆς
3583 1708 3761 1778 ψυχῆς
3795 1712 3919 1762 ἔπι-

688 1805 1027 1857 tenebrosam
1050 1812 1102 1855 et
1140 1801 1484 1868 caliginosum
1510 1798 1576 1851 ad
1613 1799 1902 1851 videndum
1929 1813 2012 1850 res
2036 1797 2246 1852 divinas

2354 1798 2725 1860 καλύπτουσα,
2760 1799 3042 1868 σκοτεινὴν
3081 1799 3248 1867 αὐτὴν
3295 1799 3388 1851 καὶ
3440 1797 3649 1866 ζοφώδη
3697 1799 3829 1869 περὶ
3859 1797 3921 1851 τὸ

687 1903 741 1945 et
775 1895 1063 1956 humanas,
1089 1890 1476 1944 necsvalentem
1496 1889 1814 1957 splendores
1837 1887 2001 1942 divini
2029 1887 2247 1943 luminis

691 1980 981 2047 respicere,
1033 1965 1459 2047 autperven‘ire
1494 1979 1561 2032 ad
1625 1977 1934 2034 l‘ruitionem
1977 1979 2245 2047 bonorum

692 2071 902 2125 illorum
940 2089 956 2120 ι
993 2086 1110 2138 qua:
1167 2071 1356 2124 oculus
1399 2086 1504 2137 non
1536 2071 1689 2138 vidit,
1727 2086 1823 2124 uec
1845 2071 1993 2124 auris
2020 2070 2245 2133 audivit,

691 2179 789 2216 nec
824 2163 877 2215 in
905 2177 997 2216 cor
1024 2162 1258 2216 hominis
1278 2161 1518 2215 ascendit
1538 2163 1604 2216 '°.
1639 2181 1656 2213 ι
1688 2163 1808 2216 Haec
1843 2172 2018 2216 autem
2074 2164 2249 2216 oculis

691 2268 782 2322 per
805 2254 1176 2323 paenitentiam
1206 2254 1474 2316 revelatis,
1500 2267 1633 2321 pure
1653 2253 1813 2313 videt,
1830 2253 1973 2304 audit
2002 2254 2050 2304 in
2075 2254 2251 2306 scien-

697 2346 767 2397 tia
804 2385 819 2409 ,
857 2345 1216 2412 intelligantur
1275 2344 1700 2413 comprehendit.
1754 2344 1895 2408 Quin
1951 2343 2057 2397 imo
2107 2344 2248 2396 circa

678 2437 805 2490 haec
858 2436 1205 2491 ascensiones
1265 2434 1649 2503 cogitationum
1697 2435 1934 2504 disponit
1980 2437 2032 2488 in
2087 2435 2249 2488 corde

687 2542 804 2581 suo.
858 2521 1010 2584 Unde
1052 2527 1335 2584 dufcedine
1397 2528 1611 2581 illorum
1679 2537 1923 2596 gustata,
1971 2529 2248 2583 clariorem

691 2617 923 2684 acquirit
975 2616 1255 2671 scientiam
1279 2626 1351 2680 ,ιιι
1382 2633 1633 2670 sermone
1680 2619 1956 2686 sapientia
1993 2620 2079 2671 Dei
2122 2635 2244 2672 nar-

691 2717 774 2762 rat
820 2708 1073 2763 omnibus
1127 2708 1391 2761 mirabilia
1423 2708 1513 2762 Dei
1576 2708 1737 2774 bona,
1769 2725 1888 2778 qua:
1932 2712 2250 2780 praeparavit

682 2800 833 2860 Deus
874 2799 1216 2870 diligentibus
1252 2815 1329 2864 se,
1361 2809 1414 2852 et
1476 2814 1665 2854 omnes
1702 2802 1944 2857 hortatur
1974 2803 2040 2856 ad
2063 2818 2127 2857 ea
2159 2817 2249 2866 per

677 2888 886 2944 multas
914 2890 1084 2942 luctas
1131 2889 1502 2959 lacrymasqne
1531 2889 1898 2957 adipiscenda.

763 3243 851 3295 88.
909 3243 1123 3309 δυνιεειι
1177 3241 1445 3294 donorum
1488 3241 1724 3309 Spiritus
1769 3246 2130 3306 enumeratio,
2183 3245 2249 3298 de

2276 1856 2324 1916 Β

2349 1891 2486 1942 νοεῖν
2520 1889 2586 1942 τά
2641 1888 2759 1942 θεῖά
2788 1906 2844 1941 τε
2883 1890 2973 1940 καὶ
3018 1887 3350 1958 ἀνθρώπινα,
3401 1889 3794 1958 ἀπεργάζεται,
3845 1888 3920 1958 μὴ

2348 1979 2654 2049 δυναμένην
2692 1980 2825 2050 πρὸς
2859 1978 2954 2041 τὰς
2985 1979 3156 2045 αὐγὰς
3199 1977 3291 2030 τοῦ
3344 1978 3488 2032 θείου
3533 1980 3710 2046 φωτὸς
3741 1980 3918 2032 ἀτενί-

2350 2071 2483 2137 ζειν,
2517 2072 2550 2141 ἢ
2584 2073 2640 2123 ὲν
2669 2072 2967 2124 ἀπολαύσει
3001 2073 3244 2139 γίνεσθαι
3274 2072 3382 2124 τῶν
3409 2070 3630 2139 ἀγαθῶν
3671 2071 3919 2132 ἐκείνων,

2355 2182 2373 2214 ι
2417 2164 2451 2217 ἃ
2488 2163 2763 2232 ὀφθαλμὸς
2812 2164 2911 2216 οὐκ
2958 2158 3087 2227 εἶδε,
3146 2164 3236 2215 καὶ
3285 2160 3379 2226 οὖς
3431 2163 3530 2214 οὐκ
3565 2164 3785 2232 ἢκουσε,
3828 2161 3922 2214 καὶ

2351 2254 2442 2308 ἐπὶ
2481 2255 2706 2323 καρδίαν
2736 2253 3023 2324 ἀνθρώπου
3055 2253 3152 2304 οὐκ
3198 2251 3387 2322 ἀνέϐη.
3430 2271 3446 2305 ι
3481 2252 3668 2306 Ταῦτα
3695 2251 3751 2304 δὲ
3782 2254 3919 2305 ἀποο

2353 2345 2735 2412 καλυπτομένη
2786 2344 2876 2395 δια
2927 2342 3217 2412 μετανοίας
3266 2344 3389 2406 τοὺς
3436 2342 3770 2411 ὀφθαλμοὺς,
3821 2343 3924 2413 ὁρᾷ

2353 2436 2625 2504 καθαρῶς,
2667 2434 2853 2487 ἀκούει
2884 2435 2940 2486 ὲν
2984 2433 3204 2502 γνώσει,
3261 2435 3353 2486 καὶ
3388 2437 3498 2486 νοεῖ
3535 2435 3792 2497 συνετῶς.
3843 2435 3918 2487 oo

2353 2529 2459 2600 μὴν
2481 2529 2614 2582 ἀλλά
2653 2528 2744 2584 καὶ
2766 2527 3055 2587 ἀναϐάσεις
3089 2525 3440 2594 περὶτούτων
3471 2527 3766 2579 διατίθεται
3795 2543 3920 2595 νοη-

2354 2618 2537 2687 μάτων
2570 2618 2625 2667 ὲν
2655 2617 2720 2686 τῇ
2755 2615 2947 2684 καρδίᾳ
2979 2613 3166 2682 αὐτῆς.
3209 2614 3400 2676 Ἔνθεν
3431 2631 3513 2667 τοι
3548 2617 3639 2667 καὶ
3687 2618 3925 2682 άπογευ⁴

2352 2707 2560 2778 σαμένη
2590 2707 2682 2758 τοῦ
2712 2706 2862 2775 ἡδέος
2893 2705 3093 2769 αὐτῶν,
3134 2704 3425 2774 τρανοῦται
3453 2706 3550 2773 τὴν
3580 2706 3800 2772 γνῶσιν,
3827 2704 3924 2758 καὶ

2349 2799 2437 2852 διὰ
2467 2800 2626 2868 λόγου
2665 2798 2856 2866 σοφίας
2890 2797 3022 2850 Θεοῦ
3072 2795 3336 2865 διηγεῖται
3370 2799 3504 2849 πᾶσι
3548 2800 3615 2850 τὰ
3641 2797 3923 2866 θαυμάσια

2350 2889 2443 2945 τοῦ
2483 2890 2616 2944 Θεοῦ
2660 2889 2862 2958 ἀγαθὰ,
2889 2889 2924 2944 ἃ
2947 2889 3242 2960 ἡτοίμασεν
3272 2890 3298 2942 6
3331 2887 3462 2950 Θεὸς
3490 2891 3602 2949 τοῖς
3630 2888 3924 2956 ἀγαπῶσιν

2349 2981 2528 3045 αὑτὸν,
2577 2981 2671 3032 καὶ⁵
2704 2981 2906 3042 πάντας
2939 2980 3018 3040 είς
3049 2980 3147 3050 τὴν
3183 2979 3475 3050 μετουσίαν
3518 2978 3633 3051 τῶν
3663 2978 3924 3031 τοιούτων

2349 3070 2742 3140 προτρέπεται,
2801 3068 2887 3123 διὰ
2965 3067 3173 3121 πολλῶν
3220 3067 3463 3135 ἀγώνων,
3523 3069 3616 3120 καὶ
3671 3067 3925 3139 δακρύων

2276 3179 2318 3238 C
2353 3161 2547 3216 ἐλθεῖν.

2422 3260 2533 3324 πη’.
2585 3251 2759 3305 Ἐπτά
2799 3253 2906 3304 τῶν
2955 3247 3309 3324 χαρισμάτων
3337 3246 3505 3304 ὄντων
3543 3250 3633 3305 τοῦ
3670 3251 3926 3320 Πνεύμα-

693 3347 911 3386 sursum
960 3332 1338 3400 proﬁciscens,
1399 3346 1426 3383 a
1479 3332 1743 3400 sapientia
1793 3333 2010 3402 incipit,
2043 3347 2105 3386 ac
2157 3334 2252 3388 de-

2354 3363 2462 3410 τος,
2511 3345 2718 3400 ἀνωθεν
2762 3348 2790 3398 6
2837 3344 2994 3412 λόγος
3033 3344 3359 3413 ἀρχόμενος,
3416 3343 3524 3397 ἀπὸ
3575 3343 3672 3411 τῆς
3738 3344 3926 3410 σοφίας

694 3421 902 3474 scendit
929 3419 1163 3488 denique
1188 3420 1252 3473 ad
1282 3420 1454 3474 divini
1478 3420 1729 3488 spiritqu
1759 3421 1991 3486 timoris,
2030 3423 2252 3478 dicens:

687 3530 720 3564 .t
754 3512 991 3582 Spiritus
1019 3511 1322 3581 sapientiae,
1353 3513 1578 3586 spiritus
1606 3512 1998 3582 intelligentiae,
2027 3516 2252 3584 spiritus

692 3602 948 3664 consilii,
996 3603 1218 3671 spiritus
1286 3603 1649 3669 fortitudinis,
1706 3607 1932 3673 spiritus
1977 3607 2253 3674 scientia,

699 3699 925 3768 spiritus
975 3698 1214 3768 pietatis,
1269 3699 1494 3766 spiritus
1557 3701 1769 3755 timoris
1832 3701 2025 3756 Dei“.
2068 3723 2086 3754 ι
2144 3703 2256 3760 Nos

697 3798 879 3842 autem
910 3788 1146 3857 incipere
1194 3789 1509 3844 debemusa
1558 3791 1750 3844 timore
1795 3809 2099 3860 petitarum,
2154 3811 2258 3864 quo

700 3880 1075 3950 puriﬁcamur,
1113 3889 1170 3932 ut
1218 3895 1313 3948 per
1343 3881 1485 3932 hunc
1521 3881 1699 3948 primo
1728 3893 1875 3936 recte
1904 3899 1933 3935 a
1964 3872 2106 3939 malo
2134 3885 2260 3939 abs-

702 3974 956 4037 tinentes,
1010 3979 1064 4025 et
1121 3985 1217 4040 per
1265 3970 1642 4040 pcenitentiam
1673 3987 1700 4025 a
1739 3977 1942 4042 peceati
2001 3977 2258 4030 sordibus

703 4063 936 4133 purgati,
969 4062 1185 4131 spiritui
1239 4062 1457 4116 timoris
1486 4064 1624 4117 casti
1674 4079 2061 4129 occurramus,
2118 4069 2257 4121 viam

703 4154 770 4207 ad
803 4168 927 4207 eum
977 4148 1296 4221 dirigentes,
1335 4156 1624 4225 omnisque
1650 4155 1775 4211 boni
1810 4161 1990 4228 operis
2018 4161 2257 4230 quietem

707 4246 760 4298 in
797 4245 914 4316 ipso
942 4256 1268 4318 quaerentes.

2349 3436 2740 3501 ἀπαριθμεεται
2783 3435 2944 3497 αὐτὰ,
2993 3437 3087 3488 καὶ
3126 3435 3478 3496 καταϐιϐάζει
3531 3434 3590 3485 τὸ
3618 3435 3792 3498 τέλος,
3846 3437 3926 3495 είς

2355 3535 2446 3573 τον
2480 3523 2618 3573 θεῖον
2647 3522 2810 3589 φόϐον
2839 3523 2928 3573 τοῦ
2962 3522 3294 3589 Πνεύματος,
3343 3523 3558 3588 πνεῦμα
3596 3523 3769 3589 λέγων
3826 3538 3916 3574 σο-

2354 3611 2499 3679 φίας,
2554 3615 2772 3681 πνεῦμα
2821 3614 3110 3677 συνέσεως,
3166 3607 3386 3683 πνεῦμα
3430 3613 3643 3683 βουλῆς,
3698 3614 3916 3683 πνεῦμα

2356 3704 2556 3772 ίσχύος,
2587 3704 2799 3772 πνεῦμα
2826 3704 3094 3772 γνώσεωτ,
3132 3705 3345 3773 πνεῦμα
3367 3706 3666 3768 εὐσεϐείας,
3700 3707 3919 3775 πνεῦμα

2355 3795 2518 3860 φόϐου
2549 3795 2705 3848 Θεοῦ.
2746 3797 2919 3866 Ἠμᾶς
2957 3799 3011 3850 δὲ
3041 3798 3121 3849 δεῖ
3152 3797 3257 3849 ἀπὸ
3281 3798 3374 3849 τοῦ
3407 3797 3570 3864 φόϐου
3601 3796 3693 3849 τοῦ
3726 3797 3919 3849 γαθαί-

2359 3899 2536 3949 ροντος
2586 3884 2867 3954 ἄρχεσθαι,
2922 3889 2980 3949 ὃς
3044 3891 3159 3940 ἐστι
3205 3887 3314 3940 τῶν
3350 3889 3644 3950 κολάσεων,
3696 3888 3780 3940 ἵνα
3833 3888 3922 3940 διὰ

2355 3972 2542 4025 τούτου
2576 3976 2751 4037 καλῶς
2775 3978 3037 4045 πρότερον
3068 3977 3163 4047 τὴν
3197 3978 3407 4048 ἀποχὴν
3439 3978 3532 4030 τοῦ
3561 3979 3730 4032 κακοῦ
3760 3981 3919 4048 ποιή-

2358 4079 2566 4128 σαντες,
2605 4065 2697 4117 καὶ
2727 4067 2810 4119 διὰ
2844 4070 3127 4138 μετανοίας
3158 4069 3630 4138 προκαθαρθέντες
3659 4071 3767 4123 τῶν
3802 4072 3923 4122 σπί-

2355 4155 2461 4206 λων
2489 4157 2583 4225 τῆς
2617 4160 2914 4228 ἁμαρτίας,
2944 4161 3034 4212 ἐπὶ
3060 4162 3148 4213 τὸν
3184 4162 3345 4230 φόϐον
3369 4163 3460 4214 τοῦ
3489 4164 3805 4231 Πνεύματος
3834 4163 3924 4214 τὸν

2357 4246 2517 4312 ἀγνὸν
2559 4252 2987 4319 καταντήσωμεν
3040 4252 3249 4316 τοῦτον,
3307 4253 3427 4306 καθ’
3467 4254 3580 4306 ὁδὸν
3636 4255 3924 4324 ἐρχόμενοι

2358 4339 2490 4406 πρὸς
2536 4342 2716 4406 αὑτὸν,
2769 4345 2859 4395 καὶ
2897 4344 3307 4408 καταπαύοντες
3343 4348 3398 4398 ἐν
3444 4346 3593 4415 αὐτῷ
3625 4348 3807 4399 πᾶσαν
3839 4349 3926 4417 έρ-

2356 4429 2550 4496 γασίαν
2586 4432 2682 4500 τῆς
2715 4436 2934 4504 ἀρετῆς.

778 4532 864 4586 89.
890 4530 994 4595 Qui
1027 4545 1055 4581 a
1097 4530 1292 4584 timore
1327 4528 1516 4598 judicii
1549 4528 1792 4592 incessit,
1837 4540 1890 4583 et
1935 4530 1999 4583 ad
2051 4531 2252 4598 purita-

2423 4519 2531 4575 πθ’.
2580 4522 2636 4574 Ὀ
2667 4525 2774 4576 ἀπὸ
2815 4526 2908 4577 τοῦ
2941 4527 3106 4594 φόϐου
3138 4529 3234 4592 τῆς
3265 4530 3496 4599 κρίσεως
3533 4524 3925 4599 ἐναρξάμενὸς.

709 4631 816 4678 tem
849 4620 1034 4675 cordis
1064 4633 1158 4689 per
1207 4618 1534 4689 paenitentia:
1590 4620 1857 4687 lacrymas
1895 4621 2262 4690 progreditur,

709 4713 952 4784 repletur
999 4712 1230 4780 primum
1282 4711 1570 4780 sapientia,
1625 4711 1760 4779 quia’
1816 4712 2033 4766 initium
2097 4714 2262 4783 hujus

709 4815 795 4861 est
828 4805 1009 4868 timor,
1038 4810 1097 4856 ut
1125 4802 1385 4871 scriptum
1420 4808 1505 4856 est
1537 4802 1622 4866 ";
1653 4801 1848 4856 deinde
1875 4804 2258 4874 intelligentia,

708 4907 762 4952 et
796 4906 980 4967 postea
1028 4895 1257 4949 consilio
1279 4935 1293 4958 ,
1330 4909 1440 4963 quo
1465 4895 1616 4947 utilia
1649 4894 1752 4948 sibi
1793 4895 2022 4950 consilia
2055 4896 2263 4964 ample-

710 4990 894 5044 ctitur.
917 4987 996 5040 Ad
1017 4986 1118 5040 hoc
1140 4999 1461 5054 progressus
1481 5000 1573 5054 per
1599 4986 1974 5040 mandatorum
2000 4987 2260 5041 observa-

712 5067 938 5141 tionem.
967 5075 1031 5130 ad
1059 5077 1340 5130 scientiam
1372 5090 1552 5130 rerum
1581 5077 1842 5143 pervenit,
1874 5086 1927 5129 et
1956 5077 2257 5131 divinarum

712 5171 1178 5235 humanarumque
1214 5180 1394 5220 rerum
1454 5165 1820 5220 certissimam
1861 5167 2064 5236 accipit
2119 5169 2263 5222 noti-

700 5260 869 5312 .tiam.
919 5257 1048 5311 lude
1103 5265 1250 5311 totus
1301 5255 1520 5326 pietatis
1561 5256 1927 5311 habitaculum
1973 5256 2181 5322 factus,
2213 5259 2267 5312 in

716 5349 1000 5406 cbaritatis
1029 5362 1208 5402 arcem
1263 5346 1562 5403 ascendens
1615 5347 1930 5418 perﬁcitur,
1988 5355 2042 5404 et
2083 5352 2265 5405 statim

707 5439 890 5508 πρίει
920 5453 1044 5495 eum
1099 5440 1237 5495 casti
1287 5439 1515 5509 spiritus
1546 5439 1782 5504 timoris,
1822 5454 1850 5493 a
1881 5453 1991 5509 quo
2020 5453 2266 5496 servetur

723 5529 1006 5602 depositus
1053 5530 1106 5585 in
1155 5543 1220 5584 eo
1270 5529 1556 5584 thesaurus
1610 5530 1764 5599 regni
1818 5531 2106 5586 calorum.
2169 5531 2268 5587 Hic

714 5624 884 5681 timor
917 5618 1070 5678 valde
1113 5621 1369 5687 salutaris
1399 5621 1560 5679 eliicit
1615 5630 1671 5677 ut
1698 5622 1786 5677 ille
1831 5623 1924 5693 qui
1971 5624 2025 5678 in
2073 5625 2266 5680 turrim

2355 4612 2448 4663 καὶ
2479 4613 2557 4674 εἰς
2587 4615 2931 4685 καθαρότητα
2962 4621 3184 4688 καρδίας
3211 4621 3298 4675 διά
3318 4622 3570 4692 δακρύων
3603 4624 3929 4692 προκόπτων

2356 4704 2450 4773 τῆς
2495 4709 2802 4774 μετανοίας,
2847 4711 3151 4780 πληροῦται
3196 4716 3409 4785 πρῶτον
3462 4716 3674 4782 σοφίας,
3739 4717 3928 4788 ὶπειδὴ

2359 4797 2450 4847 καὶ
2480 4799 2621 4870 ἀρχὴ
2650 4801 2853 4870 ταύτης
2881 4805 2908 4855 ό
2936 4804 3118 4869 φόϐος,
3160 4806 3299 4859 κατὰ
3337 4809 3396 4859 τὸ
3420 4809 3729 4878 εἰρημένον,
3757 4809 3926 4861 ἐστίν’

2359 4881 2481 4940 εἶτα
2528 4890 2813 4956 συνέσεως,
2863 4893 2953 4946 καὶ
2995 4896 3112 4964 μεθ’
3148 4897 3262 4965 ἅμα
3300 4897 3518 4967 βουλῆς,
3551 4899 3619 4952 δι’
3652 4895 3722 4970 ἦς
3751 4900 3930 4970 ἑαυτῷ

2359 4980 2426 5032 τὰ
2455 4981 2705 5051 λυσιτελῆ
2734 4984 3081 5051 βουλεύεσθαι
3113 4991 3539 5054 κατασπάζεται.
3571 4993 3660 5055 Et;
3693 4994 3852 5045 τοῦτο
3873 4995 3929 5047 δὲ

2362 5073 2640 5141 προκόψας
2671 5074 2756 5126 διὰ
2787 5076 2882 5145 τῆς
2913 5080 3170 5147 ἐργασίας
3200 5081 3307 5134 τῶν
3338 5084 3586 5148 ἐντολῶν,
3618 5086 3697 5149 είς
3728 5089 3898 5154 γνῶσι
3919 5102 3935 5134 ο

2361 5164 2469 5217 τῶν
2495 5166 2664 5218 ὄντων
2694 5167 2998 5238 ἀνέρχεται,
3035 5173 3127 5224 καὶ
3176 5172 3440 5244 λαμϐάνει
3490 5175 3646 5227 θείων
3692 5177 3788 5230 καὶ
3839 5181 3933 5232 ἀν-

2363 5256 2649 5326 θρωπίνων
2699 5261 3040 5329 πραγμάτων
3091 5264 3490 5334 ἀκριϐεστάτην
3539 5266 3637 5338 τὴν
3699 5270 3927 5340 εἴῑησιν.

2376 5346 2654 5399 Ἐντεῦθεν
2697 5348 2752 5400 δὲ
2790 5349 2905 5411 ὅλος
2934 5351 3213 5411 εὐσεϐείας
3255 5355 3543 5422 γενόμενος
3586 5356 3930 5427 ἐνδιαίτημα,

2366 5439 2444 5499 είς
2482 5437 2577 5508 τὴν
2616 5440 2712 5509 τῆς
2748 5441 2969 5511 ἀγάπης
3009 5443 3301 5513 ἀκρόπολιν
3332 5445 3568 5499 ἀνελθὼν
3596 5448 3928 5504 τελειοῦται·

2366 5528 2460 5579 καὶ
2504 5528 2666 5589 εὐθὺς
2697 5531 2724 5581 6
2757 5530 2918 5595 ἁγνὸς
2956 5531 3050 5584 τοῦ
3095 5533 3408 5602 Πνεύματος
3451 5535 3616 5603 φόϐος
3666 5537 3930 5608 λαμϐάνει

2368 5618 2528 5671 αὑτὸν
2553 5621 2632 5681 εις
2657 5620 2717 5672 τὸ
2746 5621 3033 5689 φυλάττειν
3055 5622 3144 5676 τὸν
3166 5623 3558 5682 έναποτεθέντα
3582 5627 3852 5701 θησαυρὸν
3874 5633 3931 5684 ὲν

792 5800 835 5829 ⁸⁸
883 5803 1024 5856 Psul.
1064 5817 1250 5868 cmu,
1303 5803 1388 5856 18.
1467 5802 1508 5831 ⁷⁸
1546 5803 1646 5855 Ιδιι.
1696 5816 1842 5864 uiv,
1884 5800 1953 5864 6;
1990 5801 2007 5855 l
2044 5801 2171 5856 Cor.
2211 5818 2245 5854 ll

2422 5805 2462 5834 τι
2493 5801 2595 5858 lsa.
2631 5800 2777 5867 “,2,
2804 5800 2855 5854 '5.
2931 5800 2975 5829 ”
2995 5797 3156 5852 Prov.
3195 5809 3234 5864 ι,
3266 5800 3318 5852 7.
