4124 6338
195 363 302 428 9έ5

1118 370 1606 432 FHYSICORUM
1642 373 1980 437 C\PITUM
2020 379 2408 446 CENTUliIA
2455 389 2530 449 ΙΙ.

3310 396 3446 460 94s-

189 483 336 555 αὑτῷ
385 486 486 553 τῆξ
519 487 797 557 βασιλείας
835 490 940 541 τῶν
975 493 1218 561 οὐρανῶν
1294 491 1456 556 Οὗτος
1509 497 1535 546 ὁ
1592 496 1750 562 coitio;

1856 489 2142 549 charitatis
2182 500 2449 565 ascendit,
2485 509 2678 559 tremat
2732 516 2783 562 et
2823 523 2970 564 arma
3023 526 3128 565 non
3157 511 3408 582 deponat.

191 577 306 629 λίαν
333 581 601 650 σωτήριος
629 581 726 646 ὢν,
748 584 839 635 τὸν
867 584 944 644 εί;
981 587 1075 651 τὴν
1109 588 1388 656 περιωπήν
1419 588 1505 654 τῆς
1539 592 1754 655 ἀγάπης

189 668 562 737 ἁνυψωθέντα,
597 672 894 741 σύντρομον
937 677 1080 726 ποιεῖ
1133 676 1223 726 καὶ
1265 679 1573 744 ἐναγώνιον,
1609 679 1756 749 φὶϐῳ

189 760 283 811 τοῦ
335 761 408 829 μὴ
465 763 719 815 ἐκπεσεῖν
767 764 860 816 τοῦ
908 767 1148 819 τοιοῦτον
1194 768 1362 836 ὕψους
1407 770 1502 837 τῆς
1541 771 1756 838 ἀγάπης

191 849 348 915 Θεοῦ,
378 853 472 906 καὶ
508 853 667 907 πάλιν
699 856 778 917 είς
809 855 897 908 τὸν
925 857 1086 926 φόϐον
1119 861 1487 932 ἀπορῤιφῆναι
1521 863 1611 914 τὸν
1635 879 1758 933 φρι-

193 941 317 993 κτὸν
345 943 440 1012 τῆς
474 943 764 1008 κολάσεως.

264 1041 339 1112 ιί.
379 1044 590 1108 ΙΙἈλλως
610 1047 723 1106 τοῖς
740 1048 1123 1114 είσαγωγικοῖς
1143 1049 1221 1109 είς
1247 1049 1337 1101 τὸν
1356 1049 1453 1112 ἐἰς
1470 1051 1531 1103 εὐ
1545 1047 1753 1110 σεϐείας

194 1136 311 1205 βίον
338 1139 448 1189 τῶν
480 1137 716 1206 Γραφῶν
775 1139 806 1208 ἠ
838 1139 1142 1206 ἀνάγνωσις
1194 1143 1427 1208 γίνεται,
1462 1143 1552 1195 καὶ
1581 1142 1754 1202 ἄλλως

190 1232 301 1295 τοῖς
328 1231 421 1282 ἐπὶ
446 1229 507 1282 τὸ
535 1231 700 1298 μέσον
723 1230 1053 1302 προκόψασι,
1098 1235 1194 1287 καὶ
1223 1234 1425 1304 ἑτέρως
1452 1236 1562 1297 τοῖς
1581 1235 1673 1286 ἐπὶ
1694 1235 1754 1287 τὸ

190 1323 398 1375 τέλειον
426 1323 803 1393 ἀνατρέχουσι.
855 1324 978 1387 τοῖς
1023 1325 1122 1393 μὲν
1156 1327 1285 1395 γὰρ,
1338 1327 1502 1396 ἄρτος
1543 1327 1752 1393 γίνεται

190 1416 472 1483 τραπέζης
501 1416 658 1480 Θεοῦ,
708 1417 982 1487 στηρίζων
1014 1421 1111 1481 τὰς
1163 1419 1388 1488 καρδίας
1445 1420 1626 1474 αὐτῶν
1674 1420 1756 1483 είς

190 1508 316 1568 τοὺς
351 1507 533 1576 ἱεροὺς
591 1505 808 1575 ἀγῶνας
864 1510 964 1576 τῆς
1015 1509 1240 1578 ἀρετῆςο
1277 1509 1338 1574 ὃς
1381 1511 1474 1565 καὶ
1527 1510 1754 1582 δύναμιν

196 1601 380 1671 Ξσχύος
417 1601 643 1672 παρέχει
677 1600 862 1664 αὐτοῖς
901 1603 982 1662 είς
1002 1601 1100 1670 τὴν
1129 1603 1445 1673 συμπλοκὴν
1466 1604 1574 1656 τῶν
1607 1605 1753 1675 ἐνερ-

189 1694 436 1759 γούντων
466 1691 697 1760 τὰπάθη
714 1692 1061 1759 πνευμάτων,
1084 1695 1173 1746 καὶ
1197 1694 1445 1764 μαχητὰς
1473 1695 1754 1766 ἀνδρείους

190 1783 333 1834 κατὰ
357 1781 466 1832 τῶν
501 1779 773 1848 δαιμόνων
804 1781 1026 1844 τούτους
1044 1782 1322 1848 ἀποτελεῖ,
1355 1784 1430 1846 ὡς
1457 1785 1638 1854 λέγειν
1655 1788 1753 1842 αὖ-

189 1873 334 1936 τούς·
365 1891 384 1924 ι
412 1873 746 1940 Ἢτοίμασας
761 1872 991 1927 ἐνώπιόν
1012 1891 1112 1942 μου
1128 1875 1407 1944 τράπεζαν
1425 1876 1485 1940 ἐξ
1507 1878 1750 1942 ἐναντίας

186 1965 294 2018 τῶν
327 1964 620 2017 θλιϐόντων
661 1980 749 2035 με·
783 1982 801 2016 ι
829 1966 938 2026 τοῖς
987 1964 1068 2029 δὲ,
1099 1961 1241 2026 οῖνος
1274 1968 1532 2036 ποτηρίου
1579 1969 1748 2033 θείου,

187 2059 492 2127 εὐφραίνων
523 2056 621 2119 τὰς
641 2057 868 2125 καρδίας
898 2057 1100 2120 αὐτῶν,
1143 2059 1238 2111 καὶ
1287 2060 1514 2125 ἐξιστῶν
1555 2062 1750 2122 αὐτοὺς

184 2152 495 2222 τῇδυνάμει
523 2153 633 2204 τῶν
657 2151 898 2215 ἐννοιῶν,
929 2151 1136 2204 καὶτὸν
1185 2153 1308 2205 νοῦν
1363 2154 1612 2224 ἐπαίρων
1656 2156 1751 2208 αὐ-

184 2246 292 2295 τῶν
317 2243 422 2296 ἀπὸ
450 2242 544 2294 τοῦ
579 2243 993 2304 ἀποκτιννύντος
1023 2242 1370 2312 γράμματος,
1403 2245 1650 2310 καὶπρὸς
1681 2246 1746 2297 τά

187 2334 319 2403 βάθη
362 2333 457 2385 τοῦ
492 2333 806 2404 Πνεύματος
867 2333 1231 2404 ἐρευνητικῶς
1281 2336 1613 2402 ἐμσιόάζων,
1650 2340 1746 2392 καὶ

182 2427 300 2478 ὅλον
316 2425 634 2490 γεννητικόν
665 2442 722 2476 τε
773 2425 865 2476 καὶ
893 2425 1238 2492 ἐφευρετικὸν
1269 2426 1551 2493 νοημάτων
1572 2429 1743 2498 ἀπερ-

183 2517 508 2585 γαζόμενος,
539 2515 613 2578 ώς
640 2505 732 2568 καὶ
763 2515 953 2576 αὐτοὺς
978 2514 1189 2576 οἰκείως
1215 2515 1391 2582 λέγειν
1418 2531 1430 2546 ·
1475 2535 1494 2568 ε
1543 2519 1647 2569 Καὶ
1688 2518 1748 2571 τὸ

183 2606 447 2674 ποτήριόν
477 2622 569 2658 σου
592 2605 865 2673 μεθύσκον
896 2622 961 2674 με
989 2605 1120 2658 ὡσεὶ
1151 2607 1460 2676 κράτιστον·
1488 2627 1506 2658 ι
1526 2611 1635 2669 τοῖς
1668 2610 1744 2676 δὲ,

184 2697 363 2749 ἔλαιον
393 2696 537 2748 θείου
574 2695 913 2763 Πνεύματος,
944 2694 1191 2748 λιπαῖνον
1219 2697 1396 2749 αὐτῶν
1428 2696 1524 2766 τὴν
1548 2698 1744 2766 ψυχὴν,

181 2792 276 2840 καὶ
297 2786 683 2856 καταπραΰνον
735 2785 831 2837 καὶ
853 2785 1142 2838 ταπεινοῦν
1167 2786 1332 2853 αὐτὴν
1364 2789 1430 2857 τῇ
1475 2787 1744 2858 ὑπερϐολῇ

182 2882 290 2932 τῶν
321 2879 485 2932 θείων
522 2876 864 2946 ἐλλάμψεων,
904 2879 998 2930 καὶ
1024 2878 1150 2945 ὃλην
1179 2879 1432 2947 ὑπεράνω
1454 2880 1638 2932 ποιοῦν
1650 2882 1745 2949 τῆς

181 2971 274 3024 τοῦ
302 2971 574 3040 σώματως
591 2969 995 3030 ταπεινώσεως’
1036 2969 1108 3032 ώς
1138 2970 1227 3021 καὶ
1261 2971 1430 3038 αὐτὴν
1458 2973 1745 3040 καυχωμέ-

180 3079 278 3130 νην
314 3061 467 3131 βοᾷν·
507 3080 525 3111 ι
566 3060 851 3122 Ἐλίπανας
898 3060 956 3110 ἐν
999 3058 1161 3128 ἐλαίῳ
1213 3059 1310 3127 τὴν
1349 3060 1592 3128 κεφαλήν
1623 3079 1743 3128 μου,
1773 3072 1810 3126 c

181 3153 276 3205 καὶ
297 3154 356 3205 to
388 3153 535 3215 ἔλεός
582 3170 674 3204 σου
701 3152 882 3212 πάσας
909 3150 1006 3212 τὰς
1048 3151 1258 3219 ἡμέρας
1286 3151 1383 3215 τῆς
1439 3151 1582 3221 ζωῆς
1641 3170 1742 3221 μου

179 3242 510 3308 καταδιώξει
549 3260 635 3311 με.
676 3261 692 3293 ι

246 3329 357 3399 ιμ’.
400 3330 545 3394 Ἕως
579 3331 644 3383 ἂν
673 3331 920 3398 ἐμπόνως
951 3331 1038 3383 διὰ
1066 3334 1165 3400 τῆς
1190 3331 1507 3400 ἐμπράκτου
1538 3333 1745 3402 φιλοσο-

178 3425 305 3489 φίας
331 3424 392 3476 ἐν
431 3422 618 3490 ἱδρῶτι
649 3421 742 3473 τοῦ
779 3422 1071 3490 προσώπου
1099 3423 1560 3492 κατευθυνώμεθα
1607 3425 1742 3495 πρὸς

177 3515 326 3575 Θεὸν,
351 3513 421 3565 τὰ
441 3511 588 3582 πάθη
620 3513 717 3581 τῆς
757 3513 956 3580 σαρκὸς
997 3514 1365 3582 ἐκμειοῦντες,
1419 3517 1510 3566 τὸν
1562 3515 1746 3567 ἐπιού-

179 3620 289 3656 σιον
317 3605 483 3674 ἄρτον
511 3603 601 3654 τὸν
621 3602 730 3655 ἀπὸ
758 3603 855 3672 τῆς
880 3605 1153 3673 γεωργίας
1194 3605 1303 3658 τῶν
1334 3605 1545 3673 ἀρετῶν
1573 3623 1744 3672 γεωρ-

178 3697 465 3768 γούμενον,
526 3693 618 3745 καὶ
665 3694 762 3755 τὰς
801 3691 1026 3759 καρδίας
1083 3692 1191 3745 τῶν
1223 3693 1524 3764 ἀνθρώπων
1565 3700 1748 3768 στηρί-

1860 593 2106 641 metuens
2139 604 2211 641 ne
2258 590 2473 646 decidat
2503 594 2567 648 de
2607 597 2706 652 hoc
2737 604 2886 669 apice
2932 603 3136 658 amoris
3193 603 3307 666 Dei.
3350 623 3412 661 ac

1858 693 2048 737 rursus
2116 683 2404 752 deiiciatur
2451 689 2502 742 in
2551 692 2848 748 terribilem
2907 710 3187 765 pmnarum
3247 698 3409 753 timo-

1858 790 1988 832 rem.

1927 1053 2015 1108 90.
2061 1052 2464 1124 Seripturarum
2518 1058 2677 1112 lectio
2734 1057 2877 1112 aliud
2928 1057 2986 1111 fit
3038 1057 3102 1111 iis
3146 1056 3236 1126 qui
3270 1057 3405 1110 viam

1857 1146 2078 1216 pietatis
2103 1147 2381 1212 inchoant,
2413 1149 2556 1204 aliud
2580 1149 2648 1206 iis
2669 1150 2762 1220 qui
2786 1149 2852 1204 ad
2875 1148 3112 1205 medium
3133 1148 3409 1218 progressi

1855 1248 2004 1304 sunt,
2041 1238 2185 1293 aliud
2219 1239 2286 1294 iis
2329 1241 2421 1308 qui
2467 1240 2531 1295 ad
2564 1241 2952 1311 perfectionem
2999 1250 3246 1296 currunt.
3278 1239 3410 1294 Aliis

1854 1331 1995 1385 enim
2033 1333 2089 1384 fit
2139 1332 2291 1400 panis
2330 1348 2527 1387 mensae
2557 1331 2670 1394 Dei,
2722 1333 3050 1388 conﬁrmans
3094 1347 3190 1386 cor
3222 1347 3408 1386 eorum

1855 1423 1920 1476 ad
1981 1437 2181 1492 agones
2247 1425 2510 1478 virtutis:
2561 1426 2650 1493 qui
2710 1424 2918 1479 validas
2975 1425 3054 1479 eis
3102 1424 3410 1494 suppeditat

1853 1513 1996 1569 vires
2052 1515 2116 1568 ad
2174 1515 2486 1569 certandum
2544 1531 2666 1569 cum
2738 1515 3021 1571 daemoniis
3087 1515 3409 1584 cupiditates

1853 1605 2241 1668 excitantibus,
2275 1623 2475 1676 eosque
2521 1607 2688 1661 fortes
2720 1607 2952 1660 athletas
2984 1613 3172 1681 contra
3207 1609 3408 1660 daemo—

1857 1709 1952 1751 nes
1981 1695 2160 1758 eliicit,
2195 1697 2265 1750 ita
2319 1705 2375 1749 ut
2420 1696 2597 1750 dicant
2644 1715 2656 1749 :
2706 1715 2723 1748 ι
2756 1695 2963 1751 Parasti
3001 1697 3055 1749 in
3114 1703 3406 1764 conspectu

1854 1797 1974 1836 meo
2006 1798 2250 1838 mensam
2299 1784 2559 1839 adversus
2591 1798 2685 1838 eos
2713 1785 2802 1852 qui
2856 1783 3114 1837 tribulant
3158 1796 3245 1836 me
3269 1783 3337 1836 ⁷³.
3385 1801 3400 1831 ι

1851 1873 1986 1928 Aliis
2019 1875 2076 1928 lit
2104 1875 2288 1928 viuum
2326 1875 2514 1930 calicis
2538 1875 2729 1936 divini.
2763 1877 3048 1932 laetificans
3072 1891 3166 1930 cor
3193 1891 3405 1940 eorum,

1850 1979 1942 2017 eos
1973 1964 2054 2018 sui
2091 1965 2318 2030 impotes
2357 1965 2587 2020 reddens
2617 1966 2668 2019 vi
2716 1967 3125 2035 cogitationum,
3170 1974 3405 2020 mentem

1851 2069 2039 2109 eorum
2095 2056 2333 2125 eripiens
2379 2072 2406 2110 a
2459 2057 2638 2112 littera
2671 2072 2789 2127 quae
2834 2058 3066 2119 occidit.
3108 2066 3160 2111 et
3186 2059 3252 2112 ad
3284 2071 3408 2127 pro-

1853 2146 2014 2201 funda
2047 2147 2271 2216 spiritus
2303 2147 2511 2216 placide
2534 2148 2832 2214 adducens,
2867 2156 3143 2218 totamque
3177 2148 3405 2204 creatri-

1849 2253 1963 2292 cem
1996 2250 2050 2294 et
2087 2241 2442 2294 inventricem
2481 2241 2866 2309 cogitationum
2885 2240 3143 2306 efﬁciens,
3166 2242 3237 2296 ita
3279 2249 3405 2296 utet

1849 2330 1949 2399 ipsi
1973 2330 2358 2385 convenienter
2378 2331 2559 2386 dicant
2593 2349 2605 2386 :
2647 2349 2679 2381 ι·
2703 2331 2767 2385 Et
2800 2332 2938 2387 calix
2957 2340 3084 2388 tuus
3113 2333 3392 2388 inebrians

1848 2437 2009 2488 quam
2070 2423 2363 2491 praclarus
2413 2434 2494 2479 est
2527 2423 2590 2477 ⁷⁵.
2634 2444 2650 2475 ι
2696 2425 2826 2479 Aliis
2882 2425 2938 2480 lit
2993 2426 3171 2482 oleum
3235 2427 3402 2479 divini

1851 2512 2110 2581 Spiritus,
2155 2513 2500 2583 impinguans
2535 2530 2722 2568 eorum
2748 2518 3007 2581 animam,
3037 2517 3402 2585 mitigansque

1847 2611 1900 2656 et
1958 2603 2250 2659 liumilians
2311 2604 2480 2673 ipsam
2535 2608 3029 2675 super-abundantia
3093 2608 3397 2663 divinarum

1847 2693 2330 2760 illuminationum,
2368 2711 2432 2750 ac
2479 2707 2644 2750 totam
2679 2698 2895 2752 elevans
2942 2714 3101 2766 supra
3158 2700 3400 2767 corporis

1847 2784 2127 2846 vilitatem,
2165 2787 2234 2836 ita
2264 2793 2396 2839 utet
2427 2785 2540 2855 ipsa
2571 2786 2924 2856 gloriabuuda
2951 2791 3146 2843 clamet
3179 2803 3192 2842 :
3238 2808 3254 2839 ι
3293 2791 3402 2841 lm-

1845 2876 2113 2942 pinguasli
2151 2876 2202 2930 in
2235 2879 2353 2933 oleo
2379 2887 2541 2946 caput
2575 2894 2776 2942 meum,
2805 2889 2857 2932 et
2889 2879 3258 2933 misericordia
3309 2891 3397 2932 tua

1845 2969 2206 3037 subscquelur
2235 2987 2318 3027 me
2347 2972 2596 3028 omnibus
2622 2973 2810 3027 diebus
2841 2974 2958 3027 vitm
2987 2987 3132 3028 mem.
3163 2973 3205 3003 ⁷⁸
3237 2991 3254 3022 ι

1918 3327 2006 3378 9i.
2053 3326 2302 3392 Quandiu
2366 3327 2636 3384 laboriose
2688 3342 2784 3398 per
2806 3329 3102 3398 practicam
3156 3330 3393 3398 philoso-

1846 3418 2024 3484 phiam
2057 3420 2109 3472 in
2147 3419 2346 3474 sudore
2381 3420 2565 3475 vultus
2593 3422 2764 3475 nostri
2805 3423 3077 3478 tendimus
3105 3424 3170 3478 ad
3203 3423 3392 3487 Deum,

1844 3509 2165 3577 cupiditates
2198 3511 2380 3566 carnis
2431 3512 2836 3576 imminuentes,
2890 3513 3393 3580 supersubstantia-

1845 3600 1943 3652 lem
1998 3615 2186 3667 panem
2215 3616 2242 3654 a
2280 3601 2537 3656 virtutum
2574 3604 2785 3656 cultura
2813 3609 3110 3663 exaratum.
3141 3612 3194 3658 et
3230 3605 3390 3659 corda

1843 3690 2120 3745 hominum
2155 3693 2583 3757 confirmantem,
2611 3695 2902 3749 manducat
2935 3697 3217 3752 nobiscum
3251 3699 3392 3752 Deus

179 3789 362 3855 ζοντα,
397 3788 653 3857 τρέφεται
677 3787 705 3838 ὁ
734 3783 936 3852 Κύριος
968 3783 1087 3851 μεθ’
1116 3783 1294 3853 ὴμῶν,
1326 3785 1383 3836 ἐν
1413 3787 1476 3854 τῇ
1501 3787 1747 3859 τραπέζῃ

1849 3781 1896 3834 in
1926 3798 2112 3837 mensa
2139 3784 2532 3840 charismatum
2552 3800 2794 3839 suorum.
2817 3785 2950 3839 Cum
2979 3796 3154 3839 autem
3180 3804 3271 3855 per
3295 3789 3392 3838 im-

179 3880 286 3934 τῶν
331 3878 692 3949 χαρισμάτων
729 3875 931 3927 αὐτοῦ’
981 3877 1107 3928 ὃταν
1135 3876 1190 3928 δὲ
1229 3875 1315 3928 διά
1346 3877 1442 3946 τῆς
1486 3879 1750 3942 ἀπαθείας

1849 3872 2252 3939 passibilitatem
2273 3874 2667 3929 sanctificatum
2690 3885 2772 3930 est
2797 3893 2822 3928 a
2853 3877 3005 3932 nobis
3028 3891 3221 3931 nomen
3247 3882 3387 3945 ejus,

181 3971 418 4040 ἀγιασθῇ
454 3967 586 4038 παρ’
619 3967 750 4036 ἡμῖν
783 3967 843 4018 τὸ
867 3966 1037 4034 ὄνομα
1062 3965 1248 4029 αὑτοῦ,
1285 3969 1379 4019 καὶ
1403 3969 1566 4031 αὐτὸς
1598 3971 1750 4038 βασι-

1849 3972 1893 4017 et
1929 3965 2039 4032 ipse
2091 3975 2280 4034 regnat
2331 3966 2384 4020 in
2420 3967 2673 4022 omnibus
2728 3968 2922 4021 animae
2978 3975 3179 4022 nostra:
3219 3967 3385 4022 facul-

180 4065 368 4134 λεύσῃ,
409 4063 466 4114 ἐν
497 4061 697 4122 πάσαις
726 4058 881 4129 ἡμῶν
921 4059 1040 4120 ταῖς
1103 4057 1363 4128 δυνάμεσι
1408 4064 1506 4130 τῆς
1546 4061 1745 4131 ψυχῆς,

1849 4056 2061 4120 talibus,
2100 4057 2341 4112 subactis
2372 4065 2425 4112 et
2453 4058 2816 4112 reconciliatis
2843 4075 2964 4126 quae
3008 4067 3165 4114 erant
3189 4059 3386 4121 divisa,

182 4152 569 4216 καθυποτάξας
602 4151 696 4203 καλ⁴
730 4148 1052 4218 είρηνεύσας
1091 4149 1158 4202 τὰ
1201 4149 1484 4214 διεστῶτα,
1513 4155 1658 4222 φημὶ
1686 4154 1748 4223 δὴ

1849 4147 1890 4197 id
1921 4157 2022 4210 est,
2060 4147 2215 4203 malis
2253 4149 2671 4217 cogitationibus
2704 4164 2823 4203 cum
2857 4149 3029 4214 bouis,
3065 4158 3118 4204 et
3143 4150 3388 4205 voluntas

178 4246 238 4299 τὸ
268 4247 456 4315 χεῖρον
481 4243 559 4312 τῷ
596 4240 865 4312 κρείττονι
890 4238 1136 4308 λογισμῷ
1159 4256 1172 4269 ο
1208 4241 1299 4292 καὶ
1329 4240 1389 4293 τὸ
1415 4241 1623 4311 θέλημα
1651 4244 1748 4296 αὑ-

1849 4235 1955 4303 ἠυε
1987 4236 2044 4291 fit
2069 4239 2212 4292 sicut
2249 4239 2301 4291 in
2328 4240 2468 4294 caelo
2498 4247 2550 4293 et
2572 4241 2626 4292 in
2657 4239 2843 4302 nobis;
2890 4248 3017 4292 tunc
3049 4242 3233 4292 vinum
3287 4256 3389 4294 no-

179 4337 272 4390 τοῦ
301 4337 534 4405 γένηται
567 4332 639 4396 ὡς
670 4334 727 4385 ἐν
758 4331 969 4402 οὐρανῷ
1008 4331 1103 4383 καὶ
1129 4333 1219 4382 ἐπὶ⁵
1251 4332 1427 4401 ήμῶν,
1451 4334 1571 4386 τότε
1602 4335 1750 4404 πόμα

1849 4341 1964 4377 rum
2017 4337 2071 4380 et
2142 4327 2413 4382 ineﬂabile
2487 4327 2766 4397 sapientiae
2823 4328 3001 4393 Verbi,
3061 4328 3282 4383 mistum
3334 4330 3385 4382 iu

180 4432 370 4485 καινὸν
403 4429 544 4497 ὑπὲρ
573 4427 730 4494 λόγον
759 4425 858 4493 τῆς
892 4421 1091 4489 σοφίας
1123 4422 1214 4475 τοῦ
1248 4424 1443 4492 Λόγου,
1480 4425 1751 4496 κιρνώμε-

179 4544 265 4579 νον
298 4525 359 4576 ἐν
406 4519 718 4585 κατανύξει,
752 4519 844 4571 καὶ
879 4514 1077 4582 γνώσει
1117 4519 1428 4586 μυστηρίων
1476 4518 1746 4587 μεγάλων,

182 4620 326 4670 πίνει
368 4615 488 4685 μεθ’
537 4613 695 4683 ἡμῶν
724 4613 778 4664 ἐν
799 4615 865 4682 τῇ
897 4612 1060 4664 αὐτοῦ
1099 4611 1368 4681 βασιλείᾳ,
1405 4614 1470 4681 τῇ
1500 4614 1575 4673 εἰς
1605 4614 1748 4682 ἡμᾶς

181 4709 468 4778 γινομένῃ,
502 4708 560 4758 ἐν
591 4705 852 4773 μετουσίᾳ
882 4704 939 4755 δὲ
963 4703 1058 4754 τοῦ
1095 4701 1412 4770 Πνεύματος
1448 4703 1748 4772 γινομένοις

183 4801 312 4869 ἡμῖν
337 4796 438 4851 τοῦ
480 4795 685 4862 ⁹Αγίου,
713 4795 806 4845 καὶ
834 4794 933 4862 τὴν
976 4792 1145 4861 καλὴν
1185 4793 1590 4862 ἀλλοιουμένοις
1619 4796 1749 4864 ἡμῖν

179 4889 492 4949 ἀλλοίωσιν,
520 4887 578 4937 ἐν
617 4887 683 4954 τῇ
733 4885 1074 4937 ἁνακαινίσει
1105 4883 1199 4936 τοῦ
1250 4884 1367 4945 νοὸς
1401 4884 1573 4953 ἡμῶν,
1627 4884 1748 4936 τότε

178 4978 308 5043 Θεὸς
340 4977 442 5041 ὢν,
486 4975 627 5039 θεοῖς
683 4975 966 5028 συνέσεται
1017 4977 1171 5044 ἡμῖν,
1225 4973 1299 5038 ὼς
1333 4975 1748 5039 ἀπαθανατίζων

177 5073 236 5124 τὸ
264 5069 626 5142 πρόσλημμα.

247 5164 358 5234 νβ’.
393 5163 563 5214 Ὅταν
592 5159 652 5212 τὸ
676 5160 904 5229 ἄσχετον
929 5159 1072 5228 ὓδωρ
1090 5158 1197 5211 τῶν
1226 5159 1487 5224 ἐμπαθῶν
1510 5160 1603 5211 τοῦ
1636 5159 1747 5220 νοὸς

178 5253 480 5324 λογισμῶν,
515 5252 605 5306 διά
650 5252 746 5320 τῆς
777 5250 1067 5322 ἐπιδημίας
1100 5250 1408 5320 κατασχεθῇ
1449 5249 1542 5302 τοῦ
1593 5249 1746 5318 ἁγίου

180 5347 523 5418 Πνεὺματος,
554 5342 650 5396 καὶ
681 5344 714 5412 ή
746 5342 964 5413 ἁλμυρά
1003 5341 1112 5395 τῶν
1143 5341 1408 5412 ἀπρεπῶν
1438 5341 1655 5395 ἐννοιῶν
1687 5359 1743 5395 τε

181 5438 275 5491 καὶ
304 5435 662 5506 ἐνθυμήσεων
684 5432 1032 5497 ἀδυσσος,δι’
1051 5432 1378 5503 ἐγκρατείας
1404 5433 1496 5486 καὶ
1521 5433 1748 5503 μελέτης

181 5529 412 5583 θανάτου
442 5526 738 5598 χαλινωθῇ,
778 5525 898 5578 τότε
929 5526 1074 5595 φυσᾷ
1099 5527 1159 5578 τὺ
1203 5525 1346 5578 θεῖον
1385 5526 1612 5595 Πνεῦμα
1651 5527 1747 5595 τῆς

187 5618 498 5686 μετανοίας,
555 5618 649 5671 καὶ
711 5616 1068 5686 κατέρχονται
1132 5617 1195 5667 ’τὰ
1249 5621 1345 5689 τῇς
1406 5617 1745 5680 κατανύξεως

243 5792 288 5823 ’³
322 5791 444 5848 Psal
495 5805 631 5852 ult,
655 5790 704 5843 5.
783 5789 827 5822 "
857 5790 983 5845 ibid.
1064 5791 1106 5821 "
1133 5791 1258 5845 il'i-i.
1298 5791 1347 5854 5,
1380 5793 1428 5844 εἰ.

1839 4418 2255 4486 compunctione
2312 4419 2653 4488 altarumque
2714 4420 3094 4489 mysteriorqu
3139 4419 3383 4480 scientia,

1840 4509 1969 4562 bibit
2001 4510 2280 4564 nobiscqu
2312 4511 2364 4563 in
2389 4525 2552 4580 regno
2585 4525 2703 4573 suo,
2729 4509 2872 4579 quod
2894 4512 2946 4563 in
2994 4526 3090 4565 nos
3121 4511 3381 4582 pervenit.

1841 4604 1901 4656 Et
1943 4618 2064 4656 cum
2107 4605 2398 4674 participes
2445 4603 2569 4658 facti
2604 4603 2808 4657 erimus
2839 4604 3072 4671 Spiritus
3105 4605 3299 4666 sancti,
3332 4611 3384 4657 et

1839 4697 2058 4765 pulchra
2113 4699 2414 4751 mutatione
2475 4696 2664 4751 mutati
2692 4697 2918 4758 erimus,
2950 4698 3002 4750 in
3031 4699 3382 4752 renovatione

1838 4788 2032 4840 mentis
2071 4797 2288 4852 nostrae,
2327 4795 2456 4840 tunc
2486 4785 2626 4841 Deus
2659 4786 2765 4841 diis
2804 4786 3162 4856 conjungetur
3201 4789 3377 4851 nobis,

1834 4877 1974 4945 quod
2008 4878 2304 4944 assumpsit
2338 4877 2640 4932 immortale
2669 4876 2892 4933 faciens.

1904 5152 1990 5208 92.
2045 5152 2179 5205 Cum
2236 5151 2465 5205 infrenis
2524 5151 2661 5206 unda
2723 5153 3129 5209 libidinosarum
3189 5160 3382 5210 montis

1832 5244 2221 5310 cogitationum
2286 5242 2567 5310 praesentia
2623 5243 2856 5312 Spiritus
2907 5246 3144 5299 cohibita
3191 5257 3295 5306 est,
3331 5262 3382 5300 ιιι

1834 5347 2014 5386 amara
2035 5348 2316 5404 pravarum
2331 5333 2714 5402 cogitationum
2731 5345 2784 5389 et
2800 5337 3205 5403 conceptionum
3222 5338 3381 5408 abys-

1834 5442 1927 5482 sus
1952 5426 2304 5494 temperantia
2334 5433 2386 5477 et
2409 5425 2596 5478 mortis
2618 5425 2961 5479 meditatione
2982 5435 3062 5480 est
3091 5427 3378 5488 refrenata,

1840 5526 1966 5572 tunc
1995 5517 2166 5585 spirat
2211 5514 2428 5569 divinus
2479 5515 2809 5583 poenitentia:
2859 5515 3107 5583 Spiritus,
3163 5532 3225 5570 ac
3251 5516 3376 5571 des-

1831 5610 2061 5664 cendunt
2091 5605 2526 5677 compunctiouis
2563 5605 2736 5671 ιιιιιίίυ,
2768 5621 2901 5675 quas
2937 5604 3074 5662 Deus
3114 5606 3408 5663 Dominus.
