4124 6338
735 384 839 445 947

1970 390 2264 451 ΝΙΓΕῚἘΕ
2305 394 2716 454 I'ECTORATI

3854 396 3950 456 918

734 505 787 556 in
820 499 1150 570 paenitentiae
1215 499 1408 569 pelvim
1447 501 1718 568 injiciens,
1785 503 2095 572 spirituales
2150 506 2279 556 lavat

2387 503 2574 569 ὕδατα,
2607 507 2764 558 ᾶτινα
2795 505 2821 558 ό
2842 504 2974 567 Θεὸς
3012 505 3103 556 καὶ
3136 503 3414 575 Δεσπότης
3445 507 3502 559 ὲν
3539 505 3616 575 τῷ
3644 505 3744 574 τῆς
3791 520 3950 573 μετα-

734 593 897 661 pedes
960 601 1201 657 nostros,
1242 605 1444 663 eosque
1508 594 1699 662 dignos
1766 592 1896 647 facit
1930 593 2020 661 qui
2080 593 2289 646 calecnt

728 683 866 737 atria
893 685 1040 750 regni
1069 681 1172 737 sui.

798 860 888 913 93.
919 859 1156 915 Verbum
1194 858 1289 913 Dei
1319 858 1519 912 factum
1547 875 1697 924 caro,
1732 871 1787 916 et
1817 861 2092 930 perfectus
2127 860 2287 914 homo

725 954 940 1010 secluso
977 961 1220 1024 peccato,
1262 961 1509 1009 naturam
1542 964 1782 1011 nostram
1821 955 1874 1008 in
1917 955 2124 1010 unitate
2164 970 2288 1024 pter-

724 1061 872 1101 sume
899 1055 1256 1114 assumptam,
1284 1054 1343 1099 ut
1360 1047 1522 1110 Deus,
1546 1046 1733 1099 refecit
1751 1061 1813 1099 ac
1834 1045 2123 1101 deificavit.
2151 1044 2284 1099 Cum

724 1137 795 1190 sit
845 1135 986 1191 ratio
1041 1137 1227 1206 prima:
1257 1137 1643 1204 intelligentia»,
1685 1152 1801 1205 quin
1832 1146 1913 1191 est
1949 1136 2112 1196 Deus.
2149 1138 2283 1204 parti

724 1228 876 1282 illius
905 1226 1152 1282 rationali
1206 1226 1561 1296 conjunctnm
1597 1238 1699 1291 est,
1737 1242 1965 1297 eamque
2000 1226 2286 1282 sublimem

726 1321 958 1375 elevavit
1017 1328 1074 1374 ut
1127 1321 1193 1375 de
1245 1321 1409 1375 rebus
1455 1321 1650 1375 divinis
1693 1321 1957 1382 cogitaret
2010 1335 2074 1374 ac
2120 1319 2287 1373 ratio-

723 1411 1021 1466 cinaretur.
1056 1410 1188 1464 Cum
1220 1413 1291 1465 sit
1323 1411 1483 1465 etiam
1512 1412 1671 1479 ignis,
1697 1412 1819 1480 igne
1842 1410 2188 1465 substantiali
2222 1423 2284 1462 ac

725 1499 911 1554 divino
939 1510 1145 1570 partem
1194 1503 1338 1556 illius
1378 1503 1707 1557 irascibilem
1763 1503 2027 1556 adversus
2059 1502 2286 1557 hostiles

725 1590 1055 1658 cupiditates
1109 1593 1489 1662 daamonesque
1538 1595 1740 1648 acriter
1773 1594 2009 1648 duravit.
2058 1594 2285 1647 Etcum

723 1681 796 1735 sit
827 1682 1104 1753 illequem
1140 1685 1415 1740 desiderat
1452 1686 1631 1740 omnis
1672 1687 1957 1742 rationalis
1991 1692 2188 1740 natura
2232 1692 2285 1740 et

726 1772 779 1825 in
815 1788 923 1841 quo
981 1775 1273 1843 requiescit
1326 1777 1503 1830 omnis
1562 1778 1854 1845 appetitus,
1900 1788 2106 1847 partem
2142 1759 2285 1831 iliius

2384 597 2533 658 νοίας
2574 596 2782 665 βάλλων
2818 594 3067 665 νιπτῆρι,
3109 597 3234 659 τοὺς
3282 599 3504 665 νοητοὺς
3542 596 3699 666 ἡμῶν
3740 597 3946 649 ἀποκα-

2384 691 2559 761 θαίρει
2613 690 2799 753 πόδας,
2835 691 2929 743 καὶ
2958 693 3150 742 πατεῖν
3205 689 3387 756 ἀξίους
3440 691 3634 753 αὐτοὺς
3667 689 3810 742 ποιεῖ
3856 686 3944 758 τὴν

2384 783 2555 851 αὐλὴν
2586 781 2685 850 τῆς
2718 780 3002 851 βασιλείας
3033 779 3219 833 αὐτοῦ.

2455 875 2563 939 [ιγ’.
2610 869 2667 924 ’0
2701 869 2794 922 τοῦ
2829 868 2964 922 Θεοῦ
3012 869 3182 937 Λόγος
3223 867 3463 938 γεγονὼς
3516 869 3674 941 σὰρξ,
3710 869 3806 924 καὶ
3857 872 3950 940 τὴν

2384 962 2657 1034 ἡμετέραν
2688 962 2850 1030 φύσιν
2877 961 2933 1013 ὲν
2973 961 3152 1030 ἐαυτῷ
3181 961 3516 1032 ὑποστήσας,
3549 965 3644 1016 καὶ
3670 964 3951 1033 ἅνθρωπος

2382 1053 2586 1114 τέλειος
2631 1051 2999 1123 χρηματίσας,
3057 1051 3224 1122 χωρὶς
3254 1052 3548 1123 ἁμαρτίας,
3591 1053 3665 1116 ὡς
3703 1052 3835 1114 Θεὸς
3866 1053 3950 1104 τέ-

2383 1145 2526 1207 λειος
2553 1121 2759 1213 ταῦτην
2793 1121 3388 1211 ἀναπλάσας,ῗὲθὲωόεξ
3435 1143 3603 1209 Λόγος
3635 1143 3692 1195 δὲ
3732 1141 3806 1195 ὣν
3858 1139 3949 1192 τοῦ

2385 1236 2754 1308 πρῶτου’νοδς
2777 1237 2871 1289 καὶ
2895 1235 3053 1302 Θεοῦ,
3081 1234 3160 1303 τῷ
3185 1235 3390 1305 ταύτης
3416 1234 3604 1305 ἡνώθη
3625 1234 3945 1304 λογιστικῷ·

2385 1326 2658 1380 καὶτοῦτο
2680 1327 2746 1380 τὰ
2776 1325 2894 1378 θεῖα
2929 1328 3147 1396 φρονεῖν
3193 1327 3288 1378 καὶ
3332 1324 3666 1392 λογίζεσθαι,
3715 1329 3794 1387 εἰς
3824 1325 3950 1392 ὕψος

2383 1417 2728 1487 ἐπτέρωσεν·
2766 1417 2900 1469 ἀλλὰ
2931 1417 3023 1470 καὶ
3063 1415 3173 1486 πῦρ
3231 1415 3513 1486 ὑπάρχων,
3569 1420 3701 1485 πυρὶ.
3751 1417 3828 1485 τῷ
3865 1416 3950 1466 οὑ-

2387 1510 2564 1564 σιώδει
2622 1511 2716 1564 καὶ
2766 1508 2926 1577 θείῳ,
2978 1509 3037 1560 τὸ
3092 1509 3296 1577 ταύτης
3368 1507 3599 1574 θυμικὸν
3653 1505 3793 1559 κατὰ
3847 1505 3951 1556 τῶν

2385 1600 2696 1655 ἀντιπάλων
2752 1599 2941 1652 παθῶν
2972 1602 3064 1652 καὶ
3092 1599 3366 1668 δαιμόνων
3413 1597 3577 1661 ὀξέως
3609 1598 3915 1668 ὲστόμωσεν
3935 1611 3946 1624 ·

2385 1699 2569 1767 ἔφεσις
2592 1693 2648 1752 δὲ
2673 1697 2749 1751 ὢν
2779 1698 2960 1766 πάσης
2991 1695 3216 1765 λογικῆς
3237 1695 3470 1763 φύσεως,
3493 1696 3586 1748 καὶ
3609 1695 3952 1752 κατάπαυσις

2386 1783 2705 1860 ἐπιθυμίας,
2741 1789 2801 1841 τὸ
2831 1787 3226 1857 ἐπιθυμητικὸν
3259 1787 3449 1855 αὐτῆς,
3500 1787 3578 1849 είς
3629 1786 3726 1855 τὴν
3761 1800 3951 1855 μετου-

724 1861 1203 1929 concupiscibilcm
1261 1878 1385 1917 cum
1421 1866 1637 1920 sincero
1685 1882 1869 1921 amore
1921 1867 2279 1921 ardentiorem

2386 1881 2504 1936 σίαν
2529 1851 2639 1932 τῶν
2663 1851 2906 1947 *ἀγαθῶν
2960 1851 3184 1930 ἐκείνων
3219 1879 3316 1947 τῆς
3365 1851 3584 1930 αἰωνίου
3639 1851 3782 1944 ζωῆς
3819 1874 3952 1943 μετὰ

725 1950 904 2006 effecit
953 1954 1006 2006 in
1041 1955 1511 2023 participationem
1571 1955 1838 2012 bonorum
1887 1959 2010 2012 vitae
2053 1967 2286 2013 πίει-ηαξ.

727 2039 927 2113 Sicque
984 2053 1156 2099 totum
1210 2049 1482 2102 hominem
1541 2049 1594 2101 in
1660 2050 1841 2120 seipso
1893 2049 2285 2121 redintegratis,

729 2149 923 2188 novum
958 2151 1020 2189 cx
1047 2137 1215 2190 veteri
1264 2137 1422 2204 fecit,
1459 2139 1512 2193 in
1537 2154 1710 2209 eoque
1741 2141 1943 2195 refecto
1993 2142 2125 2195 nihil
2160 2139 2288 2195 reli-

724 2223 843 2292 quit
875 2225 1018 2294 quod
1055 2226 1285 2282 Verbum
1314 2227 1628 2284 Creatorem
1660 2232 2072 2286 criminaretur.

794 2319 880 2375 9ι.
915 2318 1169 2384 Verbum,
1231 2322 1412 2376 oblato
1464 2325 1515 2376 in
1552 2339 1612 2378 se
1643 2327 2057 2381 restaurationis
2089 2339 2287 2383 uestrae

725 2409 1016 2476 sacrificio,
1050 2413 1161 2478 ipse
1203 2427 1300 2481 pro
1334 2415 1494 2469 nobis
1532 2415 1771 2484 seipsum
1824 2432 1917 2485 per
1958 2432 2176 2472 crucem
2222 2434 2286 2474 ac

725 2512 948 2557 mortem
1010 2503 1343 2567 immolavit,
1409 2505 1906 2577 immolandumque
1977 2509 2069 2564 dat
2123 2526 2283 2564 suum

720 2607 921 2660 corpus
983 2593 1416 2662 immaculatum,
1477 2605 1530 2651 et
1583 2598 1684 2652 hoc
1739 2599 1791 2652 in
1854 2600 2051 2652 animae
2104 2601 2282 2654 cibum

721 2684 964 2750 «luctidie
1005 2685 1163 2740 nobis
1204 2693 1438 2754 praestat.
1475 2695 1533 2741 ut
1588 2687 1719 2742 illud
1777 2689 2188 2754 manducautes,
2228 2698 2283 2745 et

722 2774 968 2830 bibentes
1000 2778 1296 2845 pretiosum
1327 2779 1448 2846 ejus
1480 2780 1825 2847 sanguinem,
1863 2781 1962 2834 hac
1989 2782 2280 2850 participa-

721 2866 868 2920 tione
911 2867 967 2920 in
1020 2869 1270 2924 sensibus
1326 2871 1520 2925 animae
1575 2870 1766 2927 fiamus
1821 2873 2067 2928 meliores
2120 2888 2279 2942 quam

721 2971 931 3020 sumus,
965 2960 1236 3014 commisti
1270 2974 1391 3014 cum
1421 2963 1549 3023 illis,
1574 2971 1626 3015 et
1658 2979 1685 3015 a
1714 2961 1970 3017 deteriori
2000 2964 2055 3018 in
2087 2965 2279 3018 melius

722 3049 1115 3113 transformati,
1152 3066 1214 3105 ac
1240 3053 1438 3121 duplici
1473 3054 1629 3110 Verbi
1661 3065 1864 3108 natura:
1888 3056 2085 3124 duplici
2118 3059 2281 3112 modo

2382 1972 2690 2027 ἐνδιαθέτου
2729 1971 2951 2041 ἀγάπης
2995 1968 3287 2022 ὲπλάτυνε.
3344 1969 3454 2021 Καὶ
3485 1967 3652 2032 οὕτως
3693 1969 3812 2021 ὅ).ον
3866 1968 3951 2020 τὸν

2381 2064 2666 2134 ἄνθρωπον
2719 2064 2775 2114 ὲν
2824 2060 3002 2130 ἑαυτῷ
3036 2061 3413 2125 ἀνακαινίσας,
3454 2063 3572 2114 νὲον
3623 2065 3688 2115 ἐκ
3722 2061 3949 2114 παλαιοῦ

2381 2158 2778 2227 ἀπειργάσατο,
2830 2155 3034 2224 μηδένα
3079 2155 3414 2223 κατηγορίας
3465 2155 3619 2222 λόγον
3667 2155 3810 2207 κατὰ
3859 2153 3949 2205 τοῦ

2381 2245 2714 2319 δημιουργοῦ
2734 2247 2909 2313 Λόγου
2941 2247 2998 2298 ἑν
3025 2247 3093 2315 τῇ
3127 2244 3430 2298 ἁναπλάσει
3461 2246 3878 2316 ἐπιφερόμενον.

2453 2340 2555 2405 ιβ’.
2593 2337 2979 2409 Ἰερὸυργήσας
3009 2337 3037 2389 ό
3062 2336 3232 2403 Λόγος
3257 2336 3314 2387 ὲν
3343 2333 3524 2405 ἐαυτῷ
3548 2335 3647 2404 τὴν
3675 2337 3951 2406 ἡμετέραν

2382 2431 2705 2496 ἀνάπλασιν,
2743 2428 2904 2492 αὐτὸς
2938 2428 3078 2498 ὑπὲρ
3128 2425 3286 2496 ήμῶν
3317 2426 3532 2490 ἑαυτὸν,
3567 2426 3654 2479 διὰ
3715 2427 3947 2496 σταυροῦ

2381 2525 2477 2580 καὶ
2515 2523 2768 2587 θανάτου,
2822 2519 3015 2584 ἔθυσε,
3065 2520 3158 2572 καὶ
3214 2518 3438 2572 θύεσθαι
3497 2519 3584 2571 ἀεὶ
3657 2518 3841 2572 δίδωσι
3890 2519 3947 2571 τὸ

2380 2620 2648 2688 ἄχραντον
2689 2612 2853 2667 αὑτοῦ
2883 2613 3065 2682 σῶμα,
3103 2612 3199 2664 καὶ
3230 2614 3312 2674 εἰς
3352 2611 3694 2682 ψυχοτρὸφον
3724 2613 3948 2665 πανδαι-

2384 2713 2507 2765 σίαν
2552 2706 2768 2774 τίθησιν
2795 2705 2930 2758 αὐτὸ
2962 2703 3084 2758 καθ’
3121 2703 3358 2772 ἑκάστην
3388 2705 3540 2774 ἡμῖν,
3577 2704 3652 2768 ὡς
3682 2704 3750 2757 ἂν
3793 2704 3947 2757 τοῦτο

2379 2802 2700 2873 τρώγοντες,
2734 2801 2827 2853 καὶ
2872 2800 3116 2863 πίνοντες
3163 2799 3327 2853 αὐτοῦ
3358 2801 3416 2852 τὸ
3453 2801 3629 2871 τίμιον
3675 2797 3838 2870 αἷμα,
3891 2805 3947 2855 ὲν

2381 2893 2633 2963 αἰσθήσει
2663 2889 2842 2961 ψυχῆς
2869 2890 3158 2959 γενώμεθα
3186 2893 3252 2961 τῇ
3287 2890 3500 2959 μεθέξει
3534 2893 3844 2963 κρείττονες
3864 2934 3877 2957 ,
3914 2893 3944 2962 ἢ

2380 2987 2517 3055 ὅπερ
2555 2984 2746 3055 ισμὲν,
2778 2981 3214 3053 άνακιρνώμενοι
3245 2983 3476 3050 τούτοις,
3502 2986 3949 3055 καιμεταποιού-

2385 3085 2535 3147 μενοι
2565 3076 2658 3128 ἐπὶ
2690 3074 2750 3126 τὸ
2782 3073 2984 3143 μᾶλλον
3014 3072 3120 3125 ἀπὸ
3147 3071 3240 3124 τοῦ
3272 3073 3516 3143 ἥττονος,
3547 3075 3639 3126 καὶ
3667 3076 3945 3128 ἑνοποιού-

724 3141 881 3202 uniti,
916 3156 1142 3210 corpore
1190 3145 1397 3199 scilicet
1437 3151 1488 3198 et
1549 3147 1728 3198 anima
1783 3145 2057 3210 rationali,
2091 3154 2278 3216 utpote

2383 3141 2533 3236 μενοι
2576 3165 2654 3236 τῷ
2690 3164 2852 3235 διττῷ
2897 3164 3039 3233 λόγῳ
3085 3163 3311 3226 διττῶς·
3368 3165 3601 3234 σώματι,
3651 3167 3749 3218 καὶ
3801 3167 3944 3236 ψυχῇ

725 3228 833 3283 Deo
871 3232 1147 3298 conjuncti
1182 3234 1466 3289 incarnato
1501 3237 1765 3302 nobisque
1821 3238 2119 3291 secundum
2160 3254 2281 3292 car-

724 3336 842 3373 nem
882 3321 1350 3389 consubstantiali,
1396 3326 1466 3377 ita
1505 3336 1560 3378 ut
1589 3326 1695 3394 jam
1729 3343 1834 3380 non
1871 3331 2045 3382 nostri
2090 3330 2281 3393 simus,

719 3411 814 3466 sed
839 3411 982 3466 illius
1018 3414 1107 3483 qui
1144 3429 1243 3467 nos
1269 3415 1482 3484 sibiipsi
1511 3415 1768 3470 adunavit
1794 3434 1887 3486 per
1922 3419 2281 3473 immortalem

722 3518 985 3567 mensam,
1044 3519 1105 3558 ac
1138 3506 1271 3560 tales
1319 3522 1419 3561 nos
1477 3507 1742 3563 fecitesse
1773 3512 1941 3579 gratia
1969 3511 2143 3580 qualis
2169 3513 2285 3580 ipse

720 3602 802 3648 est
831 3604 1044 3650 natura.

792 3687 881 3740 95.
917 3686 972 3739 Si
1023 3703 1150 3756 ergo
1183 3690 1397 3759 probati
1440 3693 1702 3746 virtutum
1765 3696 2044 3752 laboribus
2094 3705 2148 3752 et
2201 3699 2280 3751 la-

720 3778 922 3844 crymis
962 3779 1195 3848 purgati,
1238 3781 1558 3835 accedentes
1596 3782 1822 3837 edamus
1854 3784 1920 3838 de
1971 3799 2107 3853 pane
2154 3785 2279 3849 hoc,

720 3878 772 3921 et
807 3868 873 3921 de
911 3868 1013 3922 hnc
1042 3871 1209 3923 calice
1250 3871 1519 3935 bibamus,
1560 3873 1795 3941 duplicis
1830 3883 2038 3930 natura:
2073 3888 2277 3931 nostrae

723 3956 1066 4012 facultatibus
1098 3958 1292 4027 duplex
1335 3971 1528 4015 natura
1560 3962 1790 4018 Verbum
1849 3980 1957 4033 pne
1992 3965 2278 4020 clementia

721 4051 1124 4114 commiscetur,
1169 4062 1313 4105 totus
1371 4053 1764 4109 transformans
1821 4057 2183 4124 nosmetipsos
2219 4057 2275 4109 in

723 4143 983 4209 seipsum,
1027 4151 1084 4194 ut
1111 4144 1428 4198 incarnatus
1469 4145 1753 4215 uobisque,
1797 4159 2062 4214 quatenus
2095 4151 2254 4202 homo

718 4232 1219 4292 consubstantialis,
1246 4248 1309 4286 ac
1333 4243 1473 4288 totos
1511 4235 1771 4288 deiﬁcans
1808 4253 2057 4289 sermone
2097 4238 2274 4290 scien-

720 4323 825 4384 tiae,
878 4332 931 4375 et
980 4339 1079 4377 nos
1132 4325 1259 4388 sibi,
1293 4333 1547 4394 tanquam
1610 4329 1918 4381 coufurmcs
1972 4339 2025 4382 et
2057 4328 2270 4394 fratres,

721 4413 1056 4466 identificans
1103 4423 1161 4466 ut
1197 4416 1336 4469 Deus
1383 4425 1434 4470 et
1461 4417 1605 4470 Patri
1651 4419 2159 4473 consubstantialis.
2213 4420 2267 4471 Si

721 4518 844 4555 vero
897 4503 1080 4557 foedati
1131 4506 1486 4573 cupiditatum
1522 4507 1648 4561 faece
1687 4519 1739 4562 et
1798 4510 2063 4577 inquinati
2114 4510 2273 4563 sorde

2377 4532 2573 4582 οίκειού
2584 4550 2742 4601 μενος

719 4595 923 4660 peccati
961 4594 1237 4648 Christum
1288 4597 1568 4661 adeamus,
1621 4601 1743 4668 igne
1793 4601 2031 4653 naturali
2081 4601 2277 4668 iniqui-

719 4685 843 4736 tatis
883 4684 946 4736 ad
981 4703 1074 4738 nos
1112 4688 1399 4750 accedens,
1454 4705 1553 4742 nos
1584 4691 1830 4743 accendit
1859 4692 2073 4759 uritque
2107 4703 2271 4751 totos,

720 4787 994 4843 vitamque
1056 4787 1294 4830 nostram
1342 4781 1601 4844 succidit,
1661 4796 1765 4834 non
1824 4785 2097 4836 voluntate
2152 4799 2264 4835 sua:

720 4871 1001 4932 bonitatis,
1057 4871 1148 4923 sed
1203 4882 1513 4941 contemptu
1573 4874 2010 4929 insensibilitatis
2068 4885 2269 4927 nostra:

718 4972 958 5012 t-nnt'ltls.

790 5174 874 5222 Oti.
920 5171 1179 5222 Omnibus
1213 5173 1300 5239 qui
1337 5173 1473 5223 duce
1499 5171 1834 5240 philosophia
1861 5175 2092 5240 practica
2131 5175 2269 5226 viam

722 5266 855 5313 il'il't‘.
915 5273 1198 5326 ru‘lwrunt
1279 5266 1653 5316 mandatorum
1730 5267 1957 5328 Christi,
2019 5266 2272 5319 Dominus

722 5355 1063 5405 ειη-ἰηιιιιὶιιοι·
1098 5357 1558 5421 appropinquans,
1594 5373 1686 5408 eos
1731 5357 2046 5416 comitatur,
2092 5365 2271 5424 utpote

722 5445 1092 5511 ittiptflltft'tttltll
1143 5448 1317 5498 adhuc
1373 5450 1630 5502 habentes
1680 5464 1898 5502 sensum
1949 5458 2001 5500 et
2036 5450 2268 5500 animam

722 5554 770 5586 tu
809 5554 1054 5587 srrumzu:
1110 5547 1324 5589 Vll’ittlts
1354 5539 1688 5590 dubitantem
1726 5555 1740 5590 :
1783 5555 2010 5608 quorum
2047 5540 2270 5605 proinde

720 5632 911 5679 uitium:
981 5629 1122 5679 oculi
1182 5631 1321 5694 juste
1377 5630 1740 5698 unpediuutnr
1821 5633 1949 5699 quin
2027 5649 2270 5701 proprios

722 5731 1049 5784 tttélllhi‘alll
1107 5736 1424 5786 progressus
1462 5726 1584 5772 dum
1641 5723 1929 5773 comitatur
1978 5725 2120 5790 ipsus:
2165 5727 2261 5775 llu-

727 5827 921 5871 t'.|tt'.s,
977 5821 1025 5860 t't
1060 5810 1276 5877 adjuvat
1326 5822 1378 5864 ιιι
1429 5827 1453 5862 a
1510 5813 1894 5878 cupiditatibus
1949 5816 2264 5876 libcl'cnlni',

2379 3258 2590 3327 λογικῇ,
2624 3257 2700 3320 ὡς
2744 3257 3198 3326 σεσωματωμένῳ
3228 3257 3348 3327 Θεῷ
3390 3258 3482 3309 καὶ
3515 3259 3644 3326 ἡμῖν
3688 3259 3826 3311 κατὰ
3850 3261 3946 3328 τὴν

2381 3351 2559 3419 σάρκα
2590 3348 2880 3418 όμοουσίῳ,
2913 3348 3052 3399 ὥστε
3100 3347 3174 3417 μὴ
3207 3349 3415 3400 ἑαυτῶν
3455 3345 3614 3413 εἶναι,
3663 3351 3804 3403 ἀλλὰ
3852 3351 3945 3405 τοῦ

2381 3443 2793 3508 ἑνοπειήσαντος
2820 3441 2964 3510 ἡμᾶς
2997 3439 3172 3506 ἑαυτῷ
3198 3439 3284 3492 διὰ
3306 3439 3403 3508 τῆς
3433 3439 3701 3494 ἀθανάτου
3743 3445 3948 3512 τραπέ-

2379 3532 2501 3600 ζης.
2534 3533 2625 3583 καὶ
2657 3532 2815 3583 τοίτο
2867 3533 3191 3601 ποιήσαντος
3218 3527 3356 3582 εἶναι
3393 3531 3558 3595 θέσει,
3601 3533 3738 3603 ὅπερ
3787 3536 3947 3598 αὐτὸς

2380 3623 2517 3675 κατὰ
2541 3624 2700 3690 φύσιν
2729 3625 2894 3676 ἐστίν,

2449 3713 2551 3783 με’.
2582 3717 2643 3768 Ei
2678 3718 2776 3784 μὲν
2805 3713 2897 3769 οὖν
2937 3716 3389 3786 δεδοκιμασμένοι
3413 3720 3470 3769 ὲν
3490 3721 3597 3780 τοῖς
3629 3720 3810 3782 πόνοις
3839 3722 3945 3773 τῶν

2377 3806 2611 3870 ἀρετῶν,
2651 3813 2747 3863 καὶ
2796 3809 3308 3876 προκεκαθαρμένοι
3338 3813 3450 3875 τοῖς
3481 3811 3732 3877 δάκρυσι,
3770 3830 3942 3879 προσ-

2380 3887 2665 3957 ερχόμενοι
2715 3890 2999 3960 τρώγομεν
3039 3895 3102 3947 ὲκ
3135 3898 3229 3948 τοῦ
3266 3899 3429 3969 ἄρτου
3485 3905 3692 3967 τούτου,
3743 3907 3834 3959 καὶ
3885 3910 3948 3961 ὲκ

2377 3979 2566 4032 τούτου
2605 3981 2698 4033 τοῦ
2753 3986 3015 4052 ποτηρίου
3055 3991 3303 4056 πίνομεν,
3356 3996 3475 4054 ταῖς
3519 3994 3637 4047 δυσὶ
3686 4001 3944 4064 φυσικαῖς

2374 4071 2689 4138 δυνάμεσιν,
2723 4075 2751 4127 ό
2791 4076 2964 4138 διττὸς
3008 4079 3162 4146 λόγος
3209 4082 3264 4133 ὲν
3306 4085 3569 4152 πραότητι
3614 4088 3768 4155 ἡμῶν
3810 4091 3943 4143 ἁνα-

2375 4165 2651 4233 κιρνᾶται,
2695 4167 2813 4230 ὅλος
2862 4171 3171 4237 μεταποιῶν
3202 4175 3347 4242 ἡμᾶς
3396 4176 3589 4239 αὐτοὺς
3624 4181 3824 4249 ἑαυτῷ,
3867 4184 3941 4245 ὠς

2375 4259 2830 4327 σεσαρκωμὲνος,
2886 4262 2980 4314 καὶ
3033 4265 3198 4334 ἡμῖν,
3253 4268 3390 4318 κατὰ
3451 4270 3510 4320 τὸ
3563 4272 3938 4340 ἀνθρώπινον,

2371 4347 2678 4415 ὁμοούσιος,
2705 4351 2800 4403 καὶ
2822 4352 2974 4414 ὅλους
2995 4353 3257 4408 θεοποιῶν
3285 4359 3361 4426 τῷ
3390 4359 3529 4430 λόγῳ
3552 4364 3649 4432 τῆς
3663 4365 3935 4430 γνώσεως,

2375 4440 2464 4490 καὶ
2508 4440 2683 4510 ἐαυτῷ
2716 4444 2884 4510 ἡμᾶς,
2921 4439 3005 4497 οἷα
3037 4446 3099 4516 δὴ
3143 4448 3518 4518 συμμόρφους,
3554 4455 3644 4506 καὶ
3678 4456 3938 4522 ἀδελφοὺς

2788 4535 2861 4598 ὡς
2908 4536 3063 4598 Θεὸς,
3111 4539 3204 4591 καὶ
3237 4540 3311 4607 τῷ
3343 4544 3514 4613 lla-cpi
3542 4545 3847 4612 όμοούσιος.
3878 4548 3937 4600 Ei

2368 4617 2426 4672 δὲ
2465 4626 2801 4693 πεφυρμένοι
2844 4630 2908 4696 τῇ
2947 4627 3049 4700 ὕλῃ
3076 4630 3180 4682 τῶν
3213 4633 3419 4697 παθῶν,
3456 4636 3546 4688 καὶ
3575 4638 3938 4707 ἐσπιλωμένοι

2371 4714 2446 4782 τῷ
2474 4715 2629 4785 ῥύπῳ
2663 4718 2762 4785 τῆς
2791 4720 3083 4789 ἁμαρτίας.
3116 4724 3192 4792 τῷ
3221 4727 3430 4798 φυσικῷ
3471 4731 3600 4797 πυρὶ
3624 4730 3698 4799 τῷ
3728 4734 3937 4783 ἀναλω-

2369 4807 2504 4875 τικῴ
2549 4809 2649 4876 τῆς
2699 4813 2896 4875 κακίας
2935 4816 3329 4881 προσπελάξων
3372 4821 3518 4886 ἡμῖν,
3561 4823 3817 4890 ὲμπιπρᾷ
3849 4826 3938 4875 καὶ

2370 4895 2699 4963 καταφλέγει
2732 4899 2884 4961 ὅλους
2922 4902 3083 4970 ἡμᾶς,
3123 4907 3214 4956 καὶ
3245 4907 3312 4957 τὰ
3339 4908 3432 4975 τῆς
3464 4909 3608 4977 ζωῆς
3643 4912 3937 4980 ὑποτέμνει

2368 4990 2545 5058 ἡμῶν,
2581 4993 2642 5044 οὑ
2692 4992 2959 5062 θελήματι
2989 4997 3083 5064 τῆς
3113 5000 3274 5050 αὑτοῦ
3322 4983 3676 5070 ἁγαθότητος,
3712 5005 3848 5058 ἀλλὰ
3872 5011 3934 5076 τῇ

2369 5085 2774 5152 καταφρονήσει
2802 5086 2898 5153 τῆς
2933 5088 3286 5156 ἀναισθησίας
3316 5091 3468 5159 ἡμῶν
3494 5092 3829 5163 βιαζόμενος.

2439 5177 2729 5237 1.,ς’.ῐῙᾶσι
2779 5180 2889 5239 τοῖς
2924 5180 3061 5230 κατὰ
3116 5183 3212 5248 τὴν
3259 5184 3564 5253 πρακτικὴν
3616 5188 3936 5256 φιλοσοφίαν

2367 5269 2461 5335 τὴν
2495 5267 2611 5319 ὁδὸν
2668 5271 3001 5339 ἀρξαμένοις
3030 5273 3234 5326 ὁδεύειν
3269 5276 3375 5326 τῶν
3407 5278 3634 5330 ἐντολῶν
3667 5281 3762 5333 τοῦ
3806 5283 3936 5350 Χρι-

2369 5361 2513 5422 στοῦ,
2551 5366 2577 5413 ὁ
2620 5364 2818 5431 Κύριος
2870 5366 3114 5434 ἀοράτως
3167 5371 3418 5436 ὲγγίζων,
3473 5372 3659 5435 ἀτελὲς
3719 5375 3934 5444 ἔχουσιν

2365 5453 2441 5500 ἔτι
2473 5454 2532 5503 τὸ
2584 5456 2859 5523 φρόνημα,
2913 5460 3001 5508 καῖ¹
3046 5458 3402 5523 διστάζουσαν
3447 5464 3541 5532 τὴν
3581 5465 3760 5534 ψυχὴν
3808 5470 3932 5534 περὶ

2362 5544 2452 5592 τοῦ
2487 5546 2642 5610 key-ou
2685 5547 2780 5614 τῆς
2830 5549 3049 5618 ἀρετῆς,
3109 5555 3532 5622 συριττορεύεται,
3569 5550 3644 5608 ιῖν
3699 5559 3806 5627 ἄρα
3856 5558 3930 5609 δι·

2367 5637 2534 5695 κλῖως
2566 5637 2657 5686 καὶ
2688 5639 2732 5688 οξ
2769 5638 3037 5706 ὀφθαλμοὶ
3069 5643 3159 5709 τῆς
3191 5643 3366 5711 ψυχῆς
3412 5646 3756 5715 κρατοῦνται,
3808 5653 3928 5715 τόγε

2365 5725 2453 5772 ·.ὖι
2487 5726 2627 5792 ἕλον,
2681 5728 2770 5778 τοῦ
2813 5730 2884 5795 μὴ
2930 5732 3216 5786 ὲπιγνιι-ναι
3257 5736 3350 5801 τὴν
3390 5737 3525 5788 ἰδίαν
3558 5744 3843 5810 προκοπὴν
3876 5747 3926 5791 ἐν

2375 5837 2437 5880 αν
2478 5819 2912 5887 συμπορεύεσθαι
2944 5840 2969 5872 α
3051 5829 3120 5885 εἰς
3158 5825 3243 5875 τὶν
3276 5826 3497 5895 Κύριον,
3530 5831 3620 5882 καὶ
3651 5839 3924 5902 συνεργετν
