4124 6338
229 396 327 467 ΜΩ

1142 402 1637 466 PHYSICORUM
1665 405 2005 471 CAPITUM
2046 407 2439 472 CENTURIA
2481 408 2563 469 ῐῐ.

3348 410 3454 475 950

229 523 328 594 μιν
361 521 443 586 είς
504 517 825 593 ἀπαλλαγὴν
860 520 968 574 τῶν
1018 520 1226 582 παθῶν,
1259 521 1471 592 ὀρέγειν
1521 518 1578 574 δὲ
1633 521 1793 591 χεῖρα

1892 534 2219 598 manumq‘ue
2272 524 2502 596 porrigit
2557 523 2974 592 auxiliatricem,
3019 523 3085 579 ad
3128 527 3448 595 acquisitio-

228 612 498 683 βοηθείας,
527 613 608 677 είς
630 612 969 683 κατόρθωσιν
993 612 1174 683 πάσης
1198 614 1421 684 ἀρετῆς.
1446 612 1793 683 Ποιουμένων

225 705 278 758 δὲ
309 704 595 777 προκοπὴν
644 706 722 768 είς
759 707 886 770 τοὺς
935 705 1152 774 ἀγῶνας
1198 704 1300 774 τῆς
1353 704 1666 768 εὐσεϐείας,
1701 707 1794 756 καὶ

227 801 359 872 πρὸς
393 801 492 871 τὴν
529 801 800 855 ἀπάθειαν
825 800 915 855 διὰ
943 800 1324 864 ταπεινώσεως
1353 800 1660 870 ὲρχομένων
1691 799 1792 852 αύ-

227 892 352 957 τῶν,
379 893 440 945 οὐ
467 892 718 962 βούλεται
741 895 769 947 ό
799 893 959 963 λόγος
996 895 1156 965 μέχρι
1177 893 1368 948 τούτου
1388 894 1577 962 στῆναι
1600 891 1796 954 αὐτοὺς

228 984 583 1052 κεκμηκότας
615 986 728 1048 τοῖς
757 986 940 1048 πόνοις
977 985 1085 1040 τῶν
1131 983 1373 1054 ἀρετῶν,
1407 983 1541 1037 ἀλλά
1582 985 1798 1056 πορρω-

227 1075 366 1144 τέρω
401 1073 852 1147 πορεύεσθαικαὶ
884 1079 1021 1149 πρὸς
1057 1077 1290 1150 θεωρίαν
1322 1075 1650 1152 ἀνάγεσθαι⁸
1675 1075 1796 1130 δθεν

229 1169 320 1221 καὶ
341 1166 599 1238 ψωμίσας
621 1170 816 1234 αὐτοὺς
843 1171 899 1223 ὲν
943 1170 1147 1241 μέτρῳ.
1176 1168 1268 1224 τὸν
1307 1169 1470 1241 ἄρτον
1497 1169 1582 1237 ἐφ’
1613 1167 1798 1221 ίκανὸν

229 1257 338 1311 τῶν
367 1258 647 1332 δακρύων,
677 1260 767 1314 διὰ
799 1262 976 1330 φωτὸς
1007 1259 1355 1326 κατανύξεως
1377 1259 1681 1328 έπευλογεῖ,
1703 1258 1798 1312 καὶ

227 1350 318 1402 τὸν
351 1349 479 1405 νοῦν
511 1352 691 1406 αὐτῶν
730 1352 1014 1422 διανοίγει,
1039 1353 1118 1416 είς
1148 1353 1209 1405 τὸ
1259 1353 1497 1406 συνιέναι
1543 1351 1604 1405 τὺ
1637 1350 1800 1420 βάθος

230 1439 334 1492 τῶν
384 1441 544 1495 θείων
575 1443 828 1514 Γραφῶν,
877 1444 1131 1498 κάκεῖθεν
1159 1445 1258 1508 τὰς
1310 1442 1500 1513 φύσεις
1529 1444 1623 1497 καὶ
1671 1442 1799 1504 τοὺς

230 1527 422 1597 λόγους
452 1532 816 1588 κατοπτεῦσαι
841 1534 949 1588 τῶν
985 1535 1174 1598 ὄντων,
1207 1534 1301 1586 καὶ
1328 1533 1604 1587 συστέλλει
1638 1533 1800 1596 εὐθὺς

231 1619 325 1674 ἀπ’
374 1622 556 1677 αὐτῶν
603 1625 816 1694 ἑαυτὸν,
846 1627 925 1689 είς
976 1625 1036 1678 τὺ
1080 1622 1426 1693 διαναστῆναι
1456 1624 1650 1686 αὐτοὺς
1704 1623 1801 1677 καὶ

233 1715 653 1787 σπουδαιότερον
708 1719 942 1789 ζητῆσαι
993 1718 1208 1790 μαθεῖν,
1261 1718 1342 1783 τίς
1389 1721 1421 1790 ἡ
1479 1718 1588 1773 τῶν
1633 1718 1801 1772 ὄντων

231 1803 456 1872 γνῶσις,
481 1806 576 1861 καὶ
605 1807 686 1870 τίς
715 1810 748 1880 ἡ
783 1811 846 1863 ὲκ
869 1807 1071 1880 ταύτης
1095 1808 1372 1878 ἀνύψωσις
1389 1826 1404 1842 ο
1437 1809 1486 1862 οἳ
1511 1811 1606 1864 καὶ
1637 1826 1803 1862 σττουσ⁵
1825 1849 1864 1904 Β

230 1896 396 1962 δαίως
426 1897 783 1970 ζητήσαντες,
837 1902 928 1955 ἐπὶ
969 1902 1068 1974 τὴν
1103 1901 1440 1973 ὑψηλοτέραν
1482 1901 1801 1974 ἀνέρχονται

229 1988 324 2042 τοῦ
358 1990 518 2059 λόγου
561 1978 857 2059 διακονίαν,
916 1995 1011 2047 καὶ
1040 1993 1377 2063 κηρύσσουσι
1403 1993 1532 2047 πᾶσι
1592 1991 1692 2065 τὴν
1738 1993 1803 2046 tat

232 2079 482 2151 πράξεως
519 2084 614 2136 καὶ
650 2085 884 2154 θεωρίας
905 2083 1000 2137 τοῦ
1023 2084 1180 2152 λόγου
1204 2085 1518 2138 ἀνάστασιν.

303 2171 410 2240 ιζ’.
446 2175 687 2237 Εἰκότως
712 2177 739 2228 ό
761 2174 916 2243 λόγος
940 2176 1040 2245 τὴν
1075 2173 1385 2245 βραδυτῆτα
1415 2173 1802 2245 προσονειδίζιι

230 2267 345 2329 τοῖς
370 2267 780 2337 ὲγχρονίζουσιν
797 2269 877 2330 είς
896 2268 1023 2330 τοὺς
1048 2268 1243 2330 πόνους
1255 2267 1354 2336 τῆς
1377 2267 1686 2338 πρακτικῆς
1707 2283 1804 2332 γυ-

233 2358 490 2426 μνασίας,
542 2359 638 2410 καὶ
681 2357 756 2428 μὴ
795 2358 1139 2427 βουλομένοις
1185 2361 1510 2426 μεταπεσεῖν
1569 2358 1798 2419 ἐκεῖθεν,

232 2449 325 2500 καὶ
352 2448 491 2517 πρὸς
518 2449 617 2517 τὴν
649 2449 992 2518 ὑψηλοτέραν
1018 2448 1263 2501 ἀνελθεῖν
1287 2450 1382 2518 τῆς
1414 2450 1647 2515 θεωρίας
1679 2448 1800 2500 ἐπί-

230 2541 415 2602 ὖασιν,
447 2539 625 2605 λέγων
669 2541 886 2602 αὐτοῖς*
919 2539 990 2591 Ὦ
1051 2540 1274 2611 ἀνόητοι
1328 2540 1421 2592 καὶ
1473 2539 1689 2611 βραδεῖς
1733 2543 1797 2611 τῇ

232 2630 453 2699 καρδίᾳ,
486 2629 582 2682 τοῦ
606 2629 884 2684 πιστεύειν
907 2632 999 2684 ἐπὶ
1018 2630 1108 2683 τὸν
1131 2631 1426 2701 δυνάμενον
1454 2630 1802 2700 ἀποκαλύψαι

229 2720 386 2787 λόγον
420 2721 519 2790 τῆς
550 2721 787 2790 φυσικῆς
814 2721 1050 2791 θεωρίας
1078 2725 1191 2785 τοῖς
1215 2725 1354 2776 κατὰ
1382 2723 1599 2793 πνεῦμα
1643 2741 1801 2794 περι-

232 2810 468 2865 πατοῦσι
498 2812 567 2864 τὰ
593 2811 732 2882 βάθη
763 2811 858 2866 τοῦ
904 2812 1243 2884 Πνεύματος.
1276 2814 1349 2867 Τὸ
1375 2817 1480 2886 γὰρ
1517 2816 1590 2886 μὴ
1621 2815 1803 2885 βούλε-

230 2903 355 2957 σθαι
387 2903 498 2957 ἀπὸ
533 2904 642 2956 τῶν
685 2905 1214 2974 εἰσαγωγικωτέρων
1260 2906 1484 2973 ἀγώνων
1529 2906 1623 2958 ἐπὶ
1677 2907 1803 2971 τοὺς

226 2995 598 3066 τελεωτέρους
635 2995 1006 3066 μεταϐαίνειν,
1031 2998 1124 3050 καὶ
1163 2997 1271 3050 ἀπὸ
1298 2997 1390 3050 τοῦ
1420 2997 1586 3068 ῥητοῦ
1621 2997 1803 3067 σώμα-

225 3104 317 3149 τος
350 3087 454 3156 τῆς
483 3086 630 3151 θείας
663 3087 906 3157 Γραφῆς,
939 3088 1033 3139 ἐπὶ
1062 3088 1155 3141 τὸν
1180 3086 1304 3142 νοῦν
1329 3089 1422 3141 καὶ
1445 3088 1544 3159 τὴν
1567 3089 1802 3143 διάνοιαν

1895 635 2015 674 nem
2056 618 2238 674 omnis
2261 619 2496 673 virtutis.
2528 617 2644 672 illis
2678 632 2804 672 vero
2844 617 2898 672 in
2931 618 3196 688 agonibus
3227 618 3445 686 pietatis

1897 711 2239 781 proficientes
2260 751 2274 772 .
2317 718 2370 763 et
2404 709 2468 762 ad
2503 708 2991 777 impassibilitatem
3025 723 3120 778 per
3169 709 3448 764 humilita-

1897 815 2001 858 tem
2041 803 2412 864 devenientes.
2463 816 2569 856 non
2610 801 2723 854 vult
2761 801 2989 856 Verbum
3044 811 3121 854 tot
3175 802 3452 856 laboribus

1895 895 2152 947 virtutum
2187 892 2358 948 fessos
2395 893 2594 948 ibidem
2630 892 2946 954 consistere.
3004 891 3098 946 sed
3157 890 3452 962 procedere

1897 985 2124 1039 ulterius
2156 992 2209 1039 et
2255 985 2320 1040 ad
2368 983 2878 1052 contemplationem
2914 984 3209 1039 ascendere
3252 1001 3265 1036 :
3311 981 3454 1036 unde

1897 1076 2088 1130 cibans
2119 1089 2214 1131 eos
2252 1075 2307 1130 itt
2359 1090 2611 1131 mensura
2644 1090 2783 1145 pane
2834 1075 3117 1143 plusquam
3168 1073 3458 1129 sufficienti

1895 1166 2281 1235 lacrymarum,
2317 1179 2415 1235 per
2452 1165 2632 1221 lumen
2661 1164 3099 1235 compunctiouis
3133 1163 3445 1228 henedicit;

1897 1268 2198 1324 eorumque
2274 1255 2685 1325 intelligentiam
2745 1258 2923 1324 aperit
2996 1254 3063 1308 ad
3122 1253 3451 1323 penetrantia

1895 1346 2161 1417 profunda
2183 1347 2488 1402 divinarum
2509 1346 2934 1415 Scripturarttm,
2966 1347 3200 1416 indeque
3229 1354 3452 1400 naturas

1893 1449 1949 1497 et
2000 1441 2239 1494 rationes
2289 1454 2468 1493 rerum
2511 1438 2948 1508 perspiciendas,
2999 1446 3056 1492 et
3094 1436 3276 1492 statim
3329 1451 3452 1490 sese

1897 1533 1966 1588 ab
1995 1533 2076 1587 eis
2131 1532 2395 1592 retrahit,
2443 1537 2504 1584 ut
2553 1529 2625 1583 illi
2683 1536 2974 1598 resurgant
3029 1543 3091 1581 ac
3142 1527 3452 1593 diligentius

1893 1624 2170 1690 inquirere
2217 1621 2430 1676 discant
2460 1637 2579 1691 quae
2611 1621 2680 1676 sit
2722 1620 2950 1676 scientia
3011 1635 3212 1680 rerum,
3252 1628 3304 1671 et
3335 1631 3454 1686 quae

1897 1715 2223 1786 proveniens
2271 1729 2334 1766 ex
2373 1714 2472 1767 hac
2504 1712 2732 1766 elevatio
2764 1727 2778 1764 :
2813 1710 2902 1783 qui
2959 1711 3174 1778 quidem
3211 1707 3452 1776 diligenti

1895 1805 2247 1874 inquisitione
2281 1804 2444 1867 facta,
2499 1804 2562 1857 ad
2605 1803 2894 1858 sublimius
2951 1801 3251 1856 ascendunt
3306 1798 3455 1852 verbi

1894 1896 2286 1957 ministeriu-o,
2332 1906 2384 1947 et
2429 1895 2724 1963 praedicant
2763 1892 3017 1947 omnibus
3053 1889 3218 1945 Verbi
3265 1905 3463 1944 resur-'

1897 1988 2192 2040 rectionem
2229 2001 2292 2040 ex
2337 1987 2483 2054 praxi
2517 1999 2580 2039 ac
2615 1985 2845 2038 thcoria.

1970 2177 2063 2231 97.
2093 2175 2500 2231 Convettienter
2534 2175 2766 2232 Verbum
2811 2177 3119 2232 tarditatem
3153 2177 3335 2233 cordis
3364 2193 3459 2232 ex-

1899 2270 2122 2338 probrat
2182 2269 2247 2321 iis
2305 2270 2395 2338 qui
2451 2276 2733 2322 morantur
2782 2270 2832 2323 in
2896 2271 3173 2325 lah0ribus
3204 2271 3459 2339 practicze

1897 2361 2324 2420 exercitationis,
2386 2375 2485 2415 nec
2545 2362 2730 2415 volunt
2771 2362 2892 2416 inde
2954 2363 3241 2424 divertere,
3292 2372 3342 2416 et
3389 2363 3454 2416 ad

1898 2451 2142 2504 altiorem
2176 2453 2467 2504 ascendere
2517 2452 2739 2505 theoriaz
2781 2454 3002 2521 gradum
3028 2493 3043 2516 ,
3079 2455 3264 2506 dicens
3297 2454 3404 2507 illis
3439 2470 3452 2504 :

1900 2541 1942 2594 0
1972 2541 2120 2594 stulti
2164 2550 2215 2594 et
2258 2539 2396 2593 tardi
2434 2543 2592 2595 corde
2643 2543 2704 2594 ad
2743 2545 3068 2598 credendum
3112 2545 3164 2598 in
3213 2561 3335 2599 eum
3365 2545 3455 2612 qui

1904 2641 2082 2699 potest
2105 2631 2343 2699 physica:
2359 2633 2578 2686 theoriae
2591 2633 2750 2687 verba
2781 2637 3018 2689 revelare
3032 2637 3136 2689 illis
3153 2636 3240 2704 qui
3263 2637 3452 2703 spiritu

1896 2720 2271 2787 perambulant
2325 2721 2588 2789 profunda
2624 2723 2857 2792 Spiritus
2887 2727 2952 2778 ⁷⁸.
3008 2725 3158 2779 Nolle
3214 2728 3354 2779 enim
3389 2727 3454 2778 ah

1896 2812 2197 2866 initialibus
2229 2814 2494 2882 agonibus
2535 2815 2601 2868 ad
2651 2814 3003 2882 perfectiores
3040 2818 3305 2880 transire,
3338 2824 3392 2871 et
3425 2833 3451 2868 a

1896 2903 2164 2969 corporali
2201 2903 2397 2957 divina:
2438 2902 2730 2974 Scriptura:
2783 2906 2954 2960 littera
3007 2907 3071 2959 ad
3131 2914 3364 2961 mentem
3401 2913 3454 2959 et

1895 3008 2110 3047 Sensum
2133 2996 2416 3050 verborum
2442 2997 2711 3065 progredi,
2737 3009 2819 3052 est
2836 2999 3050 3065 signum
3073 2999 3266 3051 anima:
3289 2998 3466 3066 pigras

1895 3094 1946 3136 et
1970 3084 2278 3150 spirituales
2335 3083 2543 3140 fructus
2579 3102 2684 3140 non
2729 3090 3017 3156 gustantis,
3054 3088 3245 3156 suique
3277 3087 3448 3156 ipsius

225 3181 320 3232 τοῦ
351 3179 516 3248 λόγου
549 3182 771 3250 χωρεῖν,
801 3182 997 3251 δεῖγμα
1019 3181 1196 3251 ψυχῆς
1228 3180 1495 3252 ῥᾳθύμου,
1520 3182 1612 3235 καὶ
1637 3182 1798 3250 ἀγεύ-

1893 3174 2152 3240 profectui
2184 3175 2477 3231 invidentis
2513 3194 2525 3230 :
2555 3178 2668 3240 cui,
2697 3190 2880 3247 utpote
2903 3179 3222 3232 exstinctam
3256 3176 3448 3231 ferenti

229 3289 355 3324 στου
418 3271 517 3341 τῆς
568 3273 950 3342 πνευματικῆς
997 3273 1302 3341 ὠφελείας,
1354 3272 1449 3324 καὶ
1503 3272 1800 3342 φθονούσης

224 3364 420 3426 δεινῶς
469 3367 534 3433 τῇ
585 3363 783 3434 ἑαυτῆς
817 3367 1091 3434 προκοπῇ,
1130 3358 1269 3434 ᾗτινι
1310 3365 1368 3415 οὑ
1426 3365 1587 3434 μόνον
1633 3363 1802 3435 ῥηθή-

229 3471 408 3520 σεται,
443 3457 520 3518 ὡς
554 3455 891 3524 ἐσϐεσμένην
933 3455 1032 3523 τὴν
1082 3455 1216 3507 ἰδίαν
1247 3454 1488 3526 φερούσῃ
1522 3455 1801 3525 λαμπάδα,

230 3549 456 3616 ’Υπαγε
488 3546 760 3618 ἀγόρασον
802 3545 981 3600 ἔλαιον
1013 3547 1123 3599 ἀπὸ
1160 3547 1267 3600 τῶν
1297 3547 1639 3609 πωλούντων,
1667 3546 1802 3604 ἀλλὰ

228 3640 368 3709 πρὸς
394 3640 457 3691 τὸ
484 3637 802 3707 κλεισθῆναι
825 3640 962 3711 αὐτῇ
986 3639 1078 3692 τὸν
1100 3637 1386 3709 νυμφῶνα,
1412 3640 1523 3706 καί,
1548 3639 1765 3709 ’Υπαγε
1784 3656 1799 3673 ο

228 3733 326 3786 οὐκ
350 3727 472 3786 οἶδά
502 3747 561 3782 σε
594 3729 757 3784 πόθεν
787 3725 856 3784 εί.

285 3821 401 3886 κη’.
436 3816 606 3868 Ὀταν
640 3817 666 3867 ό
696 3815 791 3868 τοῦ
835 3813 971 3868 Θεοῦ
1013 3815 1173 3883 λόγος
1219 3817 1277 3869 ἐν
1309 3818 1374 3886 τῇ
1408 3815 1796 3885 καταπεσούσῃ

215 3910 392 3981 ψυχῇ,
425 3908 503 3970 ὡς
550 3909 608 3959 ὲν
656 3907 808 3960 πόλει
860 3905 1241 3975 παραγένηται
1275 3906 1532 3975 Βηθανίᾳ,
1567 3905 1658 3958 τὸν
1691 3905 1796 3956 ὑπὸ

217 4003 314 4072 τῆς
345 4001 631 4071 ἁμαρτίας
657 3998 930 4051 τεθνεῶτα
961 3999 1085 4051 νοῦν
1113 3997 1303 4065 αὐτῆς,
1339 4001 1431 4050 καὶ
1454 3997 1794 4068 τεθαμμένον

218 4095 325 4146 ὑπὸ
352 4093 458 4162 τὴν
512 4090 719 4161 φθορὰν
766 4089 874 4142 τῶν
921 4088 1110 4141 παθῶν
1143 4089 1552 4158 ἐξαναστήσων,
1609 4089 1792 4158 τότεὴ

217 4186 511 4256 φρόνησις,
554 4184 648 4234 καὶ
681 4184 712 4250 ὴ
743 4181 1056 4249 δικαιοσύνη
1089 4183 1154 4251 τῇ
1187 4181 1332 4251 λύπῃ
1369 4179 1793 4250 βεϐαπτισμένοιι

214 4279 313 4346 τῆς
362 4275 691 4345 νεκρὼσεως
734 4274 825 4325 τοῦ
879 4274 993 4334 νοὸς
1047 4269 1133 4326 οἷα
1166 4275 1227 4340 δὴ
1271 4273 1586 4341 θρηνοῦσαι,
1631 4289 1793 4342 προσ-

216 4367 542 4422 υπαντῶσιν
569 4365 737 4435 αὐτῷ,
772 4366 864 4417 καί
909 4381 1071 4432 φασιν
1097 4379 1110 4392 ⁸
1147 4364 1210 4416 Εἰ
1263 4359 1331 4434 ἧς
1371 4363 1472 4417 ὧδε
1508 4365 1636 4435 παρ’
1664 4366 1795 4433 ἡμῖν

216 4460 567 4532 τηρούμενός
602 4475 659 4510 τε
693 4459 786 4510 καὶ
814 4457 1233 4526 φυλαττόμενος,
1274 4457 1373 4508 οὐκ
1412 4457 1477 4508 ἂν
1508 4459 1534 4508 ὁ
1574 4455 1797 4523 ἀδελφὸς

1891 3281 2042 3319 suam
2094 3267 2415 3333 lampadem,
2472 3283 2576 3321 non
2634 3269 2807 3323 solum
2843 3269 3100 3323 dicetur:
3140 3289 3156 3320 t
3211 3269 3444 3330 Recede.

1891 3370 2008 3409 etne
2045 3356 2221 3407 oleum
2251 3372 2277 3408 a
2314 3357 2684 3412 venditoribus
2715 3359 2779 3422 ⁷⁷,
2818 3378 2834 3410 ›
2874 3361 2963 3413 sed
2998 3363 3120 3428 quia
3144 3361 3324 3414 clausa
3360 3368 3461 3414 est

1891 3446 2023 3514 ipsis
2085 3445 2282 3516 Sponsi
2340 3448 2552 3519 janua:
2603 3467 2620 3500 ι
2668 3449 2904 3514 Recede,
2971 3454 3151 3505 nescio
3195 3461 3245 3506 te
3304 3452 3446 3505 unde

1887 3536 1963 3591 sis
1995 3536 2061 3589 ⁷⁸.
2092 3555 2109 3588 ι

1961 3824 2051 3878 98.
2082 3823 2310 3888 Quando
2342 3820 2578 3876 Verbum
2615 3821 2709 3877 Dei
2747 3823 2798 3876 in
2822 3824 2998 3876 anima
3034 3824 3273 3890 delapsa,
3305 3823 3445 3878 velut

1890 3917 1943 3969 in
2001 3916 2221 3970 civitate
2263 3914 2519 3968 Bethania
2579 3924 2983 3976 commoratur,
3028 3917 3274 3983 spiritum
3325 3915 3442 3983 ejus

1888 4015 2113 4076 peccato
2153 4013 2422 4060 mortuum
2486 4015 2537 4057 et
2590 4007 2641 4057 in
2679 4005 3034 4074 cupiditatum
3095 4007 3443 4073 corruptione

1886 4098 2158 4164 sepultum
2222 4097 2573 4158 resuscitatus,
2617 4106 2745 4151 tunc
2781 4100 3060 4167 prudentia
3117 4109 3170 4152 et
3207 4101 3442 4166 justitia,

1885 4190 2073 4244 dolore
2107 4189 2399 4253 inundate,
2439 4203 2500 4242 ac
2528 4190 2689 4243 ι’«ειιιιὶ
2723 4203 2992 4256 gementes
3029 4192 3094 4243 de
3123 4199 3294 4243 morte
3330 4191 3440 4256 Spi-

1886 4285 2046 4343 ritus.
2083 4288 2379 4334 occurrunt
2444 4282 2514 4335 illi
2543 4322 2558 4344 ,
2609 4291 2661 4335 et
2708 4284 2938 4336 dicunt:
2992 4284 3045 4335 Si
3092 4283 3287 4337 fuisses
3355 4283 3440 4335 hic

1889 4373 2028 4440 apud
2071 4388 2169 4426 nos
2213 4373 2516 4426 custoditus
2547 4381 2598 4426 et
2645 4383 3012 4436 conservatus,
3053 4373 3215 4426 frater
3256 4385 3443 4427 noster

1883 4464 2105 4532 spiritus
2171 4479 2278 4517 non
2354 4463 2546 4518 fuisset
2615 4477 2858 4519 mortuus
2915 4476 3132 4534 peccato
3183 4467 3246 4517 π.
3310 4466 3438 4520 Inde

220 4553 381 4623 ἡμῶν
418 4548 546 4612 νοῦς
575 4549 857 4619 ἐτεθνήκει
893 4549 996 4600 ὑπὸ
1032 4548 1130 4615 τῆς
1163 4548 1458 4617 ἁμαρτίας.
1500 4546 1691 4598 Ἔνθεν
1715 4563 1793 4598 τοι

1892 4556 2089 4621 iustitia
2126 4557 2334 4609 nutrire
2363 4553 2594 4610 Verbum
2629 4572 2719 4624 per
2750 4557 2972 4610 multam
3013 4573 3195 4610 curant
3231 4566 3282 4611 ct
3307 4573 3435 4623 ope-

217 4642 252 4710 ἡ
291 4640 395 4712 μὲν
423 4636 743 4706 δικαιοσύνη
788 4635 988 4705 θρέψαι
1017 4635 1108 4687 τὸν
1151 4634 1310 4702 λόγον
1345 4635 1433 4687 διὰ
1468 4636 1666 4703 πολλῆς
1703 4650 1798 4704 με·

217 4732 427 4803 ρίμνης
464 4730 561 4783 καὶ
588 4729 850 4797 ἐργασίας
883 4727 1101 4779 σπεύδει
1128 4726 1235 4780 τῶν
1266 4726 1498 4797 ἀρετῶν,
1521 4727 1616 4779 καὶ
1663 4726 1797 4796 τρά-

212 4826 390 4889 πεζαν
433 4819 590 4890 αὐτῷ
621 4820 893 4890 ποικίλην,
927 4820 1019 4871 καὶ
1040 4818 1295 4887 πολυειδῆ
1323 4816 1689 4878 κακοπαθείας
1716 4833 1795 4867 τι·

214 4916 369 4968 θέναι
393 4912 806 4982 φιλοτιμεῖται·
833 4912 866 4980 ὴ
896 4910 1157 4980 φρόνησις
1182 4910 1240 4968 δὲ.
1266 4909 1374 4962 τῶν
1406 4909 1578 4962 ἄλλων
1611 4909 1795 4961 πασῶν

212 5007 545 5077 ἀλογήσασα
607 5001 922 5073 φροντίδων,
971 5001 1068 5054 καὶ
1113 5003 1212 5072 τῆς
1261 5001 1517 5052 ἐπιπόνου
1554 5016 1793 5053 κακοπα-

213 5101 387 5164 θείας,
452 5097 552 5148 ἐπὶ
601 5096 700 5166 τὴν
749 5093 943 5164 νοεράν
989 5093 1276 5162 ἐργασίαν,
1329 5091 1556 5153 καὶτὰς
1606 5091 1796 5161 νοεράς

212 5189 475 5259 κινήσεις
504 5184 600 5238 τοῦ
620 5185 804 5251 λόγου,
831 5183 926 5234 καί
949 5182 1046 5252 τὴν
1067 5183 1176 5235 τῶν
1201 5183 1487 5253 νοημάτων
1513 5181 1611 5250 τῆς
1634 5180 1795 5234 αὑτοῦ

215 5279 463 5350 θεωρίας
499 5276 767 5346 ἀκρόασιν
792 5273 1273 5344 παρακαθέζεσθαι
1299 5274 1544 5343 κέκρικε.
1581 5272 1671 5324 Διὸ
1700 5274 1795 5324 καὶ

212 5370 314 5440 τὴν
373 5370 503 5440 μὲν,
553 5367 875 5436 ἀποδέχεται
914 5364 1091 5425 καλῶς
1123 5364 1527 5434 ἀγωνιζομένην
1559 5366 1585 5417 ό
1619 5364 1791 5430 λόγος,

1887 4648 2150 4700 rationem
2186 4650 2446 4700 virtutum
2473 4646 2710 4709 festinat,
2748 4657 2802 4701 et
2827 4649 2988 4702 variis
3019 4649 3268 4702 refertam
3299 4651 3436 4702 cihis

1884 4752 2123 4791 mensam
2183 4739 2560 4792 macerationis
2601 4740 2647 4792 ei
2697 4749 2943 4808 satagens
2994 4742 3247 4808 apponit;
3304 4757 3430 4809 pru-

1881 4825 2060 4877 dentia
2103 4835 2301 4887 autem,
2330 4841 2517 4881 omnes
2575 4827 2708 4880 alias
2763 4829 3036 4895 negligens
3086 4845 3242 4881 curas
3287 4830 3434 4883 labe-

1880 4917 2193 4983 riosamque
2284 4917 2747 4980 maceratiouem,
2832 4918 2897 4970 ad
3015 4920 3427 4973 intellectualem

1878 5007 2270 5072 operationem,
2313 5008 2738 5075 spiritualesque
2796 5019 2975 5063 motus
3027 5011 3174 5065 verbi
3203 5013 3420 5070 interni,

1875 5105 1928 5147 et
1958 5096 2345 5163 cogitationum
2376 5098 2848 5165 contemplationis
2885 5100 3051 5168 ipsius
3091 5102 3420 5153 auditionem

1876 5187 2116 5239 assidere
2147 5188 2352 5239 maluit.
2406 5188 2587 5254 Itaque
2625 5191 2856 5256 priorem
2905 5193 3037 5244 hene
3071 5195 3262 5257 excip‘t
3291 5194 3420 5244 Ver-

1876 5273 2002 5327 bum
2032 5276 2274 5328 studiose
2294 5275 2628 5329 laborantem
2658 5278 2719 5328 ad
2747 5281 3092 5345 opponettdas
3121 5282 3220 5332 sihi
3256 5281 3419 5347 dapes

1875 5362 1926 5413 in
1961 5375 2144 5412 mensa
2180 5361 2529 5417 multiformis
2553 5365 2904 5434 practicaeque
2935 5368 3303 5434 philosophiae,
3327 5371 3418 5422 sed

216 5463 419 5530 θρέψαι
452 5458 620 5512 αὑτὸν
646 5459 711 5526 τῇ
742 5457 987 5526 τραπέζῃ
1024 5454 1318 5523 φιλοτίμως
1348 5455 1446 5524 τῆς
1488 5453 1791 5517 πολυειδοῦς

1892 5452 2012 5503 :irea
2057 5455 2317 5521 plurimos
2378 5456 2661 5509 sollicitam
2714 5457 2950 5524 patiendi
3011 5459 3219 5516 modos.
3254 5468 3305 5511 et
3350 5461 3416 5512 ad

215 5557 308 5609 καὶ
339 5553 673 5624 ἐμπράκτου
717 5548 1059 5618 φιλοσοφίας,
1097 5547 1228 5600 ἀλλὰ
1259 5549 1387 5618 περὶ
1432 5547 1602 5599 πολλὰ
1636 5565 1791 5618 μεριι

218 5647 444 5715 μνὼσαν
480 5642 597 5711 είδη
634 5638 1027 5700 κακοπαθείας,
1076 5639 1167 5688 καὶ
1203 5637 1336 5704 πρὸς
1386 5637 1445 5688 τὸ
1490 5638 1548 5688 ὲν
1594 5636 1790 5704 ὀλίγοις

285 5813 331 5844 ’⁸
356 5811 492 5866 Luc.
536 5824 679 5869 ntv,
714 5807 802 5860 25.
881 5807 922 5837 ⁷⁷
962 5805 1148 5860 Matth.
1177 5822 1299 5873 xxv,
1333 5809 1379 5862 9,

1872 5557 2060 5612 parum
2095 5543 2244 5597 utilia
2287 5560 2500 5614 semper
2542 5544 2853 5602 distractam
2898 5550 3264 5617 reprehendit,
3294 5565 3416 5604 cum

1877 5649 2041 5687 unum
2075 5637 2382 5703 requiratur
2428 5635 2493 5689 ad
2547 5637 2922 5693 necessitatem
2955 5649 3007 5693 et
3053 5640 3413 5696 ministerium

1457 5810 1496 5839 τ’
1533 5809 1660 5863 ibid.
1691 5809 1774 5864 12.
1850 5813 1894 5844 τ’
1918 5810 2074 5865 Juatt.
2111 5814 2280 5876 .ttt,‘.’.i.
