4124 6338
669 340 772 407 951
1883 353 2179 416 ΝῙΠΕἸἚ
2222 357 2229 419 1

2331 356 2640 420 ῙΤΟΒΑΤῘ
3807 353 3912 415 952

667 455 859 522 Verbi,
892 471 1089 527 nempe
1124 461 1296 533 malas
1335 463 1692 532 cogitationes
1729 467 2001 536 subjicere
2044 470 2223 531 bonis,

2331 468 2606 535 ὠφέλιμον
2652 463 3142 533 ἀπασχολουμένην
3176 461 3261 512 ἀεὶ
3313 460 3721 530 ἐπιμέμφεται·
3785 461 3909 523 ἐνὸς

665 560 1051 620 terrenumque
1086 566 1305 606 sensum
1339 555 1532 608 anima:
1565 555 1617 608 iu
1644 559 1984 626 spiritualetn
2025 560 2229 613 labori-

665 639 770 695 bus
811 640 1026 699 virtutis
1050 641 1408 708 convertere;
1461 648 1815 714 posteriorem
1866 665 1990 705 vero
2046 651 2230 703 laudat

667 738 721 786 et
750 733 1068 788 naturaliter
1094 736 1195 788 sibi
1233 736 1546 804 identilicat,
1578 738 1702 808 quia
1732 741 1990 809 optimam
2019 749 2222 810 partem

667 822 830 894 elegit
859 826 1099 880 scientiae
1121 826 1363 894 spiritus,
1401 845 1494 897 per
1522 845 1685 899 quam
1717 847 1804 886 res
1840 833 2102 886 humanas
2129 846 2224 886 su-

667 914 972 981 pervolans,
995 925 1271 970 scrutatur
1297 919 1567 988 profunda
1596 921 1688 977 Dci
1705 924 1771 985 ³ο,
1794 924 1935 977 unde
1963 923 2226 992 margari-

661 1010 774 1057 tam
810 1006 960 1062 verbi
980 1009 1253 1076 sapienter
1271 1013 1421 1076 emit,
1456 1014 1909 1085 absconditosque
1942 1016 2228 1069 thesauros

660 1095 924 1163 perspicit
969 1096 1217 1166 spiritus,
1250 1109 1306 1155 et
1339 1101 1686 1157 inenarrabili
1718 1103 1958 1159 exsultat
2002 1102 2224 1174 gaudio,

661 1189 803 1256 quod
840 1205 948 1246 non
977 1192 1258 1248 auferetur
1280 1194 1349 1252 ab
1377 1212 1459 1250 ea.

733 1647 822 1703 99.
855 1648 1004 1702 Mens
1043 1653 1436 1720 cupiditatibus
1481 1666 1691 1717 enecta.
1751 1667 1804 1711 et
1852 1657 2026 1727 gratia
2066 1657 2229 1713 Verbi

663 1736 758 1793 Dei
795 1741 1088 1802 vtvilicata,
1120 1744 1336 1797 sublato
1368 1747 1574 1801 duritiae
1605 1747 1786 1802 cordis
1818 1748 2017 1816 lapide,
2061 1747 2231 1803 solvi-

2331 560 2484 618 ὖντος
2523 554 2615 607 τοῦ
2649 551 2985 623 ζητουμένου
3021 553 3096 613 είς
3137 549 3326 619 χρείαν
3358 551 3449 602 καὶ
3476 549 3774 619 θεραπείαν
3809 551 3905 601 τοῦ

2329 649 2510 716 λόγου,
2547 647 2640 698 τοῦ
2700 645 2778 714 τῷ
2829 643 3103 715 κρείττονι
3161 639 3406 710 λογισμῷ
3441 640 3811 706 καθυποτάξαι
3841 640 3907 691 τὸ

2331 745 2533 812 χεῖρον,
2585 739 2678 792 καὶ
2709 740 2768 790 τὸ
2798 736 2981 806 χοῖκὸν
3016 735 3272 803 φρόνημα
3318 733 3414 801 τῆς
3448 731 3622 804 ψυχῆς
3659 731 3902 802 μεταδα-

2328 835 2438 886 λείν
2470 836 2547 895 είς
2581 829 2975 900 πνευματικὸν,
3014 830 3128 891 τοίς
3163 825 3350 896 ἱδρῶσι
3397 828 3496 896 τῆς
3531 827 3729 895 ἀρετῆς
3751 843 3763 854 ·
3804 825 3904 892 τὴν

2327 926 2403 986 δὲ,
2439 922 2532 974 καὶ
2589 919 2969 990 προσεπαινεῖ,
3005 916 3102 970 καὶ
3162 914 3408 984 φυσικῶς
3455 914 3770 978 οἰκειοῦται,
3827 912 3904 973 ὼς

2329 1010 2697 1080 ἐκλεξαμένην
2734 1010 2833 1079 τὴν
2865 1008 3074 1079 ἀγαθὴν
3111 1006 3304 1101 μερίδρ
3348 1006 3446 1075 τῆς
3471 1005 3564 1058 τοῦ
3595 1005 3904 1072 πνεύματος

2327 1104 2613 1172 γνώσεως·
2665 1102 2731 1155 δι’
2781 1097 2849 1171 ἦς
2909 1101 3019 1152 τῶν
3070 1097 3428 1171 ἀνθρωπίνων
3485 1099 3902 1169 ὑπεριπταμένη

2331 1198 2698 1268 πρηγμάτων,
2736 1196 2828 1247 ἐπὶ
2853 1193 2921 1246 τά
2966 1192 3085 1246 θεῖα
3120 1192 3260 1262 βάθη
3294 1193 3462 1261 χωρεῖ
3490 1189 3583 1242 τοῦ
3615 1190 3774 1255 Θεοῦ,
3811 1193 3908 1244 καί

2331 1289 2423 1341 τὸν
2455 1287 2802 1357 μαργαρίτην
2829 1285 3038 1338 ἐκεῖθεν
3064 1283 3160 1335 τοῦ
3190 1283 3350 1351 λόγου
3383 1281 3565 1343 καλῶς
3604 1281 3908 1352 ἐμπορεύε-

2330 1398 2443 1444 ται,
2501 1379 2597 1431 καὶ
2641 1378 2767 1439 τοὺς
2809 1373 3163 1444 ἀποκρύφους
3219 1371 3525 1442 θησαυροὺς
3581 1369 3906 1422 κατοπτεύει

2331 1470 2424 1523 τοῦ
2458 1468 2798 1539 Πνεύματος,
2833 1467 2927 1520 καὶ
2959 1467 2992 1535 ἡ
3023 1465 3299 1534 ἄφραστος
3329 1463 3466 1531 αὐτῇ
3489 1461 3634 1530 χαρά
3667 1461 3909 1528 ἐπιγίνεο

2328 1581 2440 1625 ται,
2483 1563 2602 1632 ἥτις
2635 1561 2735 1612 οὐκ
2776 1554 3335 1626 ἀφαιρεθήσεται-ἀπ’
3367 1553 3555 1623 αὐτῆς.

2400 1652 2502 1720 LLO'.
2551 1652 2610 1703 '0
2648 1650 2770 1711 νοῦς
2802 1651 2829 1701 ὁ
2863 1646 3158 1718 νεκρωθεὶς
3200 1646 3305 1700 ὑπὸ
3333 1645 3443 1698 τῶν
3474 1643 3684 1708 παθῶν,
3716 1644 3807 1696 καὶ
3837 1647 3905 1714 τῇ

2330 1747 2595 1816 ἐπιδημίᾳ
2640 1742 3002 1813 ζωοποιηθεὶς
3034 1740 3127 1794 τοῦ
3167 1740 3327 1808 λόγου
3357 1737 3448 1790 τοῦ
3480 1737 3639 1803 Θεοῦ,
3681 1737 3771 1790 τὸν
3806 1737 3904 1806 τῆς

662 1836 756 1884 tur
780 1829 1013 1886 vinculis
1035 1834 1240 1902 peccati
1274 1837 1805 1906 corruptriciumque
1834 1823 2223 1908 cogitationum

2331 1839 2646 1911 πωρώσεως
2683 1837 2829 1890 λίθον
2859 1834 3314 1904 ἀποσεισάμενος,
3350 1827 3537 1885 λύεται
3568 1831 3675 1884 τῶν
3709 1832 3908 1901 σειρῶν

663 1915 998 1985 adiscipulis
1041 1917 1224 1983 Verbi,
1281 1923 1372 1989 qui
1428 1934 1556 1978 sunt
1610 1925 1773 1980 timor
1834 1941 2116 1995 poenarum
2170 1937 2223 1982 et

665 2007 885 2062 labores
918 2009 1154 2072 virtutis.
1185 2023 1234 2064 et
1287 2013 1492 2066 lumine
1545 2017 1729 2071 fruens
1762 2019 1885 2071 vitae
1924 2016 2139 2081 lutum,
2175 2017 2227 2070 in

665 2099 1157 2168 impassibilitatem
1190 2103 1343 2157 abire
1383 2106 1623 2169 sinitur;
1663 2110 1896 2178 indeque
1945 2109 1997 2162 in
2033 2110 2230 2163 throno

667 2203 934 2244 sensuum
969 2193 1188 2257 sedens,
1230 2195 1368 2249 facta
1424 2197 1700 2253 oblatione
1739 2200 1938 2254 munda
1969 2205 2230 2255 secretis-

665 2279 804 2334 simo
869 2281 1046 2335 abdita
1113 2286 1403 2353 mysterio,
1492 2288 1622 2341 vivit
1689 2305 1813 2343 cum
1886 2291 2126 2354 Christo,
2175 2299 2228 2345 et

664 2385 790 2424 cum
849 2385 913 2425 eo
962 2387 990 2425 a
1033 2380 1177 2428 terra
1229 2374 1284 2428 in
1334 2377 1504 2432 coelos
1551 2381 1886 2444 ascendens,
1929 2389 2231 2449 conregnat

665 2459 888 2516 Christo
936 2462 992 2516 in
1032 2463 1121 2516 Dei
1174 2463 1349 2517 Patris
1405 2481 1592 2533 regno,
1661 2468 1747 2521 ubi
1797 2468 2070 2524 desideria
2112 2469 2232 2538 ejus

667 2553 971 2622 explentur.

742 2852 864 2908 100.
907 2852 1106 2907 Futura
1144 2856 1339 2907 mentis
1375 2869 1401 2904 a
1439 2867 1666 2921 corpore
1699 2854 1864 2909 soluti
1903 2853 2231 2906 restauratio

670 2945 870 3012 cuique
905 2944 1124 2997 athletae
1179 2944 1416 3008 legitime
1472 2945 1700 2998 certanti
1753 2945 1820 2998 ad
1884 2944 2232 3011 mediumque

669 3049 958 3104 progresso
1000 3044 1054 3088 et
1086 3033 1321 3102 perfecto
1368 3035 1432 3087 ad
1469 3051 1778 3089 mensuram
1832 3035 2008 3089 aetatis
2059 3037 2232 3103 pleni-

674 3126 882 3182 tudinis
911 3125 1113 3179 Christi
1147 3126 1361 3179 “clara
1411 3134 1463 3179 et
1517 3125 1803 3180 manifesta
1861 3126 1917 3179 (it
1945 3142 2012 3181 ex
2061 3125 2230 3179 (³01ιῦ-

669 3215 852 3272 deutia
877 3226 930 3270 et
963 3217 1219 3270 instinctu
1243 3216 1353 3284 Spit
1372 3217 1479 3270 itus
1499 3223 1692 3271 sancti.
1724 3216 2024 3272 Exsultatio
2047 3226 2225 3270 autem

674 3315 933 3377 perpetua
966 3308 1018 3361 in
1068 3318 1267 3360 acterna
1309 3309 1427 3360 lucc
1462 3317 1546 3360 est
1599 3308 1830 3363 relicuas
1872 3311 2019 3363 illius
2051 3309 2227 3362 haere-

675 3397 884 3464 ditatis,
937 3409 990 3452 et
1043 3398 1227 3452 laetitia
1287 3398 1574 3453 incllabilis
1626 3401 2016 3454 circumfundit
2063 3399 2228 3453 corda

672 3503 860 3544 eorum
889 3490 979 3558 qui
1014 3489 1249 3556 legitime
1287 3487 1368 3542 his
1407 3491 1458 3541 in
1505 3483 1661 3543 terris
1696 3491 1996 3551 decertant,
2029 3503 2231 3556 eosque

674 3581 1019 3650 amplectitur
1048 3579 1283 3648 Spiritus
1312 3582 1481 3634 sancti
1531 3582 1810 3649 gaudium,
1863 3586 2030 3651 quod,
2074 3583 2228 3650 juxta

674 3687 859 3727 vocem
884 3673 1094 3726 Domini
1120 3673 1187 3738 ⁸⁸,
1222 3687 1331 3726 non
1354 3670 1635 3727 auferetur
1659 3675 1724 3728 ab
1738 3675 1838 3729 eis.
1872 3675 2042 3741 Quem
2065 3676 2230 3744 igitur

675 3763 763 3817 hic
809 3776 907 3818 sua
958 3760 1273 3818 Paracietus
1327 3763 1496 3831 gratia
1551 3764 1805 3833 dignatus
1859 3774 1978 3832 est,
2030 3767 2230 3836 quique

676 3855 868 3908 uberes
900 3855 1015 3923 ejus
1065 3853 1518 3913 fructuscultura
1571 3856 1830 3911 virtutum
1882 3861 2140 3927 percepit,
2168 3873 2230 3912 ac

676 3943 876 3999 divinis
910 3943 1145 4007 ejusdem
1186 3943 1341 3996 donis
1376 3943 1579 3999 ditatus
1625 3955 1728 4010 est,
1766 3947 1947 4002 latitia
1999 3949 2232 4017 repletus

677 4043 730 4087 et
766 4030 1000 4100 perlecta
1042 4031 1339 4098 charitate,
1387 4034 1515 4101 quia
1575 4050 1767 4104 nempe
1815 4052 2028 4092 omnem
2086 4037 2233 4093 foras

679 4123 827 4176 misit
863 4122 1149 4184 timorem,
1203 4137 1326 4176 cum
1378 4125 1574 4191 gaudio
1627 4141 1655 4179 a
1705 4127 1940 4183 vinculis
1989 4129 2234 4198 corporis

675 4214 922 4276 solvitur,
961 4223 1012 4265 et
1047 4227 1168 4264 cum
1201 4213 1566 4269 exsultatione
1603 4215 1806 4270 recedit
1833 4232 1863 4270 a
1900 4219 2230 4276 visibilibus.

675 4304 875 4372 quibus
919 4304 1002 4357 sui
1052 4319 1172 4357 eum
1211 4303 1476 4359 viventem
1554 4321 1750 4362 sensus
1792 4310 2123 4377 alligabant,
2180 4319 2234 4364 et

680 4409 801 4449 cum
864 4392 1119 4448 ineﬂ‘abili
1179 4396 1363 4450 laetitia
1415 4398 1706 4467 requiescit
1767 4399 1819 4453 in
1862 4400 2084 4464 lumine,
2140 4404 2229 4455 ubi

2330 1931 2426 2000 τῆς
2459 1930 2758 1999 ἁμαρτίας,
2802 1927 2894 1979 καὶ
2927 1925 3036 1978 τῶν
3067 1922 3407 1994 φθοροποιῶν
3429 1921 3728 1992 λογισμῶν,
3754 1922 3910 1992 παρὰ

2328 2024 2437 2078 τῶν
2473 2021 2761 2092 ὑπηρετῶν
2792 2018 2886 2072 τοῦ
2921 2019 3082 2085 λόγου
3108 2016 3235 2069 ’τοῦ
3267 2015 3457 2084 φόόου,
3491 2014 3655 2084 φημὶ,
3680 2013 3782 2083 τῆς
3812 2031 3906 2065 κο-

2333 2117 2561 2178 λάσεως,
2596 2116 2690 2166 καὶ
2723 2112 2832 2164 τῶν
2866 2111 3046 2163 πόνων
3070 2110 3168 2178 τῆς
3197 2107 3421 2178 ἀρετῆς,
3473 2105 3568 2159 καὶ
3597 2105 3691 2157 τοῦ
3731 2105 3911 2172 φωτὸς

2331 2211 2429 2277 τῆς
2488 2206 2789 2276 μελλούσης
2848 2200 3166 2263 ἀπολαύσας
3235 2197 3413 2268 ζωῆς,
3471 2195 3768 2250 ἀπολύεται
3830 2196 3911 2256 είς

2328 2299 2598 2353 ἀπάθειαν
2637 2313 2650 2324 ·
2685 2294 2946 2350 κάκεῖθεν
2978 2293 3072 2345 ἐπὶ
3109 2292 3199 2344 τὸν
3233 2290 3421 2360 θρόνον
3460 2288 3770 2351 κεκαθικὼς
3800 2287 3909 2340 τῶν

2329 2391 2657 2458 αἰσθήσεων,
2716 2387 2810 2439 καὶ
2863 2387 3229 2455 ἱερουργήσας
3286 2380 3541 2451 καθαρῶς
3575 2379 3636 2432 τὸ
3679 2381 3778 2448 τῆς
3815 2383 3912 2433 έπ-

2327 2481 2549 2541 οπτείας
2584 2479 2904 2548 μυστήριον,
2954 2474 3323 2528 συνδιαιτᾶται
3355 2471 3433 2541 τῷ
3460 2471 3625 2540 λόγῳ,
3652 2470 3749 2523 καὶ
3783 2488 3908 2524 συν-

2329 2565 2582 2624 απελθὼν
2637 2568 2784 2639 αὑτῷ
2814 2569 2892 2630 είς
2930 2566 3192 2636 οὐρανοὺς
3219 2565 3324 2617 ἀπὸ
3357 2563 3483 2633 γῆς,
3518 2562 3908 2633 συμϐασιλεύει

2332 2663 2551 2734 Χριστῷ
2576 2664 2633 2715 ὲν
2667 2663 2735 2730 τῇ
2767 2659 2862 2712 τοῦ
2893 2657 3106 2728 [ἰατρὸς
3137 2657 3230 2709 καὶ
3259 2655 3394 2708 Θεοῦ
3431 2653 3702 2725 βασιλείᾳ,
3735 2670 3909 2707 κατα-

2333 2754 2545 2814 παύσας
2585 2753 2685 2815 τάς
2718 2752 2935 2820 ὲφέσεις
2973 2749 3152 2811 πάσας
3190 2745 3378 2801 αὑτοῦ.
3633 2795 3637 2797 _

2394 2842 2472 2914 ρ’.
2521 2844 2583 2895 Ἢ
2605 2841 2746 2912 μετὰ
2768 2841 2864 2912 τὴν
2881 2839 3036 2892 λύσιν
3063 2837 3158 2890 τοῦ
3188 2839 3435 2907 σώματος
3460 2835 3670 2890 ἐκεῖθεν
3703 2837 3911 2888 ἀποκα-

2332 2935 2615 2998 τάστασις,
2642 2933 2860 3000 ἑκάστῳ
2884 2931 2992 2984 τῶν
3029 2928 3338 2992 σπουδαίων
3368 2928 3615 2996 νομίμως
3632 2926 3905 2990 ἀθλοῦντι,

2330 3027 2424 3080 καὶ
2479 3025 2616 3095 πρὸς
2664 3022 2725 3076 τὸ
2765 3022 2931 3092 μέσον
2974 3020 3359 3093 προκόπτοντι,
3409 3018 3503 3072 καὶ
3548 3017 3910 3087 τελειουμένῳ

2332 3121 2411 3182 είς
2468 3119 2666 3188 μέτρον
2698 3114 2916 3185 ἡλικίας
2969 3113 3065 3166 τοῦ
3098 3110 3466 3181 πληρώματος
3519 3111 3612 3162 τοῦ
3645 3111 3908 3180 Χριστοῦ,

2256 3183 2298 3240 c
2330 3183 2479 3276 am’
2502 3183 2596 3259 xui.
2631 3183 2843 3274 φανερά
2876 3202 3092 3270 γίνεται
3137 3204 3200 3254 ἐκ
3233 3199 3603 3272 πληροφορίας
3630 3202 3726 3253 καὶ
3757 3203 3911 3271 ὲνερ-

2332 3300 2489 3367 γείας
2526 3296 2618 3348 τοῦ
2651 3297 2990 3365 Πνεύματος.
3035 3289 3097 3345 Ἡ
3125 3293 3181 3345 δὲ
3213 3293 3376 3362 χαρὰ,
3412 3292 3628 3355 αἰώνιός
3676 3295 3826 3345 ἐστιν
3853 3294 3912 3343 ἐν

2333 3389 2471 3457 φωτὶ
2527 3388 2721 3457 ἀϊδίῳ,
2777 3388 2811 3456 ὴ
2862 3385 3207 3456 μακαριότης
3261 3385 3479 3460 ὲκιείνης
3529 3384 3630 3454 τῆς
3679 3383 3910 3455 λήξεως,

2332 3480 2477 3550 χαρά
2527 3479 2584 3530 δὲ
2644 3479 2877 3546 ἄληκτος
2924 3476 3320 3547 περιλαμϐάνει
3358 3478 3456 3540 τὰς
3507 3476 3737 3545 καρδίας
3802 3476 3910 3528 τῶν

2333 3571 2755 3641 ἀγωνιζομένων
2813 3569 3062 3639 νομίμως
3126 3568 3396 3632 ἐνταῦθα,
3464 3569 3560 3622 καὶ
3617 3569 3946 3638 καταφιλεί,

2333 3666 2530 3726 αὐτοὺς
2578 3665 2611 3733 ἡ
2675 3662 2984 3733 εὐφροσύνη
3034 3661 3129 3714 τοῦ
3189 3662 3344 3730 ἁγίου
3374 3662 3711 3732 Πνεύματος,
3764 3663 3907 3731 ἥτις.

2336 3760 2476 3811 κατά
2507 3757 2598 3810 τὸν
2629 3757 2786 3825 λόγον
2815 3755 2910 3808 τοῦ
2949 3757 3180 3826 Κυρίου,
3211 3756 3312 3808 οὐκ
3341 3756 3772 3825 ἀφαιρεθήσεται
3809 3757 3903 3809 ἀπ’

2335 3851 2537 3905 αὐτῶν.
2573 3851 2716 3916 Ἀρα
2748 3851 2776 3900 ὁ
2809 3849 2905 3915 τῆς
2928 3848 3224 3916 ἐπιδημίας
3277 3846 3372 3900 τοῦ
3415 3847 3774 3914 Παρακλήτου
3813 3848 3898 3899 ὲν-

2335 3943 2527 4001 τεῦϐεν
2560 3938 2830 4005 ἀξιωθεὶς,
2857 3938 2967 3990 ικαὶ
3012 3936 3122 3988 τῶν
3181 3933 3409 4002 καρπῶν
3470 3940 3901 4005 κατατρυφησας

2338 4033 2502 4087 αὑτοῦ
2533 4035 2595 4100 τῇ
2633 4028 2875 4100 γεωργίᾳ
2904 4027 3012 4080 τῶν
3049 4027 3280 4096 ἀρετῶν,
3322 4024 3417 4078 καὶ
3445 4025 3903 4097 καταπλουτήσας

2337 4125 2502 4179 αὑτοῦ
2532 4125 2598 4177 τὰ
2628 4124 2746 4175 θεῖα
2800 4121 3132 4191 χαρίσματα,
3179 4121 3349 4190 χαρᾶς
3393 4117 3644 4187 ἔμπλεως
3679 4118 3777 4185 ὢν,
3813 4121 3908 4174 καὶ

2341 4220 2414 4270 πά
2428 4234 2521 4285 3ης
2549 4215 2765 4283 ἀγάπης
2783 4231 2795 4244 ’
2828 4212 2997 4280 φόϐου
3019 4211 3262 4282 δηλονότι
3283 4210 3482 4273 παντὸς
3500 4211 3911 4282 δραπετεύσαν-

2338 4325 2448 4369 τος,
2494 4309 2549 4356 ἐν
2589 4307 2731 4374 χαρᾷ
2758 4304 2866 4356 τῶν
2904 4302 3118 4376 δεσμῶν
3158 4299 3252 4353 τοῦ
3284 4300 3535 4369 σώματος
3576 4300 3787 4367 λύεται,
3817 4303 3912 4354 καὶ

2345 4398 2482 4464 μετά
2517 4398 2688 4464 χαρᾶς
2722 4396 2948 4464 ἀπαίρει
2996 4393 3104 4445 τῶν
3135 4392 3448 4461 ὁρωμένων,
3480 4385 3555 4444 ῶν
3587 4393 3682 4445 καὶ
3710 4392 3914 4463 περιὼν

681 4487 977 4539 lxtantium
1007 4488 1248 4541 omnium
1281 4488 1547 4574 habitatio
1575 4502 1657 4544 est
1692 4507 1704 4541 :
1741 4506 2048 4562 quanquam
2093 4507 2229 4560 saepe

2341 4489 2440 4557 τῆς
2463 4490 2766 4557 αίσθήσεως
2801 4485 3073 4556 προελύθη
3096 4499 3112 4514 ·
3132 4485 3226 4536 καὶ
3248 4486 3324 4547 είς
3348 4483 3525 4553 χαρὰν
3547 4480 3915 4555 ἀνεκλάὶητον

681 4577 945 4644 nonnulli,
965 4577 1018 4632 in
1040 4578 1152 4647 ipsa
1173 4579 1370 4633 vinculi
1395 4563 1666 4636 solutione
1681 4590 1733 4636 et
1758 4598 1926 4637 nexus
1947 4584 2234 4648 recisioue,

682 4667 926 4734 corporis
959 4666 1236 4734 patiuntur
1268 4667 1504 4735 dolores,
1562 4670 1848 4724 mulierum
1899 4672 2072 4726 instar
2096 4687 2235 4742 σθαι-ο

684 4757 1117 4826 parturientium.

757 5027 800 5056 "°
839 5024 1012 5080 ICor.
1058 5043 1114 5088 ιι,
1151 5026 1237 5079 10.

2344 4580 2653 4633 καταπαύει
2703 4578 2902 4647 φωτὸς,
2962 4575 3091 4629 ἔνθα
3148 4576 3366 4628 πάντων
3400 4575 3844 4645 εὐφραινομένων
3882 4578 3919 4648 ἡ

2346 4670 2634 4724 κατοικία·
2673 4671 2721 4721 εί
2765 4669 2954 4721 καὶτὸ
2997 4667 3156 4735 σῶμα
3202 4665 3462 4728 πολλάκις
3509 4666 3697 4718 ὠδῖνον
3741 4669 3798 4718 ὲν
3851 4669 3918 4736 τῇ

2348 4761 2498 4813 λύσει
2525 4761 2617 4813 καὶ
2639 4762 2703 4830 τῇ
2725 4761 2864 4828 τομῇ
2890 4761 2985 4828 τῆς
3016 4757 3284 4819 ὲνώσεως,
3305 4755 3363 4809 ἐν
3383 4772 3496 4809 τισι
3526 4756 3748 4829 πάσχει,
3781 4757 3917 4810 κατά

2349 4851 2445 4914 τάς
2475 4849 2766 4912 δυστόκους
2802 4849 2907 4902 τῶν
2942 4848 3238 4917 γυναικῶν.

1317 5028 1356 5056 ⁸³
1405 5025 1599 5094 Ephes.
1639 5042 1710 5092 ιν,
1758 5027 1840 5079 l5.
1918 5025 1961 5055 ⁸³
2009 5026 2304 5088 JOan.xv1,
2345 5024 2433 5079 22.
