4124 6338
235 294 339 355 9&3

1122 290 1637 353 GNOSICORUM
1672 291 2004 351 CAPITUM
2044 288 2433 350 CENTURIA
2468 286 2583 348 ill.

240 485 3345 515 Wﬁ—

3222 486 3345 498 __._.

1413 712 1710 828 ΤΟΥ
1765 710 2251 825 ΑΥΤΟΥ

594 962 916 1046 ΤΡΙἹῊ
994 963 1632 1050 ΓΝΩΣΤΙΚΩΝ
1706 956 2353 1047 ΚΕΦΑΛΑΙΩΝ
2426 958 3079 1045 ΕΚΑΤΟΝΤΑΣ

1216 1169 1399 1221 ΠΕΡΙ
1410 1168 1698 1222 ΑΓΑΠΗΣ
1720 1168 1841 1221 ΚΑΙ
1869 1163 2303 1221 ΤΕΛΕΙΩΣΕΩΣ
2326 1162 2522 1216 ΒΙΟΥ.

1544 1547 2170 1663 EJUSDEM

491 1826 1345 1921 GNOSTICORUM
1440 1825 1961 1915 CAPITUM
2064 1825 2668 1913 CENTURIA
2772 1823 3204 1912 TERTIA

988 2050 1100 2110 DE
1144 2044 1640 2110 CHARITATE
1682 2047 1805 2106 ET
1839 2043 2448 2108 PERFECTIONE
2480 2042 2722 2102 ΥΙΤΑΞ.

306 2408 380 2456 α’.
414 2401 561 2462 Νοῦς
591 2401 807 2469 ἀπαθής
851 2403 998 2451 ἐστιν
1037 2404 1064 2451 ὁ
1096 2402 1249 2464 Θεὸς,
1290 2402 1429 2472 ὑπὲρ
1477 2404 1654 2455 πάντα
1692 2404 1815 2457 νοῦν

1982 2406 2032 2457 l.
2067 2404 2210 2458 Deus
2244 2414 2323 2456 est
2361 2401 2599 2471 Spiritus
2642 2401 3015 2471 impassibilis,
3042 2410 3261 2455 omnem
3290 2411 3465 2466 supe-

238 2496 332 2549 καὶ
346 2496 537 2547 πᾶσαν
571 2492 842 2547 ἀπάθειαν
869 2509 882 2523 ⁸
912 2492 1048 2560 φῶς,
1080 2494 1173 2547 καὶ
1208 2495 1357 2564 πηγὴ
1381 2496 1555 2562 φωτὸς
1576 2496 1781 2563 ἀγαθοῦ
1800 2511 1814 2526 °

241 2589 425 2654 σοφία,
466 2588 645 2653 λόγος,
684 2585 780 2638 καὶ
825 2585 1055 2651 γνῶσις,
1112 2588 1206 2638 καὶ
1252 2587 1465 2653 σοφίας,
1510 2582 1688 2655 λόγού,
1726 2591 1821 2642 καὶ

240 2678 505 2746 γνώσεως
530 2678 793 2747 χορηγός.
826 2672 921 2739 Οἷς
944 2673 1036 2729 οὖν
1076 2676 1229 2747 ἐδόθη
1263 2677 1441 2731 ταῦτα
1480 2680 1545 2732 ἐκ
1582 2681 1820 2749 καθαρό-

241 2786 429 2837 τητος,
483 2768 581 2822 καὶ
623 2770 683 2821 ὲν
723 2763 805 2831 οἷς
859 2768 1242 2834 ὲπιθεωρεῖται
1278 2768 1570 2833 πλουσίως,
1611 2771 1822 2833 τούτοις

241 2858 528 2911 ἀνασωθὲν
560 2857 655 2911 καὶ
700 2857 761 2912 τὸ
792 2858 914 2910 κατ’
954 2858 1158 2919 είκόνα,
1190 2860 1506 2927 τετήρηται,
1559 2859 1635 2922 ὡς
1680 2856 1822 2915 εἶναι

242 2950 449 3013 αὐτοὺς
496 2949 747 3003 ἐντεῦθεν
804 2949 953 3012 υίοὺς
1000 2948 1157 3010 Θεοῦ,
1210 2950 1542 3019 ἀγομένους,
1588 2952 1729 3005 κατά
1762 2953 1825 3005 τὸ

243 3040 569 3110 εἰρημένον,
626 3040 731 3094 ύπδ
760 3040 855 3094 τοῦ
912 3041 1258 3108 Πνεύματος⁶
1296 3059 1315 3090 ‹
1364 3042 1517 3095 Ὅσοι
1551 3043 1823 3114 Πνεύματι

243 3131 378 3185 Θεοῦ
421 3133 672 3199 ἄγονται,
692 3123 837 3183 οὗτοί
872 3133 1011 3183 εἰσιν
1040 3132 1149 3182 υίοὶ
1178 3130 1332 3183 Θεοῦ.
1378 3151 1394 3183 ι

314 3223 381 3294 β’.
433 3226 612 3289 Ὅσοι,
671 3224 859 3285 πόνοις
912 3224 1223 3292 ἀσκήσεως,
1279 3225 1554 3294 καθαροὺς
1598 3227 1825 3290 ἑαυτοὺς

242 3311 658 3384 ἀπειργάσαντο
718 3311 828 3365 ἀπὸ
875 3313 1076 3376 παντὸς
1127 3312 1404 3381 μολυσμοῦ
1468 3316 1671 3385 σαρκὸς
1733 3321 1825 3372 καὶ⁵

250 3402 590 3473 πνεύματος,
641 3403 821 3473 δοχεία
854 3406 949 3473 τῆς
997 3404 1267 3456 ἀθανάτου
1308 3407 1562 3471 γεγόνασι
1609 3408 1825 3475 φύσεως

246 3492 332 3547 διὰ
352 3494 466 3547 τῶν
496 3495 855 3565 χαρισμάτων
885 3494 977 3546 τοῦ
1002 3493 1335 3562 Πνεύματος.
1367 3496 1429 3547 0i
1455 3495 1511 3548 δέ
1534 3513 1596 3564 γε
1614 3499 1824 3566 πεφθα-

248 3584 403 3647 κότες
433 3586 515 3647 εἰς
549 3583 727 3647 τοῦτο,
765 3586 943 3653 φωτός
975 3587 1112 3636 εἰσιν
1155 3585 1360 3652 ἀγαθοῦ
1405 3586 1653 3655 ἔμπλεοι,
1676 3590 1733 3653 ἐξ
1764 3582 1825 3642 οὗ

247 3677 499 3770 γαλήνης
527 3676 587 3770 εν
616 3676 807 3770 είρίγνῃ
832 3677 930 3770 τὴν
961 3675 1188 3743 καρδίαν
1235 3675 1622 3746 πληρούμενοι,
1671 3681 1828 3749 ὲρεύ-
1856 3734 1868 3770 Ι

249 3782 440 3833 γονται
486 3765 681 3833 λόγους
712 3766 973 3834 ἀγαθοὺς,
1010 3769 1105 3819 καὶ
1152 3770 1185 3836 ἡ
1220 3768 1381 3835 σοφία
1408 3769 1543 3822 Θεοῦ
1590 3773 1827 3840 πηγάζει

250 3858 357 3910 ἀπὸ
388 3858 503 3911 τῶν
528 3857 754 3928 χειλέων
780 3858 983 3923 αὐτῶν,
1016 3860 1074 3913 ὲν
1093 3860 1292 3927 γνώσει
1311 3860 1468 3913 θείων
1496 3863 1588 3914 καὶ
1618 3864 1827 3933 ἀνθρω-

252 3949 423 4002 πίνων
455 3950 823 4019 πραγμάτων,
861 3949 954 4002 καὶ
988 3951 1015 4001 ό
1050 3950 1205 4018 λόγος
1235 3952 1415 4004 αὐτῶν
1441 3951 1729 4019 ἀθόλωτος,
1762 3955 1829 4009 τά

253 4036 393 4108 βάθη
410 4038 508 4090 τοῦ
529 4030 667 4089 Πνεύ
676 4055 842 4107 ματος
866 4037 1250 4108 ἐξηγούμενος.
1270 4040 1426 4092 Κατά
1445 4040 1553 4093 τῶν
1574 4043 1830 4099 τοιούτων

250 4128 350 4181 οὐκ
378 4128 500 4181 ἔστι
553 4126 737 4194 νόμος,
789 4129 937 4192 ἅπαξ
970 4128 1281 4182 ἑνωθέντων
1312 4130 1390 4199 τῷ
1425 4129 1565 4201 Θεῷ,
1595 4135 1688 4187 καὶ
1729 4136 1829 4205 τὴν

252 4219 427 4289 καλὴν
460 4217 869 4272 ἀλλοιωθέντων
895 4218 1203 4275 ἀλλοίωσιν.

320 4316 389 4378 γ’.
437 4309 500 4362 Ὃ
521 4311 589 4381 τῇ
619 4309 843 4382 ἐκθύμῳ
873 4311 1074 4383 σπουδῇ
1107 4312 1243 4382 πρὸς
1263 4313 1323 4367 τὸ
1346 4314 1505 4368 Θεῖον
1530 4315 1831 4370 άπευθυνό-

257 4416 419 4469 μενος
461 4401 746 4471 ὲμπόνως,
806 4402 1148 4472 ἀπόμοργμα
1199 4404 1296 4473 τῆς
1345 4405 1552 4469 εἰκόνος
1596 4406 1827 4475 ἐκείνου,

253 4496 372 4562 ταῖς
408 4495 661 4563 ἀρεταῖς,
690 4495 795 4565 τῆς
829 4494 1007 4564 ψυχῆς
1047 4495 1265 4549 καὶτοῦ
1292 4495 1546 4567 σώματος
1583 4499 1825 4568 γίνεταιξ

255 4585 417 4649 αὐτὸς
444 4586 548 4656 μὲν
577 4586 637 4638 ἓν
664 4585 741 4657 τῷ
767 4585 906 4655 Θεῷ,
938 4588 965 4638 ό
992 4586 1048 4639 δὲ
1078 4586 1209 4650 Θεὸς
1239 4588 1296 4639 ἐν
1317 4588 1466 4658 αύτῷ
1488 4591 1834 4661 ἀναπαυόμεφ

255 4690 346 4739 νος
376 4675 527 4729 κατὰ
568 4675 896 4746 ἁνάκρασιν,
930 4677 1005 4739 ὼς
1045 4672 1182 4731 εἶναι
1212 4678 1306 4732 καὶ
1335 4678 1620 4748 φαίνεσθαι
1669 4682 1830 4735 αὑτὸν

260 4765 361 4835 μὲν
394 4762 681 4829 ιντεῦθεν,
738 4766 922 4819 εἰκόνα
952 4766 1052 4836 τῆς
1102 4767 1252 4829 θείας
1316 4770 1740 4840 μακαριότητος,
1774 4773 1831 4825 ὲν

256 4857 334 4930 τῷ
362 4856 591 4927 πλούτῳ
644 4856 755 4909 τῶν
800 4859 1161 4928 χαρισμάτων
1201 4858 1309 4930 τοῦ,
1350 4861 1683 4931 Πνεύματοτ,
1739 4864 1833 4917 καὶ

262 4944 420 5004 θέσει
446 4949 587 5004 Θεὸν
610 4991 625 5017 ,
664 4948 799 5003 Θεὸν
823 4948 880 5004 δὲ
930 4950 1262 5021 τελετάρχην
1295 4954 1391 5023 τῆς
1424 4952 1589 5004 αὑτοῦ
1630 4954 1833 5007 τελειό-

259 5063 441 5117 τητος.

328 5139 390 5193 δ’.
427 5138 547 5193 Οὐκ
592 5141 655 5193 ἑκ
680 5139 781 5207 τῆς
810 5138 1109 5209 ὀργανικῆς
1153 5138 1246 5191 τοῦ
1306 5139 1555 5207 σώματος
1608 5136 1831 5203 θέσεως,

260 5232 454 5303 ἀγνοίᾳ
505 5230 809 5302 φερόμενος
864 5230 1007 5283 εῐποι
1048 5248 1150 5294 τις,
1183 5229 1304 5282 κατ’
1353 5230 1535 5281 είκόνα
1567 5227 1703 5280 Θεοῦ
1742 5228 1833 5281 τὸν

261 5323 576 5393 ἄνθρωπον,
613 5322 731 5377 ἀλλ’
762 5325 827 5377 ὲκ
860 5322 959 5392 τῆς
993 5323 1184 5391 νοερᾶς
1219 5321 1429 5390 φύσεως
1459 5317 1557 5372 τοῦ
1582 5319 1701 5383 νοὸς
1735 5321 1833 5389 τῆς

264 5415 338 5486 μὴ
370 5414 865 5485 περιγραφομένης
896 5412 999 5467 ὑπὸ
1037 5412 1132 5464 τοῦ
1166 5411 1442 5482 βρίθοντος
1466 5410 1615 5464 κάτω
1647 5409 1832 5480 σώμα-

263 5522 370 5568 τος.
410 5506 629 5575 Ὠσπερ
673 5505 782 5575 γὰρ
815 5506 847 5574 ἡ
890 5504 1009 5557 θεία
1054 5504 1213 5573 φύσις
1246 5504 1352 5568 ἔξω
1396 5503 1574 5575 πάσης
1608 5505 1832 5565 κτίσεως

333 5674 377 5706 ⁸³
416 5673 576 5728 Rom.
630 5690 745 5737 νηί.
797 5675 881 5727 ιι.

1919 2514 2048 2554 rans
2080 2498 2331 2568 Spiritum
2358 2510 2686 2563 omnemque
2710 2495 3199 2562 impassibilitatem
3224 2508 3237 2557 ;
3264 2491 3469 2554 lumen,

1918 2596 1971 2641 et
2004 2588 2126 2642 I'ons
2157 2588 2309 2640 bonae
2338 2586 2518 2649 lucis;
2550 2585 2839 2653 sapientia,
2877 2585 3016 2636 ratio
3042 2598 3104 2635 ac
3135 2578 3388 2641 scicntia,
3419 2586 3474 2633 et

1918 2678 2221 2747 sapientiae,
2253 2676 2484 2731 rationis
2528 2690 2591 2729 ac
2625 2675 2869 2729 scientiae
2902 2672 3031 2728 dux.
3063 2670 3274 2737 Quibus
3309 2668 3476 2737 igitur

1919 2770 2035 2825 haec
2078 2777 2300 2838 pr0pter
2352 2769 2644 2837 puritatem
2695 2767 2816 2820 data
2862 2774 3009 2828 sunt,
3060 2772 3113 2817 et
3168 2762 3222 2814 in
3272 2759 3475 2829 quibus

1921 2862 2263 2916 abundanter
2320 2859 2694 2928 reperiuntur,
2750 2858 2858 2912 illis
2906 2856 3123 2911 coalitus
3166 2857 3477 2907 asservatur

1919 2950 2225 3006 similitudo
2260 2947 2538 3019 imaginis,
2574 2947 2649 3001 ita
2701 2956 2761 3001 ut
2803 2946 2915 3000 sint
2953 2944 3163 2998 abhinc
3212 2940 3308 2995 ﬁlii
3355 2937 3471 3003 Dei,

1918 3044 2026 3098 acti
2084 3042 2290 3111 Spiritu
2326 3049 2538 3103 sancto,
2580 3040 2735 3107 juxta
2775 3037 3035 3093 enatum:
3076 3053 3116 3085 θ(
3146 3032 3475 3100 Quicunque

1924 3136 2131 3204 Spiritu
2174 3134 2262 3187 Dei
2294 3141 2555 3199 aguntur,
2584 3130 2621 3183 ii
2654 3137 2785 3183 sunt
2814 3128 2907 3181 filii
2946 3126 3120 3180 Dei”.
3155 3142 3173 3175 ι

1991 3227 2045 3278 2.
2066 3224 2383 3291 Quicunque
2401 3219 2673 3274 laboribus
2691 3218 2898 3273 ascesis
2917 3216 3126 3281 seipsos
3149 3210 3478 3267 mundarunt

1921 3318 1987 3372 ab
2002 3315 2147 3371 omni
2163 3314 2280 3369 labe
2294 3312 2471 3368 carnis
2484 3321 2535 3367 et
2555 3310 2633 3375 spi
2644 3305 3139 3375 ritus,receptacula
3158 3298 3478 3356 immortalis

1921 3419 2129 3465 natura:
2159 3406 2283 3461 facti
2309 3414 2430 3460 sunt
2450 3418 2543 3472 per
2559 3402 2793 3470 Spiritus
2809 3398 2982 3453 sancti
3002 3395 3353 3450 charismata.
3372 3387 3477 3454 Qui

1921 3507 2102 3554 autem
2124 3497 2226 3549 huc
2240 3488 2767 3562 pervcnerunt,pleui
2785 3494 2913 3541 sunt
2930 3483 3131 3537 lumine
3145 3496 3205 3535 sa
3217 3475 3481 3543 cro,uude

1924 3603 2118 3645 sereno
2146 3600 2211 3642 ac
2237 3599 2367 3654 pace
2394 3584 2635 3651 ipsorum
2660 3594 2757 3633 cor
2789 3577 3053 3646 repletum
3081 3577 3296 3625 eructat
3317 3565 3479 3621 verba

1926 3681 2090 3744 bona,
2139 3687 2193 3731 et
2241 3674 2509 3742 sapientia
2563 3670 2657 3725 Dei
2702 3667 2820 3721 ﬂuit
2873 3681 2902 3719 a
2948 3663 3109 3718 labiis
3160 3672 3370 3721 eorum,
3424 3655 3480 3707 in

1926 3770 2155 3827 scientia
2196 3766 2506 3819 divinarum
2540 3762 3021 3823 humanarumque
3048 3761 3255 3813 rerum,
3294 3762 3348 3804 et
3375 3750 3479 3801 lin-

1928 3876 2031 3932 gua
2060 3873 2251 3913 eorum
2282 3869 2417 3925 pura
2452 3859 2641 3906 narrat
2675 3846 2945 3917 profunda
2998 3843 3241 3912 Spiritus
3273 3838 3478 3894 sancti.

1928 3928 2212 4006 Adversus
2263 3941 2585 4014 huiusmodi
2623 3954 2732 3994 non
2774 3947 2858 3994 est
2908 3938 3016 3997 lex,
3044 3934 3137 3987 ubi
3172 3931 3337 3989 semel
3373 3928 3485 3982 Deo

1929 4041 2066 4097 uniti
2098 4046 2233 4094 sunt
2266 4049 2319 4092 et
2346 4034 2572 4107 pulchra
2605 4029 2918 4087 mutatione
2952 4025 3172 4081 mutati.

2003 4313 2057 4367 '5.
2084 4310 2186 4375 Qui
2216 4307 2455 4378 diligenti
2480 4321 2611 4363 cura
2640 4303 2709 4360 ad
2753 4276 2917 4358 Ocum
2962 4301 3232 4356 laboriose
3283 4301 3477 4365 tendit,

1935 4401 2244 4459 similitudo
2298 4399 2552 4466 imaginis
2602 4397 2722 4467 ejus
2773 4394 2832 4449 ﬁt
2882 4393 3176 4445 virtutibus
3207 4390 3400 4444 animae
3430 4398 3485 4445 et

1928 4492 2205 4561 corporis.
2235 4489 2355 4558 ipse
2388 4501 2584 4556 nempe
2612 4486 2666 4540 iu
2693 4483 2805 4539 Deo
2826 4491 2880 4538 et
2904 4480 3047 4537 Deus
3074 4482 3125 4534 in
3158 4481 3275 4549 ipso
3304 4486 3487 4533 manet

1930 4598 2027 4652 per
2056 4582 2278 4636 modum
2306 4576 2735 4642 commistionis,
2764 4576 2837 4629 ita
2860 4584 2921 4628 ut
2949 4574 3040 4628 ille
3067 4572 3137 4626 sit
3160 4571 3483 4625 etvideatur

1931 4675 2128 4749 exinde
2164 4675 2345 4743 imago
2374 4670 2573 4727 divinae
2619 4665 2992 4727 beatitudinis,
3042 4662 3203 4717 denis
3244 4660 3483 4729 Spiritus

1935 4768 2108 4829 dives,
2162 4774 2216 4819 et
2260 4763 2434 4834 gratia
2478 4760 2642 4823 Deus,
2698 4756 2839 4814 Deus
2894 4764 3074 4810 autem
3133 4751 3486 4822 perfectionis

1930 4858 2048 4927 ejus
2078 4856 2149 4910 sit
2175 4864 2385 4910 auctor.

1851 5103 1894 5164 C
2000 5120 2053 5173 4.
2088 5115 2205 5168 Non
2240 5125 2337 5181 per
2368 5106 2684 5178 organicam
2713 5101 2962 5172 corporis
3007 5099 3485 5163 constitutionem,

1938 5210 2084 5267 sicut
2109 5205 2317 5259 diceret
2363 5198 2560 5269 aliquis
2591 5195 2895 5266 ignorantia
2925 5190 3145 5255 ductus,
3195 5190 3360 5243 homo
3401 5200 3488 5243 est

1934 5304 2113 5370 imago
2146 5297 2262 5360 Dei,
2310 5292 2405 5350 sed
2434 5304 2532 5362 per
2561 5285 2981 5343 intellectualem
3034 5281 3201 5336 animi
3236 5291 3484 5335 naturam

1931 5409 2054 5465 qua:
2086 5406 2194 5445 non
2228 5379 2706 5444 circumscribitur
2739 5390 2967 5445 corpore
3010 5374 3075 5426 ad
3132 5370 3313 5427 inﬁma
3367 5386 3489 5425 ver-

1939 5494 2117 5555 gente.
2155 5479 2311 5535 Sicut
2369 5475 2513 5531 enim
2558 5477 2748 5527 natura
2794 5466 2997 5521 divina.
3045 5476 3162 5531 quae
3200 5473 3283 5518 est
3333 5470 3486 5517 extra
