4124 6338
258 372 361 435 957

1094 376 1651 439 GNOSTICORUM
1688 373 2027 436 CAPITUM
2055 377 2447 440 CENTURIA
2484 379 2606 440 III.

3369 383 3472 447 τω

269 514 407 568 μενα
431 497 499 569 τῇ
533 495 724 550 εἰκόνι.
763 493 941 547 Εἰκὼν
974 469 1082 565 γὰρ
1111 493 1269 557 Θεοῦ,
1300 493 1445 565 ψυχὴ
1475 496 1656 564 νοερά,
1683 494 1827 560 νοῦς,

1931 501 2247 548 cernuntur.
2273 491 2452 563 Imago
2475 493 2621 549 enim
2649 492 2742 548 Dei
2764 500 2848 549 est
2869 493 3051 550 anima
3073 494 3471 560 intellectualis,

265 592 361 644 καὶ
393 591 573 658 λόγος,
599 588 632 658 ἠ
663 587 764 658 μία
810 587 904 639 καὶ
935 584 1241 655 ἀδιαίρετος
1268 585 1460 654 φύσις⁶
1495 586 1564 638 τὰ
1604 586 1827 640 ἐπιθεωο

263 683 508 755 ρούμενα
538 679 595 733 δὲ
628 681 694 748 τῇ
736 675 928 739 εἰκόνι,
971 674 1035 728 τὸ
1062 675 1288 745 ἀρχικόν
1318 676 1455 739 ἐστι,
1495 677 1590 728 καὶ
1622 675 1831 744 βασιλι-

264 773 379 837 κὸν,
435 771 530 824 καί
572 767 940 832 αὐτεξούσιον.
995 765 1153 820 Οὕτω
1204 766 1301 820 καὶ
1351 765 1478 831 δόξα
1510 764 1638 819 ἀλλο
1688 766 1826 831 νοὸς,

262 864 392 919 ἀλλο
438 862 496 916 δὲ
526 860 674 925 ἀξία,
705 859 800 914 καὶ
830 859 1018 931 ἓτερον
1044 857 1106 910 τὸ
1145 858 1266 912 κατ’
1318 857 1502 911 εἰκόνα
1546 856 1702 921 Θεοῦ,
1734 858 1831 912 καὶ

264 956 392 1014 ἀλλο
411 956 473 1010 τὸ
499 953 622 1008 καθ’
655 950 970 1024 ducit-mw"
1001 950 1098 1004 καί⁵
1137 947 1267 1013 δόξα
1298 949 1397 1018 μὶν
1439 947 1582 1027 νοῦς,
1611 948 1672 1002 τὸ
1693 948 1830 1004 ἀνω·

263 1046 454 1117 φερές,
488 1045 549 1097 τὸ
579 1042 891 1112 ἀεικίνητον
921 1040 1058 1111 πρὸς
1079 1038 1150 1093 τὰ
1180 1040 1314 1104 ἀνω,
1347 1037 1406 1090 τὸ
1431 1037 1548 1101 ὀξὺ,
1575 1037 1637 1090 τὺ
1663 1036 1828 1093 καθα·

267 1140 382 1208 ρὸν,
422 1137 481 1191 τὸ
512 1136 754 1198 συνετὸν,
789 1132 850 1186 τὸ
876 1133 1060 1200 σοφὸν,
1085 1130 1148 1184 τὸ
1176 1130 1445 1185 ἀθάνατον
1465 1142 1478 1156 '
1511 1130 1638 1196 ἀξία
1659 1130 1736 1194 δέ,
1769 1128 1830 1183 τδ

263 1226 504 1298 Αογικὺν,
532 1226 593 1279 τὸ
620 1223 923 1294 βασιλικὸν,
954 1222 1016 1275 τὸ
1057 1221 1284 1294 ἀρχικόν
1312 1238 1393 1285 τε,
1434 1220 1530 1273 καί
1575 1218 1831 1287 αὐτεξού-

267 1335 405 1372 σιον.
443 1317 516 1369 Τὸ
539 1315 594 1368 δέ
615 1313 739 1368 κατ’
770 1314 956 1367 εἰκόνα
984 1311 1140 1377 Θεοῦ,
1163 1310 1224 1364 τὺ
1245 1310 1373 1380 περί
1398 1309 1496 1381 τὴν
1519 1309 1714 1379 ψυχὴν,
1729 1309 1832 1361 ’καὶ

262 1409 354 1462 τὸν
374 1407 522 1474 νοῦν,
547 1409 642 1460 καί
672 1407 764 1460 τὸν
791 1406 965 1474 λόγον,
1001 1403 1403 1458 αὑθυπόστατόν
1431 1419 1492 1454 τε
1522 1401 1618 1454 καὶ
1639 1399 1831 1471 ὀμ.οού-

264 1517 401 1564 σιον,
437 1498 743 1569 ἀδιαίρετόν
777 1514 836 1549 τε
866 1497 960 1550 καὶ
997 1495 1330 1566 ἀχώριστονο
1365 1492 1468 1563 τῆς
1498 1494 1605 1565 γάρ
1651 1492 1832 1562 ψυχῆς

263 1590 414 1642 ἐστιν
443 1591 471 1642 ό
501 1590 646 1652 νοῦς,
679 1588 774 1641 καὶ
806 1590 834 1641 ό
864 1587 1020 1654 λόγος
1061 1587 1160 1655 τῆς
1205 1584 1523 1655 ἀσωμάτου,
1557 1583 1654 1638 καὶ
1696 1582 1830 1637 ἀθα-

265 1681 451 1748 νάτου,
486 1681 580 1734 καὶ
627 1680 796 1743 θείας,
836 1678 944 1733 καί
969 1678 1182 1748 νοερᾶς,
1221 1676 1379 1731 ἆτινα
1430 1675 1522 1728 καὶ
1567 1673 1831 1744 όμοούσιά

264 1762 394 1824 εἰσι,
424 1761 518 1815 καί
574 1760 842 1830 συναΐδια,
882 1762 959 1833 μὴ
1005 1763 1317 1834 τεμνόμενά
1354 1779 1485 1818 ποτε
1538 1766 1834 1838 ἐσυτῶν,ῆ

262 1851 599 1924 χωρισθῆναι
629 1855 932 1924 δυνάμενα’
973 1853 1034 1906 τδ
1061 1853 1117 1907 δὲ
1145 1855 1268 1908 καθ’
1290 1855 1552 1926 ὁμοίωσίν
1597 1860 1734 1924 ἐστι,
1774 1859 1836 1913 τδ

259 1944 492 2009 δίκαιον,
525 1945 587 1999 τὸ
636 1947 855 2018 ἀληθὲς,
891 1946 952 2000 τδ
985 1946 1392 2017 εῦσπλαγχνον,
1446 1948 1507 2001 τδ
1551 1949 1835 2018 συμπαθὲς

262 2037 355 2090 καὶ
383 2036 765 2108 φιλάνθρωπον
786 2054 800 2068 ο
841 2043 902 2092 ἐν
930 2033 1013 2096 οἷς
1046 2036 1138 2092 οῦν
1182 2037 1358 2091 ταῦτα
1384 2039 1689 2108 ἐνεργεῖται
1738 2039 1836 2095 καὶ

263 2129 617 2195 φυλάττεται,
651 2132 710 2183 ἐν
756 2131 987 2191 ἐκείνοις
1019 2129 1216 2200 ὁρᾶται
1241 2128 1455 2198 τρανῶς
1498 2131 1676 2185 καὶτὸ
1710 2133 1834 2186 κατ’

262 2221 448 2275 εἰκόνα
479 2221 572 2275 καί
598 2221 722 2274 καθ’
764 2221 1055 2290 ὁμοίωσιν·
1107 2219 1249 2273 κατά
1291 2219 1451 2289 φύσιν
1488 2220 1587 2290 μὲν
1630 2221 1830 2293 δηλαδὴ

261 2315 632 2385 κινουμένοις,
677 2312 820 2368 κατά
868 2312 926 2365 δὲ
976 2311 1136 2377 ἀξίαν
1200 2310 1308 2365 τῶν
1346 2309 1521 2365 ἀλλων
1577 2312 1830 2383 ὑπερκει-

261 2404 468 2473 μένοις.

336 2667 404 2721 θ’.
442 2667 557 2738 Τῆς
583 2665 812 2737 λογικῆς
839 2667 1016 2738 ψυχῆς
1044 2667 1124 2729 εἰς
1161 2665 1284 2736 τρία
1320 2661 1706 2734 μεριζομίνης,
1743 2663 1840 2717 καὶ

265 2763 345 2824 εἰς
378 2759 491 2814 δύω
515 2759 924 2830 θεωρουμένης.
958 2758 1032 2812 Τὸ
1082 2758 1180 2828 μὲν
1229 2757 1337 2828 γάρ
1391 2756 1579 2825 αὐτῆς,
1622 2754 1838 2823 λογικόν

264 2853 408 2912 ἐστι,
437 2851 498 2904 τὸ
516 2852 572 2905 δὲ
591 2851 916 2922 παθητικόν·
941 2850 1116 2905 καὶτὸ
1148 2850 1248 2920 μὲν
1276 2849 1496 2916 λογικὸν
1525 2846 1694 2917 αὐτῆς
1715 2846 1836 2900 κατ’

263 2943 453 2998 εἰκόνα
467 2943 559 2996 τοῦ
573 2943 868 3005 κτίσαντος
894 2942 1061 3012 αὐτὴν
1080 2942 1160 3002 ὃν,
1179 2940 1403 3010 ἀσχετόν
1423 2941 1537 2993 ἐστι
1560 2938 1656 2992 καὶ
1675 2937 1840 3007 ἀόρα-

263 3050 377 3097 τον,
403 3033 496 3084 καὶ
526 3031 778 3102 ἀόριστον
797 3034 917 3092 ταῖς
936 3031 1278 3100 αἰσθήσεσιν,
1303 3029 1378 3091 ὡς
1396 3027 1552 3090 ἐκτὸς
1573 3027 1670 3081 καὶ
1689 3024 1839 3087 ἐντὸς

1858 1816 1900 1870 Β

1925 581 2234 654 intellectus
2264 594 2317 638 et
2347 585 2511 648 ratio,
2545 583 2760 639 unicam
2795 593 2848 639 ct
2877 586 3212 641 individuam
3238 585 3476 642 eﬂicien-

1924 679 2007 728 tes
2034 681 2316 743 naturam;
2352 691 2473 745 quae
2505 690 2635 731 vero
2660 677 2714 729 in
2746 675 2980 745 imagine
3005 685 3324 739 cernuntur,
3351 688 3478 735 sunt

1924 764 2287 835 principatus,
2327 769 2473 838 regia
2511 766 2790 835 maiestas,
2818 774 2871 821 et
2901 766 3126 822 liberum
3161 770 3475 828 arbitrium.

1933 853 2025 908 Sic
2047 855 2210 908 etiam
2252 857 2397 910 aliud
2430 856 2600 926 gloria
2627 856 2961 922 intellectus,
3015 857 3161 913 aliud
3215 859 3477 928 dignitas,

1925 949 1980 998 et
2012 943 2210 998 iterum
2246 944 2391 998 aliud
2422 945 2566 1014 quod
2591 952 2676 999 est
2703 944 2769 999 ad
2801 944 3113 1012 imaginem,
3145 946 3290 1000 aliud
3326 946 3477 1018 quod

1927 1034 2103 1089 estad
2142 1034 2580 1091 similitudinem.
2623 1036 2807 1091 Gloria
2850 1036 3161 1092 intellectus
3194 1045 3278 1091 est
3325 1039 3481 1093 nisus

1930 1126 1998 1180 ad
2049 1142 2294 1192 sursum,
2347 1127 2638 1182 continuus
2666 1131 2730 1184 ad
2766 1130 2874 1183 alta
2926 1139 3129 1192 motus,
3182 1130 3479 1197 subtilitas,

1931 1219 2164 1287 paritas,
2222 1218 2664 1288 comprehensio,
2725 1220 3019 1290 sapientia,
3062 1219 3481 1287 immortalitas;

1927 1309 2167 1378 dignitas
2210 1324 2358 1373 vero,
2410 1310 2492 1364 vis
2546 1310 2940 1374 ratiocinandi,
2994 1311 3142 1380 regia
3192 1311 3476 1380 maiestas,

1928 1402 2266 1471 principatus
2311 1409 2366 1458 et
2421 1401 2653 1457 liberum
2708 1403 3014 1457 arbitrium.
3073 1403 3226 1470 Quod
3270 1411 3354 1458 est
3413 1403 3480 1457 ad

1929 1491 2216 1560 imaginem
2273 1491 2364 1546 Dei
2415 1491 2616 1548 habere
2692 1491 2970 1556 animam,
3030 1494 3363 1549 intellectum
3423 1505 3478 1547 et

1929 1585 2195 1640 rationem
2232 1599 2331 1655 per
2363 1599 2421 1639 se
2444 1584 2821 1651 subsistentes,
2855 1585 3371 1649 consubstantiales,
3396 1585 3480 1640 in-

1927 1674 2230 1731 divisibiles
2273 1685 2324 1729 et
2371 1675 2769 1744 inseparabiles
2801 1691 2814 1728 :
2846 1689 3079 1744 namque
3131 1674 3196 1728 ad
3231 1675 3488 1743 incorpo-

1928 1781 2122 1832 ream,
2187 1765 2582 1831 immortalem,
2643 1765 2882 1820 divinam
2947 1773 3001 1820 et
3065 1763 3487 1820 intellectualem

1929 1859 2169 1912 animam
2216 1857 2494 1925 pertinent
2545 1857 2856 1911 intellectus
2909 1863 2963 1911 et
2996 1856 3161 1918 ratio,
3199 1870 3321 1925 quae
3352 1870 3489 1911 con-

1929 1946 2314 2002 substantialia
2368 1956 2498 2001 sunt
2549 1955 2602 2000 et
2654 1957 2949 2011 coaeterna,
2997 1962 3097 2001 nec
3155 1947 3318 2002 dividi
3359 1962 3390 2002 a
3428 1962 3488 2003 se

1930 2037 2169 2094 invicem
2204 2045 2299 2092 aut
2329 2037 2571 2107 separari
2620 2045 2884 2106 possunt;
2916 2039 3058 2107 quod
3091 2049 3265 2094 autem
3297 2047 3382 2095 est
3419 2042 3488 2096 ad

1933 2129 2351 2185 similitudinem
2387 2127 2501 2193 Dei,
2537 2135 2621 2183 est
2645 2127 2854 2196 iustitia
2896 2138 2948 2182 et
2996 2129 3222 2194 veritas,
3269 2130 3489 2185 miseri-

1937 2218 2151 2282 cordia,
2205 2220 2514 2288 compassio
2565 2227 2618 2272 et
2648 2219 2979 2276 humanitas.
3023 2219 3125 2286 Qui
3169 2218 3332 2291 igitur
3377 2223 3493 2276 hac

1930 2317 2231 2379 operantur
2283 2317 2337 2362 et
2391 2309 2729 2370 custodiunt.
2767 2308 2889 2364 illos
2935 2309 3082 2363 clare
3137 2309 3308 2378 liquet
3360 2323 3483 2364 esse

1933 2400 2000 2454 ad
2058 2399 2349 2469 imaginem
2413 2409 2467 2452 et
2521 2400 2587 2452 ad
2646 2398 3085 2461 similitudinem,
3145 2400 3344 2468 quippe
3395 2398 3490 2465 qui

1936 2491 2240 2548 secundum
2302 2501 2553 2544 naturam
2605 2499 2892 2545 moventur
2938 2498 2992 2545 et
3050 2490 3320 2562 dignitate
3369 2491 3493 2547 aliis

1931 2582 2285 2637 antecellunt.

2001 2672 2055 2727 9.
2097 2673 2294 2726 Anima
2355 2672 2638 2727 rationalis
2679 2671 2953 2741 tripartita
3007 2672 3200 2726 iterum
3252 2672 3306 2727 in
3353 2671 3494 2726 duas

1929 2765 2191 2821 dividitur
2222 2775 2428 2832 partes,
2459 2778 2691 2830 quarum
2731 2778 2834 2818 una
2875 2771 2956 2818 est
2988 2764 3292 2827 rationalis,
3325 2773 3378 2817 et
3411 2765 3491 2817 al-

1940 2864 2062 2910 tera
2119 2855 2467 2924 passionalis.
2529 2855 2662 2909 Pars
2717 2854 2836 2921 ejus
2892 2854 3196 2915 rationalis.
3248 2868 3370 2906 cum
3422 2853 3490 2907 ad

1932 2948 2224 3018 imaginem
2275 2947 2356 3002 sui
2413 2947 2687 3002 Creatoris
2735 2948 2825 3008 sit,
2875 2945 3244 3014 independens
3292 2951 3378 2999 est
3426 2954 3483 2998 et

1933 3039 2229 3095 invisibilis
2266 3054 2365 3092 nec
2401 3039 2820 3108 circumscripta
2854 3037 3128 3099 sensibus,
3182 3046 3368 3106 utpote
3392 3052 3488 3091 ex-

269 3123 518 3193 ὐπάρχον
553 3122 734 3176 αὐτῶν
756 3138 770 3153 ·
803 3124 978 3192 τούτῳ
1015 3119 1457 3188 συγκοινωνοῦσα
1479 3120 1597 3181 ταῖς
1627 3117 1831 3188 νοεραῑς

1932 3141 2014 3184 ira
2047 3133 2302 3198 intraque
2335 3131 2435 3185 hos
2484 3139 2697 3184 versata
2741 3146 2754 3183 :
2807 3143 2900 3192 per
2929 3127 3076 3181 illam
3111 3128 3290 3180 anima
3342 3140 3491 3180 com-

263 3214 358 3267 καί
415 3213 590 3276 θείαις
632 3213 922 3282 δυνάμεσι,
969 3212 1112 3265 κατά
1165 3211 1326 3281 φύσιν
1366 3211 1450 3272 εἰς
1484 3209 1618 3263 Θεδν
1646 3208 1722 3271 ὡς
1756 3208 1837 3271 εἰς

263 3303 626 3373 πρωτότυπον
651 3303 738 3357 διὰ
767 3304 868 3373 τῆς
895 3303 1049 3373 ἱερᾶς
1077 3300 1332 3370 γνώσεως
1369 3300 1478 3354 τῶν
1507 3297 1680 3354 ῦντων
1703 3299 1837 3354 ἀνα-

261 3395 469 3464 τρέχει,
507 3398 605 3447 καὶ
655 3394 758 3464 τῆς
796 3393 951 3458 θείας
984 3393 1148 3446 αὐτοῦ
1178 3395 1237 3445 ἐν
1287 3389 1586 3446 ἀπολαύσει
1628 3389 1838 3460 γίνεται

264 3486 518 3553 φύσεως·
556 3484 619 3538 τὸ
663 3485 720 3537 δέ
758 3483 1061 3553 παθητικὸν
1093 3480 1266 3550 αὐτῆς
1307 3479 1837 3550 κατακερματίζιται

260 3575 382 3636 ταῖς
408 3572 718 3641 αἰσθήσεσι,
752 3571 954 3625 πάθεσι
997 3570 1099 3624 καὶ
1151 3570 1400 3624 ἀνέσεσιν
1443 3569 1834 3640 ὑποκείμενον·

261 3662 436 3732 τούτῳ
470 3665 538 3732 τῇ
585 3661 876 3732 αἰσθητικῇ
905 3702 919 3728 ,
971 3659 1242 3732 θρεπτικῇ
1307 3678 1391 3726 τε,
1441 3661 1537 3715 καί
1569 3661 1834 3732 αὐξητικῇ

263 3751 704 3820 συγκοινωνοῦσα
728 3751 914 3820 φύσει,
938 3752 1100 3822 ἀέρος
1130 3750 1608 3821 ἀντιλαμϐάνεται,
1634 3750 1839 3820 ψυχρό-

259 3843 423 3912 τητός
460 3858 520 3895 τε
547 3842 640 3896 καὶ
673 3841 942 3911 θάλψεως,
966 3842 1063 3894 καὶ
1091 3841 1308 3910 τροφῶν
1332 3841 1412 3903 εἰς
1443 3839 1726 3911 διαμονὴν,
1757 3841 1837 3902 εἰς

260 3933 430 4004 ζωὴν,
471 3931 722 4005 αὔξησιν,
758 3934 850 3986 καί
884 3933 1092 4002 ὑγείαν.
1132 3933 1224 3985 Διὸ
1265 3933 1357 3985 καί
1399 3937 1610 3994 τούτοις
1639 3931 1834 3984 συναλ-

260 4025 603 4094 λοιούμενον,
643 4025 774 4079 ποτέ
807 4025 906 4096 μὲν
948 4024 1208 4094 ἐπιθυμεῖ
1258 4024 1486 4092 ἀλόγους
1541 4023 1835 4093 ἐπιθυμίας

261 4117 359 4184 τῆς
421 4117 566 4170 κατά
620 4118 784 4186 φύσιν
837 4118 1105 4187 κινήσεως
1163 4114 1556 4185 παρακινηθὲν,
1614 4115 1744 4168 ποτὶ
1778 4114 1834 4167 δὲ

265 4208 655 4278 παροξύνεται,
688 4210 781 4261 καὶ
832 4208 1011 4278 ἀλόγῳ
1039 4207 1198 4276 θυμῷ
1243 4209 1488 4277 φέρεται,
1528 4208 1718 4276 πεινᾷν
1773 4222 1834 4258 τε

267 4303 411 4354 ποιεῖ
457 4302 550 4354 καί
579 4301 757 4371 διψᾷν,
788 4300 1101 4362 λυπεῖσθαι,
1140 4303 1346 4362 πονεῖν,
1380 4300 1474 4352 καὶ
1533 4298 1693 4350 πάλιν
1723 4298 1833 4351 δια-

265 4392 510 4461 χίεσθαι,
571 4393 646 4455 ὡς
678 4395 798 4455 ταῖς
838 4393 1053 4445 ἀνέσεσι
1091 4391 1190 4462 μὲν
1233 4391 1575 4462 ἐνηδόμενον,
1611 4392 1728 4453 ταῖς
1776 4389 1832 4443 δὲ

265 4483 483 4552 θλίψεσι
539 4483 1007 4552 συστελλόμενονο
1070 4483 1098 4536 ὃ
1153 4484 1248 4536 καί
1309 4481 1610 4553 παθητικὸν
1667 4483 1832 4554 μέρος

265 4575 438 4645 αὐτῆς
483 4576 710 4639 εἰκότως
772 4577 1036 4642 καλεῖται,
1092 4577 1167 4640 ὼς
1203 4577 1589 4647 ἐξεταζόμενον
1619 4578 1677 4628 ἐν
1719 4579 1830 4639 τοῖς

265 4668 527 4720 πάθεσιν.
557 4668 728 4721 Ὅταν
761 4667 855 4720 οὖν
901 4670 960 4721 τὸ
999 4668 1191 4740 θνητὸν
1216 4669 1374 4722 τοῦτο
1410 4669 1690 4740 καταποθῇ
1726 4669 1831 4722 ὑπὸ

261 4758 357 4826 τῆς
378 4757 475 4810 τοῦ
509 4757 667 4826 λόγου
705 4757 872 4829 ζωῆς,
925 4759 1020 4812 τοῦ
1061 4759 1365 4829 κρείττονος
1421 4761 1826 4831 ἐκνικήσαντος,

261 4849 382 4903 τότε
412 4852 508 4903 καὶ
538 4852 570 4920 ή
605 4851 718 4921 ζωὴ
751 4851 845 4904 τοῦ
888 4852 1062 4922 Ἰησοῦ
1093 4853 1151 4904 ἐν
1188 4855 1250 4922 τῇ
1291 4851 1456 4924 θνητῇ
1505 4853 1826 4924 ςανεροῦται

266 4940 433 5010 σαρκὶ
477 4941 659 5011 ἡμῶν,
699 4942 797 5010 τὴν
853 4941 1113 5006 ζωοποιὺν
1165 4941 1430 5010 νέκρωσιν
1459 4944 1515 4993 ἐν
1544 4944 1675 5013 ἡμῖν
1724 4945 1824 5011 ἐμ-

265 5031 496 5084 ποιοῦσα
551 5030 650 5101 τῆς
716 5032 1007 5095 ἀπαθείας,
1079 5033 1170 5085 καί
1227 5032 1324 5102 τὴν
1371 5033 1676 5104 ἀφθαρσίαν
1728 5035 1826 5104 τῆς

265 5121 565 5185 ἀθανασίας
618 5124 949 5195 παρέχουσα,
999 5125 1055 5177 ἐν
1102 5125 1166 5193 τῇ
1203 5124 1468 5196 ἐπιδημίᾳ
1501 5125 1596 5179 τοῦ
1651 5126 1825 5178 Ilvati-

268 5231 456 5283 ματος.

335 5305 386 5358 ι’.
427 5308 640 5375 Ὠσπερ
693 5309 718 5359 ό
747 5307 1073 5379 δημιουργὸς
1107 5308 1200 5362 τοῦ
1236 5310 1437 5372 παντὸς
1478 5310 1568 5361 καὶ
1599 5310 1822 5379 προτοῦ,

266 5398 328 5449 τὰ
358 5398 534 5449 πάντα
563 5397 620 5460 ἐξ
667 5399 763 5449 οὐκ
815 5399 982 5450 ὄντων
1037 5403 1287 5469 ποιήσας,
1342 5403 1440 5468 τὴν
1478 5400 1696 5467 γνῶσιν,
1727 5400 1824 5462 τὰς

268 5491 478 5554 φρσεις,
517 5489 759 5550 καὶτοὺς
805 5489 999 5557 λόγους
1031 5493 1245 5544 πάντων
1298 5491 1402 5542 τῶν
1441 5492 1608 5544 ὄντων
1657 5486 1821 5559 εἶχεν,

267 5580 333 5633 (in;
370 5579 623 5646 βασιλεὺς
651 5579 758 5630 τῶν
774 5581 1006 5646 αἰώνων,
1035 5583 1128 5635 καὶ
1164 5581 1513 5653 προγνώστης
1535 5584 1592 5634 ὲν
1623 5583 1818 5650 ἐαυτῷ·

267 5670 402 5719 οὕτω
431 5674 526 5723 καὶ
565 5672 652 5722 τον
690 5675 810 5723 κατ’
843 5674 1025 5725 εἰκόνα
1073 5675 1234 5725 αὑτοῦ
1275 5674 1574 5726 πλασθέντα
1624 5677 1700 5735 εἰς
1731 5673 1821 5742 βα-

271 5761 416 5812 σιλέα
453 5761 550 5826 τῆς
591 5763 819 5826 κτίσεως
846 5764 1154 5833 ἄνθρωπον,
1188 5764 1402 5817 πάντων
1434 5765 1574 5834 ἔχειν
1606 5766 1822 5835 ἐποίησε

1861 4459 1902 4512 D

1935 3221 2223 3276 municans
2255 3221 2725 3275 intellectualibus
2757 3218 3068 3286 divinisque
3101 3217 3490 3287 potestatibus,

1934 3311 2265 3366 naturaliter
2301 3311 2365 3364 ad
2399 3308 2565 3364 Deum
2593 3318 2850 3378 tanquam
2886 3310 2950 3362 ad
2975 3317 3322 3378 prototypnm
3353 3307 3492 3361 duce

1933 3416 2095 3458 sacra
2127 3417 2312 3457 rerum
2350 3401 2580 3458 scientia
2623 3402 2816 3463 tendit.
2851 3401 3155 3469 divinaeque
3191 3410 3400 3455 naturae
3436 3404 3493 3455 tit

1933 3496 2235 3566 particeps.
2284 3493 2418 3548 Pars
2476 3503 2657 3548 autem
2719 3492 2868 3549 illius
2931 3491 3262 3562 passionalis
3315 3494 3492 3546 minu-

1933 3587 2088 3643 tatim
2140 3586 2468 3646 dissecatur,
2531 3583 2806 3649 sensibus,
2863 3583 3372 3653 cupiditatibusque
3429 3598 3494 3636 ac

1932 3676 2305 3744 voluptatibus
2338 3674 2628 3743 subiacens
2665 3692 2679 3729 :
2725 3689 2821 3743 per
2867 3674 3008 3728 hanc
3036 3675 3214 3726 anima
3253 3671 3493 3727 sensibili

1932 3767 2365 3835 nutritionisqne
2403 3775 2455 3819 et
2489 3764 2758 3835 angminls
2779 3764 2966 3834 capaci
3009 3771 3216 3817 natura:
3240 3777 3489 3816 commu-

1931 3859 2142 3920 nicans,
2179 3856 2410 3922 suscipit
2455 3870 2658 3919 aerem,
2714 3854 2907 3924 frigus,
2949 3855 3210 3916 calorem,
3255 3863 3308 3906 et
3341 3853 3494 3906 eil=os

1931 3948 1997 4003 ad
2031 3947 2532 4008 conservationem,
2581 3946 2766 4008 vitam,
2806 3946 3205 4017 incrementum
3255 3951 3310 3998 et
3348 3943 3496 3996 sani-

1937 4048 2130 4094 tatem.
2190 4037 2418 4106 ldeoque
2463 4037 2564 4092 ista
2623 4050 2768 4105 pars,
2833 4049 2958 4089 cum
2999 4035 3083 4088 his
3125 4041 3491 4096 commutata,

1931 4146 1960 4184 a
2014 4141 2162 4184 motu
2209 4127 2439 4182 naturali
2492 4126 2671 4188 devia,
2711 4125 2870 4180 modo
2921 4124 3320 4178 irrationabiles
3365 4138 3497 4175 eon-

1931 4223 2161 4292 cupiscit
2209 4219 2701 4288 concupiscentias,
2769 4217 2927 4271 modo
3005 4224 3377 4284 exasperatur,
3441 4220 3495 4266 et

1931 4313 2120 4367 insana
2172 4309 2480 4366 exardescit
2529 4310 2626 4368 ira.
2680 4317 2733 4362 et
2777 4306 2972 4361 famem
3009 4306 3150 4374 parit
3195 4319 3259 4359 ac
3309 4304 3483 4368 sitim,

1930 4405 2198 4469 dolorem,
2235 4417 2471 4473 poenam,
2506 4411 2558 4454 et
2604 4414 2796 4454 rursus
2835 4398 3127 4460 exhilarat,
3160 4402 3347 4464 utpote
3392 4394 3491 4446 tle-

1936 4498 2076 4552 liciis
2125 4497 2418 4561 oblectata,
2473 4491 2920 4548 tribulationibus
2953 4503 3084 4543 vero
3119 4487 3305 4540 attrita
3335 4499 3492 4552 :qum

1932 4586 2148 4656 quidem
2191 4584 2387 4637 animae
2443 4596 2565 4650 pars
2610 4577 3000 4632 convenit-nter
3044 4572 3372 4645 passionalis
3403 4570 3490 4623 di-

1932 4679 2092 4740 citur,
2119 4676 2246 4745 quia
2279 4676 2426 4730 circa
2470 4670 2756 4739 passiones
2803 4677 3075 4722 versatur.
3121 4664 3255 4719 Cum
3309 4672 3488 4716 autem

1936 4765 2162 4819 mortale
2191 4763 2293 4815 hoc
2316 4762 2631 4828 absorptnm
2662 4758 2762 4811 fuit
2789 4772 2816 4810 a
2847 4755 3073 4810 rationis
3107 4754 3236 4816 vita,
3292 4759 3346 4804 et
3388 4750 3489 4803 bo-

1934 4873 2060 4911 num
2112 4854 2416 4924 praevaluit,
2475 4859 2606 4905 tunc
2656 4852 2761 4902 vita
2811 4845 2936 4902 Jesu
2987 4844 3374 4899 manifeStatur
3433 4841 3488 4892 in

1937 4948 2150 5001 mortali
2207 4959 2374 4999 carne
2436 4951 2646 5004 nostra,
2684 4937 2950 4991 viviﬁcam
2987 4935 3040 4988 in
3073 4933 3231 4986 nobis
3279 4930 3482 5000 produ-

1931 5055 2059 5096 cens
2106 5033 2555 5106 impassibilitatis
2607 5030 3072 5085 mortiﬁcationem
3104 5064 3118 5087 ,
3148 5032 3202 5076 et
3236 5022 3484 5074 incorru-

1935 5135 2168 5203 ptionem
2229 5123 2648 5182 immortalitatis
2692 5122 2847 5176 nobis
2897 5117 3170 5173 sufﬁciens
3215 5116 3268 5166 in
3315 5111 3486 5180 gratia

1936 5225 2193 5294 Spit'ilus.
3019 5297 3027 5299 _
3261 5294 3272 5299 _
3435 5290 3444 5299 -

2008 5309 2087 5362 10.
2119 5304 2586 5372 Quemadmodum
2624 5302 2850 5354 Creator
2880 5297 3153 5355 omnium,
3184 5294 3272 5360 qtti
3303 5294 3481 5342 omnia

1934 5417 1996 5452 ex
2034 5399 2200 5451 nihilo
2241 5397 2388 5461 fecit,
2419 5404 2574 5446 antea
2615 5392 2896 5446 scientiam
2934 5398 3266 5451 naturasque
3296 5392 3346 5433 et
3398 5395 3485 5431 ra-

1933 5493 2107 5545 tiones
2131 5489 2370 5541 omnium
2407 5487 2611 5542 entiutn
2643 5484 2895 5541 habebat,
2926 5489 2979 5531 nt
3013 5478 3121 5531 Rex
3155 5473 3474 5529 saeculorum

1931 5589 1982 5632 et
2015 5582 2068 5633 in
2105 5581 2283 5646 seipso
2317 5577 2640 5644 przesciens:
2683 5574 2760 5626 sic
2789 5581 2838 5622 et
2870 5568 2936 5622 ad
2979 5566 3270 5633 imaginem
3322 5576 3475 5614 suam

1932 5672 1985 5724 in
2052 5683 2229 5739 regem
2265 5667 2556 5720 creatio:;is
2603 5665 2921 5731 plasmatum
2975 5657 3265 5714 hominem,
3317 5648 3480 5700 voluit

1932 5763 1982 5813 in
2021 5761 2196 5827 seipso
2221 5757 2418 5812 habch
2451 5757 2687 5810 omnium
2719 5753 2921 5806 entiunt
2965 5748 3225 5805 rationes,
3257 5754 3479 5794 natura:
