4124 6338
649 317 758 380 95‘)

1899 318 2196 382 NICETAE
2219 315 2640 376 PECTORATI

3783 315 3882 376 £260

653 438 709 483 et
741 428 1048 484 scientiam.
1077 426 1262 499 Itaque
1293 431 1382 486 hic
1427 433 1480 486 in
1522 447 1617 486 sua
1655 437 2013 503 plasmatione
2058 433 2207 489 habet

2315 434 2420 484 τῶν
2450 434 2642 490 ὄντων,
2668 433 2792 493 τοὺς
2820 432 3031 499 λόγους,
3068 431 3166 494 τὰς
3191 431 3401 500 φύσεις,
3435 431 3528 486 καὶ
3553 431 3648 500 τὴν
3680 431 3881 499 γνῶσιν

650 533 713 572 ει
759 529 901 572 terra
954 521 1165 576 siccum
1219 530 1274 577 et
1329 522 1582 593 frigidum
1642 527 1911 592 humoris,
1976 529 2214 583 calidum

649 613 1052 682 humidumque
1080 617 1370 686 sanguinis
1415 634 1478 673 ex
1517 636 1642 675 aere
1673 628 1726 675 et
1751 622 1894 692 igne,
1932 625 2214 680 humidum

645 712 698 756 et
731 705 990 774 frigidum
1025 706 1357 777 phlegmatis
1396 724 1460 764 ex
1498 724 1658 779 aqua,
1688 729 1752 766 ex
1785 715 1986 783 plantis
2015 717 2215 769 habili-

645 804 817 850 tatem
847 796 914 850 ad
942 799 1328 863 crescendum,
1353 816 1417 855 ex
1447 804 1785 860 animalibus
1815 806 2016 875 plantis
2045 809 2218 862 nutri-

643 889 815 943 tionis
872 889 1276 959 capacitatem,
1329 908 1393 947 ex
1450 897 1657 966 angelis
1710 899 2122 970 intelligentiam
2166 910 2220 957 et

645 983 942 1045 rationem,
978 997 1005 1036 a
1044 983 1156 1046 Deo
1186 984 1443 1054 spiritum
1471 989 1914 1057 immaterialem,
1954 994 2217 1064 incorpo-

645 1087 909 1143 reamque
943 1085 999 1129 et
1049 1076 1420 1133 immortalem
1449 1083 1712 1146 animam,
1745 1083 1798 1138 in
1833 1085 2116 1140 intellectu
2163 1096 2218 1140 et

649 1163 860 1220 ratione
889 1175 942 1221 et
984 1169 1037 1222 in
1081 1171 1286 1226 virtute
1323 1171 1562 1241 Spiritus
1596 1177 1771 1230 sancti
1822 1177 2214 1234 subsiSIentem

645 1263 698 1308 et
731 1256 1032 1314 viventem.

719 1527 807 1582 Η.
848 1532 924 1582 Ad
961 1533 1381 1590 similitudinem
1427 1539 1514 1591 Dei
1551 1541 1638 1607 qui
1689 1559 1784 1596 nos
1812 1545 1877 1596 ad
1924 1545 2213 1616 imaginem

639 1627 694 1673 et
735 1621 1152 1679 similitudinem
1211 1645 1360 1684 suam
1407 1632 1556 1689 fecit.
1603 1649 1792 1688 sumus
1832 1652 1924 1704 per
1954 1640 2210 1696 virtutem

638 1719 693 1764 et
736 1713 1191 1785 intelligentiam;
1232 1723 1576 1778 obumbravit
1628 1728 1772 1781 enim
1825 1730 1996 1786 ccelos
2039 1733 2213 1788 virtus

2314 529 2370 577 ἐν
2405 523 2601 592 ἐαυτῷ.
2650 524 2841 576 Τοίνυν
2874 526 2965 575 καὶ
2998 525 3056 574 τὸ
3098 523 3197 592 μὲν
3231 523 3393 593 ξηρὸν
3432 525 3522 576 καὶ
3550 523 3757 592 ψυχρὸν
3789 521 3878 575 τοῦ

2314 616 2512 686 χυμοῦ,
2543 617 2607 667 ἐκ
2637 615 2739 684 γῆς
2771 617 2885 683 ἔχει
2940 616 3082 668 κατά
3126 615 3225 685 τὴν
3261 615 3456 668 πλάσιν
3496 615 3692 680 αὐτοῦ,
3735 616 3796 666 τὸ
3825 613 3880 666 δέ

2313 706 2516 776 θερμὸν
2542 704 2635 758 τοῦ
2666 705 2894 775 αἵματος
2929 706 3020 756 καὶ
3049 705 3214 775 ὑγρὸν
3245 705 3304 770 ἐξ
3329 707 3510 777 ἀέρος,
3544 708 3636 758 καὶ
3675 708 3737 758 ἐκ
3780 721 3878 758 πυ-

2318 798 2427 868 ρὸς,
2451 797 2512 850 τὸ
2536 796 2592 848 δὲ
2620 796 2790 866 ὑγρὸν
2817 796 2912 848 τοῦ
2940 796 3251 866 φλέγματος
3300 799 3396 850 καὶ
3423 798 3627 867 ψυχρὸν
3657 797 3716 862 ἐξ
3761 797 3880 851 ὕδει.

2313 906 2423 951 τος,
2455 889 2549 940 καὶ
2571 888 2634 940 ἐκ
2660 888 2758 958 μὲν
2788 887 2895 940 τῶν
2927 888 3135 957 φυτῶν,
3169 889 3234 940 τὸ
3259 888 3570 959 αὐξητικὸν,
3600 891 3663 942 ἐκ
3690 889 3748 943 δὲ
3775 889 3878 942 τῶν

2315 979 2631 1048 ζωοφύτων,
2659 978 2720 1031 τὸ
2749 978 3065 1049 θρεπτικὸν,
3094 981 3159 1032 ἐκ
3190 979 3380 1033 δὲίτῶν
3405 979 3615 1045 ἀλόγων
3643 979 3796 1043 ζώων
3821 980 3880 1033 τὸ

2315 1070 2720 1140 παθητικὸν,¹ἐκ
2740 1069 2850 1121 τῶν
2873 1069 3122 1136 ἀγγέλων
3148 1069 3209 1120 τὸ
3231 1068 3497 1139 νοερόνξτε
3531 1070 3624 1122 καὶ
3643 1069 3877 1137 λογικὸν,

2318 1162 2472 1232 παρά
2502 1161 2557 1213 δὲ
2587 1161 2722 1214 Θεοῦ
2749 1161 2846 1230 τὴν
2887 1160 3054 1230 πνοὴν
3081 1161 3252 1226 αὐτὴν
3283 1162 3383 1230 τὴν
3406 1161 3586 1225 ἀῦλον,
3616 1162 3714 1230 τὴν
3745 1161 3879 1214 ἀσώ-

2318 1270 2507 1324 ματον,
2541 1254 2634 1306 καὶ
2689 1242 2959 1306 ἀθάνατον
3003 1253 3202 1323 ψυχὴν,
3231 1252 3331 1324 τὴν
3379 1255 3439 1305 ἐν
3489 1253 3564 1323 νῷ
3604 1253 3698 1308 καὶ
3743 1253 3880 1321 λόγῳ

2315 1345 2719 1415 θεωρουμένην,
2747 1345 2840 1397 καὶ¹
2873 1346 2929 1394 ἐν
2962 1344 3189 1413 δυνάμει
3225 1343 3542 1414 [Ινεύματος
3572 1344 3750 1411 ἁγίου,
3807 1345 3880 1406 είς

2315 1440 2374 1491 τὺ
2403 1424 2562 1504 εἶναι,
2602 1440 2697 1490 καὶ
2721 1436 2841 1507 ζῇν.

2393 1549 2478 1596 ια’.
2518 1542 2656 1596 Καθ’
2709 1544 2971 1612 ὁμοίωσίν
3010 1547 3179 1614 ἐσμεν
3227 1547 3362 1600 Θεοῦ
3417 1549 3511 1601 τοῦ
3562 1553 3712 1621 ἡμᾶς
3763 1555 3876 1606 κατ’

2313 1635 2497 1688 εἰκόνα
2530 1634 2725 1687 ἑαυτοῦ
2751 1636 2844 1688 καὶ
2873 1637 2990 1689 καθ’
3020 1639 3277 1708 ὁμοίωσιν
3308 1641 3875 1715 πλαστουργήσαντος,

2313 1727 2420 1778 ἀπὸ
2450 1728 2550 1794 τῆς
2575 1727 2774 1796 ἀρετῆς
2798 1727 2893 1779 καὶ
2912 1729 3180 1806 συνέσεως
3197 1745 3209 1756 ’
3237 1731 3475 1800 ἐκάλυψε
3494 1734 3602 1804 γάρ
3618 1736 3877 1804 οὐρανοὺς

642 1800 786 1868 ejus,
823 1814 877 1858 et
913 1807 1269 1881 intelligentia
1313 1816 1432 1884 ejus
1485 1819 1642 1886 plena
1695 1830 1779 1875 est
1826 1829 1990 1876 terra.
2033 1823 2207 1880 Virtut‘

2317 1792 2540 1888 ἡάρετῆ
2572 1792 2760 1883 αύτοῦ,
2791 1819 2884 1871 καὶ
2923 1803 3026 1888 τῆς
3084 1821 3350 1886 συνέσεως
3390 1792 3554 1878 αὑτοῦ
3573 1792 3817 1898 ’πλήρης

639 1906 820 1952 autem
866 1900 958 1955 Dei
996 1913 1078 1958 est
1111 1907 1346 1974 justitia.
1379 1919 1430 1963 et
1457 1912 1740 1977 sanctitas,
1764 1924 1817 1967 et
1843 1917 2066 1980 veritas,
2107 1917 2214 1971 sic-

639 1999 698 2043 ut
755 1991 885 2047 dicit
927 1993 1136 2052 David:
1177 2018 1195 2050 t
1227 1999 1414 2057 Justus
1461 2019 1519 2058 es
1553 2046 1567 2068 ,
1617 2005 1862 2073 Domine,
1914 2017 1967 2062 et
2014 2011 2216 2066 veritas

642 2089 736 2134 tua
800 2087 853 2138 in
914 2090 1150 2143 circuitu
1207 2101 1301 2145 tuo
1326 2095 1392 2146 ⁸⁸.
1429 2115 1444 2146 ι
1491 2097 1557 2150 Ει
1596 2099 1794 2153 iterum
1828 2119 1839 2152 :
1881 2119 1898 2152 t
1929 2099 2118 2158 Justus
2159 2111 2214 2158 et

643 2184 871 2230 sanctus
935 2179 1198 2236 Dominus
1223 2184 1302 2247 ⁸⁵,
1355 2206 1372 2236 ι
1427 2197 1647 2258 propter
1709 2193 2096 2248 rectitudinem
2159 2208 2212 2252 et

642 2263 1019 2336 dulcedinem;
1052 2289 1174 2327 nam
1225 2294 1242 2326 ι
1276 2275 1462 2334 Dulcis
1489 2291 1541 2334 et
1572 2295 1754 2337 rectus
1787 2285 2053 2341 Dominus
2079 2291 2143 2353 ⁸⁸,
2187 2311 2204 2343 ι

641 2371 864 2429 prOpter
895 2366 1119 2420 verbum
1156 2371 1437 2437 sapientiae
1468 2381 1522 2427 et
1550 2376 1772 2429 verbum
1806 2379 2070 2439 scientiw,
2099 2382 2210 2437 haec

641 2453 786 2506 enim
822 2456 872 2508 ei
908 2456 1135 2524 insunt;
1183 2471 1237 2514 et
1294 2464 1558 2531 sapientia
1603 2477 1653 2521 et
1687 2467 1923 2522 Verbum
1971 2473 2210 2540 dicitur;

641 2557 868 2614 propter
893 2554 1237 2608 sanctitatem
1267 2564 1318 2609 et
1354 2558 1766 2626 perfectionem,
1800 2572 1858 2615 ut
1893 2565 2009 2632 ipse
2043 2567 2212 2620 dicit:

646 2653 663 2685 ι
695 2637 879 2693 Estote
923 2642 1167 2706 perfecti,
1194 2646 1333 2698 sicut
1360 2657 1409 2700 et
1433 2650 1593 2703 Pater
1621 2657 2056 2711 vestert-ozlestis
2085 2676 2214 2726 per-

641 2725 817 2781 fectus
846 2739 926 2782 cst
947 2732 1029 2796 ‘7;
1063 2753 1078 2784 ι
1116 2765 1182 2772 -
1209 2756 1225 2786 ι
1277 2737 1460 2791 Sancti
1490 2749 1685 2806 estote,
1709 2746 1830 2812 quia
1856 2764 1952 2815 ego
1983 2725 2211 2806 sanctus

641 2821 862 2878 Sum";
897 2840 914 2871 ι
955 2828 1559 2892 ρΓοι-ῑρτιιυιιιίίίιτιιειη
1586 2851 1647 2888 ac
1691 2842 2208 2910 mansuetudinem;

646 2926 663 2957 ι
693 2906 944 2965 Discitea
983 2931 1087 2979 me,
1117 2918 1314 2985 inquit,
1374 2925 1499 2989 quia
1533 2927 1678 2980 mit's
1709 2944 1827 2982 sum
1884 2941 1939 2984 et
1990 2906 2212 2990 humilis

639 3002 823 3068 corde,
857 3016 908 3057 et
939 3008 1227 3065 invenietis
1264 3016 1506 3083 requiem
1535 3022 1827 3077 animabus
1860 3028 2058 3082 vestris
2087 3029 2149 3082 ⁸³.
2187 3047 2204 3081 ι

705 3096 796 3152 12.
829 3098 959 3151 Cum
1003 3102 1179 3170 imago
1214 3103 1304 3159 Dei
1357 3109 1424 3162 sit
1467 3111 1775 3168 intellectus
1817 3126 2024 3177 noster.
2061 3122 2205 3186 quod

2314 1902 2405 1971 γῆ.
2452 1906 2644 1978 Ἀρετὴ
2678 1908 2733 1960 δὲ
2758 1908 2914 1972 Θεοῦ,
2944 1912 2976 1980 ἡ
3005 1911 3336 1982 δικαιοσύνη,
3375 1914 3468 1965 καὶ
3509 1916 3743 1982 όσιότης,
3779 1919 3874 1971 καὶ

2311 1995 2344 2063 ἡ
2377 1997 2614 2077 ἀλήθεια,
2637 1997 2781 2050 καθά
2814 2016 2976 2067 φησιν
3002 2001 3029 2050 6
3059 2001 3220 2053 Δαϐίό
3249 2020 3261 2032 ·
3295 2023 3312 2052 ι
3339 2004 3555 2067 Δίκαιος
3583 2001 3654 2067 εἴ,
3681 2007 3873 2077 Κύριε,

2312 2086 2403 2137 καὶ
2429 2087 2462 2155 ἡ
2486 2073 2713 2156 ἀλήθειά
2732 2105 2823 2142 σου
2852 2089 3037 2160 κύκλῳ
3067 2108 3180 2145 σου.
3213 2111 3230 2142 ι
3260 2093 3366 2144 Καὶ
3390 2093 3552 2146 πάλιν
3573 2112 3584 2124 ·
3609 2114 3626 2145 ι
3660 2073 3874 2160 Δίκαιος

2311 2178 2405 2228 καὶ
2434 2180 2576 2241 ὅσιος
2603 2182 2630 2232 ό
2658 2180 2880 2247 Κύριος,
2905 2182 3011 2233 ἀπὸ
3036 2182 3134 2246 τῆς
3178 2184 3470 2253 εὐθύτητος
3514 2186 3609 2238 καὶ
3638 2191 3872 2257 χρηστό-

2313 2287 2471 2339 τητος
2497 2273 2767 2341 ’χρηστὸς
2793 2272 2899 2341 γὰρ
2947 2274 3041 2325 καὶ
3086 2273 3249 2336 εὐθὺς
3292 2275 3320 2325 6
3351 2275 3574 2345 Κύριος,
3620 2277 3729 2330 ἀπὸ
3781 2277 3873 2330 τοῦ

2309 2360 2466 2426 λόγου
2510 2362 2608 2429 τῆς
2645 2364 2856 2431 σοφίας,
2892 2365 2983 2415 καλ⁸
3013 2365 3106 2415 τοῦ
3145 2365 3304 2432 λόγου
3343 2366 3442 2434 τῆς
3465 2367 3722 2433 ’γνώσεως
3747 2386 3760 2397 ·
3804 2355 3874 2422 ἐν

2310 2453 2458 2521 αὐτῷ
2487 2453 2595 2522 γάρ
2618 2456 2724 2505 είσι
2751 2454 2942 2517 ταῦτα,
2972 2455 3066 2506 καὶ
3096 2459 3256 2524 σοφία
3294 2457 3388 2510 καὶ
3422 2458 3578 2525 λόγος
3603 2460 3868 2523 καλεῖται,

2309 2541 2414 2592 ἀπὸ
2432 2542 2527 2609 τῆς
2565 2544 2892 2613 ἁγιωσύνης,
2922 2547 3016 2596 καὶ
3046 2545 3404 2614 τελειότητος,
3428 2549 3505 2608 ὡς
3531 2550 3689 2611 αὐτός
3720 2564 3871 2618 φησι·

2317 2648 2333 2680 ι
2364 2631 2579 2684 Γίνεσθε
2600 2634 2812 2699 τέλειοι,
2839 2637 2919 2687 ὅτι
2937 2637 2963 2687 6
2987 2637 3174 2706 Πατὴρ
3205 2638 3356 2706 ὑμῶν
3374 2640 3873 2709 όούράνιοςτέλειός

2310 2727 2458 2774 ἐστι·
2503 2724 2719 2790 γίνεσθε
2758 2725 2925 2792 ἅγιοι,
2957 2727 3039 2779 ὅτι
3073 2728 3181 2796 ἐγὼ
3211 2729 3367 2796 ἅγιός
3389 2726 3532 2798 είμι·
3579 2750 3597 2781 ι
3627 2732 3734 2783 ἀπὸ
3777 2735 3875 2802 τῆς

2310 2814 2713 2877 ταπεινώσεως,
2747 2816 2839 2868 καὶ
2865 2817 3170 2887 πραότητος
3193 2836 3206 2848 ·
3239 2838 3255 2867 ι
3286 2820 3500 2872 Μάθετε
3523 2823 3617 2876 ἀπ’
3667 2822 3822 2890 ἐμοῦ,
3849 2841 3867 2872 ι

2314 2904 2495 2971 φησὶν,
2542 2922 2558 2953 ι
2598 2904 2678 2956 ὅτι
2708 2905 2880 2972 πρᾶός
2908 2907 3045 2974 είμι,
3079 2909 3170 2959 καὶ
3188 2909 3441 2973 ταπεινὸς
3458 2913 3522 2980 τῇ
3545 2911 3759 2980 καρδίς,
3785 2913 3874 2964 καὶ

2307 2994 2568 3063 εὑρήσετε
2594 2994 2897 3048 ἀνάπαυσιν
2927 2999 3048 3059 ταῖς
3061 2999 3259 3067 ψυχαῖς
3282 2999 3455 3069 ὑμῶν.
3489 3019 3508 3050 ι

2383 3120 2466 3188 ιβ’.
2503 3121 2679 3174 Εἰκὼν
2707 3122 2841 3176 Θεοῦ
2873 3123 2947 3176 ὢν
2980 3126 3007 3176 ό
3035 3111 3297 3195 ἡμέτερος
3331 3129 3478 3192 νοῦς,
3505 3127 3565 3180 τὸ
3589 3128 3791 3180 οίκεῖον
3819 3131 3874 3180 ἐν

641 3202 800 3240 suum
835 3203 912 3243 est
950 3192 1000 3244 in
1033 3208 1090 3246 se
1121 3194 1300 3263 habet,
1330 3202 1548 3267 quando
1589 3204 1730 3257 intra
1765 3212 2013 3276 proprios
2052 3213 2198 3266 limi-

2311 3209 2486 3276 ἑαυτῷ
2510 3209 2644 3279 ἔχει,
2673 3213 2800 3266 ὅταν
2833 3199 2902 3264 ἐν
2921 3216 3034 3276 τοῖς
3056 3192 3222 3277 ίδίοις
3257 3217 3416 3287 μένῃ,
3447 3219 3543 3270 καὶ
3575 3218 3652 3288 μὴ
3686 3220 3874 3289 πόρρω

639 3474 909 3529 spectant,
940 3466 1124 3536 illique
1159 3473 1301 3525 uniri
1343 3476 1535 3540 quzerit
1573 3492 1598 3526 a
1628 3494 1735 3545 quo
1776 3486 2009 3552 sumpsit
2050 3504 2210 3542 exor-

639 3552 787 3606 dium
817 3595 830 3618 ,
861 3571 954 3624 per
987 3574 1145 3626 quem
1178 3571 1448 3630 movetur,
1482 3575 1533 3619 et
1564 3570 1627 3621 ad
1663 3586 1819 3637 quem
1867 3579 2209 3636 naturalibus

639 3645 811 3698 tendit
840 3650 1287 3718 proprietatibus.
1320 3663 1374 3710 et
1405 3671 1527 3712 eum
1569 3662 1768 3715 imitari
1804 3671 1954 3735 cupit
1989 3672 2207 3726 miseri-

641 3737 829 3790 cordia
867 3748 921 3793 et
965 3743 1335 3812 simplicitate.
1374 3743 1528 3805 Unde
1561 3763 1612 3806 et
1647 3755 1760 3822 ipse
1795 3757 2026 3813 Verbum
2071 3763 2209 3817 inte-

640 3827 756 3882 rius
797 3845 1097 3901 generans,
1152 3848 1211 3890 ut
1266 3854 1435 3898 novos
1478 3846 1645 3900 caelos
1695 3847 1949 3905 informat
1995 3855 2208 3912 animas

640 3919 1026 3977 contribulium
1088 3926 1395 3996 hominum,
1459 3949 1658 4004 easque
1719 3941 2023 3995 consolidat
2073 3961 2208 4000 con-

640 4012 806 4063 stanti
841 4012 1102 4068 virtutum
1137 4021 1311 4086 praxi,
1352 4031 1407 4076 et
1458 4026 1630 4094 gignit
1681 4027 1799 4082 illas
1850 4032 2044 4098 Spiritu
2093 4037 2205 4092 oris

639 4099 723 4150 sui
754 4140 768 4159 ,
801 4101 948 4156 vires
991 4104 1122 4172 ipsis
1165 4110 1520 4177 suppeditans
1551 4115 1818 4171 adversus
1868 4124 2205 4188 perniciosas

637 4191 992 4260 cupiditates;
1038 4198 1223 4268 sicque
1271 4203 1481 4256 videtur
1515 4215 1569 4259 et
1601 4208 1715 4275 ipse
1763 4213 1942 4277 opifer
1991 4216 2202 4272 intelle-

637 4282 836 4336 ctualis
859 4296 1139 4354 creaturae,
1165 4301 1217 4344 et
1243 4308 1400 4347 suum
1435 4297 1680 4366 vastique
1706 4303 1856 4355 orbis
1887 4302 2053 4359 Deum
2084 4310 2204 4362 imi-

638 4380 806 4436 tatur,
840 4389 902 4430 ac
934 4379 1169 4448 desuper
1207 4383 1346 4439 hanc
1384 4402 1586 4442 vocem
1618 4392 1763 4447 clare
1795 4396 1986 4449 audit:
2030 4418 2048 4450 ι
2090 4401 2194 4465 Qui

2307 3299 2406 3368 τῆς
2434 3302 2625 3354 ἑαυτοῦ
2655 3303 2811 3368 ἀξίας
2837 3305 3054 3373 κινῆται
3083 3305 3177 3356 καὶ
3206 3305 3440 3373 φύσεως.
3468 3309 3557 3360 Διὸ
3583 3310 3728 3377 φιλεῖ
3759 3326 3872 3372 πως

2307 3392 2365 3442 ἐν
2399 3394 2509 3454 τοῖς
2540 3396 2667 3463 περὶ
2707 3394 2842 3447 Θεοῦ
2867 3397 3282 3466 ἐμφιλοχωρεϊν,
3317 3382 3410 3451 καὶ
3434 3401 3580 3471 αὐτῷ
3622 3402 3871 3455 ἐνοῦσθαι

2309 3481 2466 3551 ζητεῖ
2497 3485 2555 3548 ἐξ
2583 3478 2645 3537 οῦ
2670 3492 2768 3557 τὴν
2802 3489 2975 3558 ἀρχὴν
3006 3489 3152 3559 ἔσχε,
3181 3492 3272 3542 καὶ
3303 3491 3369 3544 δι’
3401 3485 3461 3544 οὗ
3495 3497 3746 3556 κινεῖται,
3782 3494 3872 3546 καὶ

2309 3574 2444 3642 πρὸς
2470 3574 2528 3627 ὃν
2559 3575 2848 3648 ἀνατρέχει
2881 3582 3002 3641 ταῖς
3032 3584 3285 3647 φυσικαῖς
3316 3583 3562 3652 ἰδιότησι,
3591 3584 3683 3637 καὶ
3711 3585 3870 3638 αὐτὸν

2309 3664 2593 3730 μιμεῖσθαι
2624 3667 2779 3718 ποθεί
2807 3669 2882 3737 τῷ
2934 3669 3299 3740 φιλανθρώπῳ
3333 3672 3425 3724 καὶ
3457 3675 3522 3742 τῇ
3572 3674 3832 3742 ἁπλότητι
3855 3691 3867 3704 ·

2307 3753 2459 3805 ἐνθεν
2511 3772 2591 3808 τοι
2642 3757 2736 3809 καὶ
2769 3759 2930 3822 αὐτὸς
2968 3759 3059 3810 τὸν
3105 3759 3261 3828 λόγον
3299 3762 3522 3828 γεννῶν,
3556 3760 3631 3824 ὡς
3677 3762 3871 3826 ἄλλους

2305 3845 2564 3916 οὐρανοὺς
2594 3847 2688 3911 τὰς
2719 3849 2896 3923 ψυχὰς
2943 3851 3279 3906 ἀναπλάττει
3304 3852 3412 3905 τῶν
3446 3853 3731 3923 ὁμοφύλων
3778 3855 3869 3907 ἀν-

2306 3936 2572 4005 θρώπων,
2632 3941 2724 3991 καὶ
2772 3942 3010 4012 στερρὰς
3068 3943 3238 4006 αύτάς
3294 3943 3363 3995 δι’
3427 3944 3701 4013 ὑπομονῆς
3766 3945 3870 3996 τῶν

2305 4028 2641 4097 ἐμπράκτων
2672 4031 2928 4084 ἀποτελεί
2973 4033 3208 4102 ἀρετῶν,
3243 4036 3336 4087 καὶ
3369 4034 3625 4103 ζωογονεί
3668 4036 3868 4097 ταύτας

2305 4120 2381 4187 τῷ
2414 4118 2686 4188 πνεύματι
2712 4122 2806 4175 τοῦ
2839 4124 3103 4195 στόματος
3128 4117 3316 4191 αὑτοῦ,
3343 4127 3572 4195 δύναμιν
3600 4127 3740 4179 κατά
3761 4128 3868 4179 τῶν

2307 4209 2567 4281 ὀλεθρίων
2597 4213 2788 4266 παθῶν
2819 4218 3151 4286 ἐμπαρέχων
3181 4219 3392 4281 αὐταῖς,
3428 4219 3518 4271 καὶ
3558 4217 3728 4280 οὕτως
3750 4219 3868 4287 ὁρᾶ-

2303 4319 2394 4354 ται
2423 4303 2754 4372 δημιουργὸς
2791 4306 2884 4357 καὶ
2913 4307 3076 4369 αὐτὸς
3121 4306 3219 4377 τῆς
3246 4309 3441 4378 νοητῆς
3482 4309 3732 4370 κτίσεως,
3780 4309 3868 4360 καὶ

2302 4393 2397 4445 τοῦ
2427 4396 2664 4463 μεγάλου
2697 4398 2901 4467 κόσμου
2941 4399 3031 4450 τὸν
3069 4400 3232 4452 αὑτοῦ
3278 4401 3613 4470 μιμούμενος
3645 4400 3865 4462 εἰκότως

637 4461 764 4516 facit
796 4464 1018 4535 dignum
1054 4475 1119 4525 de
1147 4475 1390 4545 indigno,
1431 4481 1576 4534 velut
1602 4498 1662 4536 os
1697 4499 1875 4539 meum
1904 4489 2010 4543 erit
2053 4461 2129 4544 ὀῖ
2178 4512 2195 4545 ι

2308 4484 2436 4537 Θεόν
2459 4502 2470 4514 ’
2500 4487 2592 4538 καὶ
2626 4487 2811 4539 ἀκούει
2846 4489 3058 4556 τρανῶς
3104 4489 3330 4543 ἀνωθεν·
3355 4509 3372 4541 t
3414 4493 3471 4544 Ὀ
3490 4491 3698 4555 ἐξάγων
3719 4490 3866 4556 ἄξιον

705 4646 790 4702 i3.
821 4652 921 4714 Qui
957 4652 1008 4705 in
1043 4657 1277 4710 naturali
1314 4658 1624 4716 intellectus
1663 4675 1808 4718 motu
1853 4678 1907 4720 et
1952 4670 2001 4722 in
2036 4672 2205 4726 ratio-

631 4740 717 4791 nis
752 4741 1015 4807 dignitate
1044 4758 1377 4813 perseverat,
1404 4766 1570 4818 purus
1600 4770 1626 4805 a
1663 4759 1885 4810 materia
1929 4771 2197 4826 servatur,

630 4840 861 4884 ornatur
895 4839 1330 4905 mansuetudine,
1365 4843 1687 4908 humilitate,
1716 4849 1982 4906 charitate
2011 4863 2065 4906 et
2097 4856 2199 4907 mi-

631 4922 952 4989 sericordia,
988 4933 1042 4979 et
1070 4926 1368 4997 fulgoribus
1401 4935 1575 4986 sancti
1608 4937 1846 5003 Spiritus
1872 4940 2196 5004 illustratur;

627 5012 957 5070 sublimibus
997 5027 1175 5072 autem
1215 5025 1773 5092 contemplationibus
1812 5030 2075 5095 intentus,
2128 5033 2194 5087 ad

632 5107 921 5161 scientiam
957 5115 1205 5178 pervenit
1230 5114 1535 5171 abditorum
1572 5119 1662 5173 Dei
1693 5125 2075 5191 mysteriorum
2099 5166 2114 5191 ,
2146 5135 2200 5181 et

629 5210 886 5250 sermone
929 5201 1210 5268 sapientiae
1252 5204 1317 5257 iis
1359 5207 1448 5273 qui
1484 5209 1593 5261 hinc
1627 5211 1814 5265 audire
1841 5225 2070 5281 possunt
2105 5217 2201 5270 be-

635 5285 800 5356 nigne
840 5289 1154 5353 ministrat,
1190 5309 1297 5346 non
1328 5297 1429 5349 siln
1468 5299 1567 5351 soli
1607 5302 1977 5369 multiplicans
2013 5309 2191 5362 talen-

635 5384 769 5438 tum.
802 5388 854 5434 et
880 5383 1181 5450 proximum
1217 5386 1380 5456 hujus
1412 5391 1719 5457 possidendi
1755 5396 2070 5467 participem
2115 5399 2195 5452 fa-

636 5480 800 5524 ειεης.

701 5736 745 5765 ⁸⁵
779 5734 918 5790 P341.
983 5755 1241 5794 unum.
1293 5747 1342 5794 ει.

640 5821 749 5863 lix.
793 5811 869 5861 Η.
951 5815 990 5841 “’⁹
1027 5812 1209 5865 \iattb.
1240 5831 1293 5876 tl,
1325 5816 1391 5865 ‘2‘.)
1526 5818 1566 5842 θ’
1601 5816 1697 5868 ἐπι)
1733 5835 1835 5877 \t“,
1878 5822 1926 5871 4.

1453 5746 1493 5768 “
1534 5745 1668 5822 i‘~._d.
1710 5748 1845 5811 με,
1889 5747 2055 5804 lrr-rm
2115 5769 2207 5807 an

2308 5752 2385 5805 ΞἽ.
2449 5750 2503 5822 ’⁵⁸
2539 5750 2675 5805 f‘sal.
2705 5766 2846 5812 xxiv,
2898 5749 2929 5800 8
3024 5750 3069 5780 "
3111 5748 3297 5803 Matth.
3333 5763 3386 5815 ν,
3415 5748 3502 5806 48.

2303 4575 2362 4639 ἐξ
2389 4576 2717 4638 ἀναξίου,ῶς
2735 4579 2909 4646 στόμα
2932 4596 3034 4648 μου
3061 4578 3238 4632 ἔσται.
3281 4599 3299 4632 ι

2379 4664 2466 4732 ιγ’.
2513 4667 2570 4719 '0
2617 4670 2735 4730 ταῖς
2767 4669 2909 4722 κατά
2955 4669 3117 4737 φύσιν
3165 4673 3410 4741 κινήσεσι
3445 4671 3539 4724 τοῦ
3593 4675 3732 4741 νοὸς,
3775 4679 3864 4728 καὶ

2303 4762 2368 4828 τῇ
2407 4759 2534 4830 ἀξίᾳ
2566 4760 2838 4829 ἐπιμένων
2868 4760 2962 4813 τοῦ
2996 4762 3178 4830 λόγου,
3212 4763 3449 4834 καθαρὸς
3475 4765 3582 4818 ἀπὸ
3608 4768 3704 4837 τῆς
3737 4768 3863 4839 ὕλης

2300 4848 2657 4919 διατηρετται,
2695 4850 2788 4902 καὶ
2812 4854 3238 4922 κατακοσμεῖται
3275 4853 3564 4923 πραότητι,
3615 4873 3862 4908 ταπεινοο

2300 4937 2560 5006 φροσύνῃ,
2596 4937 2784 5007 ἀγάπῃ
2836 4939 2930 4991 καὶ
2978 4939 3307 5011 συμπαθείᾳ,
3365 4942 3458 4994 καὶ
3492 4943 3596 4995 ὑπὸ
3639 4945 3747 4996 τῶν
3776 4944 3862 4996 ἐλ-

2300 5026 2556 5095 λάμψεων
2615 5027 2710 5080 τοῦ
2751 5029 2904 5097 ἁγίου
2959 5032 3449 5101 καταφαιδρύνεται
3509 5034 3854 5103 Πνεύματος·

2297 5114 2416 5174 ταῖς
2467 5113 2698 5182 ὑψηλαῖς
2752 5115 2810 5166 δὲ
2868 5117 3122 5186 θεωρίαις
3163 5119 3514 5183 ἐνατενίζων,
3568 5124 3625 5174 ἐν
3666 5122 3858 5189 γνώσει

2298 5205 2507 5270 γίνεται
2538 5207 2646 5257 τῶν
2682 5210 3082 5278 κεκρυμμένων
3108 5209 3202 5262 τοῦ
3236 5209 3370 5262 Θεοῦ
3402 5207 3740 5284 μυστηρίων,
3769 5217 3858 5266 καὶ

2298 5295 2384 5347 διὰ
2419 5295 2576 5362 λόγου
2608 5297 2797 5366 σοφίας
2829 5301 3184 5362 τοῖς.ἀκούειν
3209 5301 3525 5372 δυναμένοις
3545 5305 3720 5359 ταῦτα
3741 5305 3858 5373 φιλ.

2296 5386 2513 5454 αγάθως
2555 5387 2808 5453 διακονεῖ,
2863 5391 2959 5460 οὐχ
2995 5392 3173 5459 ἐαυτῷ
3216 5394 3376 5462 μόνον
3409 5396 3856 5461 πολυπ)ασιάζων

2293 5477 2354 5529 τὸ
2386 5477 2665 5542 τάλαντον,
2695 5481 2831 5533 ἀλλά
2853 5482 2946 5536 καὶ
2972 5487 3082 5546 τοῖς
3107 5485 3332 5555 πλησίον
3355 5490 3454 5557 τῆς
3473 5489 3667 5544 τούτου
3695 5507 3855 5560 μετα-

2297 5569 2467 5633 διδοὺς
2504 5571 2871 5636 ἀπολαύσεως.

3603 5745 3646 5777 ⁸⁸
3683 5746 3846 5804 chtt.
