4124 6338
232 380 329 441 εδι
1078 386 1622 445 GNOSTHIOKUM
1653 389 1985 440 L‘Al'l‘iUA’l
2026 390 2412 439 LEN'l‘UlilA
2452 391 2565 439 ιιι.
3340 392 3447 443 so:

299 493 360 547 ιδ’
367 535 380 548 .
427 494 487 547 Ὀ
513 494 574 548 τὺ
598 493 656 546 ἓν
682 495 778 563 τῆς
806 494 994 555 δυάδος
1019 493 1446 563 ὑπερκουςὲίσας,
1470 492 1561 544 καὶ
1585 492 1783 561 ταύτης

1968 490 2051 543 ιι.
2082 491 2181 555 Qui
2209 505 2273 543 ex
2308 491 2523 545 duabus
2549 491 2759 546 naturis
2795 490 3000 546 nostris
3034 506 3193 547 unam
3231 493 3448 548 allevia-

228 586 521 657 ἐλευθέραν
550 585 941 654 ἐργασάμενος,
959 582 1061 653 τὴν
1083 583 1281 643 τούτου
1302 583 1602 651 εὐγένειαν,
1628 582 1783 637 ᾶῦλον

1892 584 1989 644 vit,
2016 590 2068 634 et
2094 596 2123 635 a
2147 582 2405 636 dualitate
2437 582 2683 635 liberavit
2712 582 3220 652 ejus'nobilitatem,
3246 584 3441 637 imma-

227 671 385 747 εὗρεν
412 679 471 729 tv
505 678 691 738 ἀΰλοις
710 675 980 743 πνεύμασι
1010 674 1069 726 τὸ
1100 674 1420 741 πολίτευμα,
1450 672 1667 742 πνεῦμα
1696 674 1783 726 καὶ

1893 672 2130 727 terialem
2167 676 2220 726 in
2251 673 2698 745 immaterialibus
2720 674 2998 743 spiritibus
3025 674 3230 729 invenit
3261 675 3448 727 civita-

223 769 385 829 αὐτὸς
420 768 603 836 νοερὸν
642 766 899 833 γεγονὼς,
926 766 973 817 εί
1004 764 1096 818 καὶ
1142 765 1305 834 μέσον
1336 765 1529 835 ὁρᾶται
1556 764 1663 817 τῶν
1692 764 1787 818 ἀλ-

222 856 330 911 λων
354 855 655 925 ἀνθρώπων
689 856 1159 924 ἀναστρεφόμενος
1188 853 1419 925 σώματι.

294 946 381 1001 ιε’.
423 949 481 999 ὐ
510 950 576 1016 τῇ
613 946 706 998 τοῦ
736 946 852 1008 ἑνὸς
872 946 1019 1016 ἀξίᾳ,
1050 946 1140 998 καὶ
1171 945 1446 1014 φύσειτὴν
1472 947 1572 1015 τῆς
1599 946 1787 1008 δυάδος

222 1038 608 1103 καθυποτάξας
655 1037 920 1100 δουλείαν,
969 1038 1065 1107 τὴν
1098 1038 1312 1090 ἃπασαν
1340 1036 1517 1097 κτίσιν
1562 1037 1641 1107 τῷ
1670 1036 1788 1107 Θεῷ

223 1127 623 1193 καθυπὲταξεν,
659 1130 737 1190 εἰς
762 1127 821 1179 ἓν
852 1127 917 1181 τά
950 1128 1215 1180 διεστῶτα
1240 1128 1479 1196 συνάψας
1512 1128 1607 1179 καὶ
1634 1130 1786 1198 είρηο

222 1220 520 1289 νοποιήσας
546 1218 613 1271 τὰ
639 1218 949 1288 σύμπαντα.

298 1310 396 1376 ις’.
426 1311 638 1381 Μέχρις
668 1311 734 1364 ἂν
767 1310 901 1379 πρὸς
932 1308 1128 1378 ἑαυτὴν
1162 1311 1193 1379 ή
1226 1309 1384 1391 φύσις
1425 1310 1532 1363 τῶν
1571 1310 1634 1361 tv
1664 1311 1794 1379 ἡμῖν

228 1404 514 1472 δυνάμεων
561 1404 809 1463 ἀτάκτως
843 1402 963 1471 ἔχῃ,
999 1402 1093 1453 καὶ
1123 1403 1201 1462 είς
1231 1400 1429 1463 πολλὰς
1468 1402 1793 1471 ἑτερότητας

228 1493 627 1555 διασκίδναται,
678 1491 970 1561 ἀμέθεκτοί
1021 1492 1187 1560 ἐσμεν
1211 1492 1304 1542 καὶ
1342 1490 1449 1544 τῶν
1500 1488 1794 1559 ὑπερφυῶν

221 1586 443 1653 δωρεῶν
473 1584 567 1636 τοῦ
598 1581 733 1635 Θεοῦ
753 1600 765 1613 ο
791 1581 993 1635 τούτων
1018 1582 1071 1634 δὲ
1095 1580 1244 1642 ὄντες
1264 1579 1576 1648 άμὲθεκτοι,
1604 1581 1791 1651 πόρρω

224 1693 333 1730 που
368 1676 588 1742 καὶτῆς
643 1674 909 1742 μυστικῆς
958 1670 1267 1738 ἱερουργίας
1318 1668 1409 1721 τοῦ
1464 1669 1787 1739 ἐπουρανίου

226 1767 617 1835 θυσιαστηρίου
645 1764 743 1833 τῆς
783 1764 922 1816 κατὰ
956 1765 1053 1829 τὴν
1080 1763 1269 1830 νοεράν
1321 1762 1647 1831 τελουμένης
1695 1760 1787 1813 τοῦ

223 1858 345 1920 νοὸς
373 1856 638 1926 ἐργασίαν
664 1854 952 1923 ίστάμεθα.
998 1852 1164 1904 Ἐπὰν
1190 1852 1244 1903 δὲ
1276 1852 1365 1906 διὰ
1395 1852 1596 1919 πολλῆς
1628 1869 1789 1903 σπου-

225 1947 324 2012 δῆς
352 1950 463 1999 τῶν
498 1945 657 2015 ἱερῶν
686 1943 912 2013 ἀγώνων
942 1944 1039 2012 τῆς
1087 1942 1358 2009 προσύλου
1391 1942 1589 2003 κακίας
1630 1943 1795 1995 ἐκκα-

226 2038 542 2107 θαρθῶμεν,
584 2038 681 2091 καὶ
714 2039 794 2099 είς
830 2037 887 2089 ἒν
916 2037 1015 2097 τὰς
1039 2034 1363 2103 ἑτερότητας
1389 2034 1544 2102 ήμῶν
1577 2033 1664 2085 διὰ
1693 2034 1791 2098 τῆς

224 2122 323 2174 τοῦ
356 2122 677 2192 Πνεύματος
722 2124 1002 2192 δυνάμεως
1030 2124 1463 2192 ὲπισυνάξωμεν,
1491 2123 1791 2193 τηνικαῦτα

221 2210 319 2263 καὶ
352 2211 462 2265 τῶν
515 2214 846 2283 ἀπορρήτων
884 2213 1103 2280 ἀγαθῶν
1152 2213 1245 2265 τοῦ
1286 2214 1420 2266 Θεοῦ
1464 2214 1522 2265 tv
1577 2213 1791 2284 μεθέξει

218 2301 510 2370 γινόμεθα,
538 2302 633 2354 καὶ
658 2304 727 2354 τὰ
775 2302 894 2354 θεῖα
930 2302 1200 2373 μυστήρια
1244 2304 1342 2372 τῆς
1376 2303 1644 2372 μυστικῆς
1695 2303 1790 2357 τοῦ

221 2390 344 2453 νοὸς
378 2393 694 2462 ἱερουργίας
721 2394 802 2455 είς
822 2393 883 2446 τὺ
904 2394 1311 2464 ὑπερουράνιον,
1347 2396 1442 2447 καὶ
1484 2396 1667 2464 νοερὸν
1693 2394 1789 2448 τοῦ

218 2479 358 2533 Θεοῦ
389 2482 800 2554 θυσιαστήριον,
833 2484 999 2548 ἀξίως
1029 2485 1105 2554 τῷ
1147 2486 1291 2556 λόγῳ
1322 2488 1413 2540 καὶ
1441 2486 1561 2557 Θεῷ
1589 2488 1790 2555 ἀναφέ-

222 2588 414 2643 ρομεν,
438 2574 515 2639 ὡς
543 2576 783 2633 ἐπόπται
808 2578 900 2631 καὶ
930 2579 1095 2648 ἱερεῖς
1131 2578 1238 2639 τῶν
1266 2579 1789 2651 άθανάτωνμυστη-

220 2665 354 2734 ρίων
379 2665 569 2720 αὑτοῦ.
1337 2651 1344 2658 1

292 2755 384 2817 ιζ’.
422 2756 486 2809 Ἦ
532 2756 687 2826 σὰρξο
718 2760 977 2828 ἐπιθυμεῖ
1014 2760 1155 2813 κατά
1192 2761 1285 2815 τοῦ
1333 2763 1660 2830 πνεύματος,
1695 2765 1788 2817 καὶ

217 2862 278 2898 το
309 2846 532 2917 πνεῦμα
561 2850 703 2903 κατά
742 2853 842 2921 τῆς
876 2852 1096 2922 σαρκὸς,
1127 2853 1220 2905 καὶ
1257 2854 1404 2922 μάχη
1436 2854 1515 2915 τίς
1541 2858 1689 2907 ἐστιν
1728 2855 1787 2907 tv

217 2934 559 3007 ἀμφοτέροις
590 2939 924 3008 ἀκήρυκτος,
965 2941 1112 3003 ὅπως
1140 2941 1363 3010 θάτερον
1396 2944 1535 2995 κατά
1566 2944 1659 2995 τοῦ
1690 2943 1787 2996 θα-

217 3024 381 3094 τέρου
418 3027 486 3079 τὰ
533 3029 827 3099 νικητήρια
857 3030 974 3100 ἓξῃ,
1033 3031 1127 3083 καὶ⁸
1166 3032 1253 3099 ὑφ’
1288 3033 1449 3086 ἑαυτὸ
1495 3034 1556 3086 τὸ
1588 3036 1785 3103 κράτος

1890 768 2023 823 tvm,
2049 762 2279 838 spiritus
2312 774 2365 818 et.
2390 767 2500 831 ipse
2532 763 2913 818 intellectualis
2946 765 3139 828 factus.
3175 766 3278 820 etsi
3306 766 3449 819 inter

1890 862 2117 908 caeteros
2156 857 2400 912 homines
2433 872 2661 926 corpore
2692 859 2899 911 versari
2930 858 3160 914 videtur.

1962 946 2046 999 l5.
2084 946 2184 1011 Qui
2232 948 2625 1015 nobilidivium
2657 946 2906 1003 monadis
2951 958 3156 1003 natura
3205 947 3443 1017 subjecit

1889 1034 2139 1095 humana:
2183 1036 2372 1105 dyadis
2424 1039 2779 1101 servitutem,
2832 1050 3050 1090 omnem
3108 1038 3438 1091 creationem

1891 1124 1999 1178 Deo
2026 1125 2272 1194 subjecit,
2323 1126 2377 1181 in
2426 1142 2591 1181 unum
2623 1143 2745 1197 quae
2776 1133 2950 1183 erant
2978 1126 3155 1183 divisa
3197 1128 3442 1183 reconci-

1890 1214 2029 1268 lians
2064 1218 2333 1281 eteomnia
2362 1218 2676 1286 pacificans.

1920 1305 2057 1365 .16..
2089 1305 2340 1372 Quandiu
2392 1319 2590 1362 nostrae
2640 1307 2924 1361 facultates
2972 1308 3183 1374 nullum
3243 1304 3442 1362 habent

1888 1393 2031 1447 inter
2061 1411 2118 1458 se
2146 1396 2419 1463 ordinem,
2442 1406 2496 1451 et
2520 1397 2571 1450 in
2604 1400 2802 1453 multas
2826 1400 3207 1465 discerpuntur
3228 1396 3443 1455 discrea

1888 1485 2136 1550 pantias,
2186 1502 2293 1540 non
2346 1502 2538 1541 sumus
2597 1486 2890 1555 participes
2940 1486 3443 1555 supernaturaliunt

1890 1572 1980 1626 Dei
2017 1576 2323 1641 donorum;
2359 1580 2552 1630 horum
2585 1589 2765 1630 autem
2789 1592 2897 1629 non
2932 1578 3249 1645 participes,
3284 1579 3441 1647 longe

1885 1672 2094 1731 stamus
2138 1678 2169 1718 a
2218 1665 2449 1737 mystico
2500 1666 2770 1719 sacriﬁcio
2810 1666 2949 1731 quod
2984 1666 3035 1717 in
3090 1678 3181 1716 ara
3231 1664 3437 1717 ccelesti

1887 1754 2267 1809 intellectualis
2318 1756 2566 1822 Operatio
2626 1756 2821 1809 mentis
2870 1755 3097 1824 peragit.
3143 1754 3437 1825 Postquam

1884 1853 2062 1899 autem
2099 1846 2266 1898 multa
2307 1859 2585 1898 sacrorum
2615 1858 2848 1913 agonum
2882 1845 3157 1913 diligentia
3190 1845 3435 1898 n‘undati

1882 1950 2072 1991 sumus
2108 1950 2135 1989 a
2168 1937 2349 1989 carnis
2386 1936 2647 2003 nequitia,
2674 1945 2731 1989 et
2764 1952 2884 2003 quae
2919 1944 3047 1989 sunt
3078 1937 3130 1987 in
3166 1936 3328 1990 nobis
3356 1936 3441 1989 di-

1880 2029 2018 2091 visa,
2052 2026 2107 2080 in
2148 2042 2315 2079 unum
2346 2026 2579 2093 Spiritus
2613 2027 2811 2080 virtute
2847 2029 3144 2097 coegimus,
3187 2037 3315 2081 tunc
3347 2040 3438 2080 se-

1881 2115 2157 2179 cretorum
2193 2115 2287 2167 Dei
2319 2116 2583 2169 bonorum
2618 2117 2911 2183 participes
2941 2116 3099 2171 [intus
3124 2156 3141 2181 ,
3170 2128 3222 2171 et
3254 2116 3440 2171 divina

1884 2205 2140 2273 mysteria
2196 2204 2411 2273 mystici
2477 2204 2677 2257 mentis
2727 2204 2981 2257 sacriﬁcii
3039 2208 3090 2257 in
3157 2204 3437 2259 cmlestem

1882 2294 2325 2363 spiritualemque
2359 2294 2449 2350 Dei
2505 2310 2655 2349 aram
2690 2310 2816 2348 cum
2867 2294 3061 2357 ritilius
3114 2292 3226 2347 Deo
3260 2293 3440 2349 Verbo

1882 2383 2061 2452 dignis
2098 2386 2402 2450 inferimus,
2432 2397 2487 2440 ut
2518 2398 2705 2456 mystae
2735 2394 2788 2441 et
2815 2386 3123 2442 sacerdotes
3154 2387 3439 2443 immorta-

1881 2480 2011 2533 lium
2042 2480 2160 2549 ejus
2200 2480 2607 2549 mysteriorum.

1954 2766 2035 2820 17.
2078 2768 2219 2822 Caro
2246 2769 2579 2837 concupiscit
2607 2770 2867 2833 adversus
2900 2772 3241 2840 spiritum,et
3272 2775 3438 2841 spiri-

1881 2861 1968 2907 tus
2006 2856 2266 2910 adversus
2296 2872 2512 2910 carnem
2536 2858 2603 2922 ⁹¹,
2636 2869 2688 2913 et
2717 2873 2921 2914 secreta
2944 2864 3187 2930 quaedam
3219 2867 3435 2918 exsistit

1878 2944 2019 2998 inter
2050 2953 2344 3015 utrumque
2372 2962 2544 3016 pugna
2600 2956 2657 3001 ut
2688 2950 3006 3007 alterutrum
3040 2954 3104 3007 de
3138 2954 3307 3007 altero
3352 2957 3434 3007 vi-

1876 3035 2098 3087 ctoriam
2157 3044 2419 3104 reportet,
2470 3050 2532 3089 ac
2583 3036 3005 3092 dominationem
3064 3040 3129 3093 ad
3187 3042 3428 3110 scipsum

219 3114 499 3185 ἀγάγηται
524 3135 536 3149 ·
563 3117 704 3186 αὕτη
735 3120 989 3189 ἑτερότης
1020 3121 1076 3172 tv
1107 3121 1234 3189 ἡμῖν
1278 3120 1512 3188 λέγεται,
1543 3123 1636 3176 καὶ
1660 3126 1783 3177 στά-

1875 3126 2075 3179 trahat.
2120 3125 2232 3180 Hoc
2263 3127 2315 3180 in
2364 3129 2516 3181 nobis
2562 3127 2761 3182 dicitur
2807 3130 3100 3197 discordia,
3143 3133 3429 3196 dissensio,

220 3218 328 3290 σις,
360 3206 463 3275 καὶ,
492 3208 653 3276 ῥοπὴ,
690 3208 783 3261 καὶ
820 3208 1004 3276 ζυγὸς,
1039 3212 1133 3262 κα.)⁵
1183 3212 1482 3280 ἀμφιγυιὴς
1516 3213 1682 3281 πάλη,
1718 3214 1783 3267 δι’

1877 3216 2206 3283 proclivitas,
2237 3217 2444 3286 jngum,
2495 3226 2548 3271 et
2596 3220 2857 3273 acerrima
2909 3222 3073 3283 lucta,
3123 3237 3216 3288 per
3270 3238 3429 3290 quam

217 3287 282 3364 ἧς
313 3297 346 3364 ὴ
370 3296 517 3365 ψυχὴ
559 3298 844 3369 μερίζεται
890 3300 1018 3353 ἔνθα
1044 3300 1109 3354 ἂν
1140 3302 1238 3371 τὴν
1280 3303 1452 3373 ῥοπὴν
1476 3304 1505 3355 δ
1529 3304 1651 3367 νοῦς
1687 3305 1783 3373 δῷ,

1875 3306 2054 3361 anima
2094 3308 2377 3373 dividitur,
2430 3310 2519 3363 ubi
2565 3312 2784 3365 animus
2825 3312 2888 3365 ad
2938 3287 3141 3381 aliquid
3197 3287 3431 3369 hui—uana

216 3386 297 3449 είς
330 3390 568 3457 πρᾶγμά
596 3406 649 3441 τι
681 3391 821 3443 κατά
853 3391 1022 3454 πάθος
1061 3392 1418 3462 ἀνθρώπινον.

290 3482 382 3551 ιη’.
426 3483 568 3546 Ἕως
594 3486 705 3547 τοῖς
728 3484 980 3547 ἀστάτοις
1004 3485 1111 3537 τῶν
1130 3485 1403 3555 λογισμῶν
1432 3487 1783 3556 μεριζόμεθα,

218 3576 310 3631 καὶ
338 3577 368 3628 ὁ
396 3576 560 3644 νόμος
592 3577 691 3644 τῆς
720 3576 921 3646 σαρκὸς
951 3579 1008 3629 tv
1047 3578 1177 3646 ἡμῖν
1210 3580 1513 3648 κρατεῖται,
1565 3581 1658 3631 καὶ
1688 3598 1783 3649 τη-

220 3670 421 3732 ρεῖται,
453 3667 533 3727 είς
558 3666 728 3719 πολλά
754 3683 813 3718 τε
846 3668 988 3738 μέρη
1022 3669 1543 3739 διασκεδαννύμεθα,
1574 3671 1785 3741 καὶτῆς

218 3756 371 3818 θείας
408 3756 592 3819 ὲνάδος
635 3757 1217 3827 ἀποδιοπομπούμεθα,
1254 3760 1328 3819 ὡς
1362 3760 1435 3829 μὴ
1476 3761 1782 3831 πεπλουτη-

214 3847 376 3908 κότες
401 3848 501 3916 τὴν
528 3846 731 3916 ταύτης
763 3848 993 3919 ἑνότητα
1014 3865 1028 3879 ·
1070 3849 1209 3902 ὲπάν
1235 3850 1290 3902 δὲ
1322 3851 1381 3903 τὸ
1409 3850 1597 3920 θνητὸν
1626 3851 1785 3904 τοῦτο

214 3938 502 4008 καταποθῇ
526 3934 631 3990 ὑπὸ
655 3939 753 4007 τῆς
770 3939 1015 3992 ἑνοποιοῦ
1042 3940 1345 4007 δυνάμεως,
1364 3942 1456 3992 καὶ
1476 3942 1783 4010 ὑπερφυοῦς

213 4031 571 4099 ἀμεριμνίας,
619 4032 711 4083 καὶ
742 4032 769 4083 ό
798 4031 920 4093 νοῦς
977 4032 1170 4084 ἑαυτοῦ
1223 4033 1464 4101 γένηται,
1523 4036 1627 4087 ὑπὸ
1674 4035 1783 4088 τῶν

213 4122 521 4189 σοφοποιῶν
558 4122 877 4191 ἐλλάμψεων
909 4125 1000 4175 καὶ
1039 4125 1325 4192 νοημάτων
1356 4128 1779 4194 καταυγασθεὶς,

212 4214 679 4282 συμπτυσσομένη
712 4212 807 4285 [ἐν
832 4214 974 4267 ἄλλ.
1026 4206 1468 4287 συμποσουμένη]
1515 4219 1592 4280 είς
1621 4219 1783 4272 ἐνάδα

211 4302 467 4363 θεοειδῶς
502 4304 534 4372 ὴ
562 4303 729 4374 ψυχὴ,
766 4304 823 4357 ἓν
856 4306 976 4358 ἀντὶ
1024 4308 1232 4359 πολλῶν
1264 4308 1593 4378 ἐτεροτήτων
1633 4310 1778 4377 γίνε-

1875 3396 2168 3451 inclinatur
2206 3398 2520 3466 cupiditate.

1944 3485 2026 3539 18.
2063 3484 2313 3549 Quandiu
2354 3486 2697 3540 lustabilibns
2738 3488 3099 3557 discerpiniur
3130 3495 3425 3562 cegitatim

1871 3576 2054 3639 nibus,
2087 3581 2141 3629 et
2169 3575 2253 3629 lex
2285 3576 2466 3630 carnis
2501 3576 2552 3631 in
2588 3578 2744 3632 nobis
2776 3579 2880 3633 dos:
2907 3582 3088 3637 inatur
3117 3595 3169 3639 et
3201 3604 3423 3645 conser-

1872 3674 2067 3729 vatur,
2118 3666 2173 3719 in
2227 3667 2421 3721 multas
2471 3662 2760 3721 dividimur
2809 3680 3011 3739 partes,
3065 3676 3415 3749 divinamque

1873 3756 2134 3809 unitatem
2166 3770 2193 3807 a
2244 3756 2403 3810 nobis
2451 3772 2819 3824 removemus,
2864 3770 3058 3817 utnon
3113 3767 3265 3823 ditati
3304 3772 3423 3840 ejus

1871 3848 2090 3898 unione.
2119 3844 2254 3899 Cum
2302 3861 2431 3901 vero
2467 3851 2695 3903 mortale
2730 3850 2833 3905 hoc
2865 3854 3185 3925 absorptum
3233 3872 3316 3917 est
3357 3868 3426 3921 ab

1876 3935 2075 3990 uniiica
2110 3935 2157 3988 vi
2198 3945 2250 4017 et
2279 3941 2675 4006 supernaturali
2708 3945 3018 4009 securitate,
3052 3959 3104 4003 et
3154 3968 3306 4008 mens
3338 3959 3423 4011 sui

1866 4026 2005 4093 juris
2046 4026 2182 4080 facta
2231 4040 2355 4093 eet,
2408 4030 2708 4102 fulgoribus
2756 4036 3283 4110 cogitationibusque
3340 4060 3425 4099 sa-

1871 4119 2083 4187 pientiae
2119 4119 2418 4183 illustrata,
2459 4130 2586 4175 tunc
2642 4126 2693 4176 in
2743 4128 2999 4180 unitatem
3049 4130 3233 4185 divino
3268 4136 3427 4190 modo

1869 4207 2125 4273 replicata
2162 4209 2264 4277 (vel
2316 4210 2592 4279 absorpta)
2637 4213 2839 4279 anima,
2890 4215 2997 4283 jam
3030 4234 3137 4273 non
3181 4221 3425 4287 pluribus

1866 4296 2119 4352 coalescit
2147 4300 2594 4367 discrepantihm,
2637 4303 2730 4356 sed
2780 4313 2863 4358 est
2916 4306 3045 4373 quid
3090 4326 3256 4365 unum
3286 4351 3301 4375 ,
3362 4328 3424 4367 ac

206 4410 316 4461 ται,
348 4395 445 4446 καὶ
480 4397 546 4465 τῇ
580 4395 697 4465 θείᾳ
723 4396 1143 4465 ἐπισυναχθεῖσα
1165 4398 1387 4466 μονάδι,
1426 4400 1482 4451 tv
1513 4400 1777 4470 ἁπλότητι

1875 4388 2061 4442 divina
2101 4389 2391 4457 conjuncta
2440 4393 2654 4445 monadi
2683 4432 2696 4454 ,
2746 4397 3088 4462 simplicitate
3123 4408 3176 4453 et
3218 4403 3425 4458 unitate

210 4451 564 4557 θεομιμήτως
614 4451 866 4541 ἑνοῦται“
916 4451 1010 4540 καὶ
1088 4451 1242 4542 τοῦτό
1297 4451 1442 4543 ἐστιν
1498 4493 1530 4561 ἡ
1581 4493 1660 4553 είς
1704 4451 1781 4547 ’τὸ

1875 4478 2036 4545 Deum
2085 4479 2348 4533 imitatur.
2417 4481 2483 4535 Et
2517 4482 2630 4535 hac
2676 4493 2760 4537 est
2806 4486 2999 4540 anima:
3066 4494 3424 4553 restauratio-

208 4578 441 4648 ἀρχαῖον
471 4578 572 4647 τῆς
613 4578 791 4649 ψυχῆς
829 4581 1297 4642 ἀποκατάστασις,
1348 4583 1501 4651 καὶὴ
1545 4584 1679 4651 πρὸς
1722 4585 1781 4637 τὸ

211 4672 463 4739 κρεῖττον
498 4670 651 4739 ήμῶν
676 4671 1039 4733 ἀνακαίνισις.

279 4760 365 4813 ιθ’.
396 4760 579 4813 Δεινὸν
607 4762 638 4830 ἡ
684 4761 871 4827 ἄγνοια
906 4766 995 4813 καὶ
1028 4762 1169 4832 πέρα
1199 4764 1407 4827 δεινῶν,
1460 4766 1778 4836 αὐτόχρημα

208 4850 398 4913 σκότος
431 4846 567 4903 οὖσα
619 4851 958 4921 ψηλαφητὸν,
992 4852 1083 4905 καὶ
1122 4854 1219 4912 τὰς
1259 4853 1453 4924 ψυχὰς,
1492 4857 1548 4909 tv
1583 4854 1669 4919 αἷς
1710 4860 1775 4910 ἂν

205 4941 527 5009 ἐγγένηται,
586 4940 823 5011 ζοφερᾶς
862 4942 1218 5006 ἀποτελοῦσα,
1277 4947 1355 5008 εἱς
1396 4948 1564 5003 πολλά
1608 4967 1666 5002 τε
1717 4951 1775 5003 τὸ

205 5027 562 5100 λογιζόμενον
619 5030 924 5100 διαιροῦσα,
979 5034 1073 5085 καὶ
1126 5033 1232 5086 ἀπὸ
1295 5036 1392 5104 τῆς
1452 5038 1588 5107 πρὸς
1642 5038 1773 5093 Θεὸν

205 5119 455 5183 ἑνώσεως
488 5119 584 5189 τὴν
646 5121 823 5190 ψυχὴν
857 5121 1233 5190 ἀποτέμνουσα
1256 5142 1268 5155 ·
1299 5125 1503 5196 ταύτης
1533 5126 1590 5179 τὸ
1640 5146 1767 5180 συν-

202 5209 480 5279 αγόμενον
506 5209 672 5275 ἁπαν,
706 5211 895 5279 ἀλογία
918 5212 1063 5277 ἐστίν
1085 5228 1098 5241 ·
1135 5214 1327 5281 ἄλογον
1353 5218 1461 5288 γάρ
1493 5219 1582 5270 καὶ
1616 5220 1767 5273 ἀναί·

205 5298 404 5369 σθητον
434 5299 495 5352 τὸ
530 5300 650 5352 ὅλον
699 5300 1070 5371 ἀπεργάζεται
1117 5304 1207 5355 τὸν
1248 5305 1552 5375 ἄνθρωπον,
1608 5308 1666 5361 ὃν
1715 5310 1770 5363 δὲ

203 5388 410 5459 τρόπον
446 5392 479 5461 η
512 5391 703 5459 ἄγνοια
734 5393 812 5454 είς
840 5393 1012 5462 πάχος
1044 5395 1366 5463 ὲπιχυθεῐσα
1407 5398 1571 5461 πολὺς
1612 5399 1771 5469 βυθὸς

203 5479 333 5551 ᾅδου
361 5482 573 5547 γίνεται
598 5485 663 5552 τῇ
692 5484 796 5535 ὑπὸ
824 5472 1027 5553 ταύτης
1051 5487 1409 5560 καμπτομένη
1454 5490 1618 5561 ψυχῇ,
1648 5492 1705 5545 ὲν
1727 5486 1770 5560 ᾧ

205 5571 355 5625 πᾶσα
374 5571 619 5643 τιμωρία
647 5576 737 5625 καὶ
766 5572 947 5645 ὀδύνη,
972 5574 1117 5647 λύπη
1144 5576 1235 5629 καὶ
1260 5581 1561 5650 στεναγμὸς
1590 5580 1769 5653 ὑπάρι

274 5762 317 5792 ⁹¹
349 5761 528 5819 Galat.
558 5773 613 5823 γ,
646 5759 735 5814 l7.

1867 4571 1918 4623 in
1968 4570 2257 4638 pristinum
2314 4580 2535 4638 statum,
2582 4585 2632 4628 et
2670 4586 2853 4630 nostra
2903 4579 2956 4631 in
3001 4582 3195 4635 melius
3262 4598 3420 4638 reno-

1864 4665 2033 4725 vatio.

1942 4756 2025 4810 19.
2061 4756 2398 4811 Horrendum
2431 4766 2483 4812 et
2530 4761 2666 4813 ultra
2715 4764 2890 4815 omnia
2942 4764 3295 4823 horrrendum
3340 4783 3422 4827 est

1867 4844 2064 4898 malum
2103 4847 2435 4921 ignorantia,
2471 4864 2591 4916 qua:
2619 4858 2706 4903 est
2734 4851 2907 4921 reipsa
2946 4856 3122 4925 caligo
3154 4859 3419 4915 densissi-

1867 4949 1971 4998 ma,
2003 4936 2210 4991 animas
2240 4937 2292 4990 in
2326 4938 2523 5007 quibus
2558 4940 2854 4997 oﬂ‘nnditur
2878 4985 2890 4998 .
2933 4949 3247 5004 tenebrosas
3284 4955 3412 5007 red-

1863 5023 1962 5083 dit.
2001 5025 2259 5081 rationem
2302 5028 2353 5082 in
2390 5031 2586 5086 multas
2620 5045 2795 5101 partes
2832 5035 3113 5102 distrahit,
3149 5049 3202 5093 et
3245 5044 3417 5111 impe-

1861 5115 1939 5169 dit
1970 5119 2260 5185 quominus
2310 5122 2485 5175 anima
2538 5125 2645 5179 Deo
2697 5128 2935 5182 uniatur.
2988 5129 3258 5201 Quidquid
3310 5137 3414 5191 ista

1860 5216 2170 5277 congregat,
2204 5219 2285 5264 est
2326 5220 2583 5277 amentia,
2622 5226 2891 5271 amentem
2928 5222 3068 5274 enim
3100 5232 3152 5276 et
3183 5224 3418 5281 insensi-

1859 5297 2017 5351 bilem
2062 5308 2233 5351 totum
2284 5302 2461 5361 reddit
2498 5304 2789 5360 hominem.
2822 5309 3283 5373 Quemadmodum
3313 5331 3411 5369 au-

1863 5399 1969 5442 tcm
2014 5389 2317 5458 ignorantia
2354 5394 2405 5447 in
2440 5410 2669 5449 massam
2704 5411 2955 5454 concreta
2982 5439 2999 5466 ,
3032 5404 3220 5457 animae
3243 5419 3404 5472 quam

1858 5478 2157 5535 incurvavit
2174 5484 2470 5552 profundus
2487 5486 2541 5540 ﬁt
2567 5488 2829 5551 infernus,
2852 5491 2904 5543 in
2930 5507 3036 5560 quo
3056 5504 3180 5546 sunt
3210 5508 3407 5563 pcenaa,

1852 5569 2030 5636 dolor,
2076 5576 2327 5628 maestitia
2368 5583 2420 5630 et
2450 5579 2684 5647 gemitus
2722 5597 2736 5632 :
2774 5582 2852 5637 sic
2882 5592 2932 5636 et
2969 5583 3147 5638 divina
3180 5584 3405 5641 scientia
