4126 6338
630 396 740 457 963

1862 393 1911 451 N
1926 396 1939 452 Ι
1955 393 2164 453 (ΙΕΤίΕ
2201 392 2620 452 PECTORATI

3766 389 3863 451 964

630 503 806 557 lucida
835 514 916 555 est
947 511 999 555 et
1031 500 1261 566 inﬁnita,
1287 501 1580 568 lumenque
1611 498 1880 562 diﬂuudit,
1908 508 1961 550 et
1986 499 2196 550 animas

2306 515 2409 567 χει,
2447 497 2590 549 οὓτω
2621 497 2711 549 καὶ
2749 497 2779 566 ὴ
2818 494 2936 547 θεία
2976 493 3175 562 γνῶσις
3208 494 3409 565 φαιδρά
3444 512 3559 557 πως
3586 498 3675 548 καὶ
3713 499 3864 551 ἀπει-

632 610 751 661 quze
788 594 959 663 ipsam
1002 594 1239 663 puritate
1274 592 1484 661 adepta:
1524 598 1676 654 sunt,
1704 589 1889 643 divino
1919 588 2199 641 illuminat

640 686 876 753 fulgore,
907 698 1110 751 easque
1142 682 1312 751 replet
1347 696 1499 751 pace,
1530 679 1947 749 tranquillitate,
1986 677 2195 736 latitia.

634 775 899 843 sapientia
936 772 1215 839 ineil‘abili,
1246 783 1299 826 et
1325 771 1562 842 perlecta
1593 772 1883 825 charitate.

705 946 795 1001 20.
835 944 934 1001 Ubi
975 955 1058 1001 est
1095 960 1334 1015 praesens
1362 946 1545 1000 divina
1590 946 1682 1001 lux’
1708 988 1723 1011 ,
1756 961 1879 1001 cum
1914 958 2020 999 una
2049 945 2121 999 sit
2149 953 2204 998 et

637 1037 893 1107 simplex,
930 1036 995 1090 ad
1028 1038 1262 1106 seipsam
1296 1037 1505 1090 animas
1532 1036 1615 1091 sui
1650 1036 1939 1105 participes
1969 1050 2201 1106 congre-

635 1134 726 1196 gat
757 1134 811 1180 et
851 1127 1157 1191 convertit,
1198 1140 1402 1195 easque
1436 1126 1555 1180 unit
1602 1126 1832 1195 pr0pria
1879 1125 2075 1180 unitati
2104 1163 2119 1188 ,
2153 1132 2207 1179 et

637 1215 855 1285 propria
889 1215 1102 1284 perﬁcit
1133 1217 1464 1286 perfectione
1492 1222 1545 1269 et
1572 1219 1623 1269 in
1656 1216 1926 1286 profunda
1979 1216 2071 1271 Dei
2118 1216 2204 1269 in-

635 1305 788 1361 ducit
816 1320 1006 1361 earum
1064 1306 1437 1377 intelligentia
1480 1308 1973 1377 perspicacitatem,
2040 1314 2207 1375 atque

635 1396 945 1451 sublimium
971 1398 1355 1467 mysteriorum
1379 1398 1856 1466 contemplatrices
1888 1405 2205 1467 mysusque

635 1496 692 1540 et
742 1497 1085 1557 mystagugas
1120 1486 1237 1542 illas
1283 1488 1465 1543 cilicii.
1503 1486 1670 1543 Stude
1715 1489 1880 1560 igitur
1929 1488 2207 1544 laboribus

642 1592 913 1631 summam
982 1580 1267 1647 acquirere
1326 1580 1655 1647 puritatent,
1712 1588 1765 1633 et
1824 1579 2038 1633 illorum
2090 1595 2210 1646 quae

638 1668 876 1723 diximus
909 1668 1349 1740 adimpletionem
1382 1668 1491 1724 Deo
1525 1680 1729 1740 gratam
1763 1670 1817 1723 in
1853 1671 2023 1737 teipso
2057 1671 2206 1725 clare

636 1759 868 1815 videbis.

716 1850 808 1905 2|.
843 1850 1011 1906 Primi
1051 1851 1275 1909 luminis
1326 1852 1723 1909 illustrationes
1776 1854 1974 1908 animis
2022 1854 2206 1923 purilio

640 1944 779 1996 catis
809 1958 902 2011 per
928 1942 1209 1997 scientiam
1244 1943 1588 2013 aiiulgentes,
1627 1960 1735 1999 non
1782 1945 1957 1999 solum
1989 1959 2082 1999 eas
2112 1946 2209 1999 bo-

640 2045 740 2085 uas
773 2033 1092 2101 lncidasquc
1126 2033 1381 2097 reddunt,
1435 2034 1529 2088 sed
1582 2035 1745 2089 etiam
1783 2050 1878 2103 per
1924 2036 2207 2105 physicam

640 2119 1151 2188 contemplationem
1202 2120 1256 2173 in
1305 2120 1619 2189 spiritttales
1666 2122 1835 2175 caelos
1883 2123 2208 2190 perducunt.

640 2206 828 2277 Neque
869 2209 959 2262 hic
991 2218 1239 2262 moratur
1268 2212 1319 2262 in
1351 2211 1431 2265 eis
1459 2209 1643 2264 divina
1674 2212 1943 2280 operatio,
1973 2212 2067 2265 sed
2102 2212 2209 2266 huc

643 2310 818 2363 usque
853 2296 1119 2365 pervenit,
1164 2295 1343 2363 quoad
1389 2296 1481 2349 uni
1529 2294 1637 2350 Deo
1681 2297 1942 2350 uuiantur
1977 2312 2071 2365 per
2108 2313 2199 2350 sa-

642 2385 898 2454 pientiam
951 2395 999 2440 et
1035 2384 1351 2439 abditorum
1406 2386 1690 2441 scientiam
1720 2428 1735 2451 ,
1770 2394 1823 2441 et
1852 2389 1904 2441 in
1940 2403 2005 2443 eo
2053 2389 2204 2457 plura

648 2490 771 2530 esse
802 2476 1139 2541 desinentes,
1170 2476 1300 2545 quid
1337 2492 1502 2530 unum
1532 2478 1683 2531 iiaut.

712 2591 802 2646 22.
832 2591 1071 2645 Primum
1104 2602 1319 2661 oportet
1367 2606 1466 2647 nos
1501 2594 1613 2646 ﬁeri
1668 2608 1763 2661 per
1797 2595 1935 2647 viain
1966 2593 2209 2662 purgati-

643 2700 764 2737 vam
793 2697 959 2752 puros
999 2692 1052 2735 et
1090 2682 1322 2737 mundos
1359 2697 1389 2736 a
1418 2682 1621 2736 carnali
1671 2684 2064 2753 cogitationum
2117 2701 2210 2737 ne-

644 2776 813 2843 qnitia
840 2814 853 2836 ,
883 2773 1077 2827 deinde
1104 2772 1563 2828 intellectualibus
1594 2774 1775 2828 oculis
1803 2774 2017 2828 lucidos
2063 2774 2197 2828 eilici

649 2879 742 2933 per
777 2864 936 2916 aliam
977 2863 1115 2916 viam
1148 2879 1243 2917 seu
1279 2864 1716 2929 illuminativam,
1740 2879 1860 2934 quae
1890 2879 1983 2932 per
2020 2866 2209 2933 mysti-

647 2968 765 3007 cam
800 2966 851 3006 et
892 2954 945 3008 in
984 2952 1089 3007 Deo
1119 2953 1493 3008 absconditam
1527 2954 1808 3023 perﬁcitur
1844 2944 2223 3023 sapientiam:

647 3044 832 3113 sicque
855 3045 1145 3098 ascendere
1175 3044 1228 3098 in
1261 3059 1541 3097 sacrarum
1571 3046 1917 3099 scientiarum
1942 3045 2194 3114 cognitio-

2301 605 2391 657 ρος
2447 590 2527 649 είς
2581 585 2921 655 φωτοχυσίαν
2972 585 3333 655 ὑπάρχουσα,
3397 586 3706 653 φωτοειδείς
3770 590 3864 650 τὰς

2299 680 2495 749 ψυχὰς,
2517 680 2573 731 ὲν
2604 672 2690 740 αἷς
2718 676 2783 729 ἀν
2833 677 2921 730 διὰ
2957 676 3330 745 καθαρότητος
3365 676 3608 746 γένηται,
3644 677 3868 747 θεοπρε-

2304 770 2417 834 πῶς
2446 771 2835 839 ἀπεργάζεται,
2871 768 2966 820 καὶ
3026 766 3224 837 πληροῖ
3269 767 3469 829 ταύτας
3499 769 3739 839 εἰρήνης,
3765 785 3865 835 γα-

2303 861 2491 931 λήνης,
2525 862 2720 929 χαρᾶς,
2755 859 2947 927 σοφίας
2973 858 3238 927 ἀρρήτου,
3269 858 3363 910 καὶ⁵
3387 856 3597 919 τελείας
3626 858 3864 925 ἀγάπης.

2368 949 2437 1005 κ’.
2478 950 2543 1003 Ἦ
2569 951 2661 1003 τοῦ
2697 948 2840 1001 θείου
2873 946 3049 1015 φωτὸς
3078 947 3351 1015 παρουσία
3383 948 3527 1017 ἁπλῆ
3565 950 3659 1002 καὶ
3694 950 3867 1002 ἐνιαία

2297 1040 2453 1107 οὖσα,
2484 1044 2618 1113 πρὸς
2642 1040 2842 1111 ἑαυτὴν
2892 1040 3113 1107 συνάγει
3141 1039 3242 1101 τὰς
3275 1039 3535 1110 μετόχους
3565 1041 3734 1107 αὐτῆς
3764 1040 3867 1109 ψυ-

2300 1137 2420 1207 χὰς,
2453 1135 2549 1188 καὶ
2586 1135 2669 1201 ἐφ’
2717 1132 2918 1201 ἑαυτὴν
2962 1132 3301 1207 ἐπιστρέφει,
3342 1131 3453 1182 ἑνοῖ
3498 1146 3558 1182 τε
3590 1130 3757 1191 αὑτάς
3800 1134 3864 1202 τῇ

2302 1147 2420 1207 χας,
2453 1147 2549 1188 και
2586 1147 2669 1201 αφ’
2717 1147 2918 1201 εαυτην
2962 1147 3225 1200 επιστρεφ
3263 1147 3301 1194 ι,
3342 1147 3451 1182 ενοι
3498 1147 3558 1182 τε
3590 1147 3757 1191 αυτας
3800 1147 3864 1202 τι

2302 1226 2497 1294 ἑαυτῆς
2550 1223 2784 1291 ἑνότητι,
2821 1221 2914 1273 καὶ
2956 1220 3153 1272 τελειοῖ
3196 1147 3261 1287 1%
3302 1219 3502 1285 ἑαυτῆς
3547 1218 3865 1289 τελειότητι,

2300 1317 2395 1370 καὶ
2432 1314 2567 1385 πρὸς
2594 1313 2732 1383 βάθη
2766 1310 2903 1364 Θεοῦ
2952 1310 3145 1378 ἀνάγει
3178 1309 3237 1362 τὸ
3275 1310 3375 1379 τῆς
3405 1309 3643 1372 διανοίας
3691 1310 3871 1363 αὐτῶν

2301 1406 2547 1469 όπτικδν,
2576 1404 2672 1457 καὶ
2710 1401 3027 1473 μυστηρίων
3066 1400 3324 1470 μεγάλων
3365 1400 3606 1470 θεωροὺς
3640 1401 3735 1454 καὶ
3766 1400 3869 1470 μύ-

2304 1497 2485 1560 στιδας
2518 1495 2611 1549 καὶ
2668 1492 3061 1565 μυσταγωγοὺς
3096 1492 3264 1554 αὑτὰς
3312 1491 3706 1561 ἀπεργάζεται.
3760 1493 3847 1546 Kc

2301 1590 2565 1662 θαρθῆναι
2596 1587 2688 1640 οῦν
2739 1584 3030 1656 βουλὴθητι
3062 1584 3149 1637 διὰ
3180 1585 3356 1636 πόνων
3408 1584 3489 1646 είς
3542 1583 3728 1652 ἀκρον,
3776 1581 3871 1635 καὶ

2300 1680 2420 1751 ὕψει
2452 1680 2561 1733 τῶν
2580 1676 2891 1748 λεγομένων
2924 1680 2983 1730 ὲν
3011 1675 3095 1728 σοὶ
3128 1673 3397 1744 εναργῶς,
3432 1674 3531 1746 τὴν
3559 1673 3678 1745 Θεῷ
3711 1673 3869 1744 φίλην

2239 1785 2281 1839 3
2301 1770 2602 1841 ἐνέργειαν.

2373 1866 2479 1914 καθ.
2520 1860 2583 1912 Al
2608 1857 2892 1927 γινόμεναι
2920 1855 3010 1909 διὰ
3038 1854 3294 1920 γνώσεως
3323 1853 3459 1925 πρὸς
3483 1854 3579 1918 τὰς
3600 1854 3873 1927 κεκαθαρ-

2305 1948 2471 2018 μένας
2505 1948 2682 2017 ψυχάς
2701 1946 2993 2016 ὲλλάμψεις
3024 1944 3118 1997 τοῦ
3142 1942 3361 2014 πρώτου
3386 1944 3583 2011 φωτὸς,
3624 1944 3684 1997 οὐ
3711 1946 3873 2014 μόνον

2303 2038 2472 2100 αὑτάς
2505 2037 2836 2105 άγαθύνουσι
2902 2037 2998 2089 καὶ
3074 2033 3385 2103 φωοειδείς
3446 2034 3870 2105 ἀπεργάζονται,

2302 2130 2437 2187 ἀλλά
2477 2132 2570 2184 καὶ
2594 2129 2855 2195 ἀνάγουσι
2888 2128 2975 2181 διὰ
3006 2125 3244 2196 φυσικῆς
3273 2124 3508 2195 Θεωρίας
3538 2126 3615 2189 είς
3648 2127 3873 2196 νοητοὺς

2306 2222 2566 2290 οὐρανούς
2581 2235 2596 2253 ·
2630 2221 2724 2271 καὶ
2747 2220 2867 2272 οὐδὲ
2886 2217 3028 2273 οὕτω
3056 2217 3282 2280 ταύταις
3301 2217 3372 2270 τὰ
3394 2220 3493 2285 τῆς
3515 2218 3665 2282 θείας
3693 2220 3871 2272 ἵσταν-

2303 2323 2392 2360 ται
2416 2306 2723 2377 ἐνεργείας,
2757 2308 2871 2360 ἀλλ’
2895 2309 3000 2372 ἕως
3042 2309 3160 2381 εκεῖ
3196 2307 3446 2379 τελευτᾷ,
3480 2308 3672 2377 μέχρις
3707 2309 3773 2362 ἂν
3800 2309 3877 2380 τῷ

2304 2397 2385 2451 lvi
2416 2396 2507 2452 διὰ
2531 2397 2725 2465 σοφίας
2758 2397 3020 2463 ἐνωθῶσι,
3054 2398 3149 2451 καὶ
3173 2396 3433 2466 γνώσεως
3459 2398 3568 2451 τῶν
3600 2399 3877 2470 ἀρρήτων,

2304 2488 2401 2546 καὶ
2428 2490 2486 2545 ιν
2514 2492 2638 2546 ἀντὶ
2666 2491 2878 2545 πολλῶν
2905 2494 2963 2546 ὲν
2987 2491 3138 2563 αὐτῷ
3162 2492 3450 2561 γένωνται.

2374 2582 2478 2653 κβ¹.
2515 2582 2720 2653 Πρῶτα
2771 2584 2903 2656 μιν,
2956 2584 3180 2654 ἀμιγεῖς
3234 2588 3330 2639 καὶ
3380 2586 3680 2651 ἀϐολὼτους
3731 2588 3879 2658 ἡμᾶς

2307 2678 2414 2747 χρὴ
2469 2679 2744 2745 γενέσθαι,
2793 2678 2883 2731 sta
2939 2677 3282 2748 καθαρτικῆς
3332 2678 3559 2745 τάξεως,
3611 2679 3723 2733 ἀπὸ
3780 2681 3879 2749 τῆς

2306 2766 2575 2837 προσύλου
2618 2768 2819 2831 κακίας
2845 2766 2956 2822 τῶν
2998 2767 3229 2837 νοητῶν,
3273 2761 3391 2821 εἶτα
3431 2767 3877 2837 πεφωτισμένους

2304 2858 2399 2911 καὶ
2428 2858 2777 2929 ἀειλαμπεϊς,
2802 2857 2871 2911 δι’
2906 2858 3104 2928 ἐτέρας
3134 2858 3344 2925 τάξεως
3388 2860 3489 2929 τῆς
3519 2858 3875 2927 φωτιστικῆςο

2306 2951 2431 3011 τοὺς
2458 2950 2681 3020 νοεροὺς
2750 2950 3103 3019 ὀφθαλμοὺς,
3165 2952 3287 3020 ἣτις
3319 2950 3409 3004 διὰ
3454 2951 3555 3021 τῆς
3612 2950 3880 3021 μυστικῆς

2309 3042 2559 3107 τελεῖται,
2596 3044 2688 3094 καὶ
2723 3045 2779 3095 ὲν
2817 3041 2937 3113 Θεῷ
2983 3042 3373 3113 κεκρυμμένης
3405 3043 3617 3110 σοφίας,
3663 3041 3756 3094 καὶ
3792 3037 3883 3093 οὗ·

650 3150 773 3190 nem
811 3150 947 3187 nova
974 3144 1028 3188 et
1054 3144 1235 3189 vetera
1278 3149 1372 3203 per
1420 3135 1645 3187 verbum
1682 3135 2008 3190 habentibus
2047 3148 2209 3188 aures

2306 3148 2412 3195 τως
2443 3132 2781 3204 ἀναδραμεῖν
2811 3134 2891 3197 είς
2919 3133 3019 3202 τὴν
3039 3134 3148 3186 τῶν
3182 3132 3346 3203 ιερῶν
3376 3132 3633 3201 γνὼσεων
3660 3130 3884 3202 trctari}.

650 3226 1072 3287 ministrantem,
1103 3236 1152 3278 et
1179 3226 1506 3295 participare
1538 3225 1657 3279 aliis
1682 3226 2033 3280 absconditas
2066 3226 2211 3280 illius

652 3318 913 3386 my~ticas
963 3316 1355 3384 cogitationes,
1399 3317 1499 3369 has
1529 3316 1781 3371 videlicet
1815 3318 1868 3369 in
1902 3318 2016 3385 pias
2048 3332 2211 3371 aures

651 3407 965 3470 derivando,
1002 3418 1054 3463 et
1087 3408 1156 3462 ab
1198 3406 1689 3475 imperfectioribus
1732 3409 2065 3462 removendo
2092 3451 2104 3472 ,
2144 3417 2211 3462 ut

654 3513 761 3552 non
791 3498 989 3551 dentur
1020 3507 1206 3552 sancta
1252 3498 1517 3561 canibus,
1566 3514 1666 3553 nec
1714 3501 2009 3568 margarita
2056 3501 2211 3555 verbi

652 3589 974 3657 projiriatur
1030 3597 1154 3642 ante
1186 3588 1391 3644 similes
1439 3588 1621 3658 porcis
1667 3589 1878 3646 animas
1931 3606 2051 3662 qua:
2091 3606 2213 3647 eam

650 3681 892 3735 inutilem
931 3680 1237 3735 redderent.
1535 3701 1539 3705 -

718 3858 811 3913 23.
856 3858 991 3913 Cum
1032 3856 1229 3927 aliquis
1259 3856 1509 3913 ardorem
1535 3870 1648 3911 sua
1681 3858 1879 3912 animae
1918 3858 1973 3911 in
2030 3857 2216 3913 since-

2308 3242 2416 3295 μην
2464 3225 2563 3294 τὴν
2589 3227 2657 3279 τὰ
2684 3226 2800 3291 νέα,
2834 3225 2930 3279 καὶ
2967 3225 3036 3278 τά
3075 3225 3283 3278 παλαιά
3328 3226 3417 3279 διὰ
3445 3225 3540 3279 τοῦ
3570 3224 3730 3291 λόγου
3770 3224 3883 3286 τοῖς

2303 3316 2518 3387 ῐχουσιν
2544 3312 2657 3371 ὦτα
2678 3319 3065 3383 διακονοῦσαν,
3082 3319 3181 3373 καὶ
3212 3312 3599 3389 μεταδοτικοὶις
3624 3316 3885 3385 γενέσθαι

2304 3409 2412 3462 τῶν
2451 3411 2853 3482 κεκρυμμένων
2898 3413 3068 3483 αὐτῆς
3116 3411 3409 3482 μυστικῶν
3438 3410 3753 3481 νοημάτων,
3804 3407 3887 3470 είς

2306 3499 2611 3568 ἀϐεὸἠλους
2639 3502 2780 3555 αὑτά
2810 3501 3053 3571 δηλονότι
3090 3500 3546 3578 μετοχετεύοντας
3574 3498 3765 3560 ἀκοάς,
3792 3495 3885 3550 καὶ

2304 3590 2413 3643 ἀπὸ
2434 3590 2544 3643 τῶν
2576 3592 2950 3663 ἀτελεστέρων
2979 3592 3413 3655 διαστέλλοντας,
3442 3591 3530 3643 ἵνα
3562 3589 3638 3660 μὴ
3666 3588 3734 3642 τὰ
3755 3587 3887 3655 huc

2308 3681 2527 3734 δίδωται
2560 3685 2669 3746 τοῖς
2718 3685 2844 3736 κυσὶ
2870 3724 2883 3747 ,
2927 3684 3061 3755 μηδὲ
3107 3686 3135 3736 ὁ
3188 3681 3537 3753 μαργαρίτης
3584 3679 3677 3733 τοῦ
3722 3678 3887 3745 λόγου

2321 3774 2586 3845 βάλληται
2619 3777 2699 3838 είς
2721 3776 3001 3848 χοιρὼδεις
3029 3777 3209 3847 ψυχὰς
3233 3775 3329 3838 τὰς
3354 3772 3676 3845 ἀχρειούσας
3701 3770 3886 3825 αὐτόν.

2383 3874 2489 3935 κΥ¹ο
2530 3867 2697 3921 Ὅταν
2725 3885 2810 3933 τις
2839 3870 2900 3922 τὸ
2928 3868 3192 3939 διάπυρον
3221 3865 3388 3921 αὑτοῦ
3416 3866 3516 3935 τῆς
3558 3863 3733 3932 ψυχῆς
3762 3862 3890 3931 περὶ

651 3962 766 4003 ram
802 3948 959 4002 lldem
1002 3947 1204 4018 Deique
1228 3948 1546 4003 charitatem
1578 3962 1829 4003 crescere
1864 3949 2039 4012 videt,
2074 3958 2203 4005 tunc

2315 3960 2415 4029 τὴν
2456 3960 2763 4013 ἐνδιάθετον
2807 3959 2990 4014 πίστιν
3028 3961 3127 4030 ὁρᾷ
3169 3957 3592 4025 πλατυνόμενον,
3652 3953 3749 4006 καὶ
3791 3950 3889 4021 τὴν

654 4038 793 4091 sciat
825 4035 950 4090 ierri
984 4037 1037 4088 in
1070 4036 1251 4103 seipso
1300 4035 1576 4090 Christum
1599 4075 1615 4101 ,
1664 4036 1756 4107 qui
1795 4037 1860 4091 de
1890 4044 2035 4091 terra
2065 4047 2119 4092 et
2151 4040 2210 4094 de

2311 4051 2397 4104 τοῦ
2429 4050 2564 4104 Θεοῦ
2595 4054 2838 4123 ἀγάπην,
2873 4052 2994 4109 τότε
3035 4054 3273 4121 Χριστὸν
3323 4046 3683 4119 ἐπιφέρεσθαι
3724 4062 3889 4112 γινω·

651 4127 955 4179 visibilibus
990 4127 1147 4194 erigit
1179 4126 1355 4194 ipsius
1382 4128 1617 4181 animam
1644 4164 1658 4190 ,
1694 4128 1856 4197 eique
1893 4129 1978 4181 \in
2037 4133 2209 4183 caelos

2318 4144 2495 4197 σκέτω
2530 4144 2589 4196 ὲν
2632 4145 2830 4214 ἐαυτῷ,
2873 4144 2972 4217 τὴν
3018 4145 3125 4198 ἀπὺ
3162 4144 3267 4211 γῆς
3317 4144 3411 4197 καὶ
3454 4142 3561 4195 τῶν
3593 4138 3889 4209 ὁρωμένων

657 4220 1039 4273 habitationem
1074 4227 1245 4286 parat.
1274 4218 1405 4271 Cum
1435 4227 1616 4272 autem
1665 4218 1856 4288 repleri
1896 4220 2091 4288 gaudio
2123 4234 2219 4275 cor

658 4326 817 4364 suum
852 4309 1103 4381 advertit,
1130 4316 1180 4360 et
1208 4308 1595 4377 concupiscere
1628 4307 1814 4363 abdita
1866 4310 1918 4361 itt
1960 4323 2222 4377 compun-

667 4402 845 4454 ctione
874 4398 963 4453 Dei
995 4401 1158 4461 bona,
1187 4408 1316 4452 tunc
1346 4399 1484 4454 sciat
1514 4413 1572 4453 se
1598 4413 1628 4450 a
1654 4399 1839 4455 divino
1874 4400 2079 4468 Spiritu
2103 4414 2222 4455 esse

657 4492 994 4546 instinctum.
1074 4491 1207 4545 Cum
1278 4505 1401 4545 vero
1473 4489 1679 4561 lumine
1752 4490 2005 4545 ineli‘abili
2064 4506 2217 4547 suam

660 4583 851 4650 repleri
901 4589 1131 4633 mentem
1182 4582 1347 4635 sentit
1388 4590 1441 4634 et
1486 4580 1911 4649 cogitationibus
1938 4582 2218 4649 sapientia:

660 4671 994 4739 superioris,
1074 4674 1223 4736 ltunc
1306 4670 1445 4724 sciat
1520 4668 1783 4724 Paracleti
1858 4673 2085 4740 gratiam
2162 4674 2214 4725 in

672 4774 821 4814 suam
879 4759 1089 4812 infundi
1139 4760 1398 4822 animam,
1462 4757 1528 4812 ad
1590 4758 1935 4813 revelandum
1982 4760 2217 4814 abscon-

659 4850 801 4903 ditos
850 4850 902 4902 in
945 4863 1010 4901 eo
1044 4850 1327 4902 thesauros
1382 4848 1530 4917 regni
1566 4848 1851 4917 cmlorum,
1891 4858 1945 4904 et
2001 4866 2120 4905 sese
2160 4859 2217 4905 ut

660 4939 755 4992 Dei
790 4939 1048 5007 palatium
1082 4947 1134 4992 et
1163 4938 1414 5006 templum
1451 4936 1686 5007 Spiritus
1718 4939 1891 4992 sancti
1916 4938 2203 5008 diligenter

660 5031 950 5083 custodiat.

734 5426 823 5481 ει.
859 5426 935 5479 Ad
987 5423 1307 5479 servandum
1344 5422 1690 5475 absconditos
1720 5421 1961 5491 Spiritus
1997 5421 2220 5474 thesau-

667 5537 779 5583 ros,
814 5519 1112 5571 vacandum
1142 5524 1222 5569 est
1252 5532 1279 5569 a
1314 5517 1473 5567 robus
1506 5516 1771 5577 humanis,
1811 5516 1953 5583 quod
2004 5514 2221 5581 proprie

670 5614 904 5678 quit-tem
953 5610 1091 5662 ratio
1138 5616 1314 5664 vocat.
1370 5606 1489 5658 llaec
1544 5614 1721 5659 autem
1776 5605 1929 5673 quies
1983 5619 2219 5658 amorem

668 5702 948 5755 citat-itatis
994 5700 1082 5752 Dei
1137 5714 1197 5751 ex
1270 5698 1531 5751 munditia
1594 5696 1772 5749 cordis
1830 5706 1884 5747 et
1937 5695 2223 5748 dulcedine

628 5792 632 5808 λ
674 5791 1114 5861 compuuctiOnis
1152 5789 1523 5845 vehementius
1556 5787 1873 5852 accendens,
1909 5786 2066 5841 solvit
2105 5788 2223 5839 ani-

2312 4235 2646 4306 ἐνεργοῦντα
2670 4237 2949 4305 ἀνύψωσιν
2982 4238 3080 4307 τῆς
3108 4234 3275 4290 αὐτοῦ
3308 4235 3517 4304 ψυχῆς,
3549 4232 3641 4285 καὶ
3669 4232 3750 4293 είς
3794 4231 3889 4283 0'5.-

2312 4326 2508 4397 ρανοὺς
2537 4326 2633 4396 τὴν
2682 4327 2853 4396 αὐτῆς
2888 4322 3249 4395 ἑτοιμάζοντα
3281 4323 3567 4378 κατοικίαν
3590 4338 3603 4351 ·
3651 4322 3780 4373 ὅταν
3831 4317 3888 4372 δὶ

2308 4421 2483 4491 χαρᾶς
2529 4419 2872 4489 πληροῦσθαι
2901 4421 3001 4487 τὴν
3036 4418 3203 4471 αὐτοῦ
3245 4416 3469 4485 καρδίαν
3499 4415 3757 4482 κατανοῇ,
3791 4413 3888 4466 καὶ

2310 4510 2370 4563 ιν
2405 4509 2677 4580 ἐπιθυμίᾳ
2708 4508 2959 4577 γίνεσθαι
2999 4508 3104 4560 τῶν
3145 4506 3476 4577 ἀπορρήτων
3509 4506 3566 4558 ἂν
3595 4502 3888 4568 κατανύξει

2309 4598 2406 4655 τοῦ
2438 4600 2576 4654 Θεοῦ
2612 4601 2859 4669 ἀγαθῶν,
2899 4603 3023 4654 τότε
3055 4599 3209 4663 εἰδὼς
3248 4598 3391 4651 ἔστω
3420 4598 3525 4650 ὑπὸ
3559 4597 3705 4649 θείου
3732 4597 3889 4664 ἔνερ-

2280 4748 2283 4751 λ
2309 4693 2571 4762 γούμενον
2604 4692 2793 4745 ἑαυτὸν
2824 4692 2965 4745 Πνεύ
2975 4710 3144 4763 ματος
3161 4708 3176 4722 ·
3203 4692 3332 4745 ὅταν
3356 4690 3411 4742 δὲ
3443 4689 3619 4758 φωτὸς
3643 4689 3887 4758 ἀρρήτου

2314 4783 2695 4855 πληρούμενον
2728 4784 2983 4851 αἴσθηται
3012 4784 3103 4836 τὸν
3142 4781 3339 4836 ἑαυτοῦ
3370 4780 3518 4843 νοῦν,
3556 4780 3649 4833 καὶ
3679 4777 3890 4847 νοημά-

2311 4887 2419 4924 των
2448 4872 2641 4939 σοφίας
2661 4872 2759 4939 τῆς
2783 4872 3117 4941 κρείττονος,
3141 4871 3262 4923 τότε
3289 4870 3443 4924 ἰδέτω
3462 4869 3561 4939 τὴν
3588 4866 3888 4937 ἐπιδημίαν

2312 4960 2452 5016 εἶναι
2484 4966 2578 5017 καὶ
2604 4964 2851 5032 γίνεσθαι
2887 4964 2981 5017 τοῦ
3014 4964 3374 5035 Παρακλήτου
3422 4966 3479 5017 ὲν
3515 4965 3582 5033 τῇ
3611 4960 3760 5031 ψυχῇ
3787 4960 3887 5011 αὖ-

2310 5054 2427 5120 τοῦ,
2456 5056 2538 5119 εις
2580 5055 2888 5125 φανέρωσιν
2932 5055 3041 5109 τῶν
3071 5044 3477 5126 κακρυμμένων
3508 5055 3564 5107 ἐν
3609 5053 3759 5123 αὐτῷ
3792 5049 3887 5120 θη-

2313 5148 2533 5218 σαυρῶν
2574 5149 2675 5217 τῆς
2708 5147 2985 5218 βασιλείας
3018 5148 3129 5201 τῶν
3176 5147 3443 5217 οὐρανῶν,
3483 5148 3577 5199 καὶ⁵
3609 5146 3684 5211 ὼς
3714 5145 3888 5199 παλά-

2314 5260 2426 5295 τιον
2467 5241 2603 5295 Θεοῦ
2656 5242 2750 5294 καὶ
2791 5241 3217 5311 κατοικητήριον
3250 5238 3589 5310 Πνεῦματος,
3640 5236 3889 5310 ἀκριϐῶς

2311 5336 2501 5389 ἑαυτὸν
2533 5335 2871 5404 φυλαττέτω.

2383 5427 2479 5482 κδ’.
2509 5427 2573 5479 Ἡ
2599 5426 2813 5495 φυλακὴ
2832 5426 2939 5478 τῶν
2966 5426 3301 5493 άποκρόφων
3321 5425 3414 5477 τοῦ
3443 5418 3760 5493 Πνεῦματος
3787 5422 3889 5491 θη-

2315 5517 2551 5588 σαυρῶν,
2580 5520 2611 5586 ἡ
2636 5517 2799 5586 σχολὴ
2825 5516 2933 5568 τῶν
2950 5516 3317 5585 ’ἀνθρωπίνων
3350 5517 3687 5585 πραγμάτων
3713 5516 3887 5579 ἐστὶν,

2312 5610 2380 5679 ἢν
2402 5610 2604 5677 κυρίως
2628 5610 2719 5661 καὶ
2737 5609 2968 5677 ἡσυχίαν
2989 5610 3016 5661 ό
3033 5608 3189 5675 λόγος
3210 5608 3380 5659 καλεῖ.
3403 5605 3549 5676 Αὕτη
3571 5607 3626 5658 δὲ
3650 5606 3739 5658 τὸν
3759 5605 3891 5675 ἔρω·

2312 5717 2381 5753 τα
2398 5702 2492 5767 τῆς
2512 5700 2604 5752 τοῦ
2622 5700 2756 5751 Θεοῦ
2782 5699 3023 5768 ἀγάπης,
3049 5702 3111 5751 ὲκ
3147 5698 3511 5768 καθαρότητος
3534 5696 3758 5765 καρδίας
3790 5698 3891 5753 καὶ

2316 5791 2505 5859 ἡδονῆς
2538 5790 2902 5854 κατανύξεως,
2935 5790 3290 5859 σφοδρότερον
3325 5789 3733 5851 ὲπανὰπτουσα,
3768 5785 3891 5842 λύει
