4126 6338
222 408 329 470 965
1064 392 1613 458 GNOSTICORUM
1646 392 1978 455 CAPITUM
2016 397 2405 458 CENTURIA
2439 395 2555 458 III.
3338 400 3446 462 966

219 518 321 587 τὴν
339 514 519 586 ψυχὴν
545 511 654 566 τῶν
683 510 899 581 δεσμῶν
920 508 1029 561 τῶν
1059 506 1383 577 αἰσθήσεων,
1396 504 1490 559 καὶ
1517 506 1625 575 τὴν
1638 503 1784 557 ιλευ-

1902 523 2033 562 mam
2069 523 2099 562 a
2128 510 2358 565 vinculis
2390 525 2646 566 sensuum
2674 549 2690 575 ,
2720 523 2950 579 eamque
2998 508 3188 565 invitat
3237 512 3302 566 ad
3338 532 3448 567 ant-

222 609 413 680 θερίαν
442 606 621 660 πείθει
653 602 763 656 τῶν
791 589 1009 671 τρίπων
1030 595 1392 679 ἀσπάζεσθαι.
1410 595 1523 658 Τὰς
1548 595 1604 648 δὲ
1626 593 1789 647 δυνά-

1902 600 2221 655 ηεσιειιᾱεω
2263 602 2382 654 vitae
2405 601 2737 657 libertatem.
2765 598 2910 655 Illius
2940 611 3120 655 autem
3152 601 3439 661 facultates

226 714 348 770 μεις
375 697 547 766 αὐτῆς
582 692 1027 765 μεταστρέψασα,
1062 688 1196 762 πρὸς
1216 687 1276 741 τὸ
1301 685 1444 741 κατά
1473 684 1636 755 φύσιν
1663 686 1794 738 ἀνα-

1902 706 2175 747 :onversas
2201 693 2269 747 ad
2300 698 2503 745 motum
2542 691 2838 744 naturalem
2866 704 3103 753 revocat.
3134 693 3185 747 in
3212 703 3452 749 stat-un-

222 790 491 854 καλεῖται,
536 790 631 841 καὶ
678 788 780 858 τὴν
836 784 1070 856 ἀρχαίαν
1120 782 1309 844 αὐταῖς
1348 778 1793 834 ἀποκατάστασιν

1902 798 1993 851 ιιιε
2023 792 2290 838 restaurat
2328 783 2643 853 pristinum,
2679 790 2738 836 ut
2779 783 2912 836 nihil
2960 785 3086 839 mali
3119 785 3448 853 exprobrari

221 883 437 938 δίδωσιν
462 881 542 945 είς
566 880 627 934 τὸ
662 878 737 951 μὴ
764 878 960 939 κακίας
988 873 1130 930 εἷναί
1163 874 1227 930 τι
1245 874 1551 944 κατήγορον
1574 870 1654 943 τῷ
1685 872 1793 942 Δη-

1902 874 2063 943 possit
2086 873 2331 927 Creatori
2374 875 2640 929 bonorum
2693 887 2757 927 ex
2792 887 2857 927 eo
2901 874 3047 944 quod
3097 876 3151 929 in
3205 877 3452 932 deterius

227 972 476 1046 μιουργῷ
502 974 610 1025 τῶν
638 970 819 1025 καλῶν
844 970 907 1022 ὲκ
930 972 1030 1039 τῆς
1060 970 1151 1021 ἐπὶ
1176 967 1237 1020 τὺ
1259 968 1441 1036 χεῖρον
1462 967 1561 1035 τῆς
1587 962 1796 1027 εἰκόνος

1909 977 2067 1034 mago
2099 963 2217 1033 ejus
2242 962 2561 1019 deflectatur
2585 974 2639 1018 et
2672 974 2815 1019 ruat.

227 1062 592 1135 παρατροπῆς
620 1060 714 1114 καὶ
743 1060 1032 1127 κινήσεως.

304 1161 405 1209 κε’.
436 1153 533 1215 Et;
565 1151 666 1221 τὴν
697 1150 850 1221 ίερὰν
878 1148 1105 1218 ταύτην,
1133 1145 1229 1200 καὶ
1256 1142 1731 1210 θεῶν’τελείωσιν,
1762 1144 1799 1216 ἡ

228 1246 451 1315 εῦλοτος
482 1241 673 1309 ἀνάγει
706 1240 801 1294 καλ⁸
838 1238 1158 1308 ἐπιστήμων
1188 1233 1428 1306 φαιδρῶς
1456 1233 1675 1306 ἡσυχία,
1712 1232 1799 1299 ιξ-

228 1332 548 1403 ασκουμινη
594 1326 831 1400 δηλαδὴ,
867 1327 961 1379 καὶ
1004 1322 1378 1395 μετερχομένη
1421 1324 1684 1393 νομίμως.
1735 1321 1799 1375 ΕΙ

227 1428 275 1482 δ’
304 1427 404 1479 οὐκ
434 1427 515 1487 εἰς
561 1419 814 1476 τοσοῦτον
842 1419 942 1487 τὴν
982 1415 1255 1485 ἀνύψωσιν
1286 1414 1436 1486 ἔσχε,
1465 1417 1559 1468 καὶ
1586 1415 1684 1486 τὴν
1706 1430 1799 1467 τε-

229 1516 448 1571 λείωσιν
478 1516 506 1568 ὀ
537 1512 711 1568 δοκῶν
738 1509 1051 1581 ἡσυχάζειν,
1091 1508 1200 1578 ἄρα
1240 1509 1339 1579 τὴν
1368 1506 1561 1577 νοητὴν
1592 1507 1691 1559 οὐκ
1720 1506 1798 1560 ἔτι

231 1613 331 1668 καὶ
354 1610 569 1666 τελείαν
608 1606 881 1680 ἡσύχασεν
931 1603 1194 1676 ἡσυχίαν·
1225 1602 1342 1656 ἀλλ’
1386 1600 1505 1654 οὐδὲ
1543 1599 1803 1671 ἡσυχάσει

236 1702 349 1758 ἀπὸ
377 1698 653 1770 τῆςΊνδον
684 1695 853 1766 ζάλης
879 1694 988 1747 τῶν
1017 1690 1333 1745 άκαθὲκτων
1360 1687 1569 1749 παθῶν,
1602 1688 1706 1751 ἕως
1737 1687 1803 1740 ἂν

238 1798 321 1861 είς
339 1793 496 1848 τοῦτο
524 1790 814 1862 άναδράμῃ
843 1787 904 1840 τὸ
935 1784 1069 1855 ὕψος
1087 1801 1102 1816 ·
1139 1783 1297 1854 μόνον
1326 1780 1381 1835 δὲ
1406 1782 1467 1835 τὸ
1507 1780 1666 1850 σῶμα,
1692 1779 1803 1833 τοι-

238 1904 360 1960 χοις
413 1881 872 1956 περιωρισμένον,
903 1876 936 1950 ἢ
970 1878 1153 1940 ὀπαῖς,
1200 1874 1294 1928 καὶ
1346 1872 1630 1942 σπηλαίοις
1671 1870 1803 1938 ἔξει,

242 1978 351 2033 ὑπὸ
376 1975 456 2031 νοῒ
487 1976 706 2044 ἀτάκτῳ
729 1970 826 2025 καὶ
863 1969 1202 2037 πλανωμένῳ
1233 1960 1715 2034 κατατριὸὀμενον.

301 2139 416 2199 κς’.
455 2132 635 2203 Ψυχαὶ
669 2133 725 2187 αἱ
767 2132 846 2197 είς
892 2134 1062 2202 ἀκρον
1102 2132 1367 2186 ἐλάσασαι
1409 2135 1796 2206 καθαρότητος,

228 2223 329 2280 καὶ
360 2226 439 2287 είς
481 2221 615 2292 ὕψος
658 2221 1067 2292 ἀναδραμοῦσαι
1115 2222 1257 2293 μέγα
1293 2224 1481 2291 σοφίας
1534 2224 1628 2277 καὶ
1662 2224 1800 2292 γνώ-

228 2334 393 2380 σεως,
421 2317 530 2380 τοῖς
564 2310 848 2386 Χερουϐὶμ
885 2314 1126 2369 ἐοίκασιν
1164 2314 1385 2384 ἀμέσως
1417 2332 1556 2381 πως,
1584 2315 1672 2369 διά
1699 2315 1799 2387 τῆς

228 2402 417 2457 αὐτῶν
437 2404 746 2477 ἐπιστήμης
767 2409 834 2478 τῇ
859 2411 1007 2480 πηγῇ
1038 2408 1432 2480 πλησιάζουσαι
1461 2413 1569 2467 τῶν
1595 2416 1793 2473 καλῶν.

228 2494 506 2548 Κάκεῖθεν
536 2496 636 2564 τὴν
692 2498 791 2567 τῆς
838 2497 1052 2563 εὐθείας
1103 2502 1397 2567 ὀποπτείας
1438 2504 1799 2579 ὀκφαντορίαν

228 2585 492 2657 καθαρῶς
521 2587 919 2660 είσδεχόμεναι,
959 2587 1027 2663 ἦς
1054 2594 1151 2648 καὶ
1188 2595 1345 2663 μόναι
1373 2595 1481 2649 τῶν
1522 2598 1800 2670 Χερουϐὶμ

228 2676 288 2728 ai
320 2675 579 2746 δυνάμεις
608 2678 828 2749 ἀμέσως
857 2681 994 2752 πρὸς
1020 2684 1120 2753 τῆς
1154 2682 1414 2756 θεαρχίας
1435 2685 1606 2756 αὐτῆς
1633 2672 1803 2741 κατα-

228 2764 634 2835 λάμπονταιτά
664 2768 855 2835 πολλά,
887 2770 962 2835 ὡς
1008 2771 1113 2843 ἔφη
1156 2790 1261 2839 τις,
1315 2774 1424 2827 τῶν
1464 2775 1626 2829 θείων
1669 2776 1802 2830 θεω-

232 2858 388 2926 ριῶν,
421 2858 544 2911 καθ’
575 2861 885 2932 ὑπερτάτην
912 2862 1195 2919 ἀνάτασιν.

304 2945 408 3011 κζ’.
446 2949 710 3021 Καθάπερ
736 2953 793 3004 ai
819 2953 1033 3023 πρῶται
1051 2954 1159 3007 τῶν
1189 2955 1300 3009 ἄνω
1325 2955 1601 3026 δυνάμεις,
1626 2960 1680 3012 αἱ
1711 2960 1805 3030 μὲν

231 3036 417 3091 αὐτῶν
448 3037 781 3108 θερμόταταί
812 3042 938 3105 είσι,
973 3042 1068 3095 καὶ
1119 3041 1377 3109 ὀξύταται
1411 3046 1539 3117 περὶ
1572 3050 1639 3100 τά
1666 3047 1806 3112 θεῖα,

1958 1142 2051 1197 εδ.
2084 1141 2164 1197 Ad
2206 1142 2350 1197 hanc
2394 1155 2606 1198 sacram
2661 1141 3017 1214 divinamque
3063 1144 3449 1213 perfectionem

1892 1232 2045 1290 ducit
2080 1232 2424 1288 rationabilis
2457 1242 2511 1289 et
2541 1232 2700 1290 docta
2744 1234 3029 1306 splendide
3076 1236 3256 1303 quies,
3288 1252 3451 1294 exer-

1892 1324 2024 1379 citio
2066 1324 2314 1378 videlicet
2346 1330 2402 1379 et
2448 1322 2701 1394 legitima
2738 1339 2939 1381 vacans
2981 1326 3344 1396 occupationi.
3396 1327 3453 1381 Si

1892 1427 2021 1468 vero
2055 1410 2293 1466 nondum
2342 1410 2408 1465 ad
2446 1418 2654 1465 tantam
2704 1414 2947 1481 pervenit
2992 1415 3351 1470 elevationem
3401 1425 3457 1470 et

1898 1503 2280 1576 perfectionem
2316 1503 2408 1575 qui
2445 1505 2663 1559 videtur
2706 1503 2942 1574 quietus,
2994 1506 3158 1573 igitur
3191 1506 3456 1577 spiritua-

1897 1597 1998 1650 letn
2040 1593 2439 1664 perfectamque
2477 1592 2718 1648 nondum
2774 1594 3002 1662 adeptus
3050 1603 3133 1650 est
3162 1596 3401 1666 quietem
3432 1633 3448 1657 ,

1898 1685 2007 1740 imo
2051 1699 2159 1738 non
2203 1683 2509 1753 requiescet
2549 1682 2616 1737 ab
2655 1683 2869 1737 interna
2918 1682 3211 1737 infrenium
3246 1685 3458 1755 cupidi-

1901 1785 2070 1830 tatum
2102 1783 2445 1846 tempestate,
2474 1776 2605 1844 quin
2631 1774 2697 1829 ad
2724 1775 2866 1829 hunc
2892 1775 3200 1829 ascenderit
3228 1774 3456 1846 apicem,

1900 1869 2090 1924 solum'
2114 1877 2293 1921 autem
2324 1882 2543 1938 corpus.
2582 1876 2639 1920 ut
2670 1868 2843 1922 muris
2873 1868 3236 1934 cavernisque
3279 1877 3332 1923 et
3363 1883 3462 1922 an-

1897 1959 1996 2015 tris
2047 1958 2463 2022 circumdatum,
2520 1960 2941 2014 contribulatum
3002 1958 3266 2023 habebit,
3324 1958 3458 2013 dnuv

1902 2064 2059 2104 mens
2093 2049 2211 2103 sine
2238 2049 2428 2103 ordine
2456 2049 2758 2118 vagabitur.

1966 2139 2056 2193 26.
2092 2137 2298 2191 Anima
2331 2135 2396 2189 ad
2429 2151 2694 2191 summam
2719 2146 2917 2193 evectae
2946 2140 3238 2209 puritatem
3263 2179 3277 2203 ,
3305 2146 3358 2191 et
3394 2140 3459 2192 ad

1900 2230 2186 2287 sublimem
2221 2229 2442 2283 elevatae
2470 2230 2682 2297 apicem
2716 2231 2995 2299 sapientia:
3051 2244 3113 2281 ac
3173 2228 3418 2283 scientia:
3443 2267 3459 2290 ,

1900 2312 2106 2378 sitnilés
2134 2328 2261 2374 sunt
2290 2318 2608 2383 Cberubim,
2656 2335 2777 2390 qua:
2826 2335 2922 2389 per
2968 2334 3121 2374 suam
3176 2318 3462 2374 scientiam

1902 2412 2039 2467 fonti
2096 2414 2361 2467 bonorum
2425 2408 2585 2479 quasi
2635 2411 2946 2465 immediate
3000 2411 3459 2479 apprOpinquant.

1901 2502 2108 2556 Exinde
2137 2511 2341 2562 rectam
2369 2501 2759 2555 altissimorum
2791 2502 3173 2572 mysteriorum
3204 2516 3338 2567 pure
3364 2516 3461 2555 su-

1900 2591 2194 2661 scipientes
2260 2589 2684 2655 revelationem,
2738 2606 2899 2660 quam
2964 2592 3079 2647 sola
3158 2592 3464 2661 suscipiunt

1900 2684 2217 2749 Cberubim,
2254 2684 2564 2761 immediate
2594 2684 2660 2739 ab
2696 2685 2815 2755 ipso
2844 2684 3225 2756 Omnipotente
3259 2687 3461 2741 illumi-

1903 2789 2106 2835 uantur
2134 2774 2473 2846 plerumque,
2516 2785 2572 2829 ut
2602 2773 2677 2830 ait
2701 2775 2921 2847 quidam
2950 2818 2965 2842 ,
2993 2777 3190 2832 divinis
3225 2778 3463 2833 visioni-

1903 2871 2006 2924 bus
2038 2869 2094 2922 in
2119 2881 2333 2922 summa
2367 2867 2699 2922 intensitate.

1970 2960 2061 3014 27.
2096 2957 2563 3025 Quemadmodum
2595 2975 2658 3013 ex
2686 2959 2875 3029 primis
2912 2959 3223 3029 angelorum
3254 2958 3466 3013 ordin-

1902 3050 2057 3113 bus,’
2084 3048 2173 3101 alii
2224 3054 2355 3103 sunt
2400 3048 2763 3103 ardentissimi
2795 3059 2852 3102 et
2888 3048 3353 3103 vehementissimi
3404 3048 3461 3102 in

230 3131 329 3182 atat
362 3132 739 3201 ἀκατάληκτον
767 3133 897 3204 περὶ
922 3132 1096 3187 ταῦτα
1123 3135 1184 3188 τὸ
1212 3135 1517 3207 ἀεικίνητον
1558 3139 1770 3209 ἔχουσιν
1788 3157 1803 3172 ο

1904 3156 1992 3197 res
2018 3139 2250 3201 divinas,
2293 3145 2346 3191 et
2378 3150 2635 3207 perpetuo
2684 3139 2883 3208 impetu
2929 3140 2995 3193 ad
3050 3154 3144 3195 eas
3193 3138 3465 3208 feruntur,

231 3223 291 3274 ai
331 3221 411 3285 δὲ,
459 3220 915 3297 θεοπτικώταται,
965 3227 1283 3291 γνωστικαὶ,
1336 3228 1429 3280 καὶ
1461 3228 1805 3294 σοφώταταιο

230 3311 509 3365 καὶτοῦτο
544 3314 577 3383 ἡ
612 3312 731 3367 Θεία
752 3315 885 3380 ἕξις,
912 3315 971 3367 τὸ
990 3314 1160 3389 αὐτάς
1190 3316 1319 3386 περὶ
1344 3315 1517 3370 ταῦτα
1543 3317 1809 3372 κινεῖσθαι

230 3403 358 3455 ἀεί·
396 3403 537 3456 οὕτω
581 3406 677 3457 καὶ
722 3406 777 3458 αἱ
826 3405 1075 3461 τοιαῦται
1123 3405 1295 3477 ψυχαὶ
1339 3408 1670 3479 θερμόταται
1702 3411 1808 3462 είσι

231 3494 370 3564 περὶ⁸
395 3496 463 3548 τὰ
496 3494 636 3559 θεῖα,
676 3496 769 3551 καὶ
798 3494 920 3557 λίαν
940 3495 1214 3561 ὀξύταται,
1242 3499 1402 3567 σοφαί
1434 3516 1516 3562 τε,
1547 3501 1641 3552 καὶ
1672 3516 1811 3567 γνω-

233 3586 447 3650 στικαὶ,
470 3588 561 3640 καὶ⁵
591 3591 712 3650 ταῖς
740 3590 1024 3656 μυστικαῖς
1046 3587 1301 3658 θεωρίαις
1319 3588 1806 3651 ἀνατατικώταται,

229 3672 327 3739 αῖς
378 3677 509 3730 ῐδιον
539 3670 680 3731 κατά
712 3678 941 3747 δύναμιν
975 3679 1069 3731 καὶ
1127 3678 1279 3730 θείαν
1313 3678 1445 3742 ἕξιν,
1501 3680 1533 3749 ὴ
1568 3668 1711 3749 περι
1748 3680 1811 3732 τὸ

232 3771 383 3822 θεῖον
434 3769 740 3839 ἀεικινησία
795 3770 889 3822 καὶ
948 3768 1173 3838 ἀκλινὴς
1236 3768 1440 3839 ἵδρυσις
1502 3772 1595 3821 καὶ
1650 3769 1808 3839 μονή.

234 3863 353 3915 Καὶ
415 3862 551 3932 πρὸς
582 3861 814 3925 τούτοις,
847 3862 879 3930 ἡ
913 3860 1134 3931 δεκτικὴ
1165 3859 1274 3913 τῶν
1313 3860 1630 3929 ὲλλάμψεων
1674 3859 1806 3927 ἕξις,

236 3952 365 4023 μεθ’
398 3948 464 4024 ἧς
506 3953 597 4006 τοῦ
650 3953 802 4017 ὄντος
851 3954 1164 4023 μετέχουσι,
1208 3954 1301 4006 καὶ
1359 3954 1810 4021 μεταπέμπουσιν

231 4046 319 4107 εἰς
357 4044 576 4111 ἑτέρους
606 4044 875 4113 ἀφθόνως,
908 4044 992 4097 διά
1014 4043 1106 4096 τοῦ
1136 4044 1320 4113 λόγου,
1347 4043 1445 4107 τάς
1472 4043 1662 4096 τούτου
1696 4060 1810 4111 φω-

228 4137 492 4207 τοχυσίας
523 4137 614 4189 καὶ
636 4137 884 4206 χάριτας.

310 4236 419 4300 κη’.
453 4229 597 4293 Νοῦς
623 4231 768 4282 ἐστιν
797 4231 825 4281 ὀ
852 4229 1003 4295 Θεὸς,
1032 4228 1128 4282 καὶ
1172 4228 1321 4282 αίτία
1356 4228 1451 4295 τῆς
1479 4225 1573 4279 τοῦ
1610 4223 1808 4283 παντὸς

227 4322 605 4391 άεικινησίας,
632 4321 727 4374 καὶ
768 4322 972 4383 πάντες
1004 4322 1051 4374 οἱ
1083 4321 1201 4384 νόες
1232 4320 1289 4372 ὲν
1318 4317 1465 4387 αύτῷ
1492 4317 1569 4387 τῷ
1610 4314 1812 4386 πρώτῳ

226 4413 339 4476 νοῒ,
384 4415 480 4484 τήν
509 4430 566 4466 τε
612 4413 801 4466 στάσιν
830 4414 1009 4483 ἔχουσι
1044 4414 1291 4483 μόνιμον,
1324 4410 1417 4463 καὶ
1455 4408 1552 4479 τὴν
1597 4407 1811 4475 κίνησιν

225 4507 641 4575 ἀκατάληκτον.
667 4505 838 4558 Τοῦτο
868 4505 923 4558 δὲ
954 4505 1273 4575 πάσχουσιν,
1302 4504 1416 4557 ὅσοι
1450 4502 1510 4555 οὐ
1544 4498 1810 4571 πρόσυλόν

221 4616 361 4653 τινα
386 4599 486 4667 τὴν
522 4598 739 4665 κίνησιν
764 4597 861 4651 καὶ
886 4597 1142 4666 ὲπιμιτῆ,
1177 4594 1312 4649 ἀλλὰ
1342 4593 1518 4665 ἀμιγῆ
1553 4593 1647 4644 κα)⁵
1681 4591 1810 4644 ἀθό-

220 4689 408 4749 λωτον
452 4686 518 4739 δι’
582 4688 744 4757 ἱερῶν
791 4688 1088 4755 ἐσχήκασιν
1138 4684 1395 4754 ἱδρώτων.
1436 4683 1711 4751 Πάσχουσι
1752 4679 1811 4732 δὲ

220 4778 420 4840 τοῦτο,
456 4780 571 4830 κατ’
600 4777 779 4846 ἔρωτα
811 4777 976 4837 θεῖον,
1017 4775 1402 4837 κοινωνοῦντες
1428 4774 1679 4843 ἀλλήλοις
1717 4772 1809 4824 καὶ

221 4872 474 4934 ιαυτοτς,
503 4870 601 4931 τάς
631 4870 695 4921 ἐκ
722 4868 821 4937 τῆς
848 4868 1111 4937 θεαρχὶας
1150 4864 1579 4934 ὲκπεμπομὲνας
1607 4861 1808 4929 ἀγαθοο

217 4963 403 5022 δότως
447 4959 765 5029 ἐλλάμψεις,
800 4960 897 5012 καὶ
937 4960 1036 5027 τὴν
1089 4962 1146 5009 ὲν
1184 4959 1390 5017 τούτοις
1420 4953 1809 5023 κεκρυμμένην

218 5050 431 5119 σοφίαν
463 5051 568 5103 τῶν
602 5051 919 5119 μυστηρίων
948 5048 1082 5101 Θεοῦ
1103 5066 1115 5079 ο
1148 5048 1243 5101 καὶ
1268 5047 1475 5117 ἑτέροις
1493 5042 1809 5114 φτλαγάθως

220 5143 635 5216 μεταδιδόντες,
669 5144 746 5201 εἰς
788 5138 957 5210 ῦμνον
992 5142 1416 5194 ἀκατάπαυστον
1446 5139 1545 5206 τῆς
1589 5137 1808 5205 ἀγάπης

213 5236 391 5292 Θεοῦ.

295 5334 372 5387 κθ
394 5368 409 5382 .
441 5327 744 5384 Ἶστανται.
778 5326 875 5379 καὶ
906 5327 1181 5381 κινοῦνται
1216 5328 1401 5400 κύκλῳ
1428 5330 1555 5401 περὶ
1589 5329 1719 5382 Θεὸν
1749 5331 1804 5384 αἱ

209 5420 423 5491 ψυχαὶ,
456 5416 576 5469 ὅσαι
614 5416 674 5470 τὸ
706 5416 1053 5485 λογιζόμενον
1088 5418 1287 5486 κοῦφον
1326 5421 1424 5488 τῆς
1460 5421 1591 5489 ὕλης
1618 5421 1806 5492 εἰργά-

213 5528 421 5574 σαντο,
451 5511 543 5562 καὶ
577 5510 675 5579 τὴν
721 5509 1035 5579 μαχομένην
1063 5510 1195 5580 πρὸς
1224 5513 1421 5582 ἑαυτὴν
1463 5514 1600 5567 κατά
1632 5513 1803 5567 πάντα

207 5602 421 5664 δυάδα,
458 5601 609 5670 άρμα
634 5600 792 5652 τοῦτο
820 5602 1032 5671 εὐήνιον
1062 5602 1254 5671 τρέχον
1285 5606 1361 5665 εἰς
1383 5604 1644 5670 οὐρανοὺς
1674 5622 1803 5657 συν-

208 5694 581 5768 ηρμόσαντο·
612 5692 705 5743 καὶ
732 5692 916 5762 κύκλῳ
948 5692 1045 5761 μὲν
1077 5693 1326 5762 ἁλήκτως
1363 5695 1637 5747 κινοῦνται
1674 5694 1803 5765 περὶ

208 5788 386 5843 Θεὸν,
412 5783 487 5847 ὠς
512 5782 647 5853 πρὸς
674 5782 921 5854 κέντρον.
948 5782 1043 5835 καὶ
1067 5782 1164 5852 τῆς
1190 5785 1279 5837 τοῦ
1314 5784 1508 5837 κύκλου
1536 5786 1801 5856 κινήσεως

1828 4471 1880 4530 D

1908 3231 1998 3285 alii
2048 3243 2177 3285 vero
2231 3227 2321 3281 Dei
2375 3230 2833 3298 contemplatione
2876 3238 2930 3284 et
2970 3229 3237 3298 sapientia
3283 3230 3465 3287 scien-

1904 3324 2087 3391 tiaque
2128 3320 2182 3375 in
2237 3334 2451 3374 summo
2482 3319 2649 3388 gradu
2690 3320 2956 3388 gaudent,
3006 3331 3061 3374 et
3107 3320 3215 3375 illis
3274 3321 3457 3375 divina

1904 3412 2047 3466 inest
2082 3410 2340 3469 babilitas
2369 3409 2436 3463 ad
2476 3408 2654 3462 divina
2680 3410 3009 3477 appetenda;
3039 3410 3115 3463 sic
3146 3417 3198 3463 et
3230 3411 3466 3478 praefata

1903 3505 2094 3557 animae
2124 3510 2249 3556 sunt
2279 3500 2679 3555 ardentissima:
2700 3507 2753 3552 et
2779 3499 3258 3555 vehementissime
3291 3503 3342 3554 in
3378 3517 3463 3556 res

1902 3594 2133 3655 divinas,
2168 3600 2220 3646 et
2252 3591 2623 3661 sapientiaque
2654 3605 2716 3643 ac
2748 3591 2975 3644 scientia"
3013 3590 3251 3655 prmdita:
3289 3599 3453 3660 atque

1904 3683 2147 3753 mysticis
2199 3681 2749 3750 contemplationibus
2810 3682 3230 3743 intentissima,
3271 3682 3464 3752 eisque

1904 3774 2125 3845 propria
2164 3773 2430 3827 divinitus
2473 3767 2643 3825 indita
2676 3783 2759 3827 est
2799 3772 2973 3849 virtus
3019 3772 3274 3827 tendendi
3313 3774 3465 3827 inde-

1904 3866 2146 3920 sinenter
2206 3864 2272 3918 ad
2323 3863 2488 3917 Deum
2540 3872 2593 3917 et
2636 3863 2860 3917 ﬁrmiter
2888 3864 2940 3916 in
2988 3878 3053 3917 eo
3102 3864 3359 3916 innitendi
3411 3874 3466 3918 et

1907 3954 2302 4016 commorandi,
2331 3969 2395 4008 ac
2420 3962 2676 4022 praetcrea
2708 3954 3161 4007 illuminationum
3187 3954 3459 4023 capzicitas

1903 4062 2006 4115 qua
2044 4045 2136 4099 Dei
2196 4044 2490 4114 participes
2526 4044 2692 4105 ﬁunt,
2726 4052 2779 4097 et
2834 4043 2897 4097 ad
2935 4043 3066 4099 alios
3104 4044 3221 4099 sine
3260 4044 3460 4099 invidia

1905 4138 2282 4192 transmittunt
2315 4136 2474 4205 hujus
2506 4136 2897 4190 illustrationes
2928 4144 2984 4189 et
3016 4136 3245 4204 gratias.

1973 4228 2063 4281 28.
2112 4226 2345 4294 Spiritus
2383 4234 2466 4280 est
2502 4224 2642 4279 Deus
2671 4263 2686 4287 ,
2737 4232 2790 4279 et
2837 4225 3162 4293 principium
3213 4222 3456 4291 perpetui

1903 4316 2143 4370 omnium
2184 4314 2388 4369 entium
2426 4313 2490 4365 ad
2529 4327 2586 4365 se
2621 4326 2820 4377 motus,
2852 4324 2902 4367 et
2933 4328 3121 4367 ontnes
3146 4312 3374 4380 spiritus
3400 4312 3452 4365 in

1906 4408 1996 4460 illo
2022 4406 2275 4475 primario
2302 4403 2502 4473 Spiritu
2554 4404 2765 4457 ﬁrmum
2805 4396 3002 4458 habent
3046 4403 3456 4456 fundamentum

1904 4499 2329 4564 continuumque
2358 4505 2584 4549 motum.
2620 4495 2673 4549 Id
2711 4504 2887 4549 autem
2910 4494 3174 4561 contingit
3209 4488 3461 4549 omnibus

1904 4587 1996 4657 qui
2034 4600 2138 4639 non
2166 4584 2496 4638 materialent
2526 4585 2907 4652 impurumqne
2961 4584 3157 4637 habent
3187 4581 3457 4647 allectum,

1904 4678 1996 4731 sed
2022 4676 2319 4744 simplicem
2344 4682 2396 4727 et
2415 4674 2585 4728 sacris
2606 4680 2891 4741 purgatum
2914 4673 3228 4727 sudoribus.
3258 4673 3323 4727 Et
3352 4673 3458 4725 huc

1906 4768 2122 4837 quidem
2154 4766 2233 4819 eis
2261 4765 2545 4834 contingit,
2580 4765 2727 4832 quia,
2773 4765 2958 4819 divino
2989 4780 3175 4817 amore
3218 4765 3460 4825 accensi,

1907 4860 2011 4914 sibi
2049 4859 2278 4912 invicem
2316 4855 2722 4909 communicant
2762 4857 3038 4909 immissas
3080 4869 3329 4922 suprema
3367 4853 3460 4906 Dei

1907 4949 2241 5016 benignitate
2283 4945 2711 4999 illuminationes
2758 4956 2811 5001 et
2862 4946 3238 5000 absconditam
3272 4945 3325 4997 in
3374 4944 3458 4999 his

1907 5038 2286 5110 mysteriorum
2340 5034 2431 5089 Dei
2480 5036 2820 5103 sapientiam,
2854 5044 2907 5090 et
2958 5037 3077 5090 illas
3119 5035 3239 5089 aliis
3287 5035 3461 5088 amice

1906 5130 2253 5201 participant,
2283 5124 2349 5179 ad
2383 5123 2761 5180 celebrandam
2795 5127 3164 5182 indesinenter
3192 5126 3285 5178 Dei
3318 5124 3453 5178 cha-

1908 5223 2136 5274 ritatcm.

1978 5336 2067 5391 29.
2117 5338 2275 5391 Stant
2309 5354 2373 5393 ac
2425 5347 2712 5394 moventur
2757 5336 2809 5390 in
2859 5334 3091 5388 circuitu
3127 5332 3231 5387 .Dei
3267 5332 3461 5385 animae

1906 5440 2026 5492 quae
2060 5426 2384 5481 rationalem
2434 5442 2587 5483 suam
2623 5433 2833 5495 partem
2868 5439 2899 5479 a
2944 5423 3175 5478 materia
3231 5435 3457 5474 vacuam

1905 5518 2281 5582 reddiderunt,
2307 5526 2359 5573 et
2391 5518 2531 5573 inter
2562 5532 2622 5572 se
2652 5517 2706 5571 in
2725 5516 2975 5569 omnibus
3010 5521 3310 5582 pugnantes
3341 5524 3461 5564 car-

1906 5623 2027 5661 nem
2060 5618 2115 5661 et
2146 5609 2396 5676 spiritum
2433 5608 2579 5663 velut
2602 5607 2753 5677 bigas
2790 5605 2943 5661 freno
2978 5605 3185 5659 dociles
3224 5602 3287 5656 ad
3334 5615 3463 5654 cur-

1905 5698 2135 5753 rendum
2166 5700 2217 5754 in
2249 5701 2418 5756 caelos
2446 5698 2867 5767 coniunxerunt.
2917 5695 3182 5751 Circulari
3232 5692 3453 5763 quidem

1905 5796 2056 5844 motu
2082 5788 2286 5860 jugiter
2321 5790 2375 5845 in
2410 5788 2573 5845 Deum
2624 5788 2896 5854 feruntur,
2935 5787 3079 5842 velut
3112 5784 3165 5839 in
3208 5792 3454 5839 centrum
