4124 6338
637 480 743 543 96⁵1

1886 463 2184 526 ΝΙΟΕΤΕ
2224 459 2637 523 PECTORATI

3778 441 3888 504 988

640 602 802 645 suum
832 579 1268 650 orbicularisque
1284 582 1469 632 motus
1496 572 1853 645 principium.
1883 572 2042 626 Stant
2071 584 2199 624 vero

2307 568 2508 619 αίτιον⁹
2542 564 2788 616 ἵστανται
2811 560 2866 613 δὲ
2902 561 3163 632 μονίμως,
3199 561 3293 614 καὶ
3319 559 3597 630 άρρεπῶς,
3634 559 3710 620 ῶς
3744 559 3889 627 πρὸς

642 679 876 735 ﬁrmiter
902 684 956 732 et
984 677 1107 730 sine
1153 671 1260 728 ulla
1313 667 1698 731 inclinatione,
1727 674 1786 719 ut
1814 664 1953 719 radii
1987 662 2200 726 circuli,

643 770 700 825 in
734 781 908 822 unum
947 760 1289 819 conveniunt
1321 766 1608 829 punctum,
1643 771 1670 807 a
1711 769 1818 824 quo
1849 754 2063 809 detrudi
2099 766 2208 805 non

645 865 878 932 possunt
909 857 961 909 in
1013 867 1214 909 sensus
1240 856 1294 906 et
1322 850 1378 903 in
1428 861 1610 903 rerum
1657 846 2020 900 humanarum
2053 843 2208 898 falla-

643 950 812 1005 ciam.
845 945 971 1000 llaac
1003 953 1088 998 est
1117 941 1284 1011 igitur
1305 952 1520 994 summa
1554 936 1757 1007 quietis
1787 934 2052 1004 perfectio
2084 949 2210 988 vere

645 1039 864 1110 quietos
901 1050 965 1090 eo
1009 1033 1314 1095 adducens,
1348 1037 1408 1084 ut
1462 1037 1612 1084 stent
1657 1042 1775 1083 sese
1824 1034 2126 1086 moventes.
2157 1035 2212 1080 et

645 1130 877 1184 ﬁrmiter
932 1133 1144 1180 stantes
1194 1137 1318 1177 sese
1349 1127 1606 1174 moveant
1659 1119 1807 1172 circa
1838 1134 1927 1173 res
1974 1116 2209 1172 divinas.

647 1217 903 1286 Quandiu
944 1224 1147 1272 autem
1213 1213 1322 1267 buc
1375 1225 1485 1280 non
1535 1209 1910 1281 pervenimus,
1965 1204 2214 1275 quamvis

648 1289 1284 1379 quiescerewideamu'r,
1336 1298 1673 1370 impossibile
1716 1310 1820 1370 est.
1852 1304 2084 1364 mentem
2117 1307 2215 1348 no-

649 1409 818 1456 stram
851 1413 881 1451 a
914 1399 1140 1452 materia
1166 1403 1223 1449 et
1251 1392 1664 1464 perturbatione
1701 1389 1953 1454 liberari,

719 1490 814 1546 30.
854 1488 1086 1555 Quando
1126 1485 1442 1556 pristinum
1475 1483 1708 1538 rationis
1739 1484 1904 1536 decus
1950 1494 2045 1549 per
2080 1487 2219 1534 mut-

653 1589 761 1634 tam
813 1592 1008 1633 curam
1057 1588 1391 1646 operamque
1425 1571 1896 1644 recuperavimus,
1937 1583 2000 1624 ac
2036 1570 2216 1624 datam

653 1672 886 1738 desuper
946 1667 1107 1723 nobis
1155 1667 1480 1737 sapientiam
1533 1674 1588 1720 et
1624 1663 1910 1719 scientiam
1967 1677 1995 1716 a
2048 1663 2220 1731 gratia

655 1759 897 1828 Spiritus
927 1757 1104 1813 sancti
1132 1757 1314 1813 sortiti
1346 1770 1560 1821 sumus,
1587 1763 1741 1818 tunc,
1784 1768 1870 1808 res
1903 1754 1955 1805 in
1992 1768 2089 1808 sua
2127 1766 2222 1804 na-

657 1862 781 1904 tura
807 1849 1117 1920 perspicere
1144 1848 1411 1909 valentes,
1462 1847 1808 1910 agnoscimus
1838 1845 2072 1910 primum
2104 1843 2221 1895 [οη-

2305 655 2527 718 κύκλον,
2567 654 2642 724 μὴ
2681 651 3465 726 διασκεδασθῆναι,δυνάμεναι
3498 653 3562 702 ἐκ
3604 650 3703 719 τῆς
3746 649 3890 711 ιδίας

2307 746 2399 795 ἐπὶ
2431 742 2491 793 τὸ
2541 741 2672 792 αὐτὸ
2707 740 2960 810 συνοχῆς,
2995 733 3274 808 πρὸς“τὴν
3315 739 3590 809 αἴσθησιν,
3641 739 3735 792 καὶ
3783 740 3888 805 τὴν

2307 835 2455 888 κάτω
2488 833 2692 902 πλάνην
2748 831 2855 884 τῶν
2898 831 3260 900 ἀνθρωπίνων
3294 832 3656 900 πραγμάτων.
3712 827 3890 880 Τοῦτο

2305 923 2398 980 οῦν
2449 928 2566 978 ἐστι
2609 925 2667 977 τὸ
2723 922 3110 991 τετελεσμένον
3153 921 3306 982 τέλος
3360 920 3460 990 τῆς
3503 923 3752 990 ἡσυχίας,
3801 921 3888 982 είς

2305 1018 2464 1070 τοῦτο
2491 1019 2623 1084 άγον
2653 1015 2781 1077 τοὺς
2818 1012 3036 1085 άληθῶς
3078 1012 3450 1084 ἡσυχάζοντας
3472 1028 3484 1041 ’
3519 1012 3659 1065 ῶστε
3696 1026 3888 1064 κινου-

2308 1109 2503 1180 μένους
2533 1106 2808 1170 ἵστασθαι,
2844 1109 2938 1159 καὶ
2974 1106 3217 1175 μονίμως
3255 1103 3579 1175 ἱσταμένους
3608 1101 3887 1157 κινεῖσθαι

2307 1201 2435 1271 περὶ
2465 1201 2533 1254 τὰ
2567 1199 2704 1252 θεῖα.
2739 1199 2883 1262 Ἕως
2921 1197 2965 1250 δ’
2992 1198 3056 1251 ἂν
3099 1197 3174 1268 μὴ
3210 1196 3369 1250 τοῦτο
3406 1196 3653 1267 γένηται,
3684 1197 3761 1267 τῷ
3799 1195 3889 1248 δο-

2306 1295 2423 1346 κεῖν
2442 1295 2575 1363 ὴμῖν
2597 1290 2984 1361 ἡσυχάζουσιν,
3007 1290 3292 1360 ἀμήχανον
3311 1289 3410 1359 τῆς
3441 1288 3575 1358 ὕλης
3601 1289 3758 1352 ἐκτὸς
3791 1287 3888 1341 καὶ

2305 1381 2405 1452 τῆς
2431 1382 2564 1449 ἄλης
2595 1379 2848 1448 γενέσθαι
2877 1380 2968 1432 τὸν
3017 1379 3284 1449 ἡμέτερον
3311 1377 3455 1431 νοῦν.

2375 1472 2438 1528 λ’.
2491 1472 2758 1543 Ὀπηνίκα
2798 1472 2935 1542 πρὸς
2981 1471 3043 1524 τὸ
3081 1472 3304 1542 ἀρχαῖον
3332 1470 3529 1532 κάλλος
3571 1468 3665 1522 τοῦ
3693 1468 3879 1536 λόγου,

2305 1566 2392 1620 διὰ
2427 1565 2606 1633 πάσης
2630 1561 2949 1631 ἐπιμελείας
2971 1579 3029 1614 τε
3060 1561 3154 1614 καὶ¹
3188 1559 3423 1630 σπουδῆς
3447 1559 3760 1630 γενώμεθα,
3786 1559 3884 1610 καί

2305 1659 2401 1726 τῆς
2425 1655 2630 1710 ἄνωθεν
2657 1654 2946 1724 διδομένης
2979 1652 3112 1722 ἡμῖν
3147 1652 3338 1720 σοφίας
3364 1653 3458 1703 καὶ
3483 1651 3762 1718 γνώσεως,
3791 1649 3883 1704 διὰ

2303 1749 2401 1817 τῆς
2452 1745 2746 1815 ἐπιδημίας
2787 1743 2880 1797 τοῦ
2915 1742 3230 1811 Πνεῦματος
3254 1744 3694 1813 εὐμοιρήσωμεν,
3729 1760 3884 1812 τηνι-

2304 1837 2484 1891 καῦτα
2526 1838 2558 1906 ἠ
2600 1836 2788 1907 πρώτη
2831 1837 3002 1905 πηγὴ,
3035 1835 3128 1887 καὶ
3176 1836 3324 1887 αἰτία
3357 1835 3456 1902 τῆς
3505 1835 3610 1886 τῶν
3658 1836 3881 1889 πάντων

657 1949 768 1998 tem
799 1948 852 1994 et
904 1947 1186 1994 auctorem
1222 1937 1551 1991 exsistentia:
1574 1934 1817 1989 omnium
1851 1949 1971 1988 esse
2002 1937 2218 2002 sapien-

2306 1926 2671 1998 παραγωγῆς,
2704 1923 2842 1994 σοφὴ
2890 1924 2985 1976 καὶ
3028 1923 3166 1994 καλὴ
3221 1924 3357 1993 πρδς
3395 1925 3553 1995 ἡμῶν
3582 1925 3690 1977 τῶν
3741 1926 3878 1996 ὁρᾷν

657 2040 763 2087 tem
795 2042 849 2086 et
873 2030 1163 2100 optimum,
1196 2035 1252 2084 et
1292 2027 1520 2081 minime
1570 2041 1600 2080 a
1647 2026 1803 2080 nobis
1847 2023 2218 2079 accusandum

656 2123 724 2178 de
749 2122 892 2175 malo
918 2128 1182 2175 creatura:
1232 2116 1460 2182 inﬂicto,
1493 2133 1557 2171 ex
1593 2131 1701 2184 quo
1746 2116 1799 2169 in
1842 2115 2081 2169 deterius
2128 2120 2223 2168 de-

657 2211 895 2267 ciderit:
958 2224 1074 2281 quo
1131 2218 1374 2277 tempore
1437 2217 1684 2262 creatura
1748 2205 1966 2277 quidem
2030 2204 2223 2261 avulsa

657 2302 888 2366 corruit.
917 2310 971 2357 et
1003 2300 1072 2356 ab
1107 2300 1333 2369 antiquo
1362 2298 1560 2352 decore
1598 2297 1848 2360 detrusa,
1901 2311 1966 2350 ex
1999 2294 2225 2351 deiﬁca-

655 2392 809 2455 tione
835 2392 1060 2462 delapsa
1089 2398 1205 2456 est;
1255 2388 1456 2443 malum
1500 2403 1628 2442 vero
1659 2388 1713 2440 in
1741 2402 1859 2441 eam
1893 2388 2222 2457 irrumpens,

656 2482 997 2540 irrationalis
1036 2480 1184 2536 bruti
1214 2478 1447 2534 formam
1477 2477 1582 2546 ipsi
1623 2477 1838 2530 indidit.

727 2577 824 2632 31..
859 2574 1080 2630 Primus
1131 2575 1333 2645 gradus
1382 2572 1734 2627 tendentibus
1770 2572 1836 2625 ad
1867 2572 2223 2642 progredien-

655 2666 807 2730 dum.
839 2673 924 2722 est
952 2665 1185 2721 scientia
1214 2679 1399 2719 rerum
1435 2677 1600 2732 quam
1635 2677 1704 2716 ex
1743 2663 1988 2732 practica
2026 2676 2223 2716 conse-

656 2755 772 2812 cuti
797 2764 925 2812 sunt
959 2755 1327 2826 philosOphia.
1354 2755 1640 2810 Secundus
1669 2765 1752 2810 cst
1778 2754 2220 2811 absconditorum

655 2845 751 2900 Dei
784 2847 1168 2917 mysteriorum
1200 2846 1459 2913 cognitio,
1505 2846 1596 2900 cui
1627 2846 1852 2916 physica
1890 2846 2101 2900 theoria
2128 2861 2222 2901 eos

656 2934 912 2989 initiavit.
945 2935 1166 2990 Tertius
1198 2943 1280 2990 est
1313 2949 1435 2989 cum
1470 2933 1648 3004 primo
1675 2935 1880 2992 lumine
1907 2935 2225 3006 conjunctio

657 3031 713 3077 ct
747 3024 1083 3089 commistio,
1124 3024 1176 3076 in
1214 3038 1319 3092 qua
1350 3023 1532 3077 omnis
1562 3022 1934 3092 philosophici
1981 3039 2045 3080 ac
2073 3024 2223 3079 theo-

659 3117 814 3171 retici
845 3130 1168 3186 progressus
1203 3115 1381 3187 quies.

724 3313 815 3368 52.
853 3312 1059 3371 Omnes
1090 3311 1340 3381 spiritus,
1380 3327 1492 3366 non
1543 3312 1720 3368 solum
1777 3311 1984 3382 singuli
2043 3313 2099 3368 in
2131 3328 2217 3368 se.

656 3403 806 3472 ipsos
837 3411 891 3457 et
925 3403 978 3456 in
1028 3416 1150 3457 eum
1181 3403 1274 3471 qui
1307 3417 1434 3457 vere
1459 3411 1542 3456 est
1575 3417 1716 3457 unus
1746 3403 1802 3456 in
1833 3405 2005 3458 tribus
2031 3419 2220 3474 perso-

656 3494 765 3559 nis,
799 3493 1106 3547 circulatim
1143 3492 1412 3556 l‘eruntur,
1465 3493 1559 3547 sed
1589 3497 1755 3547 etiam
1792 3495 2070 3563 proximos
2101 3497 2223 3548 illu-

657 3590 899 3648 strantes
929 3583 1133 3637 divinis
1167 3582 1390 3636 initiant
1422 3584 1701 3654 mysteriis
1731 3584 1990 3654 purisque
2013 3587 2222 3642 similes

658 3670 946 3740 spiritibus
977 3687 1075 3741 per
1103 3672 1381 3726 caelestem
1416 3673 1744 3743 sapientiam
1790 3673 2046 3739 reddunt,
2068 3662 2076 3666 ’
2097 3690 2224 3730 eos-

658 3775 764 3828 que
799 3772 909 3814 tum
939 3762 1136 3830 seipsis
1174 3770 1288 3815 tum
1325 3764 1417 3816 uni
1452 3763 1560 3816 Deo
1590 3762 1870 3818 uniﬁcant.

726 3894 818 3949 '53.
860 3893 1146 3950 Deiﬁcatio
1183 3895 1236 3949 in
1289 3897 1398 3950 vita
1433 3907 1516 3950 est
1551 3897 1838 3965 spirituale
1869 3911 1934 3951 ac
1964 3897 2212 3974 divinum

2305 2017 2550 2086 φυσικῶς
2602 2016 2918 2085 δυναμένων
2969 2015 3315 2087 γνωρίζεται,
3356 2016 3524 2086 μηδὲν
3568 2017 3878 2085 κατήγορον

2303 2107 2502 2176 ἑαυτῆς
2531 2108 2586 2159 ἐν
2614 2108 2743 2175 ἡμῖν
2768 2105 3008 2175 φέρουσα
3033 2107 3097 2158 ἐκ
3125 2106 3221 2174 τῆς
3267 2105 3642 2174 ὲπιτριόείσης
3679 2106 3879 2169 κακίας

2303 2200 2379 2270 τῷ
2409 2199 2710 2268 πλάσματι,
2742 2196 2848 2249 ἀπὸ
2877 2199 2975 2267 τῆς
3017 2197 3110 2249 ἐπὶ
3153 2196 3222 2248 τὰ
3276 2197 3441 2266 χείρω
3493 2193 3874 2266 παρατροπῆς.

2317 2290 2506 2343 Ἦνίκα
2529 2290 2590 2342 τὸ
2609 2290 2706 2360 μὲν
2730 2287 3102 2353 ἀποσπασθὲν,
3122 2288 3392 2359 ὑπεῤῥύη,
3409 2288 3503 2340 καὶ⁸
3527 2288 3620 2341 τοῦ
3649 2287 3878 2357 ἀρχαίου

2306 2381 2536 2443 κάλλους
2569 2379 2856 2449 ὲκρεῦσαν,
2879 2378 3102 2443 ἐξέπεσε
3127 2383 3224 2448 τῆς
3245 2379 3514 2443 θεώσεως.
3533 2380 3597 2431 Ἦ
3617 2379 3674 2431 δὲ
3701 2377 3880 2449 τούτῳ

2303 2457 2771 2526 ἔπεισπηδήσασα,
2789 2456 2888 2527 τὴν
2907 2458 3100 2526 ἄλογον
3131 2459 3300 2528 αὐτῆς
3325 2460 3539 2531 μορφὴν
3572 2462 3878 2533 ἐνεποίησε.

2371 2572 2476 2624 λα’.
2511 2569 2627 2623 Μία
2654 2569 2748 2622 καὶ
2772 2566 2962 2638 πρώτη
2990 2570 3144 2638 βάσις
3173 2572 3280 2626 τῶν
3308 2561 3772 2645 ἑπεκτεινομένων
3798 2575 3880 2641 είς

2308 2661 2615 2734 προκοπὰς,
2649 2663 2681 2730 ἡ
2710 2661 2910 2730 γνῶσις
2943 2662 3050 2715 τῶν
3090 2664 3258 2716 ὄντων
3308 2666 3371 2718 ὲκ
3415 2667 3516 2736 τῆς
3554 2669 3877 2737 έμπράκτου

2307 2755 2657 2823 ὲπιγινομένη
2700 2753 3016 2822 φιλοσοφίας
3040 2754 3244 2816 αὐτοῖς.
3274 2757 3532 2827 Δευτέρα,
3565 2760 3597 2826 ἠ
3627 2757 3736 2809 τῶν
3782 2775 3876 2811 κε-

2307 2847 2639 2916 κρυμμένων
2668 2843 2980 2913 μυστηρίων
3010 2843 3103 2895 τοῦ
3139 2844 3272 2896 Θεοῦ
3303 2845 3598 2912 ἐπίγνωσις
3631 2847 3739 2899 ἀπὸ
3779 2847 3878 2916 τῆς

2310 2935 2542 3003 φυσικῆς
2576 2932 2810 3002 Θεωρίας
2840 2933 3344 3004 μυσταγωγουμένη
3379 2934 3580 2997 αὐτοῖς.
3618 2937 3728 2988 Καὶ
3763 2936 3880 3004 τρί-

2307 3041 2396 3094 τη,
2421 3023 2453 3092 ἡ
2482 3022 2619 3092 μετὰ
2653 3020 2746 3076 τοῦ
2777 3022 2992 3092 πρώτου
3021 3023 3197 3091 φωτὸς
3224 3017 3484 3092 συνάφεια
3513 3026 3605 3080 καὶ
3637 3027 3880 3096 ἀνάκρα-

2308 3133 2413 3178 σις,
2447 3116 2505 3168 ὲν
2537 3106 2572 3188 ᾖ
2607 3113 2785 3183 πάσης
2816 3113 3098 3184 προκοπῆς
3128 3115 3491 3184 ὲμφιλοσόφου
3522 3118 3616 3191 καὶ
3645 3115 3878 3186 θεωρίας

2250 3244 2293 3301 c
2307 3205 2636 3268 ἀνάπαυσις.

2376 3316 2475 3386 >.β’.
2516 3319 2723 3381 Πάντες
2755 3319 2805 3370 οἱ
2837 3318 2972 3381 νόες,
3021 3317 3176 3371 αὐτοί
3217 3335 3275 3371 τε
3324 3317 3446 3371 καθ’
3483 3319 3730 3385 ἑαυτοὺς,
3786 3320 3881 3371 καὶ

2307 3412 2442 3480 πρὸς
2473 3411 2718 3475 ἑαυτοὺς,
2751 3411 2845 3464 καὶ
2883 3412 3019 3481 πρὸς
3051 3412 3113 3465 τὸ
3153 3413 3320 3476 ὅντως
3353 3412 3411 3465 δν
3441 3414 3527 3466 διὰ
3560 3413 3669 3465 τῶν
3709 3412 3881 3483 τριῶν

2309 3501 2556 3564 ἑνοειδῶς
2578 3503 2886 3572 φερόμενοι,
2913 3502 3316 3556 συνελίσσονται
3337 3520 3350 3533 °
3385 3505 3477 3555 καὶ
3503 3504 3626 3565 τοὺς
3650 3503 3882 3572 πλησίον

2309 3592 2658 3659 φωτίζοντες,
2697 3593 3120 3663 μυσταγωγοῦσι
3176 3592 3245 3646 τὰ
3274 3593 3396 3647 Θεῐα
3441 3596 3534 3647 καὶ
3577 3593 3881 3646 τελειοῦσιν

2307 3683 2382 3747 ώς
2412 3685 2784 3754 καθαιρόμενα
2814 3687 3104 3755 πνεύματα
3138 3687 3226 3739 διὰ
3252 3689 3351 3756 τῆς
3379 3685 3631 3755 οὐρανίου
3662 3685 3878 3751 σοφίας.

2307 3773 2502 3836 αὐτοὺς
2532 3775 2764 3836 ἑαυτοῖς,
2794 3776 2884 3826 καὶ
2915 3778 2979 3844 τῇ
3007 3777 3152 3829 ένάδι
3185 3774 3574 3838 ένοποιοῦντες.

2375 3882 2475 3953 λγ’.
2515 3885 2720 3950 Θέωσίς
2748 3890 2892 3939 ἐστιν
2923 3890 2978 3940 ἐν
3009 3888 3084 3956 τῷ
3114 3889 3244 3957 βίῳ,
3278 3889 3310 3956 ἡ
3344 3889 3504 3957 νοερὰ
3536 3889 3625 3939 καὶ
3660 3888 3779 3940 θεία
3801 3888 3882 3956 τῷ

655 3997 853 4054 magno
872 3983 996 4038 Enti
1030 3985 1381 4049 sacriﬁcium,
1410 3985 1462 4038 in
1490 3999 1599 4055 quo
1622 3985 1962 4040 sacriﬁcatur
1995 3986 2216 4039 verbum

2306 3976 2414 4029 ὶντι
2437 3976 2736 4048 ἱερουργία,
2751 3979 2873 4030 καθ’
2889 3979 2954 4047 ἢν
2981 3980 3340 4049 ίερουργεῖται
3361 3981 3388 4031 ὁ
3409 3979 3562 4046 λόγος
3583 3981 3682 4048 τῆς
3705 3982 3882 4051 ἀπορ-

656 4073 946 4129 ineﬂ‘abilis
980 4076 1279 4144 sapientia,
1308 4085 1362 4129 et
1388 4076 1453 4130 iis
1477 4077 1570 4144 qui
1598 4093 1655 4130 se
1682 4091 1778 4145 pro
1829 4078 2037 4132 vitibus
2077 4093 2218 4146 prm-

2307 4065 2474 4135 ρήτου
2501 4067 2715 4134 σοφίας,
2739 4067 2834 4118 καὶ
2858 4070 2965 4128 τοῖς
2996 4068 3350 4135 ἑτοιμάσασιν
3377 4069 3622 4133 ἑαυτοὺς,
3640 4069 3715 4130 ὡς
3735 4069 3876 4130 ἐνὸν,

657 4174 982 4232 paraverunt
1006 4204 1020 4226 ,
1054 4166 1309 4220 traditur.
1345 4165 1457 4220 lloc
1496 4169 1726 4237 benigne
1775 4166 1913 4222 Deus
1965 4167 2217 4221 rationali

2306 4158 2669 4226 μεταδίδοται.
2722 4157 2939 4234 Ταύτην
2988 4159 3394 4228 ἀγαθοπρεπῶς
3435 4161 3462 4211 ὁ
3503 4159 3634 4222 Θεὸς
3681 4162 3744 4228 τῇ
3788 4160 3882 4212 λο-

661 4264 871 4310 naturae
901 4256 1124 4310 caelitus
1152 4255 1302 4310 dedit
1337 4259 1391 4310 in
1446 4259 1709 4311 unitatem
1750 4258 1895 4312 fidei.
1949 4257 2077 4312 inde
2127 4257 2218 4310 alii

2306 4252 2432 4318 γικῇ
2469 4250 2626 4317 φύσει
2664 4250 2868 4303 ἄνωθεν
2896 4251 3206 4320 ἐδωρήσατο
3248 4254 3324 4312 εἰς
3371 4251 3596 4319 ἑνότητα
3619 4251 3879 4313 πίστεως,

658 4345 903 4412 quidem,
955 4347 1070 4414 qui,
1124 4358 1344 4414 prepter
1378 4363 1530 4401 suam
1587 4349 1894 4417 puritatem,
1947 4349 2218 4418 dignitatis

2306 4341 2391 4393 ἵνα
2427 4343 2475 4393 οί
2511 4343 2629 4410 μὲν,
2657 4342 2770 4393 ὅσοι
2790 4344 2851 4393 ὲκ
2885 4342 3257 4411 καθαρότητος
3286 4343 3383 4410 τῆς
3416 4342 3570 4407 ἀξίας
3597 4343 3764 4409 αὐτῆς
3791 4341 3884 4394 διὰ

659 4430 805 4484 illius
862 4431 1124 4486 sacriﬁcii
1188 4449 1284 4501 per
1340 4451 1522 4489 rerum
1576 4436 1881 4490 divinarum
1938 4438 2218 4492 scientiam

2306 4432 2556 4500 γνώσεως
2590 4432 2698 4484 τῶν
2727 4432 2886 4485 θείων
2910 4435 2964 4485 ἐν
3002 4433 3212 4500 μεθέξει
3237 4433 3541 4501 γεγόνασιν,
3568 4433 3880 4500 ἀφομοιῶν-

660 4522 953 4590 participes
986 4523 1163 4578 effecti
1214 4536 1364 4590 sunt,
1420 4526 1530 4582 Deo
1560 4527 1955 4591 assimilantur,
2003 4528 2218 4582 confor-

2306 4535 2393 4570 ται
2423 4517 2561 4586 Θεῷ,
2596 4518 3033 4588 σύμμορφοιιτῆς
3062 4522 3268 4582 εἰκόνος
3291 4519 3381 4572 τοῦ
3416 4520 3544 4573 Υίοῦ
3577 4521 3744 4573 αὑτοῦ
3779 4538 3878 4588 γε-

661 4624 777 4664 tncs
813 4612 936 4664 facti
973 4613 1232 4682 imaginis
1289 4614 1409 4668 Filii
1442 4616 1562 4684 ejus
1587 4618 1652 4682 ",
1703 4617 2026 4674 sublimibus
2059 4619 2218 4688 Spiri-

2308 4609 2538 4678 νόμενοι,
2571 4613 2689 4672 ταῖς
2737 4610 2966 4678 ὑψηλαῖς
3009 4611 3101 4662 καλ⁵
3143 4614 3354 4680 νοεραῖς
3405 4611 3582 4663 αὐτῶν
3625 4613 3754 4680 περί⁸
3808 4613 3877 4664 τὰ

663 4700 1010 4771 tuulibusque
1038 4704 1156 4757 suis
1184 4704 1237 4758 in
1284 4705 1468 4758 divina
1501 4706 1776 4761 motibus:
1811 4707 2001 4775 sicque
2046 4709 2218 4777 gratia

2307 4701 2426 4751 θεῖα
2460 4702 2709 4770 κινήσεσι
2735 4717 2748 4731 °
2804 4701 2899 4753 καὶ
2938 4701 3109 4764 οὕτως
3157 4701 3306 4754 θέσει
3353 4703 3464 4754 θεοὶ
3501 4702 3716 4754 ἔσονται
3763 4706 3880 4764 τοῖς

660 4788 734 4841 dii
782 4799 910 4842 sunt
951 4801 1200 4860 respectu
1264 4796 1544 4847 hominum
1601 4795 1652 4848 in
1708 4805 1876 4850 terra.
1934 4797 2035 4850 Alii
2070 4812 2218 4864 vero,

2306 4788 2615 4858 ἀνθρώποις
2657 4789 2749 4843 ἐπὶ
2783 4792 2882 4860 τῆς
2911 4794 3035 4861 γῆς.
3069 4793 3130 4845 Ol
3160 4793 3215 4844 δὲ
3254 4796 3318 4863 τῇ
3348 4791 3609 4861 καθάρσει
3651 4793 3738 4845 διὰ
3783 4793 3878 4844 τοῦ

659 4879 861 4934 divinis
922 4879 1132 4935 illorum
1167 4885 1514 4938 sermonibus
1564 4885 1759 4954 piaque
1808 4888 2218 4942 conversatione

2307 4880 2451 4932 θείου
2497 4881 2678 4935 αὐτῶν
2723 4883 2880 4951 λόγου
2914 4884 3007 4934 καὶ
3045 4884 3142 4951 τῆς
3188 4885 3337 4953 ίερᾶς
3375 4884 3661 4945 συνουσίας
3706 4883 3881 4936 τελει-

660 4970 952 5038 pttrilicali,
985 4971 1039 5024 in
1073 4973 1272 5026 virtute
1333 4973 1712 5042 pcrliciuntur,
1762 4982 1817 5029 et
1869 4990 1968 5044 pro
2019 4979 2218 5033 ratione

2306 4971 2491 5025 οῦνται
2523 4973 2657 5043 πρὸς
2691 4973 2911 5045 ἀρετὴν,
2943 4975 3035 5026 καὶ
3065 4975 3341 5042 ἀναλόγως
3365 4978 3462 5043 τῆς
3496 4974 3630 5035 ίδίας
3669 4992 3879 5043 προκο-

661 5062 895 5128 prepriaa
944 5059 1340 5128 purificationis
1398 5071 1453 5118 et
1513 5065 1883 5134 perfectionis,
1937 5070 2218 5138 participes

2306 5068 2411 5134 πῆς
2436 5064 2531 5116 καὶ
2554 5065 2896 5134 καθάρσεως,
2933 5067 2991 5119 ὲν
3019 5065 3236 5135 μεθέξει
3259 5066 3355 5136 τῆς
3385 5065 3587 5117 τούτων
3623 5064 3880 5128 θεώσεως

664 5147 799 5201 dunt
823 5163 1016 5204 eorum
1051 5150 1410 5209 deiﬁcationis
1437 5165 1491 5211 et
1523 5165 1807 5212 consortes
1828 5159 2069 5228 ipsorum
2097 5175 2218 5214 cum

2306 5157 2563 5225 γίνονται,
2584 5158 2678 5209 καὶ
2695 5157 3039 5211 κοινωνοῦσιν
3058 5158 3239 5220 αὐτοῖς
3266 5159 3324 5209 ἐν
3341 5156 3458 5226 Θεῷ
3483 5155 3582 5221 τῆς
3602 5156 3876 5216 ένώσεως,

662 5238 775 5294 Deo
811 5241 1052 5306 unionis,
1084 5250 1143 5296 ut
1176 5259 1366 5301 omnes
1402 5248 1454 5300 in
1493 5263 1658 5302 unum
1685 5249 1960 5318 conjuncti
1990 5260 2043 5306 et
2069 5252 2218 5320 quasi

2306 5248 2375 5308 ώς
2391 5247 2456 5298 ἂν
2482 5248 2530 5299 οί
2552 5249 2753 5309 πάντες
2780 5250 2856 5310 είς
2887 5248 2944 5300 ἓν
2971 5247 3249 5317 ένούμενοί
3276 5265 3356 5311 τε,
3390 5247 3484 5300 καὶ
3515 5249 3878 5316 συμπτυσσό-

659 5331 890 5384 connexi
925 5333 1146 5390 vinculo
1181 5337 1486 5400 cltaritatis,
1517 5339 1606 5392 uni
1636 5339 1745 5393 Deo
1779 5343 2040 5394 UllinIIllll‘
2068 5343 2216 5396 inde‘

2306 5354 2454 5404 μενοι
2477 5341 2542 5407 τῇ
2580 5330 2791 5406 ἑνότητι
2832 5337 2928 5407 τῆς
2959 5340 3198 5407 ἀγάπης,
3230 5338 3310 5409 τῷ
3343 5339 3422 5391 ἑνὶ
3453 5337 3570 5406 Θεῷ
3599 5337 3881 5390 ἑνωθῶσιν

661 5421 924 5487 sinenter,
977 5435 1144 5494 atque
1198 5427 1339 5482 Deus
1390 5429 1462 5484 sit
1507 5430 1562 5485 in
1616 5431 1793 5486 medio
1835 5448 2045 5495 comm,
2081 5435 2218 5487 bona

2306 5425 2632 5489 ἀπαύστωςο
2672 5427 2765 5480 καὶ
2805 5427 2956 5480 ἔσται
3002 5428 3133 5491 Θεὸς
3180 5429 3237 5480 ὲν
3273 5428 3424 5498 μέσῳ
3453 5428 3610 5491 θεῶν,
3650 5428 3881 5495 ἀγαθῶν

662 5525 825 5580 opera
859 5512 913 5567 in
963 5516 1043 5569 eis
1074 5530 1329 5585 nperans,
1387 5517 1529 5574 Deus
1562 5529 1752 5574 natura
1786 5522 1838 5574 in
1874 5522 1980 5575 diis
2015 5523 2215 5590 gratia,

2306 5514 2479 5585 ἔργων
2513 5518 2706 5582 αἴτιος,
2739 5519 2767 5570 ὁ
2806 5519 2965 5585 φύσει
3001 5519 3109 5571 τῶν
3155 5519 3324 5584 θέσει,
3358 5519 3523 5588 μηδὲν
3566 5521 3882 5592 κατήγορον

661 5609 716 5656 et
739 5601 948 5656 nullum
979 5605 1116 5659 dans
1147 5607 1360 5662 crimini
1392 5610 1596 5663 aditum
1634 5625 1661 5662 a
1691 5612 1986 5665 creatione.

2306 5607 2499 5662 ἑαυτοῦ
2531 5611 2711 5680 φέρων
2746 5611 2855 5663 ἀπὸ
2885 5610 2985 5679 τῆς
3025 5611 3273 5674 κτίσεως.

730 5692 819 5744 54.
858 5691 990 5747 Cum
1035 5694 1143 5748 Deo
1177 5699 1626 5756 assimilationem
1669 5705 1745 5765 (in
1799 5714 2062 5773 quantum
2098 5713 2211 5758 tiu-

2367 5717 2460 5770 λδ’.
2504 5720 2612 5790 Τῆς
2634 5721 2768 5792 πρὸς
2794 5721 2923 5774 Θεὸν
2947 5721 3357 5792 ἁφομοιώσεως,
3377 5720 3451 5784 ῶς
3474 5721 3604 5790 ἡμῖν
3625 5720 3876 5789 ἐφικτὸν,

740 5862 786 5893 ⁹⁹
823 5861 981 5920 Rom.
1039 5881 1155 5934 νιιι,
1190 5868 1278 5923 29.
