  <div class='ocr_page' id='page_1' title='image "/cluster/home/n/w/nwhite01/storage/ocr_20150623/120/pst.000005714353/492.png"; bbox 0 0 4124 6338; ppageno 0'>
   <div class='ocr_carea' id='block_1_1' title="bbox 224 435 326 499">
    <p class='ocr_par' dir='ltr' id='par_1_1' title="bbox 224 435 326 499">
     <span class='ocr_line' id='line_1_1' title="bbox 224 435 326 499; baseline 0 0"><span class='ocrx_word' id='word_1_1' title='bbox 224 435 326 499; x_wconf 80' lang='lat'><strong>969</strong></span> 
     </span>
    </p>
   </div>
   <div class='ocr_carea' id='block_1_2' title="bbox 999 410 2475 491">
    <p class='ocr_par' dir='ltr' id='par_1_2' title="bbox 999 410 2475 491">
     <span class='ocr_line' id='line_1_2' title="bbox 999 410 2475 491; baseline -0.012 1"><span class='ocrx_word' id='word_1_2' title='bbox 999 425 1532 491; x_wconf 75' lang='lat' dir='ltr'><strong>GNOSTICORUM</strong></span> <span class='ocrx_word' id='word_1_3' title='bbox 1569 419 1902 485; x_wconf 74' lang='lat' dir='ltr'><strong>CAPITUM</strong></span> <span class='ocrx_word' id='word_1_4' title='bbox 1942 413 2328 479; x_wconf 78' lang='lat' dir='ltr'><strong>CENTURIA</strong></span> <span class='ocrx_word' id='word_1_5' title='bbox 2357 412 2383 472; x_wconf 85' lang='grc' dir='ltr'><strong>Ῑ</strong></span> <span class='ocrx_word' id='word_1_6' title='bbox 2394 410 2475 474; x_wconf 87' lang='lat' dir='ltr'><strong>II.</strong></span> 
     </span>
    </p>
   </div>
   <div class='ocr_carea' id='block_1_3' title="bbox 3355 400 3458 463">
    <p class='ocr_par' dir='ltr' id='par_1_3' title="bbox 3355 400 3458 463">
     <span class='ocr_line' id='line_1_3' title="bbox 3355 400 3458 463; baseline 0.019 -3"><span class='ocrx_word' id='word_1_7' title='bbox 3355 400 3458 463; x_wconf 67' lang='grc'><strong>970</strong></span> 
     </span>
    </p>
   </div>
   <div class='ocr_carea' id='block_1_4' title="bbox 226 515 1816 613">
    <p class='ocr_par' dir='ltr' id='par_1_4' title="bbox 226 539 1793 613">
     <span class='ocr_line' id='line_1_4' title="bbox 226 539 1793 613; baseline -0.006 -14"><span class='ocrx_word' id='word_1_8' title='bbox 226 545 509 613; x_wconf 77' lang='grc' dir='ltr'>ἀμήχανον</span> <span class='ocrx_word' id='word_1_9' title='bbox 535 540 826 610; x_wconf 72' lang='grc' dir='ltr'><strong>τεύξασθαι</strong></span> <span class='ocrx_word' id='word_1_10' title='bbox 864 540 955 594; x_wconf 71' lang='grc' dir='ltr'>τὸν</span> <span class='ocrx_word' id='word_1_11' title='bbox 996 542 1298 606; x_wconf 77' lang='grc' dir='ltr'>σπουδαῖον,</span> <span class='ocrx_word' id='word_1_12' title='bbox 1331 540 1379 593; x_wconf 85' lang='grc' dir='ltr'><strong>εί</strong></span> <span class='ocrx_word' id='word_1_13' title='bbox 1415 540 1489 609; x_wconf 85' lang='grc' dir='ltr'>μὴ</span> <span class='ocrx_word' id='word_1_14' title='bbox 1533 539 1793 608; x_wconf 74' lang='grc' dir='ltr'>πρότερον</span> 
     </span>
    </p>
   </div>
   <div class='ocr_carea' id='block_1_5' title="bbox 1915 515 3458 613">
    <p class='ocr_par' dir='ltr' id='par_1_5' title="bbox 1922 515 3458 603">
     <span class='ocr_line' id='line_1_5' title="bbox 1922 515 3458 603; baseline -0.009 -16"><span class='ocrx_word' id='word_1_15' title='bbox 1922 547 1982 587; x_wconf 85' lang='lat' dir='ltr'><strong>us</strong></span> <span class='ocrx_word' id='word_1_16' title='bbox 2012 544 2242 603; x_wconf 91' lang='lat' dir='ltr'><strong>capaces</strong></span> <span class='ocrx_word' id='word_1_17' title='bbox 2268 524 2477 593; x_wconf 87' lang='lat' dir='ltr'><strong>sumus)</strong></span> <span class='ocrx_word' id='word_1_18' title='bbox 2509 538 2614 578; x_wconf 87' lang='lat' dir='ltr'><strong>non</strong></span> <span class='ocrx_word' id='word_1_19' title='bbox 2649 529 2824 593; x_wconf 87' lang='lat' dir='ltr'><strong>potest</strong></span> <span class='ocrx_word' id='word_1_20' title='bbox 2852 516 3112 589; x_wconf 63' lang='lat' dir='ltr'><strong>consequi</strong></span> <span class='ocrx_word' id='word_1_21' title='bbox 3147 515 3230 572; x_wconf 83' lang='lat' dir='ltr'><strong>vir</strong></span> <span class='ocrx_word' id='word_1_22' title='bbox 3257 516 3458 578; x_wconf 86' lang='lat' dir='ltr'><strong>bonus.</strong></span> 
     </span>
    </p>
   </div>
   <div class='ocr_carea' id='block_1_6' title="bbox 226 631 1795 710">
    <p class='ocr_par' dir='ltr' id='par_1_6' title="bbox 226 631 1795 710">
     <span class='ocr_line' id='line_1_6' title="bbox 226 631 1795 710; baseline -0.004 -19"><span class='ocrx_word' id='word_1_23' title='bbox 226 638 325 701; x_wconf 76' lang='grc' dir='ltr'><strong>τῆς</strong></span> <span class='ocrx_word' id='word_1_24' title='bbox 350 636 789 710; x_wconf 69' lang='grc' dir='ltr'><strong>ἐπιπροσθούσης</strong></span> <span class='ocrx_word' id='word_1_25' title='bbox 805 635 911 689; x_wconf 83' lang='grc' dir='ltr'><strong>τῶν</strong></span> <span class='ocrx_word' id='word_1_26' title='bbox 930 636 1113 689; x_wconf 83' lang='grc' dir='ltr'>κακῶν</span> <span class='ocrx_word' id='word_1_27' title='bbox 1137 634 1277 698; x_wconf 75' lang='grc' dir='ltr'>ίλύνις</span> <span class='ocrx_word' id='word_1_28' title='bbox 1298 634 1385 687; x_wconf 79' lang='grc' dir='ltr'>διὰ</span> <span class='ocrx_word' id='word_1_29' title='bbox 1405 632 1655 705; x_wconf 78' lang='grc' dir='ltr'><strong>δακρύων</strong></span> <span class='ocrx_word' id='word_1_30' title='bbox 1674 631 1795 701; x_wconf 84' lang='grc' dir='ltr'>θερ-</span> 
     </span>
    </p>
   </div>
   <div class='ocr_carea' id='block_1_7' title="bbox 231 726 1797 804">
    <p class='ocr_par' dir='ltr' id='par_1_7' title="bbox 231 726 1797 804">
     <span class='ocr_line' id='line_1_7' title="bbox 231 726 1797 804; baseline -0.007 -19"><span class='ocrx_word' id='word_1_31' title='bbox 231 730 351 803; x_wconf 78' lang='grc' dir='ltr'>μῶν</span> <span class='ocrx_word' id='word_1_32' title='bbox 378 732 479 799; x_wconf 79' lang='grc' dir='ltr'><strong>τὴν</strong></span> <span class='ocrx_word' id='word_1_33' title='bbox 507 730 786 799; x_wconf 78' lang='grc' dir='ltr'><strong>ἀμορφίαν</strong></span> <span class='ocrx_word' id='word_1_34' title='bbox 823 729 1276 789; x_wconf 80' lang='grc' dir='ltr'>ἀποσκευάσεται,</span> <span class='ocrx_word' id='word_1_35' title='bbox 1314 728 1409 804; x_wconf 72' lang='grc' dir='ltr'><strong>καὶ</strong></span> <span class='ocrx_word' id='word_1_36' title='bbox 1447 726 1543 795; x_wconf 83' lang='grc' dir='ltr'><strong>τῆς</strong></span> <span class='ocrx_word' id='word_1_37' title='bbox 1588 727 1797 795; x_wconf 78' lang='grc' dir='ltr'>ἱερουρ-</span> 
     </span>
    </p>
   </div>
   <div class='ocr_carea' id='block_1_8' title="bbox 228 816 1797 893">
    <p class='ocr_par' dir='ltr' id='par_1_8' title="bbox 228 816 1797 893">
     <span class='ocr_line' id='line_1_8' title="bbox 228 816 1797 893; baseline -0.007 -16"><span class='ocrx_word' id='word_1_38' title='bbox 228 824 354 893; x_wconf 90' lang='grc' dir='ltr'>γίας</span> <span class='ocrx_word' id='word_1_39' title='bbox 384 822 576 892; x_wconf 76' lang='grc' dir='ltr'>ἅψεται</span> <span class='ocrx_word' id='word_1_40' title='bbox 606 823 712 875; x_wconf 84' lang='grc' dir='ltr'><strong>τῶν</strong></span> <span class='ocrx_word' id='word_1_41' title='bbox 744 821 905 893; x_wconf 86' lang='grc' dir='ltr'>ίερῶν</span> <span class='ocrx_word' id='word_1_42' title='bbox 925 821 1018 875; x_wconf 87' lang='grc' dir='ltr'><strong>τοῦ</strong></span> <span class='ocrx_word' id='word_1_43' title='bbox 1048 820 1281 888; x_wconf 85' lang='grc' dir='ltr'>Χριστοῦ</span> <span class='ocrx_word' id='word_1_44' title='bbox 1313 817 1558 872; x_wconf 75' lang='grc' dir='ltr'>ἐντολῶν.</span> <span class='ocrx_word' id='word_1_45' title='bbox 1587 816 1797 875; x_wconf 76' lang='grc' dir='ltr'>Ἀλλοις</span> 
     </span>
    </p>
   </div>
   <div class='ocr_carea' id='block_1_9' title="bbox 227 906 1797 988">
    <p class='ocr_par' dir='ltr' id='par_1_9' title="bbox 227 906 1797 988">
     <span class='ocr_line' id='line_1_9' title="bbox 227 906 1797 988; baseline -0.008 -19"><span class='ocrx_word' id='word_1_46' title='bbox 227 918 339 986; x_wconf 74' lang='grc' dir='ltr'><strong>γὰρ</strong></span> <span class='ocrx_word' id='word_1_47' title='bbox 376 920 431 969; x_wconf 82' lang='grc' dir='ltr'><strong>ἐν</strong></span> <span class='ocrx_word' id='word_1_48' title='bbox 483 916 743 988; x_wconf 73' lang='grc' dir='ltr'>μετουσίᾳ</span> <span class='ocrx_word' id='word_1_49' title='bbox 771 914 879 968; x_wconf 82' lang='grc' dir='ltr'>τῶν</span> <span class='ocrx_word' id='word_1_50' title='bbox 917 914 1245 985; x_wconf 73' lang='grc' dir='ltr'>ἀπορρήτων</span> <span class='ocrx_word' id='word_1_51' title='bbox 1275 912 1368 965; x_wconf 87' lang='grc' dir='ltr'><strong>τοῦ</strong></span> <span class='ocrx_word' id='word_1_52' title='bbox 1409 908 1543 963; x_wconf 84' lang='grc' dir='ltr'>Θεοῦ</span> <span class='ocrx_word' id='word_1_53' title='bbox 1579 906 1797 976; x_wconf 82' lang='grc' dir='ltr'>ἀγαθῶν</span> 
     </span>
    </p>
   </div>
   <div class='ocr_carea' id='block_1_10' title="bbox 228 996 1799 1075">
    <p class='ocr_par' dir='ltr' id='par_1_10' title="bbox 228 996 1799 1075">
     <span class='ocr_line' id='line_1_10' title="bbox 228 996 1799 1075; baseline -0.01 -15"><span class='ocrx_word' id='word_1_54' title='bbox 228 1006 482 1075; x_wconf 79' lang='grc' dir='ltr'>γενέσθαι</span> <span class='ocrx_word' id='word_1_55' title='bbox 514 1006 725 1062; x_wconf 82' lang='grc' dir='ltr'>τοῦτον.</span> <span class='ocrx_word' id='word_1_56' title='bbox 757 1003 1036 1057; x_wconf 86' lang='grc' dir='ltr'>ἀδύνατον.</span> <span class='ocrx_word' id='word_1_57' title='bbox 1075 1003 1132 1055; x_wconf 91' lang='grc' dir='ltr'>Ὀ</span> <span class='ocrx_word' id='word_1_58' title='bbox 1162 1002 1269 1070; x_wconf 82' lang='grc' dir='ltr'>γὰρ</span> <span class='ocrx_word' id='word_1_59' title='bbox 1296 997 1573 1069; x_wconf 76' lang='grc' dir='ltr'><strong>ἐπιθυμῶν</strong></span> <span class='ocrx_word' id='word_1_60' title='bbox 1602 996 1799 1064; x_wconf 65' lang='grc' dir='ltr'>γεύσα-</span> 
     </span>
    </p>
   </div>
   <div class='ocr_carea' id='block_1_11' title="bbox 232 1088 1799 1165">
    <p class='ocr_par' dir='ltr' id='par_1_11' title="bbox 232 1088 1799 1165">
     <span class='ocr_line' id='line_1_11' title="bbox 232 1088 1799 1165; baseline -0.009 -15"><span class='ocrx_word' id='word_1_61' title='bbox 232 1098 359 1151; x_wconf 88' lang='grc' dir='ltr'>σθαι</span> <span class='ocrx_word' id='word_1_62' title='bbox 397 1099 498 1164; x_wconf 77' lang='grc' dir='ltr'><strong>τῆς</strong></span> <span class='ocrx_word' id='word_1_63' title='bbox 551 1097 698 1159; x_wconf 77' lang='grc' dir='ltr'>θείας</span> <span class='ocrx_word' id='word_1_64' title='bbox 746 1094 947 1165; x_wconf 84' lang='grc' dir='ltr'>νοερῶς</span> <span class='ocrx_word' id='word_1_65' title='bbox 995 1093 1103 1145; x_wconf 83' lang='grc' dir='ltr'><strong>τῶν</strong></span> <span class='ocrx_word' id='word_1_66' title='bbox 1134 1090 1335 1161; x_wconf 79' lang='grc' dir='ltr'>νοερῶν</span> <span class='ocrx_word' id='word_1_67' title='bbox 1374 1088 1707 1161; x_wconf 74' lang='grc' dir='ltr'>γλυκύτητός</span> <span class='ocrx_word' id='word_1_68' title='bbox 1741 1101 1799 1136; x_wconf 86' lang='grc' dir='ltr'><strong>τε</strong></span> 
     </span>
    </p>
   </div>
   <div class='ocr_carea' id='block_1_12' title="bbox 231 1178 1799 1259">
    <p class='ocr_par' dir='ltr' id='par_1_12' title="bbox 231 1178 1799 1259">
     <span class='ocr_line' id='line_1_12' title="bbox 231 1178 1799 1259; baseline -0.01 -14"><span class='ocrx_word' id='word_1_69' title='bbox 231 1191 329 1245; x_wconf 76' lang='grc' dir='ltr'><strong>καὶ</strong></span> <span class='ocrx_word' id='word_1_70' title='bbox 359 1191 568 1259; x_wconf 69' lang='grc' dir='ltr'>ἡδονῆς,</span> <span class='ocrx_word' id='word_1_71' title='bbox 596 1190 777 1257; x_wconf 78' lang='grc' dir='ltr'>πάσης</span> <span class='ocrx_word' id='word_1_72' title='bbox 810 1186 1085 1255; x_wconf 84' lang='grc' dir='ltr'><strong>ἀποδημεῖ</strong></span> <span class='ocrx_word' id='word_1_73' title='bbox 1104 1185 1198 1253; x_wconf 85' lang='grc' dir='ltr'><strong>τῆς</strong></span> <span class='ocrx_word' id='word_1_74' title='bbox 1227 1181 1319 1235; x_wconf 87' lang='grc' dir='ltr'><strong>τοῦ</strong></span> <span class='ocrx_word' id='word_1_75' title='bbox 1345 1180 1551 1250; x_wconf 79' lang='grc' dir='ltr'>κόσμού</span> <span class='ocrx_word' id='word_1_76' title='bbox 1572 1178 1799 1231; x_wconf 77' lang='grc' dir='ltr'><strong>καθόλου</strong></span> 
     </span>
    </p>
   </div>
   <div class='ocr_carea' id='block_1_13' title="bbox 230 1270 1801 1350">
    <p class='ocr_par' dir='ltr' id='par_1_13' title="bbox 230 1270 1801 1350">
     <span class='ocr_line' id='line_1_13' title="bbox 230 1270 1801 1350; baseline -0.01 -16"><span class='ocrx_word' id='word_1_77' title='bbox 230 1280 572 1350; x_wconf 63' lang='grc' dir='ltr'>αἰσθήσεως,</span> <span class='ocrx_word' id='word_1_78' title='bbox 626 1277 720 1330; x_wconf 71' lang='grc' dir='ltr'><strong>καὶ</strong></span> <span class='ocrx_word' id='word_1_79' title='bbox 774 1280 839 1346; x_wconf 77' lang='grc' dir='ltr'>τῇ</span> <span class='ocrx_word' id='word_1_80' title='bbox 876 1277 1060 1342; x_wconf 77' lang='grc' dir='ltr'>ἐφέσει</span> <span class='ocrx_word' id='word_1_81' title='bbox 1115 1275 1225 1326; x_wconf 82' lang='grc' dir='ltr'><strong>τῶν</strong></span> <span class='ocrx_word' id='word_1_82' title='bbox 1266 1270 1644 1340; x_wconf 79' lang='grc' dir='ltr'><strong>ἀποκειμένων</strong></span> <span class='ocrx_word' id='word_1_83' title='bbox 1690 1270 1801 1329; x_wconf 85' lang='grc' dir='ltr'>τοῖς</span> 
     </span>
    </p>
   </div>
   <div class='ocr_carea' id='block_1_14' title="bbox 230 1356 1803 1439">
    <p class='ocr_par' dir='ltr' id='par_1_14' title="bbox 230 1356 1803 1439">
     <span class='ocr_line' id='line_1_14' title="bbox 230 1356 1803 1439; baseline -0.011 -13"><span class='ocrx_word' id='word_1_84' title='bbox 230 1372 409 1439; x_wconf 73' lang='grc' dir='ltr'>ἁγίοις</span> <span class='ocrx_word' id='word_1_85' title='bbox 439 1369 679 1437; x_wconf 71' lang='grc' dir='ltr'>ἀγαθῶν,</span> <span class='ocrx_word' id='word_1_86' title='bbox 703 1371 759 1421; x_wconf 88' lang='grc' dir='ltr'><strong>ἐν</strong></span> <span class='ocrx_word' id='word_1_87' title='bbox 779 1371 844 1437; x_wconf 80' lang='grc' dir='ltr'>τῇ</span> <span class='ocrx_word' id='word_1_88' title='bbox 867 1365 1070 1437; x_wconf 76' lang='grc' dir='ltr'>θεωρίᾳ</span> <span class='ocrx_word' id='word_1_89' title='bbox 1090 1363 1199 1417; x_wconf 85' lang='grc' dir='ltr'>τῶν</span> <span class='ocrx_word' id='word_1_90' title='bbox 1220 1363 1386 1417; x_wconf 81' lang='grc' dir='ltr'>όντων</span> <span class='ocrx_word' id='word_1_91' title='bbox 1410 1356 1803 1429; x_wconf 74' lang='grc' dir='ltr'>ἀδολεσχοῦσαν</span> 
     </span>
    </p>
   </div>
   <div class='ocr_carea' id='block_1_15' title="bbox 232 1460 862 1535">
    <p class='ocr_par' dir='ltr' id='par_1_15' title="bbox 232 1460 862 1535">
     <span class='ocr_line' id='line_1_15' title="bbox 232 1460 862 1535; baseline -0.006 -19"><span class='ocrx_word' id='word_1_92' title='bbox 232 1464 349 1535; x_wconf 70' lang='grc' dir='ltr'>ἔχει</span> <span class='ocrx_word' id='word_1_93' title='bbox 372 1462 469 1530; x_wconf 86' lang='grc' dir='ltr'><strong>τὴν</strong></span> <span class='ocrx_word' id='word_1_94' title='bbox 507 1462 640 1513; x_wconf 81' lang='grc' dir='ltr'><strong>ἰδίαν</strong></span> <span class='ocrx_word' id='word_1_95' title='bbox 663 1460 862 1531; x_wconf 73' lang='grc' dir='ltr'>ψυχήν.</span> 
     </span>
    </p>
   </div>
   <div class='ocr_carea' id='block_1_16' title="bbox 308 1544 1799 1621">
    <p class='ocr_par' dir='ltr' id='par_1_16' title="bbox 308 1544 1799 1621">
     <span class='ocr_line' id='line_1_16' title="bbox 308 1544 1799 1621; baseline -0.009 -15"><span class='ocrx_word' id='word_1_96' title='bbox 308 1554 402 1606; x_wconf 83' lang='grc' dir='ltr'>λε’.</span> <span class='ocrx_word' id='word_1_97' title='bbox 438 1553 510 1605; x_wconf 77' lang='grc' dir='ltr'>Τὸ</span> <span class='ocrx_word' id='word_1_98' title='bbox 541 1552 638 1621; x_wconf 71' lang='grc' dir='ltr'>τὴν</span> <span class='ocrx_word' id='word_1_99' title='bbox 672 1551 877 1619; x_wconf 86' lang='grc' dir='ltr'>θεοειδῆ</span> <span class='ocrx_word' id='word_1_100' title='bbox 913 1549 1249 1619; x_wconf 74' lang='grc' dir='ltr'>ἀφομοίωσιν</span> <span class='ocrx_word' id='word_1_101' title='bbox 1287 1546 1643 1600; x_wconf 65' lang='grc' dir='ltr'>ἀναλλοίωτον</span> <span class='ocrx_word' id='word_1_102' title='bbox 1674 1544 1799 1594; x_wconf 81' lang='grc' dir='ltr'>ἐαυ-</span> 
     </span>
    </p>
   </div>
   <div class='ocr_carea' id='block_1_17' title="bbox 233 1636 1805 1714">
    <p class='ocr_par' dir='ltr' id='par_1_17' title="bbox 233 1636 1805 1714">
     <span class='ocr_line' id='line_1_17' title="bbox 233 1636 1805 1714; baseline -0.009 -14"><span class='ocrx_word' id='word_1_103' title='bbox 233 1648 352 1709; x_wconf 72' lang='grc' dir='ltr'>τοῖς</span> <span class='ocrx_word' id='word_1_104' title='bbox 400 1646 750 1714; x_wconf 68' lang='grc' dir='ltr'>διατηρῆσαι,</span> <span class='ocrx_word' id='word_1_105' title='bbox 807 1644 905 1714; x_wconf 77' lang='grc' dir='ltr'><strong>τὴν</strong></span> <span class='ocrx_word' id='word_1_106' title='bbox 953 1642 1013 1708; x_wconf 79' lang='grc' dir='ltr'>ἐξ</span> <span class='ocrx_word' id='word_1_107' title='bbox 1064 1639 1371 1711; x_wconf 79' lang='grc' dir='ltr'><strong>ἀκροτάτης</strong></span> <span class='ocrx_word' id='word_1_108' title='bbox 1422 1636 1805 1705; x_wconf 63' lang='grc' dir='ltr'>ἐπιγινομένην</span> 
     </span>
    </p>
   </div>
   <div class='ocr_carea' id='block_1_18' title="bbox 235 1727 1807 1807">
    <p class='ocr_par' dir='ltr' id='par_1_18' title="bbox 235 1727 1807 1807">
     <span class='ocr_line' id='line_1_18' title="bbox 235 1727 1807 1807; baseline -0.009 -16"><span class='ocrx_word' id='word_1_109' title='bbox 235 1736 580 1807; x_wconf 79' lang='grc' dir='ltr'>καθάρσεως,</span> <span class='ocrx_word' id='word_1_110' title='bbox 631 1736 724 1788; x_wconf 72' lang='grc' dir='ltr'>καὶ</span> <span class='ocrx_word' id='word_1_111' title='bbox 774 1735 996 1802; x_wconf 84' lang='grc' dir='ltr'>ἀγάπης</span> <span class='ocrx_word' id='word_1_112' title='bbox 1045 1732 1246 1797; x_wconf 70' lang='grc' dir='ltr'>πολλῆς</span> <span class='ocrx_word' id='word_1_113' title='bbox 1290 1729 1383 1782; x_wconf 87' lang='grc' dir='ltr'><strong>τοῦ</strong></span> <span class='ocrx_word' id='word_1_114' title='bbox 1434 1727 1592 1790; x_wconf 83' lang='grc' dir='ltr'>Θεοῦ,</span> <span class='ocrx_word' id='word_1_115' title='bbox 1640 1727 1807 1797; x_wconf 83' lang='grc' dir='ltr'>μόνης</span> 
     </span>
    </p>
   </div>
   <div class='ocr_carea' id='block_1_19' title="bbox 238 1820 1807 1898">
    <p class='ocr_par' dir='ltr' id='par_1_19' title="bbox 238 1820 1807 1898">
     <span class='ocr_line' id='line_1_19' title="bbox 238 1820 1807 1898; baseline -0.008 -15"><span class='ocrx_word' id='word_1_116' title='bbox 238 1830 356 1883; x_wconf 77' lang='grc' dir='ltr'><strong>ἐστὶ</strong></span> <span class='ocrx_word' id='word_1_117' title='bbox 392 1827 489 1898; x_wconf 81' lang='grc' dir='ltr'><strong>τῆς</strong></span> <span class='ocrx_word' id='word_1_118' title='bbox 524 1828 655 1896; x_wconf 78' lang='grc' dir='ltr'>πρὸς</span> <span class='ocrx_word' id='word_1_119' title='bbox 688 1827 777 1879; x_wconf 82' lang='grc' dir='ltr'><strong>τὸν</strong></span> <span class='ocrx_word' id='word_1_120' title='bbox 810 1826 941 1881; x_wconf 65' lang='grc' dir='ltr'>θεὸν</span> <span class='ocrx_word' id='word_1_121' title='bbox 982 1824 1265 1896; x_wconf 72' lang='grc' dir='ltr'>διηνεκοῦς</span> <span class='ocrx_word' id='word_1_122' title='bbox 1300 1822 1666 1888; x_wconf 79' lang='grc' dir='ltr'>ἀνανεύσεως,</span> <span class='ocrx_word' id='word_1_123' title='bbox 1715 1820 1807 1871; x_wconf 74' lang='grc' dir='ltr'><strong>καὶ</strong></span> 
     </span>
    </p>
   </div>
   <div class='ocr_carea' id='block_1_20' title="bbox 1898 609 3461 696">
    <p class='ocr_par' dir='ltr' id='par_1_20' title="bbox 1898 609 3461 696">
     <span class='ocr_line' id='line_1_20' title="bbox 1898 609 3461 696; baseline -0.012 -16"><span class='ocrx_word' id='word_1_124' title='bbox 1898 626 2031 696; x_wconf 91' lang='lat' dir='ltr'><strong>quin</strong></span> <span class='ocrx_word' id='word_1_125' title='bbox 2067 623 2218 692; x_wconf 83' lang='lat' dir='ltr'><strong>prius</strong></span> <span class='ocrx_word' id='word_1_126' title='bbox 2266 619 2554 674; x_wconf 82' lang='lat' dir='ltr'><strong>oﬂicientis</strong></span> <span class='ocrx_word' id='word_1_127' title='bbox 2604 615 2893 684; x_wconf 47' lang='lat' dir='ltr'><strong>malorum.</strong></span> <span class='ocrx_word' id='word_1_128' title='bbox 2920 612 3017 667; x_wconf 89' lang='lat' dir='ltr'><strong>luti</strong></span> <span class='ocrx_word' id='word_1_129' title='bbox 3061 609 3461 665; x_wconf 69' lang='lat' dir='ltr'><strong>deformitatem</strong></span> 
     </span>
    </p>
   </div>
   <div class='ocr_carea' id='block_1_21' title="bbox 1898 701 3460 780">
    <p class='ocr_par' dir='ltr' id='par_1_21' title="bbox 1898 701 3460 780">
     <span class='ocr_line' id='line_1_21' title="bbox 1898 701 3460 780; baseline -0.013 -8"><span class='ocrx_word' id='word_1_130' title='bbox 1898 716 2095 772; x_wconf 74' lang='lat' dir='ltr'><strong>calidis</strong></span> <span class='ocrx_word' id='word_1_131' title='bbox 2126 714 2369 769; x_wconf 73' lang='lat' dir='ltr'><strong>excutiat</strong></span> <span class='ocrx_word' id='word_1_132' title='bbox 2399 709 2684 780; x_wconf 87' lang='lat' dir='ltr'><strong>lacrytnis,</strong></span> <span class='ocrx_word' id='word_1_133' title='bbox 2731 708 2832 776; x_wconf 69' lang='lat' dir='ltr'><strong>pia:</strong></span> <span class='ocrx_word' id='word_1_134' title='bbox 2878 704 3153 758; x_wconf 71' lang='lat' dir='ltr'><strong>adhaereat</strong></span> <span class='ocrx_word' id='word_1_135' title='bbox 3199 701 3460 756; x_wconf 78' lang='lat' dir='ltr'><strong>observa-</strong></span> 
     </span>
    </p>
   </div>
   <div class='ocr_carea' id='block_1_22' title="bbox 1901 792 3461 863">
    <p class='ocr_par' dir='ltr' id='par_1_22' title="bbox 1901 792 3461 863">
     <span class='ocr_line' id='line_1_22' title="bbox 1901 792 3461 863; baseline -0.012 -2"><span class='ocrx_word' id='word_1_136' title='bbox 1901 808 2031 863; x_wconf 90' lang='lat' dir='ltr'><strong>tioni</strong></span> <span class='ocrx_word' id='word_1_137' title='bbox 2080 818 2362 860; x_wconf 87' lang='lat' dir='ltr'><strong>sacrorum</strong></span> <span class='ocrx_word' id='word_1_138' title='bbox 2400 799 2607 858; x_wconf 85' lang='lat' dir='ltr'><strong>Christi</strong></span> <span class='ocrx_word' id='word_1_139' title='bbox 2667 796 3065 851; x_wconf 71' lang='lat' dir='ltr'><strong>mandatorum.</strong></span> <span class='ocrx_word' id='word_1_140' title='bbox 3114 792 3265 847; x_wconf 81' lang='lat' dir='ltr'><strong>Alias</strong></span> <span class='ocrx_word' id='word_1_141' title='bbox 3317 794 3461 845; x_wconf 87' lang='lat' dir='ltr'><strong>enim</strong></span> 
     </span>
    </p>
   </div>
   <div class='ocr_carea' id='block_1_23' title="bbox 1905 887 3468 954">
    <p class='ocr_par' dir='ltr' id='par_1_23' title="bbox 1905 887 3468 954">
     <span class='ocr_line' id='line_1_23' title="bbox 1905 887 3468 954; baseline -0.012 0"><span class='ocrx_word' id='word_1_142' title='bbox 1905 902 1956 954; x_wconf 91' lang='lat' dir='ltr'><strong>in</strong></span> <span class='ocrx_word' id='word_1_143' title='bbox 2001 897 2492 953; x_wconf 78' lang='lat' dir='ltr'><strong>communicatione</strong></span> <span class='ocrx_word' id='word_1_144' title='bbox 2522 891 2874 948; x_wconf 69' lang='lat' dir='ltr'><strong>ineli‘abilium</strong></span> <span class='ocrx_word' id='word_1_145' title='bbox 2910 887 3004 943; x_wconf 87' lang='lat' dir='ltr'><strong>Dei</strong></span> <span class='ocrx_word' id='word_1_146' title='bbox 3035 888 3302 943; x_wconf 88' lang='lat' dir='ltr'><strong>bonorum</strong></span> <span class='ocrx_word' id='word_1_147' title='bbox 3342 899 3468 939; x_wconf 80' lang='lat' dir='ltr'><strong>esse</strong></span> 
     </span>
    </p>
   </div>
   <div class='ocr_carea' id='block_1_24' title="bbox 1905 977 3467 1059">
    <p class='ocr_par' dir='ltr' id='par_1_24' title="bbox 1905 977 3467 1059">
     <span class='ocr_line' id='line_1_24' title="bbox 1905 977 3467 1059; baseline -0.01 -15"><span class='ocrx_word' id='word_1_148' title='bbox 1905 1008 2008 1045; x_wconf 89' lang='lat' dir='ltr'><strong>non</strong></span> <span class='ocrx_word' id='word_1_149' title='bbox 2050 996 2247 1059; x_wconf 83' lang='lat' dir='ltr'><strong>potest.</strong></span> <span class='ocrx_word' id='word_1_150' title='bbox 2303 987 2407 1053; x_wconf 81' lang='lat' dir='ltr'><strong>Qui</strong></span> <span class='ocrx_word' id='word_1_151' title='bbox 2454 988 2596 1040; x_wconf 87' lang='lat' dir='ltr'><strong>enim</strong></span> <span class='ocrx_word' id='word_1_152' title='bbox 2641 983 2794 1053; x_wconf 84' lang='lat' dir='ltr'><strong>cupit</strong></span> <span class='ocrx_word' id='word_1_153' title='bbox 2844 990 3060 1050; x_wconf 87' lang='lat' dir='ltr'><strong>gustare</strong></span> <span class='ocrx_word' id='word_1_154' title='bbox 3110 977 3467 1049; x_wconf 88' lang='lat' dir='ltr'><strong>spiritualiter</strong></span> 
     </span>
    </p>
   </div>
   <div class='ocr_carea' id='block_1_25' title="bbox 1904 1067 3463 1152">
    <p class='ocr_par' dir='ltr' id='par_1_25' title="bbox 1904 1067 3463 1152">
     <span class='ocr_line' id='line_1_25' title="bbox 1904 1067 3463 1152; baseline -0.007 -20"><span class='ocrx_word' id='word_1_155' title='bbox 1904 1080 2267 1152; x_wconf 63' lang='lat' dir='ltr'><strong>spiriluaiiltln</strong></span> <span class='ocrx_word' id='word_1_156' title='bbox 2322 1080 2660 1134; x_wconf 79' lang='lat' dir='ltr'><strong>dulcedinem</strong></span> <span class='ocrx_word' id='word_1_157' title='bbox 2716 1085 2772 1129; x_wconf 90' lang='lat' dir='ltr'><strong>et</strong></span> <span class='ocrx_word' id='word_1_158' title='bbox 2818 1073 3173 1142; x_wconf 82' lang='lat' dir='ltr'><strong>voluptatem,</strong></span> <span class='ocrx_word' id='word_1_159' title='bbox 3224 1070 3291 1125; x_wconf 89' lang='lat' dir='ltr'><strong>ab</strong></span> <span class='ocrx_word' id='word_1_160' title='bbox 3314 1067 3463 1121; x_wconf 87' lang='lat' dir='ltr'><strong>omni</strong></span> 
     </span>
    </p>
   </div>
   <div class='ocr_carea' id='block_1_26' title="bbox 1905 1162 3463 1244">
    <p class='ocr_par' dir='ltr' id='par_1_26' title="bbox 1905 1162 3463 1244">
     <span class='ocr_line' id='line_1_26' title="bbox 1905 1162 3463 1244; baseline -0.01 -14"><span class='ocrx_word' id='word_1_161' title='bbox 1905 1174 2137 1244; x_wconf 77' lang='lat' dir='ltr'><strong>perfecte</strong></span> <span class='ocrx_word' id='word_1_162' title='bbox 2153 1172 2364 1229; x_wconf 77' lang='lat' dir='ltr'><strong>exsulat</strong></span> <span class='ocrx_word' id='word_1_163' title='bbox 2385 1186 2545 1224; x_wconf 69' lang='lat' dir='ltr'><strong>sensu</strong></span> <span class='ocrx_word' id='word_1_164' title='bbox 2572 1168 2866 1232; x_wconf 90' lang='lat' dir='ltr'><strong>mundano,</strong></span> <span class='ocrx_word' id='word_1_165' title='bbox 2900 1180 2963 1218; x_wconf 89' lang='lat' dir='ltr'><strong>ac</strong></span> <span class='ocrx_word' id='word_1_166' title='bbox 2990 1164 3301 1219; x_wconf 87' lang='lat' dir='ltr'><strong>desiderans</strong></span> <span class='ocrx_word' id='word_1_167' title='bbox 3322 1162 3463 1216; x_wconf 85' lang='lat' dir='ltr'><strong>bona</strong></span> 
     </span>
    </p>
   </div>
   <div class='ocr_carea' id='block_1_27' title="bbox 1904 1252 3459 1330">
    <p class='ocr_par' dir='ltr' id='par_1_27' title="bbox 1904 1252 3459 1330">
     <span class='ocr_line' id='line_1_27' title="bbox 1904 1252 3459 1330; baseline -0.009 -11"><span class='ocrx_word' id='word_1_168' title='bbox 1904 1277 2123 1320; x_wconf 80' lang='lat' dir='ltr'><strong>sanctus</strong></span> <span class='ocrx_word' id='word_1_169' title='bbox 2158 1262 2453 1325; x_wconf 76' lang='lat' dir='ltr'><strong>manentia,</strong></span> <span class='ocrx_word' id='word_1_170' title='bbox 2490 1263 2542 1315; x_wconf 91' lang='lat' dir='ltr'><strong>in</strong></span> <span class='ocrx_word' id='word_1_171' title='bbox 2579 1252 3041 1330; x_wconf 80' lang='lat' dir='ltr'><strong>contemplatione</strong></span> <span class='ocrx_word' id='word_1_172' title='bbox 3067 1254 3277 1311; x_wconf 81' lang='lat' dir='ltr'><strong>entium</strong></span> <span class='ocrx_word' id='word_1_173' title='bbox 3305 1267 3459 1309; x_wconf 88' lang='lat' dir='ltr'><strong>suam</strong></span> 
     </span>
    </p>
   </div>
   <div class='ocr_carea' id='block_1_28' title="bbox 1906 1354 2725 1427">
    <p class='ocr_par' dir='ltr' id='par_1_28' title="bbox 1906 1354 2725 1427">
     <span class='ocr_line' id='line_1_28' title="bbox 1906 1354 2725 1427; baseline -0.006 -16"><span class='ocrx_word' id='word_1_174' title='bbox 1906 1359 2143 1411; x_wconf 83' lang='lat' dir='ltr'><strong>animant</strong></span> <span class='ocrx_word' id='word_1_175' title='bbox 2179 1354 2725 1427; x_wconf 66' lang='lat' dir='ltr'><strong>nugari’arbitratur.</strong></span> 
     </span>
    </p>
   </div>
   <div class='ocr_carea' id='block_1_29' title="bbox 1978 1531 3466 1593">
    <p class='ocr_par' dir='ltr' id='par_1_29' title="bbox 1978 1531 3466 1593">
     <span class='ocr_line' id='line_1_29' title="bbox 1978 1531 3466 1593; baseline -0.005 0"><span class='ocrx_word' id='word_1_176' title='bbox 1978 1539 2066 1593; x_wconf 79' lang='lat'><strong>35.</strong></span> <span class='ocrx_word' id='word_1_177' title='bbox 2110 1538 2511 1592; x_wconf 77' lang='lat' dir='ltr'><strong>immutabilem</strong></span> <span class='ocrx_word' id='word_1_178' title='bbox 2546 1537 2600 1590; x_wconf 84' lang='lat' dir='ltr'><strong>in</strong></span> <span class='ocrx_word' id='word_1_179' title='bbox 2636 1553 2695 1593; x_wconf 88' lang='lat' dir='ltr'><strong>se</strong></span> <span class='ocrx_word' id='word_1_180' title='bbox 2722 1549 3048 1591; x_wconf 82' lang='lat' dir='ltr'><strong>conservare</strong></span> <span class='ocrx_word' id='word_1_181' title='bbox 3081 1532 3171 1589; x_wconf 89' lang='lat' dir='ltr'><strong>Dei</strong></span> <span class='ocrx_word' id='word_1_182' title='bbox 3202 1531 3466 1588; x_wconf 80' lang='lat' dir='ltr'><strong>similitu-</strong></span> 
     </span>
    </p>
   </div>
   <div class='ocr_carea' id='block_1_30' title="bbox 1908 1626 3466 1697">
    <p class='ocr_par' dir='ltr' id='par_1_30' title="bbox 1908 1626 3466 1697">
     <span class='ocr_line' id='line_1_30' title="bbox 1908 1626 3466 1697; baseline -0.007 -15"><span class='ocrx_word' id='word_1_183' title='bbox 1908 1630 2113 1690; x_wconf 87' lang='lat' dir='ltr'><strong>dinem,</strong></span> <span class='ocrx_word' id='word_1_184' title='bbox 2151 1644 2365 1683; x_wconf 82' lang='lat' dir='ltr'><strong>summa</strong></span> <span class='ocrx_word' id='word_1_185' title='bbox 2399 1629 2722 1697; x_wconf 84' lang='lat' dir='ltr'><strong>acquisitam</strong></span> <span class='ocrx_word' id='word_1_186' title='bbox 2772 1626 3147 1696; x_wconf 83' lang='lat' dir='ltr'><strong>purificatione</strong></span> <span class='ocrx_word' id='word_1_187' title='bbox 3179 1638 3242 1678; x_wconf 86' lang='lat' dir='ltr'><strong>ac</strong></span> <span class='ocrx_word' id='word_1_188' title='bbox 3268 1636 3466 1691; x_wconf 87' lang='lat' dir='ltr'><strong>magno</strong></span> 
     </span>
    </p>
   </div>
   <div class='ocr_carea' id='block_1_31' title="bbox 1912 1716 3467 1791">
    <p class='ocr_par' dir='ltr' id='par_1_31' title="bbox 1912 1716 3467 1791">
     <span class='ocr_line' id='line_1_31' title="bbox 1912 1716 3467 1791; baseline -0.007 -15"><span class='ocrx_word' id='word_1_189' title='bbox 1912 1721 2004 1776; x_wconf 88' lang='lat' dir='ltr'><strong>Dei</strong></span> <span class='ocrx_word' id='word_1_190' title='bbox 2034 1736 2221 1777; x_wconf 82' lang='lat' dir='ltr'><strong>amore</strong></span> <span class='ocrx_word' id='word_1_191' title='bbox 2247 1722 2510 1791; x_wconf 73' lang='lat' dir='ltr'><strong>competit</strong></span> <span class='ocrx_word' id='word_1_192' title='bbox 2538 1718 2882 1776; x_wconf 81' lang='lat' dir='ltr'><strong>solummodo</strong></span> <span class='ocrx_word' id='word_1_193' title='bbox 2908 1718 3177 1774; x_wconf 73' lang='lat' dir='ltr'><strong>continua:</strong></span> <span class='ocrx_word' id='word_1_194' title='bbox 3204 1717 3268 1770; x_wconf 87' lang='lat' dir='ltr'><strong>ad</strong></span> <span class='ocrx_word' id='word_1_195' title='bbox 3300 1716 3467 1768; x_wconf 86' lang='lat' dir='ltr'><strong>Deum</strong></span> 
     </span>
    </p>
   </div>
   <div class='ocr_carea' id='block_1_32' title="bbox 1908 1805 3468 1873">
    <p class='ocr_par' dir='ltr' id='par_1_32' title="bbox 1908 1805 3468 1873">
     <span class='ocr_line' id='line_1_32' title="bbox 1908 1805 3468 1873; baseline -0.005 -8"><span class='ocrx_word' id='word_1_196' title='bbox 1908 1811 2200 1866; x_wconf 84' lang='lat' dir='ltr'><strong>elcvationi</strong></span> <span class='ocrx_word' id='word_1_197' title='bbox 2249 1810 2552 1873; x_wconf 90' lang='lat' dir='ltr'><strong>oculorum,</strong></span> <span class='ocrx_word' id='word_1_198' title='bbox 2602 1819 2655 1863; x_wconf 84' lang='lat' dir='ltr'><strong>et</strong></span> <span class='ocrx_word' id='word_1_199' title='bbox 2707 1809 2910 1864; x_wconf 68' lang='lat' dir='ltr'><strong>sedula:</strong></span> <span class='ocrx_word' id='word_1_200' title='bbox 2961 1807 3157 1861; x_wconf 88' lang='lat' dir='ltr'><strong>mentis</strong></span> <span class='ocrx_word' id='word_1_201' title='bbox 3210 1805 3279 1859; x_wconf 89' lang='lat' dir='ltr'><strong>ad</strong></span> <span class='ocrx_word' id='word_1_202' title='bbox 3336 1818 3468 1858; x_wconf 61' lang='lat' dir='ltr'><strong>cono</strong></span> 
     </span>
    </p>
   </div>
   <div class='ocr_carea' id='block_1_33' title="bbox 234 1886 1816 1990">
    <p class='ocr_par' dir='ltr' id='par_1_33' title="bbox 234 1914 1800 1990">
     <span class='ocr_line' id='line_1_33' title="bbox 234 1914 1800 1990; baseline -0.008 -15"><span class='ocrx_word' id='word_1_203' title='bbox 234 1922 340 1990; x_wconf 76' lang='grc' dir='ltr'><strong>τῆς</strong></span> <span class='ocrx_word' id='word_1_204' title='bbox 372 1918 985 1990; x_wconf 81' lang='grc' dir='ltr'>τοῦθεωρητικωτάτου</span> <span class='ocrx_word' id='word_1_205' title='bbox 1014 1918 1129 1980; x_wconf 80' lang='grc' dir='ltr'>νοδς</span> <span class='ocrx_word' id='word_1_206' title='bbox 1162 1917 1499 1980; x_wconf 73' lang='grc' dir='ltr'>ἀνατάσεως,</span> <span class='ocrx_word' id='word_1_207' title='bbox 1534 1914 1655 1982; x_wconf 73' lang='grc' dir='ltr'>ἣτις</span> <span class='ocrx_word' id='word_1_208' title='bbox 1686 1914 1800 1965; x_wconf 83' lang='grc' dir='ltr'>ἐπι-</span> 
     </span>
    </p>
   </div>
   <div class='ocr_carea' id='block_1_34' title="bbox 1915 1886 3473 1990">
    <p class='ocr_par' dir='ltr' id='par_1_34' title="bbox 1915 1895 3473 1972">
     <span class='ocr_line' id='line_1_34' title="bbox 1915 1895 3473 1972; baseline -0.005 -17"><span class='ocrx_word' id='word_1_209' title='bbox 1915 1903 2317 1972; x_wconf 87' lang='lat' dir='ltr'><strong>Iemplationem</strong></span> <span class='ocrx_word' id='word_1_210' title='bbox 2367 1901 2745 1972; x_wconf 88' lang='lat' dir='ltr'><strong>applieationi,</strong></span> <span class='ocrx_word' id='word_1_211' title='bbox 2775 1916 2895 1970; x_wconf 74' lang='lat' dir='ltr'><strong>qua:</strong></span> <span class='ocrx_word' id='word_1_212' title='bbox 2939 1900 3134 1953; x_wconf 78' lang='lat' dir='ltr'><strong>anima:</strong></span> <span class='ocrx_word' id='word_1_213' title='bbox 3165 1895 3473 1951; x_wconf 88' lang='lat' dir='ltr'><strong>innascitur</strong></span> 
     </span>
    </p>
   </div>
   <div class='ocr_carea' id='block_1_35' title="bbox 237 1990 1816 2085">
    <p class='ocr_par' dir='ltr' id='par_1_35' title="bbox 237 2002 1810 2085">
     <span class='ocr_line' id='line_1_35' title="bbox 237 2002 1810 2085; baseline -0.01 -16"><span class='ocrx_word' id='word_1_214' title='bbox 237 2014 489 2082; x_wconf 81' lang='grc' dir='ltr'>γίνεσθαι</span> <span class='ocrx_word' id='word_1_215' title='bbox 524 2012 732 2077; x_wconf 62' lang='grc' dir='ltr'>πέςυκε</span> <span class='ocrx_word' id='word_1_216' title='bbox 762 2012 828 2080; x_wconf 81' lang='grc' dir='ltr'>τῇ</span> <span class='ocrx_word' id='word_1_217' title='bbox 881 2009 1047 2079; x_wconf 74' lang='grc' dir='ltr'>ψυχῇ,</span> <span class='ocrx_word' id='word_1_218' title='bbox 1100 2009 1208 2060; x_wconf 69' lang='grc' dir='ltr'>ἀπὸ</span> <span class='ocrx_word' id='word_1_219' title='bbox 1246 2007 1343 2085; x_wconf 74' lang='grc' dir='ltr'><strong>τῆς</strong></span> <span class='ocrx_word' id='word_1_220' title='bbox 1386 2005 1646 2073; x_wconf 81' lang='grc' dir='ltr'>ἐπιμόνου</span> <span class='ocrx_word' id='word_1_221' title='bbox 1701 2002 1810 2054; x_wconf 88' lang='grc' dir='ltr'><strong>τῶν</strong></span> 
     </span>
    </p>
   </div>
   <div class='ocr_carea' id='block_1_36' title="bbox 1915 1990 3470 2085">
    <p class='ocr_par' dir='ltr' id='par_1_36' title="bbox 1915 1990 3470 2063">
     <span class='ocr_line' id='line_1_36' title="bbox 1915 1990 3470 2063; baseline -0.008 -12"><span class='ocrx_word' id='word_1_222' title='bbox 1915 2012 1939 2051; x_wconf 83' lang='lat' dir='ltr'><strong>e</strong></span> <span class='ocrx_word' id='word_1_223' title='bbox 1972 1994 2245 2051; x_wconf 78' lang='lat' dir='ltr'><strong>constanti</strong></span> <span class='ocrx_word' id='word_1_224' title='bbox 2275 1996 2534 2048; x_wconf 89' lang='lat' dir='ltr'><strong>virtutum</strong></span> <span class='ocrx_word' id='word_1_225' title='bbox 2573 1995 2781 2063; x_wconf 86' lang='lat' dir='ltr'><strong>quiete,</strong></span> <span class='ocrx_word' id='word_1_226' title='bbox 2815 2008 2879 2047; x_wconf 76' lang='lat' dir='ltr'><strong>ex</strong></span> <span class='ocrx_word' id='word_1_227' title='bbox 2918 1992 3166 2046; x_wconf 89' lang='lat' dir='ltr'><strong>oratione</strong></span> <span class='ocrx_word' id='word_1_228' title='bbox 3200 1990 3470 2061; x_wconf 86' lang='lat' dir='ltr'><strong>continua</strong></span> 
     </span>
    </p>
   </div>
   <div class='ocr_carea' id='block_1_37' title="bbox 239 2079 1816 2175">
    <p class='ocr_par' dir='ltr' id='par_1_37' title="bbox 239 2079 1812 2175">
     <span class='ocr_line' id='line_1_37' title="bbox 239 2079 1812 2175; baseline -0.01 -15"><span class='ocrx_word' id='word_1_229' title='bbox 239 2079 456 2175; x_wconf 76' lang='grc' dir='ltr'>ἀρετῶν</span> <span class='ocrx_word' id='word_1_230' title='bbox 482 2102 730 2172; x_wconf 73' lang='grc' dir='ltr'>ἡσυχίας,</span> <span class='ocrx_word' id='word_1_231' title='bbox 764 2079 869 2153; x_wconf 61' lang='grc' dir='ltr'>ἀπ),</span> <span class='ocrx_word' id='word_1_232' title='bbox 895 2101 992 2167; x_wconf 86' lang='grc' dir='ltr'><strong>τῆς</strong></span> <span class='ocrx_word' id='word_1_233' title='bbox 1028 2098 1193 2151; x_wconf 65' lang='lat' dir='ltr'><strong>eam</strong></span> <span class='ocrx_word' id='word_1_234' title='bbox 1226 2079 1319 2149; x_wconf 78' lang='grc' dir='ltr'>καὶ</span> <span class='ocrx_word' id='word_1_235' title='bbox 1340 2094 1685 2164; x_wconf 82' lang='grc' dir='ltr'>ἀρεμ6άστου</span> <span class='ocrx_word' id='word_1_236' title='bbox 1718 2092 1812 2145; x_wconf 74' lang='grc' dir='ltr'>καὶ</span> 
     </span>
    </p>
   </div>
   <div class='ocr_carea' id='block_1_38' title="bbox 1915 2079 3471 2175">
    <p class='ocr_par' dir='ltr' id='par_1_38' title="bbox 1915 2079 3471 2142">
     <span class='ocr_line' id='line_1_38' title="bbox 1915 2079 3471 2142; baseline -0.006 -1"><span class='ocrx_word' id='word_1_237' title='bbox 1915 2096 1966 2141; x_wconf 93' lang='lat' dir='ltr'><strong>et</strong></span> <span class='ocrx_word' id='word_1_238' title='bbox 1999 2087 2163 2141; x_wconf 83' lang='lat' dir='ltr'><strong>rebus</strong></span> <span class='ocrx_word' id='word_1_239' title='bbox 2198 2101 2307 2140; x_wconf 91' lang='lat' dir='ltr'><strong>non</strong></span> <span class='ocrx_word' id='word_1_240' title='bbox 2339 2087 2603 2141; x_wconf 84' lang='lat' dir='ltr'><strong>distracta</strong></span> <span class='ocrx_word' id='word_1_241' title='bbox 2656 2084 3050 2142; x_wconf 76' lang='lat' dir='ltr'><strong>materialibns.</strong></span> <span class='ocrx_word' id='word_1_242' title='bbox 3082 2098 3147 2137; x_wconf 79' lang='lat' dir='ltr'><strong>ex</strong></span> <span class='ocrx_word' id='word_1_243' title='bbox 3182 2079 3471 2135; x_wconf 81' lang='lat' dir='ltr'><strong>universali</strong></span> 
     </span>
    </p>
   </div>
   <div class='ocr_carea' id='block_1_39' title="bbox 237 2179 1807 2264">
    <p class='ocr_par' dir='ltr' id='par_1_39' title="bbox 237 2179 1807 2264">
     <span class='ocr_line' id='line_1_39' title="bbox 237 2179 1807 2264; baseline -0.008 -17"><span class='ocrx_word' id='word_1_244' title='bbox 237 2191 526 2264; x_wconf 77' lang='grc' dir='ltr'>διηνεκοῦς</span> <span class='ocrx_word' id='word_1_245' title='bbox 554 2191 887 2262; x_wconf 76' lang='grc' dir='ltr'>προσευχῆς,</span> <span class='ocrx_word' id='word_1_246' title='bbox 926 2188 1033 2243; x_wconf 70' lang='grc' dir='ltr'>ἀπὸ</span> <span class='ocrx_word' id='word_1_247' title='bbox 1058 2186 1158 2256; x_wconf 77' lang='grc' dir='ltr'><strong>τῆς</strong></span> <span class='ocrx_word' id='word_1_248' title='bbox 1195 2179 1439 2239; x_wconf 76' lang='grc' dir='ltr'>καθόλου</span> <span class='ocrx_word' id='word_1_249' title='bbox 1464 2184 1807 2254; x_wconf 81' lang='grc' dir='ltr'>ἐγκρατείας,</span> 
     </span>
    </p>
   </div>
   <div class='ocr_carea' id='block_1_40' title="bbox 244 2276 1557 2352">
    <p class='ocr_par' dir='ltr' id='par_1_40' title="bbox 244 2276 1557 2352">
     <span class='ocr_line' id='line_1_40' title="bbox 244 2276 1557 2352; baseline -0.007 -14"><span class='ocrx_word' id='word_1_250' title='bbox 244 2287 340 2338; x_wconf 72' lang='grc' dir='ltr'><strong>καὶ</strong></span> <span class='ocrx_word' id='word_1_251' title='bbox 372 2286 467 2352; x_wconf 79' lang='grc' dir='ltr'><strong>τῆς</strong></span> <span class='ocrx_word' id='word_1_252' title='bbox 497 2284 748 2335; x_wconf 74' lang='grc' dir='ltr'>συντόνου</span> <span class='ocrx_word' id='word_1_253' title='bbox 786 2280 894 2333; x_wconf 82' lang='grc' dir='ltr'>τῶν</span> <span class='ocrx_word' id='word_1_254' title='bbox 915 2280 1146 2349; x_wconf 72' lang='grc' dir='ltr'>Γραφ;τ.ν</span> <span class='ocrx_word' id='word_1_255' title='bbox 1180 2276 1557 2343; x_wconf 71' lang='grc' dir='ltr'>ἀναγνώσεως.</span> 
     </span>
    </p>
   </div>
   <div class='ocr_carea' id='block_1_41' title="bbox 321 2366 1808 2445">
    <p class='ocr_par' dir='ltr' id='par_1_41' title="bbox 321 2366 1808 2445">
     <span class='ocr_line' id='line_1_41' title="bbox 321 2366 1808 2445; baseline -0.007 -18"><span class='ocrx_word' id='word_1_256' title='bbox 321 2374 429 2442; x_wconf 75' lang='grc' dir='ltr'>λς’.</span> <span class='ocrx_word' id='word_1_257' title='bbox 465 2376 539 2429; x_wconf 90' lang='grc' dir='ltr'>Οὐ</span> <span class='ocrx_word' id='word_1_258' title='bbox 574 2376 635 2428; x_wconf 74' lang='grc' dir='ltr'><strong>τὸ</strong></span> <span class='ocrx_word' id='word_1_259' title='bbox 666 2378 745 2436; x_wconf 80' lang='grc' dir='ltr'><strong>είς</strong></span> <span class='ocrx_word' id='word_1_260' title='bbox 775 2375 998 2445; x_wconf 74' lang='grc' dir='ltr'>εἰρήνην</span> <span class='ocrx_word' id='word_1_261' title='bbox 1043 2373 1201 2442; x_wconf 81' lang='grc' dir='ltr'>μόνον</span> <span class='ocrx_word' id='word_1_262' title='bbox 1244 2369 1417 2422; x_wconf 81' lang='grc' dir='ltr'>ἐλθεῖν</span> <span class='ocrx_word' id='word_1_263' title='bbox 1449 2367 1557 2419; x_wconf 85' lang='grc' dir='ltr'><strong>τῶν</strong></span> <span class='ocrx_word' id='word_1_264' title='bbox 1591 2366 1648 2419; x_wconf 74' lang='grc' dir='ltr'><strong>ἐν</strong></span> <span class='ocrx_word' id='word_1_265' title='bbox 1676 2366 1808 2435; x_wconf 74' lang='grc' dir='ltr'>ἡμῖν</span> 
     </span>
    </p>
   </div>
   <div class='ocr_carea' id='block_1_42' title="bbox 244 2456 1809 2537">
    <p class='ocr_par' dir='ltr' id='par_1_42' title="bbox 244 2456 1809 2537">
     <span class='ocr_line' id='line_1_42' title="bbox 244 2456 1809 2537; baseline -0.01 -14"><span class='ocrx_word' id='word_1_266' title='bbox 244 2466 561 2536; x_wconf 72' lang='grc' dir='ltr'>δυνάμεων,</span> <span class='ocrx_word' id='word_1_267' title='bbox 608 2464 862 2519; x_wconf 79' lang='grc' dir='ltr'>σπεύδειν</span> <span class='ocrx_word' id='word_1_268' title='bbox 916 2465 1054 2536; x_wconf 81' lang='grc' dir='ltr'>χρή·</span> <span class='ocrx_word' id='word_1_269' title='bbox 1092 2460 1227 2516; x_wconf 83' lang='grc' dir='ltr'><strong>ἀλλά</strong></span> <span class='ocrx_word' id='word_1_270' title='bbox 1268 2460 1362 2514; x_wconf 77' lang='grc' dir='ltr'>καὶ</span> <span class='ocrx_word' id='word_1_271' title='bbox 1406 2459 1467 2511; x_wconf 79' lang='grc' dir='ltr'><strong>τὸ</strong></span> <span class='ocrx_word' id='word_1_272' title='bbox 1511 2458 1592 2537; x_wconf 86' lang='grc' dir='ltr'><strong>είς</strong></span> <span class='ocrx_word' id='word_1_273' title='bbox 1650 2456 1809 2509; x_wconf 84' lang='grc' dir='ltr'>πόθον</span> 
     </span>
    </p>
   </div>
   <div class='ocr_carea' id='block_1_43' title="bbox 246 2542 1814 2619">
    <p class='ocr_par' dir='ltr' id='par_1_43' title="bbox 246 2542 1814 2619">
     <span class='ocr_line' id='line_1_43' title="bbox 246 2542 1814 2619; baseline -0.001 -18"><span class='ocrx_word' id='word_1_274' title='bbox 246 2549 451 2619; x_wconf 72' lang='grc' dir='ltr'>φθάσαι</span> <span class='ocrx_word' id='word_1_275' title='bbox 512 2550 611 2617; x_wconf 88' lang='grc' dir='ltr'><strong>τῆς</strong></span> <span class='ocrx_word' id='word_1_276' title='bbox 651 2549 841 2617; x_wconf 71' lang='grc' dir='ltr'>νοερᾶς</span> <span class='ocrx_word' id='word_1_277' title='bbox 872 2546 1263 2610; x_wconf 85' lang='grc' dir='ltr'>ἀναπαύσεως·</span> <span class='ocrx_word' id='word_1_278' title='bbox 1294 2548 1415 2617; x_wconf 82' lang='grc' dir='ltr'>ἥτις</span> <span class='ocrx_word' id='word_1_279' title='bbox 1458 2549 1638 2600; x_wconf 75' lang='grc' dir='ltr'>πᾶσαν</span> <span class='ocrx_word' id='word_1_280' title='bbox 1670 2542 1814 2604; x_wconf 64' lang='grc' dir='ltr'>οἶδεν</span> 
     </span>
    </p>
   </div>
   <div class='ocr_carea' id='block_1_44' title="bbox 247 2636 1813 2708">
    <p class='ocr_par' dir='ltr' id='par_1_44' title="bbox 247 2636 1813 2708">
     <span class='ocr_line' id='line_1_44' title="bbox 247 2636 1813 2708; baseline -0.003 -15"><span class='ocrx_word' id='word_1_281' title='bbox 247 2640 338 2693; x_wconf 71' lang='grc' dir='ltr'>ἐπ’</span> <span class='ocrx_word' id='word_1_282' title='bbox 383 2638 605 2708; x_wconf 80' lang='grc' dir='ltr'>ἀγαθοῖς</span> <span class='ocrx_word' id='word_1_283' title='bbox 636 2638 820 2705; x_wconf 79' lang='grc' dir='ltr'>ἔφεσιν</span> <span class='ocrx_word' id='word_1_284' title='bbox 858 2636 945 2690; x_wconf 78' lang='grc' dir='ltr'>διὰ</span> <span class='ocrx_word' id='word_1_285' title='bbox 996 2637 1234 2707; x_wconf 81' lang='grc' dir='ltr'>γαλήνης</span> <span class='ocrx_word' id='word_1_286' title='bbox 1287 2637 1659 2691; x_wconf 80' lang='grc' dir='ltr'>ἑπαναπαύειν</span> <span class='ocrx_word' id='word_1_287' title='bbox 1704 2638 1813 2691; x_wconf 83' lang='grc' dir='ltr'>τών</span> 
     </span>
    </p>
   </div>
   <div class='ocr_carea' id='block_1_45' title="bbox 244 2714 1814 2801">
    <p class='ocr_par' dir='ltr' id='par_1_45' title="bbox 244 2714 1814 2801">
     <span class='ocr_line' id='line_1_45' title="bbox 244 2714 1814 2801; baseline -0.002 -17"><span class='ocrx_word' id='word_1_288' title='bbox 244 2726 558 2801; x_wconf 62' lang='grc' dir='ltr'>λογισμῶν,</span> <span class='ocrx_word' id='word_1_289' title='bbox 574 2731 667 2783; x_wconf 66' lang='grc' dir='ltr'><strong>καὶ</strong></span> <span class='ocrx_word' id='word_1_290' title='bbox 688 2731 775 2784; x_wconf 81' lang='grc' dir='ltr'>διὰ</span> <span class='ocrx_word' id='word_1_291' title='bbox 798 2730 896 2799; x_wconf 83' lang='grc' dir='ltr'><strong>τῆς</strong></span> <span class='ocrx_word' id='word_1_292' title='bbox 913 2730 1203 2799; x_wconf 77' lang='grc' dir='ltr'>οὐρανόθεν</span> <span class='ocrx_word' id='word_1_293' title='bbox 1231 2714 1647 2799; x_wconf 80' lang='grc' dir='ltr'>κατερχομένης</span> <span class='ocrx_word' id='word_1_294' title='bbox 1664 2729 1814 2793; x_wconf 90' lang='grc' dir='ltr'>θείας</span> 
     </span>
    </p>
   </div>
   <div class='ocr_carea' id='block_1_46' title="bbox 244 2804 1812 2893">
    <p class='ocr_par' dir='ltr' id='par_1_46' title="bbox 244 2804 1812 2893">
     <span class='ocr_line' id='line_1_46' title="bbox 244 2804 1812 2893; baseline -0.002 -16"><span class='ocrx_word' id='word_1_295' title='bbox 244 2822 466 2893; x_wconf 77' lang='grc' dir='ltr'>δρόσου,</span> <span class='ocrx_word' id='word_1_296' title='bbox 492 2821 591 2892; x_wconf 79' lang='grc' dir='ltr'>τὴν</span> <span class='ocrx_word' id='word_1_297' title='bbox 624 2820 973 2891; x_wconf 75' lang='grc' dir='ltr'>τετρωμένην</span> <span class='ocrx_word' id='word_1_298' title='bbox 1006 2822 1187 2875; x_wconf 80' lang='grc' dir='ltr'>ἰᾶσθαι</span> <span class='ocrx_word' id='word_1_299' title='bbox 1227 2821 1322 2873; x_wconf 69' lang='grc' dir='ltr'>καὶ</span> <span class='ocrx_word' id='word_1_300' title='bbox 1348 2804 1642 2891; x_wconf 67' lang='grc' dir='ltr'>ἀναψύχειν</span> <span class='ocrx_word' id='word_1_301' title='bbox 1674 2835 1812 2892; x_wconf 80' lang='grc' dir='ltr'>καρο</span> 
     </span>
    </p>
   </div>
   <div class='ocr_carea' id='block_1_47' title="bbox 246 2908 1815 2980">
    <p class='ocr_par' dir='ltr' id='par_1_47' title="bbox 246 2908 1815 2980">
     <span class='ocr_line' id='line_1_47' title="bbox 246 2908 1815 2980; baseline -0.003 -16"><span class='ocrx_word' id='word_1_302' title='bbox 246 2910 390 2977; x_wconf 79' lang='grc' dir='ltr'>δίαν,</span> <span class='ocrx_word' id='word_1_303' title='bbox 424 2911 532 2965; x_wconf 82' lang='grc' dir='ltr'><strong>ἀπὸ</strong></span> <span class='ocrx_word' id='word_1_304' title='bbox 586 2910 680 2968; x_wconf 86' lang='grc' dir='ltr'><strong>τοῦ</strong></span> <span class='ocrx_word' id='word_1_305' title='bbox 734 2909 904 2980; x_wconf 80' lang='grc' dir='ltr'>πυρὸς</span> <span class='ocrx_word' id='word_1_306' title='bbox 946 2908 1039 2963; x_wconf 89' lang='grc' dir='ltr'><strong>τοῦ</strong></span> <span class='ocrx_word' id='word_1_307' title='bbox 1083 2908 1288 2963; x_wconf 83' lang='grc' dir='ltr'>ἀνωθεν</span> <span class='ocrx_word' id='word_1_308' title='bbox 1341 2908 1687 2979; x_wconf 81' lang='grc' dir='ltr'>βαλλομένου,</span> <span class='ocrx_word' id='word_1_309' title='bbox 1722 2909 1815 2960; x_wconf 81' lang='grc' dir='ltr'>καὶ</span> 
     </span>
    </p>
   </div>
   <div class='ocr_carea' id='block_1_48' title="bbox 247 2998 1261 3069">
    <p class='ocr_par' dir='ltr' id='par_1_48' title="bbox 247 2998 1261 3069">
     <span class='ocr_line' id='line_1_48' title="bbox 247 2998 1261 3069; baseline -0.003 -13"><span class='ocrx_word' id='word_1_310' title='bbox 247 3000 627 3069; x_wconf 80' lang='grc' dir='ltr'>ἁναπτομένου</span> <span class='ocrx_word' id='word_1_311' title='bbox 667 2999 771 3053; x_wconf 82' lang='grc' dir='ltr'>ὑπὸ</span> <span class='ocrx_word' id='word_1_312' title='bbox 800 2998 892 3052; x_wconf 89' lang='grc' dir='ltr'><strong>τοῦ</strong></span> <span class='ocrx_word' id='word_1_313' title='bbox 928 3000 1261 3069; x_wconf 84' lang='grc' dir='ltr'>Πνεύματος.</span> 
     </span>
    </p>
   </div>
   <div class='ocr_carea' id='block_1_49' title="bbox 320 3087 1817 3158">
    <p class='ocr_par' dir='ltr' id='par_1_49' title="bbox 320 3087 1817 3158">
     <span class='ocr_line' id='line_1_49' title="bbox 320 3087 1817 3158; baseline -0.001 -17"><span class='ocrx_word' id='word_1_314' title='bbox 320 3089 420 3154; x_wconf 74' lang='grc' dir='ltr'>λζ’.</span> <span class='ocrx_word' id='word_1_315' title='bbox 479 3090 556 3142; x_wconf 89' lang='grc' dir='ltr'>Οὐ</span> <span class='ocrx_word' id='word_1_316' title='bbox 609 3088 833 3143; x_wconf 87' lang='grc' dir='ltr'>δύναται</span> <span class='ocrx_word' id='word_1_317' title='bbox 883 3089 962 3150; x_wconf 81' lang='grc' dir='ltr'><strong>είς</strong></span> <span class='ocrx_word' id='word_1_318' title='bbox 1014 3087 1175 3156; x_wconf 85' lang='grc' dir='ltr'>βάθος</span> <span class='ocrx_word' id='word_1_319' title='bbox 1229 3088 1499 3158; x_wconf 86' lang='grc' dir='ltr'>τρωθείσα</span> <span class='ocrx_word' id='word_1_320' title='bbox 1540 3088 1686 3157; x_wconf 77' lang='grc' dir='ltr'>ψυχὴ</span> <span class='ocrx_word' id='word_1_321' title='bbox 1740 3088 1817 3157; x_wconf 85' lang='grc' dir='ltr'>τῷ</span> 
     </span>
    </p>
   </div>
   <div class='ocr_carea' id='block_1_50' title="bbox 1912 2168 3471 2243">
    <p class='ocr_par' dir='ltr' id='par_1_50' title="bbox 1912 2168 3471 2243">
     <span class='ocr_line' id='line_1_50' title="bbox 1912 2168 3471 2243; baseline -0.004 -16"><span class='ocrx_word' id='word_1_322' title='bbox 1912 2176 2316 2243; x_wconf 82' lang='lat' dir='ltr'><strong>temperantia,</strong></span> <span class='ocrx_word' id='word_1_323' title='bbox 2375 2185 2427 2229; x_wconf 89' lang='lat' dir='ltr'><strong>et</strong></span> <span class='ocrx_word' id='word_1_324' title='bbox 2494 2189 2561 2227; x_wconf 82' lang='lat' dir='ltr'><strong>ex</strong></span> <span class='ocrx_word' id='word_1_325' title='bbox 2636 2172 2859 2229; x_wconf 78' lang='lat' dir='ltr'><strong>assidua</strong></span> <span class='ocrx_word' id='word_1_326' title='bbox 2922 2172 3325 2240; x_wconf 85' lang='lat' dir='ltr'><strong>Seripturarum</strong></span> <span class='ocrx_word' id='word_1_327' title='bbox 3396 2168 3471 2221; x_wconf 89' lang='lat' dir='ltr'><strong>le-</strong></span> 
     </span>
    </p>
   </div>
   <div class='ocr_carea' id='block_1_51' title="bbox 1914 2267 2118 2320">
    <p class='ocr_par' dir='ltr' id='par_1_51' title="bbox 1914 2267 2118 2320">
     <span class='ocr_line' id='line_1_51' title="bbox 1914 2267 2118 2320; baseline -0.005 0"><span class='ocrx_word' id='word_1_328' title='bbox 1914 2267 2118 2320; x_wconf 70' lang='lat' dir='ltr'><strong>ctione.</strong></span> 
     </span>
    </p>
   </div>
   <div class='ocr_carea' id='block_1_52' title="bbox 1981 2354 3476 2427">
    <p class='ocr_par' dir='ltr' id='par_1_52' title="bbox 1981 2354 3476 2427">
     <span class='ocr_line' id='line_1_52' title="bbox 1981 2354 3476 2427; baseline -0.005 -13"><span class='ocrx_word' id='word_1_329' title='bbox 1981 2361 2071 2415; x_wconf 76' lang='lat'><strong>36.</strong></span> <span class='ocrx_word' id='word_1_330' title='bbox 2115 2361 2230 2415; x_wconf 84' lang='lat' dir='ltr'><strong>Non</strong></span> <span class='ocrx_word' id='word_1_331' title='bbox 2259 2359 2585 2417; x_wconf 91' lang='lat' dir='ltr'><strong>studendum</strong></span> <span class='ocrx_word' id='word_1_332' title='bbox 2610 2369 2693 2415; x_wconf 86' lang='lat' dir='ltr'><strong>est</strong></span> <span class='ocrx_word' id='word_1_333' title='bbox 2720 2366 2928 2414; x_wconf 87' lang='lat' dir='ltr'><strong>tantum</strong></span> <span class='ocrx_word' id='word_1_334' title='bbox 2983 2358 3261 2427; x_wconf 85' lang='lat' dir='ltr'><strong>pervenire</strong></span> <span class='ocrx_word' id='word_1_335' title='bbox 3296 2354 3362 2409; x_wconf 93' lang='lat' dir='ltr'><strong>ad</strong></span> <span class='ocrx_word' id='word_1_336' title='bbox 3398 2356 3476 2408; x_wconf 84' lang='lat' dir='ltr'><strong>fa-</strong></span> 
     </span>
    </p>
   </div>
   <div class='ocr_carea' id='block_1_53' title="bbox 1911 2441 3471 2522">
    <p class='ocr_par' dir='ltr' id='par_1_53' title="bbox 1911 2441 3471 2522">
     <span class='ocr_line' id='line_1_53' title="bbox 1911 2441 3471 2522; baseline -0.007 -15"><span class='ocrx_word' id='word_1_337' title='bbox 1911 2441 2176 2507; x_wconf 80' lang='lat' dir='ltr'><strong>cultatum</strong></span> <span class='ocrx_word' id='word_1_338' title='bbox 2248 2462 2559 2507; x_wconf 89' lang='lat' dir='ltr'><strong>nostrarum</strong></span> <span class='ocrx_word' id='word_1_339' title='bbox 2625 2466 2835 2522; x_wconf 86' lang='lat' dir='ltr'><strong>pacem,</strong></span> <span class='ocrx_word' id='word_1_340' title='bbox 2893 2451 2987 2505; x_wconf 87' lang='lat' dir='ltr'><strong>sed</strong></span> <span class='ocrx_word' id='word_1_341' title='bbox 3037 2450 3199 2504; x_wconf 89' lang='lat' dir='ltr'><strong>etiam</strong></span> <span class='ocrx_word' id='word_1_342' title='bbox 3252 2448 3471 2516; x_wconf 89' lang='lat' dir='ltr'><strong>assequi</strong></span> 
     </span>
    </p>
   </div>
   <div class='ocr_carea' id='block_1_54' title="bbox 1912 2542 3468 2615">
    <p class='ocr_par' dir='ltr' id='par_1_54' title="bbox 1912 2542 3468 2615">
     <span class='ocr_line' id='line_1_54' title="bbox 1912 2542 3468 2615; baseline -0.007 -15"><span class='ocrx_word' id='word_1_343' title='bbox 1912 2545 2218 2615; x_wconf 83' lang='lat' dir='ltr'><strong>spiritualis</strong></span> <span class='ocrx_word' id='word_1_344' title='bbox 2251 2544 2494 2600; x_wconf 88' lang='lat' dir='ltr'><strong>studium</strong></span> <span class='ocrx_word' id='word_1_345' title='bbox 2537 2544 2763 2613; x_wconf 84' lang='lat' dir='ltr'><strong>quietis.</strong></span> <span class='ocrx_word' id='word_1_346' title='bbox 2814 2558 2934 2612; x_wconf 70' lang='lat' dir='ltr'><strong>qua:</strong></span> <span class='ocrx_word' id='word_1_347' title='bbox 2990 2558 3150 2609; x_wconf 83' lang='lat' dir='ltr'><strong>omne</strong></span> <span class='ocrx_word' id='word_1_348' title='bbox 3206 2542 3468 2595; x_wconf 72' lang='lat' dir='ltr'><strong>bonorum</strong></span> 
     </span>
    </p>
   </div>
   <div class='ocr_carea' id='block_1_55' title="bbox 1909 2632 3475 2703">
    <p class='ocr_par' dir='ltr' id='par_1_55' title="bbox 1909 2632 3475 2703">
     <span class='ocr_line' id='line_1_55' title="bbox 1909 2632 3475 2703; baseline -0.006 -13"><span class='ocrx_word' id='word_1_349' title='bbox 1909 2633 2244 2690; x_wconf 86' lang='lat' dir='ltr'><strong>desiderium</strong></span> <span class='ocrx_word' id='word_1_350' title='bbox 2278 2633 2457 2703; x_wconf 82' lang='lat' dir='ltr'><strong>explet</strong></span> <span class='ocrx_word' id='word_1_351' title='bbox 2491 2648 2586 2702; x_wconf 90' lang='lat' dir='ltr'><strong>per</strong></span> <span class='ocrx_word' id='word_1_352' title='bbox 2628 2632 3012 2700; x_wconf 79' lang='lat' dir='ltr'><strong>cogitationum</strong></span> <span class='ocrx_word' id='word_1_353' title='bbox 3052 2644 3262 2699; x_wconf 89' lang='lat' dir='ltr'><strong>pacem,</strong></span> <span class='ocrx_word' id='word_1_354' title='bbox 3297 2641 3348 2683; x_wconf 94' lang='lat' dir='ltr'><strong>ct</strong></span> <span class='ocrx_word' id='word_1_355' title='bbox 3382 2644 3475 2697; x_wconf 68' lang='lat' dir='ltr'><strong>prr</strong></span> 
     </span>
    </p>
   </div>
   <div class='ocr_carea' id='block_1_56' title="bbox 1913 2718 3476 2795">
    <p class='ocr_par' dir='ltr' id='par_1_56' title="bbox 1913 2718 3476 2795">
     <span class='ocr_line' id='line_1_56' title="bbox 1913 2718 3476 2795; baseline -0.006 -13"><span class='ocrx_word' id='word_1_356' title='bbox 1913 2728 2132 2782; x_wconf 56' lang='lat' dir='ltr'><strong>coalitus</strong></span> <span class='ocrx_word' id='word_1_357' title='bbox 2162 2726 2354 2795; x_wconf 89' lang='lat' dir='ltr'><strong>pluens</strong></span> <span class='ocrx_word' id='word_1_358' title='bbox 2377 2725 2617 2777; x_wconf 87' lang='lat' dir='ltr'><strong>divinum</strong></span> <span class='ocrx_word' id='word_1_359' title='bbox 2672 2738 2762 2777; x_wconf 90' lang='lat' dir='ltr'><strong>ros</strong></span> <span class='ocrx_word' id='word_1_360' title='bbox 2810 2718 3151 2777; x_wconf 83' lang='lat' dir='ltr'><strong>vulneratum</strong></span> <span class='ocrx_word' id='word_1_361' title='bbox 3204 2736 3297 2776; x_wconf 86' lang='lat' dir='ltr'><strong>cor</strong></span> <span class='ocrx_word' id='word_1_362' title='bbox 3317 2727 3476 2774; x_wconf 87' lang='lat' dir='ltr'><strong>sanat</strong></span> 
     </span>
    </p>
   </div>
   <div class='ocr_carea' id='block_1_57' title="bbox 1915 2815 3474 2886">
    <p class='ocr_par' dir='ltr' id='par_1_57' title="bbox 1915 2815 3474 2886">
     <span class='ocr_line' id='line_1_57' title="bbox 1915 2815 3474 2886; baseline -0.004 -12"><span class='ocrx_word' id='word_1_363' title='bbox 1915 2827 1970 2874; x_wconf 91' lang='lat' dir='ltr'><strong>et</strong></span> <span class='ocrx_word' id='word_1_364' title='bbox 1995 2817 2280 2884; x_wconf 76' lang='lat' dir='ltr'><strong>refrigerat</strong></span> <span class='ocrx_word' id='word_1_365' title='bbox 2322 2818 2390 2871; x_wconf 81' lang='lat' dir='ltr'><strong>ab</strong></span> <span class='ocrx_word' id='word_1_366' title='bbox 2439 2816 2559 2886; x_wconf 84' lang='lat' dir='ltr'><strong>igne</strong></span> <span class='ocrx_word' id='word_1_367' title='bbox 2605 2815 2839 2885; x_wconf 87' lang='lat' dir='ltr'><strong>desuper</strong></span> <span class='ocrx_word' id='word_1_368' title='bbox 2880 2818 3079 2871; x_wconf 89' lang='lat' dir='ltr'><strong>emisso</strong></span> <span class='ocrx_word' id='word_1_369' title='bbox 3128 2824 3182 2869; x_wconf 93' lang='lat' dir='ltr'><strong>et</strong></span> <span class='ocrx_word' id='word_1_370' title='bbox 3240 2827 3474 2868; x_wconf 77' lang='lat' dir='ltr'><strong>accenso</strong></span> 
     </span>
    </p>
   </div>
   <div class='ocr_carea' id='block_1_58' title="bbox 1915 2909 2434 2979">
    <p class='ocr_par' dir='ltr' id='par_1_58' title="bbox 1915 2909 2434 2979">
     <span class='ocr_line' id='line_1_58' title="bbox 1915 2909 2434 2979; baseline -0.002 -15"><span class='ocrx_word' id='word_1_371' title='bbox 1915 2925 1944 2964; x_wconf 90' lang='lat' dir='ltr'><strong>a</strong></span> <span class='ocrx_word' id='word_1_372' title='bbox 1982 2909 2187 2979; x_wconf 85' lang='lat' dir='ltr'><strong>Spiritu</strong></span> <span class='ocrx_word' id='word_1_373' title='bbox 2221 2918 2434 2965; x_wconf 85' lang='lat' dir='ltr'><strong>sancto.</strong></span> 
     </span>
    </p>
   </div>
   <div class='ocr_carea' id='block_1_59' title="bbox 1992 3088 3477 3159">
    <p class='ocr_par' dir='ltr' id='par_1_59' title="bbox 1992 3088 3477 3159">
     <span class='ocr_line' id='line_1_59' title="bbox 1992 3088 3477 3159; baseline -0.005 -10"><span class='ocrx_word' id='word_1_374' title='bbox 1992 3092 2081 3149; x_wconf 76' lang='lat'><strong>37.</strong></span> <span class='ocrx_word' id='word_1_375' title='bbox 2128 3092 2239 3146; x_wconf 78' lang='lat' dir='ltr'><strong>Non</strong></span> <span class='ocrx_word' id='word_1_376' title='bbox 2290 3097 2467 3159; x_wconf 83' lang='lat' dir='ltr'><strong>potest</strong></span> <span class='ocrx_word' id='word_1_377' title='bbox 2520 3092 2737 3159; x_wconf 78' lang='lat' dir='ltr'><strong>penitus</strong></span> <span class='ocrx_word' id='word_1_378' title='bbox 2799 3090 3075 3143; x_wconf 85' lang='lat' dir='ltr'><strong>vulnerata</strong></span> <span class='ocrx_word' id='word_1_379' title='bbox 3144 3088 3235 3141; x_wconf 85' lang='lat' dir='ltr'><strong>Dei</strong></span> <span class='ocrx_word' id='word_1_380' title='bbox 3292 3101 3477 3142; x_wconf 77' lang='lat' dir='ltr'><strong>amore</strong></span> 
     </span>
    </p>
   </div>
   <div class='ocr_carea' id='block_1_60' title="bbox 250 3177 1816 3274">
    <p class='ocr_par' dir='ltr' id='par_1_60' title="bbox 250 3177 1816 3251">
     <span class='ocr_line' id='line_1_60' title="bbox 250 3177 1816 3251; baseline -0.001 -20"><span class='ocrx_word' id='word_1_381' title='bbox 250 3180 415 3251; x_wconf 74' lang='lat' dir='ltr'><strong>lpum</strong></span> <span class='ocrx_word' id='word_1_382' title='bbox 452 3179 546 3232; x_wconf 89' lang='grc' dir='ltr'><strong>τοῦ</strong></span> <span class='ocrx_word' id='word_1_383' title='bbox 583 3178 740 3243; x_wconf 86' lang='grc' dir='ltr'>Θεοῦ,</span> <span class='ocrx_word' id='word_1_384' title='bbox 791 3179 928 3249; x_wconf 83' lang='grc' dir='ltr'>μετὰ</span> <span class='ocrx_word' id='word_1_385' title='bbox 958 3178 1058 3249; x_wconf 73' lang='grc' dir='ltr'>τὴν</span> <span class='ocrx_word' id='word_1_386' title='bbox 1105 3178 1291 3247; x_wconf 87' lang='grc' dir='ltr'>γεῦσιν</span> <span class='ocrx_word' id='word_1_387' title='bbox 1343 3177 1450 3231; x_wconf 83' lang='grc' dir='ltr'>τῶν</span> <span class='ocrx_word' id='word_1_388' title='bbox 1478 3178 1685 3247; x_wconf 84' lang='grc' dir='ltr'>νοητῶν</span> <span class='ocrx_word' id='word_1_389' title='bbox 1722 3177 1816 3247; x_wconf 82' lang='grc' dir='ltr'><strong>τῆς</strong></span> 
     </span>
    </p>
   </div>
   <div class='ocr_carea' id='block_1_61' title="bbox 1915 3177 3475 3274">
    <p class='ocr_par' dir='ltr' id='par_1_61' title="bbox 1922 3179 3475 3253">
     <span class='ocr_line' id='line_1_61' title="bbox 1922 3179 3475 3253; baseline -0.005 -14"><span class='ocrx_word' id='word_1_390' title='bbox 1922 3187 2130 3248; x_wconf 86' lang='lat' dir='ltr'><strong>anima,</strong></span> <span class='ocrx_word' id='word_1_391' title='bbox 2184 3191 2474 3253; x_wconf 84' lang='lat' dir='ltr'><strong>postquam</strong></span> <span class='ocrx_word' id='word_1_392' title='bbox 2529 3183 2766 3251; x_wconf 88' lang='lat' dir='ltr'><strong>gustavit</strong></span> <span class='ocrx_word' id='word_1_393' title='bbox 2812 3180 3115 3248; x_wconf 86' lang='lat' dir='ltr'><strong>spiritualia</strong></span> <span class='ocrx_word' id='word_1_394' title='bbox 3166 3179 3475 3233; x_wconf 78' lang='lat' dir='ltr'><strong>dulcedinis</strong></span> 
     </span>
    </p>
   </div>
   <div class='ocr_carea' id='block_1_62' title="bbox 249 3267 1818 3341">
    <p class='ocr_par' dir='ltr' id='par_1_62' title="bbox 249 3267 1818 3341">
     <span class='ocr_line' id='line_1_62' title="bbox 249 3267 1818 3341; baseline -0.001 -19"><span class='ocrx_word' id='word_1_395' title='bbox 249 3270 589 3341; x_wconf 81' lang='grc' dir='ltr'>γλυκύτητος</span> <span class='ocrx_word' id='word_1_396' title='bbox 613 3269 779 3323; x_wconf 87' lang='grc' dir='ltr'>αὐτοῦ</span> <span class='ocrx_word' id='word_1_397' title='bbox 803 3269 1043 3340; x_wconf 86' lang='grc' dir='ltr'>δωρεῶν,</span> <span class='ocrx_word' id='word_1_398' title='bbox 1065 3269 1201 3341; x_wconf 78' lang='grc' dir='ltr'>ὅλως</span> <span class='ocrx_word' id='word_1_399' title='bbox 1228 3271 1310 3337; x_wconf 75' lang='grc' dir='ltr'><strong>ἐφ’</strong></span> <span class='ocrx_word' id='word_1_400' title='bbox 1333 3268 1529 3339; x_wconf 73' lang='grc' dir='ltr'>ἑαυτὴν</span> <span class='ocrx_word' id='word_1_401' title='bbox 1548 3267 1818 3332; x_wconf 71' lang='grc' dir='ltr'>ἵστασθαι,</span> 
     </span>
    </p>
   </div>
   <div class='ocr_carea' id='block_1_63' title="bbox 249 3357 1821 3433">
    <p class='ocr_par' dir='ltr' id='par_1_63' title="bbox 249 3357 1821 3433">
     <span class='ocr_line' id='line_1_63' title="bbox 249 3357 1821 3433; baseline -0.004 -18"><span class='ocrx_word' id='word_1_402' title='bbox 249 3361 287 3433; x_wconf 71' lang='grc' dir='ltr'>ἢ</span> <span class='ocrx_word' id='word_1_403' title='bbox 331 3362 513 3430; x_wconf 72' lang='grc' dir='ltr'>μένειν</span> <span class='ocrx_word' id='word_1_404' title='bbox 548 3362 639 3413; x_wconf 78' lang='grc' dir='ltr'><strong>ἐπὶ</strong></span> <span class='ocrx_word' id='word_1_405' title='bbox 670 3363 730 3413; x_wconf 86' lang='grc' dir='ltr'>τὸ</span> <span class='ocrx_word' id='word_1_406' title='bbox 763 3360 893 3415; x_wconf 83' lang='grc' dir='ltr'>αὐτὸ</span> <span class='ocrx_word' id='word_1_407' title='bbox 946 3363 1041 3414; x_wconf 74' lang='grc' dir='ltr'><strong>καὶ</strong></span> <span class='ocrx_word' id='word_1_408' title='bbox 1095 3360 1169 3430; x_wconf 79' lang='grc' dir='ltr'>μὴ</span> <span class='ocrx_word' id='word_1_409' title='bbox 1224 3358 1356 3429; x_wconf 85' lang='grc' dir='ltr'>πρὸς</span> <span class='ocrx_word' id='word_1_410' title='bbox 1386 3360 1455 3413; x_wconf 87' lang='grc' dir='ltr'><strong>τά</strong></span> <span class='ocrx_word' id='word_1_411' title='bbox 1496 3358 1695 3428; x_wconf 86' lang='grc' dir='ltr'>πρόσω·</span> <span class='ocrx_word' id='word_1_412' title='bbox 1717 3357 1821 3410; x_wconf 85' lang='grc' dir='ltr'>τῶν</span> 
     </span>
    </p>
   </div>
   <div class='ocr_carea' id='block_1_64' title="bbox 249 3448 1822 3523">
    <p class='ocr_par' dir='ltr' id='par_1_64' title="bbox 249 3448 1822 3523">
     <span class='ocr_line' id='line_1_64' title="bbox 249 3448 1822 3523; baseline -0.004 -17"><span class='ocrx_word' id='word_1_413' title='bbox 249 3454 333 3514; x_wconf 78' lang='grc' dir='ltr'><strong>είς</strong></span> <span class='ocrx_word' id='word_1_414' title='bbox 379 3452 647 3523; x_wconf 81' lang='grc' dir='ltr'>οὐρανοὺς</span> <span class='ocrx_word' id='word_1_415' title='bbox 711 3449 1030 3503; x_wconf 77' lang='grc' dir='ltr'>ἀναϐάσεων</span> <span class='ocrx_word' id='word_1_416' title='bbox 1083 3448 1481 3503; x_wconf 88' lang='grc' dir='ltr'>ἀνατείνεσθαι.</span> <span class='ocrx_word' id='word_1_417' title='bbox 1520 3450 1670 3519; x_wconf 83' lang='grc' dir='ltr'><strong>Ὂσῳ</strong></span> <span class='ocrx_word' id='word_1_418' title='bbox 1714 3448 1822 3518; x_wconf 85' lang='grc' dir='ltr'><strong>γάρ</strong></span> 
     </span>
    </p>
   </div>
   <div class='ocr_carea' id='block_1_65' title="bbox 249 3539 1820 3610">
    <p class='ocr_par' dir='ltr' id='par_1_65' title="bbox 249 3539 1820 3610">
     <span class='ocr_line' id='line_1_65' title="bbox 249 3539 1820 3610; baseline -0.003 -14"><span class='ocrx_word' id='word_1_419' title='bbox 249 3542 352 3603; x_wconf 77' lang='grc' dir='ltr'><strong>τάς</strong></span> <span class='ocrx_word' id='word_1_420' title='bbox 396 3541 599 3610; x_wconf 72' lang='grc' dir='ltr'>ἑαυτῆς</span> <span class='ocrx_word' id='word_1_421' title='bbox 637 3539 931 3602; x_wconf 74' lang='grc' dir='ltr'>ἀνασάσεις</span> <span class='ocrx_word' id='word_1_422' title='bbox 967 3539 1183 3610; x_wconf 76' lang='grc' dir='ltr'>ἀμείϐει</span> <span class='ocrx_word' id='word_1_423' title='bbox 1213 3539 1302 3592; x_wconf 84' lang='grc' dir='ltr'><strong>διὰ</strong></span> <span class='ocrx_word' id='word_1_424' title='bbox 1348 3539 1441 3593; x_wconf 88' lang='grc' dir='ltr'><strong>τοῦ</strong></span> <span class='ocrx_word' id='word_1_425' title='bbox 1484 3539 1820 3608; x_wconf 85' lang='grc' dir='ltr'>Πνεύματος,</span> 
     </span>
    </p>
   </div>
   <div class='ocr_carea' id='block_1_66' title="bbox 250 3628 1823 3701">
    <p class='ocr_par' dir='ltr' id='par_1_66' title="bbox 250 3628 1823 3701">
     <span class='ocr_line' id='line_1_66' title="bbox 250 3628 1823 3701; baseline -0.004 -16"><span class='ocrx_word' id='word_1_426' title='bbox 250 3633 351 3685; x_wconf 74' lang='grc' dir='ltr'>καὶ</span> <span class='ocrx_word' id='word_1_427' title='bbox 375 3632 469 3684; x_wconf 76' lang='grc' dir='ltr'>ἐπὶ</span> <span class='ocrx_word' id='word_1_428' title='bbox 492 3632 560 3685; x_wconf 81' lang='grc' dir='ltr'>τὰ</span> <span class='ocrx_word' id='word_1_429' title='bbox 593 3631 929 3701; x_wconf 86' lang='grc' dir='ltr'>βάθηχωρεῖ</span> <span class='ocrx_word' id='word_1_430' title='bbox 950 3630 1042 3685; x_wconf 86' lang='grc' dir='ltr'><strong>τοῦ</strong></span> <span class='ocrx_word' id='word_1_431' title='bbox 1071 3630 1227 3694; x_wconf 76' lang='grc' dir='ltr'>Θεοῦ,</span> <span class='ocrx_word' id='word_1_432' title='bbox 1253 3629 1492 3700; x_wconf 86' lang='grc' dir='ltr'>τοσούτῳ</span> <span class='ocrx_word' id='word_1_433' title='bbox 1529 3628 1823 3697; x_wconf 78' lang='grc' dir='ltr'>πυρπολεῐο</span> 
     </span>
    </p>
   </div>
   <div class='ocr_carea' id='block_1_67' title="bbox 251 3718 1822 3792">
    <p class='ocr_par' dir='ltr' id='par_1_67' title="bbox 251 3718 1822 3792">
     <span class='ocr_line' id='line_1_67' title="bbox 251 3718 1822 3792; baseline -0.003 -17"><span class='ocrx_word' id='word_1_434' title='bbox 251 3738 345 3776; x_wconf 87' lang='grc' dir='ltr'><strong>ται</strong></span> <span class='ocrx_word' id='word_1_435' title='bbox 374 3722 449 3791; x_wconf 86' lang='grc' dir='ltr'>τῷ</span> <span class='ocrx_word' id='word_1_436' title='bbox 489 3723 624 3792; x_wconf 73' lang='grc' dir='ltr'>πυρὶ</span> <span class='ocrx_word' id='word_1_437' title='bbox 653 3723 751 3791; x_wconf 80' lang='grc' dir='ltr'><strong>τῆς</strong></span> <span class='ocrx_word' id='word_1_438' title='bbox 798 3723 1060 3789; x_wconf 75' lang='grc' dir='ltr'>ἐφέσεως,</span> <span class='ocrx_word' id='word_1_439' title='bbox 1107 3720 1201 3773; x_wconf 72' lang='grc' dir='ltr'><strong>καὶ</strong></span> <span class='ocrx_word' id='word_1_440' title='bbox 1234 3719 1341 3773; x_wconf 87' lang='grc' dir='ltr'>τῶν</span> <span class='ocrx_word' id='word_1_441' title='bbox 1384 3718 1464 3771; x_wconf 67' lang='grc' dir='ltr'>ἔτι</span> <span class='ocrx_word' id='word_1_442' title='bbox 1512 3718 1822 3789; x_wconf 82' lang='grc' dir='ltr'>βαθυτέρων</span> 
     </span>
    </p>
   </div>
   <div class='ocr_carea' id='block_1_68' title="bbox 249 3807 1824 3881">
    <p class='ocr_par' dir='ltr' id='par_1_68' title="bbox 249 3807 1824 3881">
     <span class='ocr_line' id='line_1_68' title="bbox 249 3807 1824 3881; baseline -0.004 -17"><span class='ocrx_word' id='word_1_443' title='bbox 249 3812 419 3864; x_wconf 81' lang='grc' dir='ltr'>αὐτοῦ</span> <span class='ocrx_word' id='word_1_444' title='bbox 458 3812 771 3881; x_wconf 83' lang='grc' dir='ltr'>μυστηρίων</span> <span class='ocrx_word' id='word_1_445' title='bbox 803 3812 863 3863; x_wconf 75' lang='grc' dir='ltr'>τὸ</span> <span class='ocrx_word' id='word_1_446' title='bbox 891 3809 1121 3880; x_wconf 84' lang='grc' dir='ltr'>μέγεθος</span> <span class='ocrx_word' id='word_1_447' title='bbox 1151 3810 1365 3879; x_wconf 81' lang='grc' dir='ltr'>ἐρευνᾷ,</span> <span class='ocrx_word' id='word_1_448' title='bbox 1402 3807 1496 3861; x_wconf 74' lang='grc' dir='ltr'>καὶ</span> <span class='ocrx_word' id='word_1_449' title='bbox 1525 3807 1824 3877; x_wconf 85' lang='grc' dir='ltr'>πλησιάσαι</span> 
     </span>
    </p>
   </div>
   <div class='ocr_carea' id='block_1_69' title="bbox 249 3898 1823 3971">
    <p class='ocr_par' dir='ltr' id='par_1_69' title="bbox 249 3898 1823 3971">
     <span class='ocr_line' id='line_1_69' title="bbox 249 3898 1823 3971; baseline -0.004 -16"><span class='ocrx_word' id='word_1_450' title='bbox 249 3900 334 3971; x_wconf 85' lang='grc' dir='ltr'>τῷ</span> <span class='ocrx_word' id='word_1_451' title='bbox 378 3902 633 3971; x_wconf 80' lang='grc' dir='ltr'>μακαρίῳ</span> <span class='ocrx_word' id='word_1_452' title='bbox 669 3903 810 3969; x_wconf 71' lang='grc' dir='ltr'>φωτὶ</span> <span class='ocrx_word' id='word_1_453' title='bbox 862 3902 1281 3967; x_wconf 84' lang='grc' dir='ltr'>κατεπείγεται,</span> <span class='ocrx_word' id='word_1_454' title='bbox 1330 3898 1458 3951; x_wconf 71' lang='grc' dir='ltr'>ἔνθα</span> <span class='ocrx_word' id='word_1_455' title='bbox 1513 3900 1662 3951; x_wconf 79' lang='grc' dir='ltr'>πᾶσα</span> <span class='ocrx_word' id='word_1_456' title='bbox 1705 3898 1823 3959; x_wconf 85' lang='grc' dir='ltr'>νοὸς</span> 
     </span>
    </p>
   </div>
   <div class='ocr_carea' id='block_1_70' title="bbox 250 3988 1821 4061">
    <p class='ocr_par' dir='ltr' id='par_1_70' title="bbox 250 3988 1821 4061">
     <span class='ocr_line' id='line_1_70' title="bbox 250 3988 1821 4061; baseline -0.003 -15"><span class='ocrx_word' id='word_1_457' title='bbox 250 3993 477 4053; x_wconf 73' lang='grc' dir='ltr'>εκτασις</span> <span class='ocrx_word' id='word_1_458' title='bbox 529 3993 743 4045; x_wconf 76' lang='grc' dir='ltr'>ἵσταται</span> <span class='ocrx_word' id='word_1_459' title='bbox 767 4009 779 4023; x_wconf 92' lang='grc'><strong>·</strong></span> <span class='ocrx_word' id='word_1_460' title='bbox 815 3993 899 4045; x_wconf 83' lang='grc' dir='ltr'>ἵνα</span> <span class='ocrx_word' id='word_1_461' title='bbox 942 3992 1040 4061; x_wconf 84' lang='grc' dir='ltr'>τὴν</span> <span class='ocrx_word' id='word_1_462' title='bbox 1075 3991 1181 4043; x_wconf 86' lang='grc' dir='ltr'>τῶν</span> <span class='ocrx_word' id='word_1_463' title='bbox 1217 3990 1359 4043; x_wconf 82' lang='grc' dir='ltr'>ίδίων</span> <span class='ocrx_word' id='word_1_464' title='bbox 1412 3990 1627 4059; x_wconf 85' lang='grc' dir='ltr'>δρόμων</span> <span class='ocrx_word' id='word_1_465' title='bbox 1658 3988 1821 4042; x_wconf 75' lang='grc' dir='ltr'>κατά-ν</span> 
     </span>
    </p>
   </div>
   <div class='ocr_carea' id='block_1_71' title="bbox 251 4064 1627 4155">
    <p class='ocr_par' dir='ltr' id='par_1_71' title="bbox 251 4082 1524 4155">
     <span class='ocr_line' id='line_1_71' title="bbox 251 4082 1524 4155; baseline -0.003 -18"><span class='ocrx_word' id='word_1_466' title='bbox 251 4100 458 4137; x_wconf 81' lang='grc' dir='ltr'>παυσιν</span> <span class='ocrx_word' id='word_1_467' title='bbox 496 4086 553 4135; x_wconf 85' lang='grc' dir='ltr'><strong>ἐν</strong></span> <span class='ocrx_word' id='word_1_468' title='bbox 579 4084 888 4155; x_wconf 79' lang='grc' dir='ltr'>εὐφροσύνῃ</span> <span class='ocrx_word' id='word_1_469' title='bbox 917 4082 1244 4152; x_wconf 87' lang='grc' dir='ltr'>καταπαύσῃ</span> <span class='ocrx_word' id='word_1_470' title='bbox 1274 4082 1524 4153; x_wconf 84' lang='grc' dir='ltr'>καρδίας.</span> 
     </span>
    </p>
   </div>
   <div class='ocr_carea' id='block_1_72' title="bbox 329 4170 1823 4243">
    <p class='ocr_par' dir='ltr' id='par_1_72' title="bbox 329 4170 1823 4243">
     <span class='ocr_line' id='line_1_72' title="bbox 329 4170 1823 4243; baseline -0.001 -18"><span class='ocrx_word' id='word_1_471' title='bbox 329 4174 429 4242; x_wconf 75' lang='grc' dir='ltr'>λη’.</span> <span class='ocrx_word' id='word_1_472' title='bbox 482 4174 749 4243; x_wconf 83' lang='grc' dir='ltr'>Ὀπηνίκα</span> <span class='ocrx_word' id='word_1_473' title='bbox 776 4173 996 4243; x_wconf 82' lang='grc' dir='ltr'>γένηταί</span> <span class='ocrx_word' id='word_1_474' title='bbox 1034 4191 1117 4234; x_wconf 82' lang='grc' dir='ltr'><strong>τις</strong></span> <span class='ocrx_word' id='word_1_475' title='bbox 1148 4175 1205 4225; x_wconf 91' lang='grc' dir='ltr'><strong>ἐν</strong></span> <span class='ocrx_word' id='word_1_476' title='bbox 1240 4173 1499 4243; x_wconf 78' lang='grc' dir='ltr'>μετουσία</span> <span class='ocrx_word' id='word_1_477' title='bbox 1539 4170 1635 4225; x_wconf 92' lang='grc' dir='ltr'><strong>τοῦ</strong></span> <span class='ocrx_word' id='word_1_478' title='bbox 1669 4172 1823 4240; x_wconf 71' lang='grc' dir='ltr'>ἀγίον</span> 
     </span>
    </p>
   </div>
   <div class='ocr_carea' id='block_1_73' title="bbox 255 4264 1825 4334">
    <p class='ocr_par' dir='ltr' id='par_1_73' title="bbox 255 4264 1825 4334">
     <span class='ocr_line' id='line_1_73' title="bbox 255 4264 1825 4334; baseline -0.003 -14"><span class='ocrx_word' id='word_1_479' title='bbox 255 4264 581 4333; x_wconf 69' lang='grc' dir='ltr'>Πνεῦμα-σος</span> <span class='ocrx_word' id='word_1_480' title='bbox 603 4306 616 4328; x_wconf 91' lang='grc'><strong>,</strong></span> <span class='ocrx_word' id='word_1_481' title='bbox 652 4266 743 4318; x_wconf 75' lang='grc' dir='ltr'><strong>καὶ</strong></span> <span class='ocrx_word' id='word_1_482' title='bbox 792 4264 888 4334; x_wconf 78' lang='grc' dir='ltr'>τὴν</span> <span class='ocrx_word' id='word_1_483' title='bbox 936 4265 1284 4333; x_wconf 65' lang='grc' dir='ltr'>ἐπιφοίτησιν</span> <span class='ocrx_word' id='word_1_484' title='bbox 1332 4264 1523 4317; x_wconf 90' lang='grc' dir='ltr'>τούτου</span> <span class='ocrx_word' id='word_1_485' title='bbox 1559 4264 1647 4317; x_wconf 86' lang='grc' dir='ltr'><strong>διά</strong></span> <span class='ocrx_word' id='word_1_486' title='bbox 1682 4279 1825 4326; x_wconf 85' lang='grc' dir='ltr'>τινος</span> 
     </span>
    </p>
   </div>
   <div class='ocr_carea' id='block_1_74' title="bbox 252 4354 1826 4427">
    <p class='ocr_par' dir='ltr' id='par_1_74' title="bbox 252 4354 1826 4427">
     <span class='ocr_line' id='line_1_74' title="bbox 252 4354 1826 4427; baseline -0.002 -18"><span class='ocrx_word' id='word_1_487' title='bbox 252 4356 502 4427; x_wconf 73' lang='grc' dir='ltr'>ἀρρήτου</span> <span class='ocrx_word' id='word_1_488' title='bbox 529 4358 587 4409; x_wconf 92' lang='grc' dir='ltr'><strong>ἐν</strong></span> <span class='ocrx_word' id='word_1_489' title='bbox 631 4356 810 4425; x_wconf 78' lang='grc' dir='ltr'>ἐαυτῷ</span> <span class='ocrx_word' id='word_1_490' title='bbox 846 4355 958 4426; x_wconf 80' lang='grc' dir='ltr'><strong>γνῷ</strong></span> <span class='ocrx_word' id='word_1_491' title='bbox 1002 4356 1281 4426; x_wconf 73' lang='grc' dir='ltr'>ἐνεργείας</span> <span class='ocrx_word' id='word_1_492' title='bbox 1322 4356 1417 4407; x_wconf 80' lang='grc' dir='ltr'>καὶ</span> <span class='ocrx_word' id='word_1_493' title='bbox 1456 4354 1705 4419; x_wconf 78' lang='grc' dir='ltr'>εὐωδίας,</span> <span class='ocrx_word' id='word_1_494' title='bbox 1748 4354 1826 4416; x_wconf 84' lang='grc' dir='ltr'>ὡς</span> 
     </span>
    </p>
   </div>
   <div class='ocr_carea' id='block_1_75' title="bbox 252 4444 1828 4515">
    <p class='ocr_par' dir='ltr' id='par_1_75' title="bbox 252 4444 1828 4515">
     <span class='ocr_line' id='line_1_75' title="bbox 252 4444 1828 4515; baseline 0 -16"><span class='ocrx_word' id='word_1_495' title='bbox 252 4445 565 4515; x_wconf 81' lang='grc' dir='ltr'>διατρέχειν</span> <span class='ocrx_word' id='word_1_496' title='bbox 598 4446 698 4515; x_wconf 82' lang='grc' dir='ltr'><strong>τὴν</strong></span> <span class='ocrx_word' id='word_1_497' title='bbox 727 4446 955 4501; x_wconf 83' lang='grc' dir='ltr'>εὐωδίαν</span> <span class='ocrx_word' id='word_1_498' title='bbox 986 4445 1149 4498; x_wconf 82' lang='grc' dir='ltr'>αὐτοῦ</span> <span class='ocrx_word' id='word_1_499' title='bbox 1174 4446 1270 4499; x_wconf 73' lang='grc' dir='ltr'><strong>καὶ</strong></span> <span class='ocrx_word' id='word_1_500' title='bbox 1300 4446 1438 4498; x_wconf 82' lang='grc' dir='ltr'>κατά</span> <span class='ocrx_word' id='word_1_501' title='bbox 1468 4446 1565 4515; x_wconf 78' lang='grc' dir='ltr'>τὴν</span> <span class='ocrx_word' id='word_1_502' title='bbox 1596 4444 1688 4497; x_wconf 89' lang='grc' dir='ltr'><strong>τοῦ</strong></span> <span class='ocrx_word' id='word_1_503' title='bbox 1722 4446 1828 4499; x_wconf 85' lang='grc' dir='ltr'><strong>σώ-</strong></span> 
     </span>
    </p>
   </div>
   <div class='ocr_carea' id='block_1_76' title="bbox 1918 3272 3474 3347">
    <p class='ocr_par' dir='ltr' id='par_1_76' title="bbox 1918 3272 3474 3347">
     <span class='ocr_line' id='line_1_76' title="bbox 1918 3272 3474 3347; baseline -0.003 -17"><span class='ocrx_word' id='word_1_504' title='bbox 1918 3278 2039 3347; x_wconf 82' lang='lat' dir='ltr'><strong>ejus</strong></span> <span class='ocrx_word' id='word_1_505' title='bbox 2070 3278 2231 3336; x_wconf 75' lang='lat' dir='ltr'><strong>bona.</strong></span> <span class='ocrx_word' id='word_1_506' title='bbox 2264 3274 2489 3327; x_wconf 88' lang='lat' dir='ltr'><strong>omnino</strong></span> <span class='ocrx_word' id='word_1_507' title='bbox 2530 3273 2811 3326; x_wconf 90' lang='lat' dir='ltr'><strong>immotam</strong></span> <span class='ocrx_word' id='word_1_508' title='bbox 2848 3281 3016 3333; x_wconf 65' lang='lat' dir='ltr'><strong>stare,</strong></span> <span class='ocrx_word' id='word_1_509' title='bbox 3050 3272 3134 3327; x_wconf 89' lang='lat' dir='ltr'><strong>vel</strong></span> <span class='ocrx_word' id='word_1_510' title='bbox 3169 3286 3387 3325; x_wconf 87' lang='lat' dir='ltr'><strong>manere</strong></span> <span class='ocrx_word' id='word_1_511' title='bbox 3417 3272 3474 3326; x_wconf 87' lang='lat' dir='ltr'><strong>in</strong></span> 
     </span>
    </p>
   </div>
   <div class='ocr_carea' id='block_1_77' title="bbox 1919 3362 3477 3431">
    <p class='ocr_par' dir='ltr' id='par_1_77' title="bbox 1919 3362 3477 3431">
     <span class='ocr_line' id='line_1_77' title="bbox 1919 3362 3477 3431; baseline -0.004 -12"><span class='ocrx_word' id='word_1_512' title='bbox 1919 3364 2109 3419; x_wconf 87' lang='lat' dir='ltr'><strong>eodem</strong></span> <span class='ocrx_word' id='word_1_513' title='bbox 2141 3370 2287 3418; x_wconf 86' lang='lat' dir='ltr'><strong>statu</strong></span> <span class='ocrx_word' id='word_1_514' title='bbox 2326 3376 2428 3416; x_wconf 90' lang='lat' dir='ltr'><strong>nec</strong></span> <span class='ocrx_word' id='word_1_515' title='bbox 2456 3375 2551 3431; x_wconf 90' lang='lat' dir='ltr'><strong>per</strong></span> <span class='ocrx_word' id='word_1_516' title='bbox 2579 3376 2901 3431; x_wconf 77' lang='lat' dir='ltr'><strong>progressus</strong></span> <span class='ocrx_word' id='word_1_517' title='bbox 2933 3370 2986 3415; x_wconf 85' lang='lat' dir='ltr'><strong>ct</strong></span> <span class='ocrx_word' id='word_1_518' title='bbox 3031 3362 3372 3417; x_wconf 83' lang='lat' dir='ltr'><strong>ascensiones</strong></span> <span class='ocrx_word' id='word_1_519' title='bbox 3408 3362 3477 3414; x_wconf 84' lang='lat' dir='ltr'><strong>ad</strong></span> 
     </span>
    </p>
   </div>
   <div class='ocr_carea' id='block_1_78' title="bbox 1919 3451 3477 3517">
    <p class='ocr_par' dir='ltr' id='par_1_78' title="bbox 1919 3451 3477 3517">
     <span class='ocr_line' id='line_1_78' title="bbox 1919 3451 3477 3517; baseline -0.003 -10"><span class='ocrx_word' id='word_1_520' title='bbox 1919 3453 2088 3507; x_wconf 85' lang='lat' dir='ltr'><strong>Deum</strong></span> <span class='ocrx_word' id='word_1_521' title='bbox 2149 3452 2390 3507; x_wconf 88' lang='lat' dir='ltr'><strong>tendere.</strong></span> <span class='ocrx_word' id='word_1_522' title='bbox 2438 3451 2712 3517; x_wconf 84' lang='lat' dir='ltr'><strong>Quantum</strong></span> <span class='ocrx_word' id='word_1_523' title='bbox 2749 3452 2895 3505; x_wconf 85' lang='lat' dir='ltr'><strong>enim</strong></span> <span class='ocrx_word' id='word_1_524' title='bbox 2947 3467 3076 3508; x_wconf 82' lang='lat' dir='ltr'><strong>suas</strong></span> <span class='ocrx_word' id='word_1_525' title='bbox 3126 3452 3477 3507; x_wconf 61' lang='lat' dir='ltr'><strong>escensiones</strong></span> 
     </span>
    </p>
   </div>
   <div class='ocr_carea' id='block_1_79' title="bbox 1919 3539 3476 3610">
    <p class='ocr_par' dir='ltr' id='par_1_79' title="bbox 1919 3539 3476 3610">
     <span class='ocr_line' id='line_1_79' title="bbox 1919 3539 3476 3610; baseline -0.003 -15"><span class='ocrx_word' id='word_1_526' title='bbox 1919 3550 2192 3610; x_wconf 86' lang='lat' dir='ltr'><strong>permutat</strong></span> <span class='ocrx_word' id='word_1_527' title='bbox 2229 3555 2324 3608; x_wconf 89' lang='lat' dir='ltr'><strong>per</strong></span> <span class='ocrx_word' id='word_1_528' title='bbox 2377 3540 2640 3609; x_wconf 84' lang='lat' dir='ltr'><strong>Spiritum</strong></span> <span class='ocrx_word' id='word_1_529' title='bbox 2673 3551 2943 3605; x_wconf 84' lang='lat' dir='ltr'><strong>sanctum,</strong></span> <span class='ocrx_word' id='word_1_530' title='bbox 2996 3548 3050 3594; x_wconf 89' lang='lat' dir='ltr'><strong>et</strong></span> <span class='ocrx_word' id='word_1_531' title='bbox 3101 3542 3154 3595; x_wconf 92' lang='lat' dir='ltr'><strong>in</strong></span> <span class='ocrx_word' id='word_1_532' title='bbox 3208 3539 3476 3609; x_wconf 78' lang='lat' dir='ltr'><strong>profunda</strong></span> 
     </span>
    </p>
   </div>
   <div class='ocr_carea' id='block_1_80' title="bbox 1924 3630 3482 3702">
    <p class='ocr_par' dir='ltr' id='par_1_80' title="bbox 1924 3630 3482 3702">
     <span class='ocr_line' id='line_1_80' title="bbox 1924 3630 3482 3702; baseline -0.001 -15"><span class='ocrx_word' id='word_1_533' title='bbox 1924 3634 2017 3687; x_wconf 88' lang='lat' dir='ltr'><strong>Dei</strong></span> <span class='ocrx_word' id='word_1_534' title='bbox 2049 3630 2335 3700; x_wconf 77' lang='lat' dir='ltr'><strong>mergitur,</strong></span> <span class='ocrx_word' id='word_1_535' title='bbox 2370 3640 2579 3685; x_wconf 90' lang='lat' dir='ltr'><strong>tantum</strong></span> <span class='ocrx_word' id='word_1_536' title='bbox 2614 3634 2935 3687; x_wconf 60' lang='lat' dir='ltr'><strong>accenditur</strong></span> <span class='ocrx_word' id='word_1_537' title='bbox 2969 3634 3089 3702; x_wconf 89' lang='lat' dir='ltr'><strong>igne</strong></span> <span class='ocrx_word' id='word_1_538' title='bbox 3116 3633 3394 3693; x_wconf 88' lang='lat' dir='ltr'><strong>desiderii.</strong></span> <span class='ocrx_word' id='word_1_539' title='bbox 3426 3643 3482 3687; x_wconf 87' lang='lat' dir='ltr'><strong>et</strong></span> 
     </span>
    </p>
   </div>
   <div class='ocr_carea' id='block_1_81' title="bbox 1921 3722 3471 3793">
    <p class='ocr_par' dir='ltr' id='par_1_81' title="bbox 1921 3722 3471 3793">
     <span class='ocr_line' id='line_1_81' title="bbox 1921 3722 3471 3793; baseline -0.001 -18"><span class='ocrx_word' id='word_1_540' title='bbox 1921 3723 2101 3777; x_wconf 83' lang='lat' dir='ltr'><strong>adhuc</strong></span> <span class='ocrx_word' id='word_1_541' title='bbox 2150 3722 2399 3776; x_wconf 86' lang='lat' dir='ltr'><strong>altiorum</strong></span> <span class='ocrx_word' id='word_1_542' title='bbox 2435 3723 2579 3776; x_wconf 89' lang='lat' dir='ltr'><strong>illius</strong></span> <span class='ocrx_word' id='word_1_543' title='bbox 2628 3725 2955 3793; x_wconf 75' lang='lat' dir='ltr'><strong>mySterioru</strong></span> <span class='ocrx_word' id='word_1_544' title='bbox 2982 3743 3008 3774; x_wconf 83' lang='grc' dir='ltr'><strong>η</strong></span> <span class='ocrx_word' id='word_1_545' title='bbox 3045 3724 3471 3793; x_wconf 77' lang='lat' dir='ltr'><strong>magnitudinem</strong></span> 
     </span>
    </p>
   </div>
   <div class='ocr_carea' id='block_1_82' title="bbox 1921 3814 3473 3883">
    <p class='ocr_par' dir='ltr' id='par_1_82' title="bbox 1921 3814 3473 3883">
     <span class='ocr_line' id='line_1_82' title="bbox 1921 3814 3473 3883; baseline -0.001 -14"><span class='ocrx_word' id='word_1_546' title='bbox 1921 3822 2220 3878; x_wconf 85' lang='lat' dir='ltr'><strong>scrutatur,</strong></span> <span class='ocrx_word' id='word_1_547' title='bbox 2254 3824 2308 3868; x_wconf 90' lang='lat' dir='ltr'><strong>et</strong></span> <span class='ocrx_word' id='word_1_548' title='bbox 2355 3816 2574 3883; x_wconf 87' lang='lat' dir='ltr'><strong>propius</strong></span> <span class='ocrx_word' id='word_1_549' title='bbox 2624 3814 2881 3869; x_wconf 89' lang='lat' dir='ltr'><strong>accedere</strong></span> <span class='ocrx_word' id='word_1_550' title='bbox 2912 3815 3131 3869; x_wconf 77' lang='lat' dir='ltr'><strong>festinat</strong></span> <span class='ocrx_word' id='word_1_551' title='bbox 3164 3816 3228 3869; x_wconf 88' lang='lat' dir='ltr'><strong>ad</strong></span> <span class='ocrx_word' id='word_1_552' title='bbox 3263 3816 3473 3871; x_wconf 85' lang='lat' dir='ltr'><strong>beatam</strong></span> 
     </span>
    </p>
   </div>
   <div class='ocr_carea' id='block_1_83' title="bbox 1923 3906 3478 3977">
    <p class='ocr_par' dir='ltr' id='par_1_83' title="bbox 1923 3906 3478 3977">
     <span class='ocr_line' id='line_1_83' title="bbox 1923 3906 3478 3977; baseline 0 -17"><span class='ocrx_word' id='word_1_553' title='bbox 1923 3907 2123 3971; x_wconf 87' lang='lat' dir='ltr'><strong>lucem,</strong></span> <span class='ocrx_word' id='word_1_554' title='bbox 2180 3906 2267 3959; x_wconf 90' lang='lat' dir='ltr'><strong>ubi</strong></span> <span class='ocrx_word' id='word_1_555' title='bbox 2310 3907 2490 3961; x_wconf 86' lang='lat' dir='ltr'><strong>omnis</strong></span> <span class='ocrx_word' id='word_1_556' title='bbox 2522 3908 2689 3959; x_wconf 88' lang='lat' dir='ltr'><strong>animi</strong></span> <span class='ocrx_word' id='word_1_557' title='bbox 2729 3918 2917 3975; x_wconf 90' lang='lat' dir='ltr'><strong>raptus</strong></span> <span class='ocrx_word' id='word_1_558' title='bbox 2948 3908 3217 3972; x_wconf 88' lang='lat' dir='ltr'><strong>consistit,</strong></span> <span class='ocrx_word' id='word_1_559' title='bbox 3268 3916 3322 3962; x_wconf 91' lang='lat' dir='ltr'><strong>ut</strong></span> <span class='ocrx_word' id='word_1_560' title='bbox 3355 3922 3478 3977; x_wconf 85' lang='lat' dir='ltr'><strong>pro-</strong></span> 
     </span>
    </p>
   </div>
   <div class='ocr_carea' id='block_1_84' title="bbox 1923 3996 3337 4066">
    <p class='ocr_par' dir='ltr' id='par_1_84' title="bbox 1923 3996 3337 4066">
     <span class='ocr_line' id='line_1_84' title="bbox 1923 3996 3337 4066; baseline 0.001 -17"><span class='ocrx_word' id='word_1_561' title='bbox 1923 3999 2022 4066; x_wconf 89' lang='lat' dir='ltr'><strong>prii</strong></span> <span class='ocrx_word' id='word_1_562' title='bbox 2056 4012 2249 4051; x_wconf 86' lang='lat' dir='ltr'><strong>cursus</strong></span> <span class='ocrx_word' id='word_1_563' title='bbox 2284 3998 2523 4064; x_wconf 89' lang='lat' dir='ltr'><strong>requiem</strong></span> <span class='ocrx_word' id='word_1_564' title='bbox 2560 3996 2612 4049; x_wconf 91' lang='lat' dir='ltr'><strong>in</strong></span> <span class='ocrx_word' id='word_1_565' title='bbox 2646 3997 2827 4051; x_wconf 87' lang='lat' dir='ltr'><strong>cordis</strong></span> <span class='ocrx_word' id='word_1_566' title='bbox 2856 3997 3054 4065; x_wconf 88' lang='lat' dir='ltr'><strong>gaudio</strong></span> <span class='ocrx_word' id='word_1_567' title='bbox 3084 3998 3337 4066; x_wconf 88' lang='lat' dir='ltr'><strong>accipiat.</strong></span> 
     </span>
    </p>
   </div>
   <div class='ocr_carea' id='block_1_85' title="bbox 1992 4170 3475 4244">
    <p class='ocr_par' dir='ltr' id='par_1_85' title="bbox 1992 4170 3475 4244">
     <span class='ocr_line' id='line_1_85' title="bbox 1992 4170 3475 4244; baseline 0.001 -17"><span class='ocrx_word' id='word_1_568' title='bbox 1992 4174 2078 4229; x_wconf 78' lang='lat'><strong>38.</strong></span> <span class='ocrx_word' id='word_1_569' title='bbox 2120 4175 2255 4228; x_wconf 83' lang='lat' dir='ltr'><strong>Cum</strong></span> <span class='ocrx_word' id='word_1_570' title='bbox 2294 4173 2531 4241; x_wconf 88' lang='lat' dir='ltr'><strong>Spiritus</strong></span> <span class='ocrx_word' id='word_1_571' title='bbox 2557 4173 2730 4227; x_wconf 85' lang='lat' dir='ltr'><strong>sancti</strong></span> <span class='ocrx_word' id='word_1_572' title='bbox 2794 4172 2852 4227; x_wconf 85' lang='lat' dir='ltr'><strong>fit</strong></span> <span class='ocrx_word' id='word_1_573' title='bbox 2911 4174 3107 4244; x_wconf 78' lang='lat' dir='ltr'><strong>aliquis</strong></span> <span class='ocrx_word' id='word_1_574' title='bbox 3153 4170 3475 4243; x_wconf 77' lang='lat' dir='ltr'><strong>particeps.</strong></span> 
     </span>
    </p>
   </div>
   <div class='ocr_carea' id='block_1_86' title="bbox 1922 4266 3475 4335">
    <p class='ocr_par' dir='ltr' id='par_1_86' title="bbox 1922 4266 3475 4335">
     <span class='ocr_line' id='line_1_86' title="bbox 1922 4266 3475 4335; baseline 0 -15"><span class='ocrx_word' id='word_1_575' title='bbox 1922 4266 2148 4335; x_wconf 77' lang='lat' dir='ltr'><strong>ejusque</strong></span> <span class='ocrx_word' id='word_1_576' title='bbox 2180 4266 2520 4333; x_wconf 73' lang='lat' dir='ltr'><strong>przesentiam</strong></span> <span class='ocrx_word' id='word_1_577' title='bbox 2561 4281 2652 4333; x_wconf 85' lang='lat' dir='ltr'><strong>per</strong></span> <span class='ocrx_word' id='word_1_578' title='bbox 2684 4266 2922 4320; x_wconf 85' lang='lat' dir='ltr'><strong>infusum</strong></span> <span class='ocrx_word' id='word_1_579' title='bbox 2956 4268 3009 4319; x_wconf 90' lang='lat' dir='ltr'><strong>in</strong></span> <span class='ocrx_word' id='word_1_580' title='bbox 3041 4282 3099 4321; x_wconf 89' lang='lat' dir='ltr'><strong>se</strong></span> <span class='ocrx_word' id='word_1_581' title='bbox 3150 4267 3475 4321; x_wconf 57' lang='lat' dir='ltr'><strong>ineffabilem</strong></span> 
     </span>
    </p>
   </div>
   <div class='ocr_carea' id='block_1_87' title="bbox 1923 4355 3477 4427">
    <p class='ocr_par' dir='ltr' id='par_1_87' title="bbox 1923 4355 3477 4427">
     <span class='ocr_line' id='line_1_87' title="bbox 1923 4355 3477 4427; baseline 0.003 -21"><span class='ocrx_word' id='word_1_582' title='bbox 1923 4355 2207 4425; x_wconf 85' lang='lat' dir='ltr'><strong>qnetndam</strong></span> <span class='ocrx_word' id='word_1_583' title='bbox 2229 4356 2464 4424; x_wconf 91' lang='lat' dir='ltr'><strong>vigorem</strong></span> <span class='ocrx_word' id='word_1_584' title='bbox 2494 4365 2546 4409; x_wconf 93' lang='lat' dir='ltr'><strong>et</strong></span> <span class='ocrx_word' id='word_1_585' title='bbox 2568 4357 2768 4411; x_wconf 92' lang='lat' dir='ltr'><strong>bonum</strong></span> <span class='ocrx_word' id='word_1_586' title='bbox 2796 4357 3015 4412; x_wconf 84' lang='lat' dir='ltr'><strong>odorem</strong></span> <span class='ocrx_word' id='word_1_587' title='bbox 3040 4360 3302 4427; x_wconf 87' lang='lat' dir='ltr'><strong>agnoscit,</strong></span> <span class='ocrx_word' id='word_1_588' title='bbox 3322 4358 3396 4411; x_wconf 86' lang='lat' dir='ltr'><strong>ita</strong></span> <span class='ocrx_word' id='word_1_589' title='bbox 3423 4372 3477 4411; x_wconf 89' lang='lat' dir='ltr'><strong>ut</strong></span> 
     </span>
    </p>
   </div>
   <div class='ocr_carea' id='block_1_88' title="bbox 1924 4444 3475 4518">
    <p class='ocr_par' dir='ltr' id='par_1_88' title="bbox 1924 4444 3475 4518">
     <span class='ocr_line' id='line_1_88' title="bbox 1924 4444 3475 4518; baseline -0.001 -16"><span class='ocrx_word' id='word_1_590' title='bbox 1924 4447 2281 4502; x_wconf 83' lang='lat' dir='ltr'><strong>suavisillins</strong></span> <span class='ocrx_word' id='word_1_591' title='bbox 2328 4444 2623 4515; x_wconf 77' lang='lat' dir='ltr'><strong>fragrantia</strong></span> <span class='ocrx_word' id='word_1_592' title='bbox 2657 4447 2830 4515; x_wconf 89' lang='lat' dir='ltr'><strong>ipsam</strong></span> <span class='ocrx_word' id='word_1_593' title='bbox 2890 4458 3171 4516; x_wconf 83' lang='lat' dir='ltr'><strong>percurrat</strong></span> <span class='ocrx_word' id='word_1_594' title='bbox 3222 4450 3475 4518; x_wconf 77' lang='lat' dir='ltr'><strong>corporis</strong></span> 
     </span>
    </p>
   </div>
   <div class='ocr_carea' id='block_1_89' title="bbox 259 4534 1816 4607">
    <p class='ocr_par' dir='ltr' id='par_1_89' title="bbox 259 4534 1816 4604">
     <span class='ocr_line' id='line_1_89' title="bbox 259 4534 1816 4604; baseline 0.001 -19"><span class='ocrx_word' id='word_1_595' title='bbox 259 4550 431 4603; x_wconf 82' lang='grc' dir='ltr'>ματος</span> <span class='ocrx_word' id='word_1_596' title='bbox 466 4534 792 4602; x_wconf 82' lang='grc' dir='ltr'>ἐπιφάνειαν</span> <span class='ocrx_word' id='word_1_597' title='bbox 814 4573 829 4597; x_wconf 88' lang='grc'><strong>,</strong></span> <span class='ocrx_word' id='word_1_598' title='bbox 868 4534 1173 4604; x_wconf 83' lang='grc' dir='ltr'>τηνικαῦτα</span> <span class='ocrx_word' id='word_1_599' title='bbox 1219 4534 1401 4603; x_wconf 83' lang='grc' dir='ltr'>μένειν</span> <span class='ocrx_word' id='word_1_600' title='bbox 1435 4535 1463 4585; x_wconf 89' lang='grc' dir='ltr'><strong>ό</strong></span> <span class='ocrx_word' id='word_1_601' title='bbox 1497 4535 1735 4597; x_wconf 84' lang='grc' dir='ltr'>τοιοῦτος</span> <span class='ocrx_word' id='word_1_602' title='bbox 1767 4536 1816 4587; x_wconf 58' lang='grc' dir='ltr'>ἐκ</span> 
     </span>
    </p>
   </div>
   <div class='ocr_carea' id='block_1_90' title="bbox 1915 4534 3479 4607">
    <p class='ocr_par' dir='ltr' id='par_1_90' title="bbox 1924 4538 3479 4607">
     <span class='ocr_line' id='line_1_90' title="bbox 1924 4538 3479 4607; baseline 0.001 -14"><span class='ocrx_word' id='word_1_603' title='bbox 1924 4540 2180 4607; x_wconf 85' lang='lat' dir='ltr'><strong>speciem,</strong></span> <span class='ocrx_word' id='word_1_604' title='bbox 2216 4546 2347 4592; x_wconf 90' lang='lat' dir='ltr'><strong>tunc</strong></span> <span class='ocrx_word' id='word_1_605' title='bbox 2387 4538 2476 4592; x_wconf 89' lang='lat' dir='ltr'><strong>ille</strong></span> <span class='ocrx_word' id='word_1_606' title='bbox 2504 4538 2587 4591; x_wconf 88' lang='lat' dir='ltr'><strong>vir</strong></span> <span class='ocrx_word' id='word_1_607' title='bbox 2616 4540 2758 4592; x_wconf 89' lang='lat' dir='ltr'><strong>intra</strong></span> <span class='ocrx_word' id='word_1_608' title='bbox 2787 4540 2990 4593; x_wconf 86' lang='lat' dir='ltr'><strong>limites</strong></span> <span class='ocrx_word' id='word_1_609' title='bbox 3018 4548 3227 4593; x_wconf 68' lang='lat' dir='ltr'><strong>natura:</strong></span> <span class='ocrx_word' id='word_1_610' title='bbox 3260 4557 3479 4594; x_wconf 85' lang='lat' dir='ltr'><strong>manere</strong></span> 
     </span>
    </p>
   </div>
   <div class='ocr_carea' id='block_1_91' title="bbox 246 4623 1816 4698">
    <p class='ocr_par' dir='ltr' id='par_1_91' title="bbox 246 4623 1816 4695">
     <span class='ocr_line' id='line_1_91' title="bbox 246 4623 1816 4695; baseline 0 -18"><span class='ocrx_word' id='word_1_611' title='bbox 246 4624 406 4691; x_wconf 78' lang='grc' dir='ltr'><strong>¹ὅροις</strong></span> <span class='ocrx_word' id='word_1_612' title='bbox 439 4624 654 4693; x_wconf 83' lang='grc' dir='ltr'>φύσεως</span> <span class='ocrx_word' id='word_1_613' title='bbox 703 4624 796 4677; x_wconf 88' lang='grc' dir='ltr'><strong>τοῦ</strong></span> <span class='ocrx_word' id='word_1_614' title='bbox 849 4623 1035 4677; x_wconf 74' lang='grc' dir='ltr'>λοιποῦ</span> <span class='ocrx_word' id='word_1_615' title='bbox 1068 4624 1168 4677; x_wconf 83' lang='grc' dir='ltr'><strong>οὐκ</strong></span> <span class='ocrx_word' id='word_1_616' title='bbox 1208 4625 1490 4694; x_wconf 71' lang='grc' dir='ltr'>ἀνέχεται·</span> <span class='ocrx_word' id='word_1_617' title='bbox 1548 4625 1685 4679; x_wconf 88' lang='grc' dir='ltr'><strong>ἀλλά</strong></span> <span class='ocrx_word' id='word_1_618' title='bbox 1726 4624 1816 4695; x_wconf 74' lang='grc' dir='ltr'>τὴι</span> 
     </span>
    </p>
   </div>
   <div class='ocr_carea' id='block_1_92' title="bbox 1915 4623 3473 4698">
    <p class='ocr_par' dir='ltr' id='par_1_92' title="bbox 1922 4625 3473 4698">
     <span class='ocr_line' id='line_1_92' title="bbox 1922 4625 3473 4698; baseline 0.002 -20"><span class='ocrx_word' id='word_1_619' title='bbox 1922 4628 2031 4694; x_wconf 86' lang='lat' dir='ltr'><strong>jam</strong></span> <span class='ocrx_word' id='word_1_620' title='bbox 2053 4641 2156 4679; x_wconf 88' lang='lat' dir='ltr'><strong>non</strong></span> <span class='ocrx_word' id='word_1_621' title='bbox 2176 4625 2731 4695; x_wconf 87' lang='lat' dir='ltr'><strong>potest,sed,pulcltra</strong></span> <span class='ocrx_word' id='word_1_622' title='bbox 2754 4628 3049 4682; x_wconf 89' lang='lat' dir='ltr'><strong>mutatione</strong></span> <span class='ocrx_word' id='word_1_623' title='bbox 3075 4644 3171 4698; x_wconf 89' lang='lat' dir='ltr'><strong>per</strong></span> <span class='ocrx_word' id='word_1_624' title='bbox 3201 4630 3473 4684; x_wconf 82' lang='lat' dir='ltr'><strong>dexteram</strong></span> 
     </span>
    </p>
   </div>
   <div class='ocr_carea' id='block_1_93' title="bbox 256 4699 1816 4788">
    <p class='ocr_par' dir='ltr' id='par_1_93' title="bbox 256 4699 1816 4786">
     <span class='ocr_line' id='line_1_93' title="bbox 256 4699 1816 4786; baseline 0.001 -17"><span class='ocrx_word' id='word_1_625' title='bbox 256 4715 430 4786; x_wconf 77' lang='grc' dir='ltr'>καλὴν</span> <span class='ocrx_word' id='word_1_626' title='bbox 471 4716 755 4769; x_wconf 86' lang='grc' dir='ltr'>ἀλλοίωσιν</span> <span class='ocrx_word' id='word_1_627' title='bbox 797 4717 895 4785; x_wconf 86' lang='grc' dir='ltr'><strong>τῆς</strong></span> <span class='ocrx_word' id='word_1_628' title='bbox 938 4716 1117 4782; x_wconf 81' lang='grc' dir='ltr'>δεξιᾶς</span> <span class='ocrx_word' id='word_1_629' title='bbox 1166 4715 1259 4769; x_wconf 87' lang='grc' dir='ltr'><strong>τοῦ</strong></span> <span class='ocrx_word' id='word_1_630' title='bbox 1288 4699 1569 4785; x_wconf 69' lang='grc' dir='ltr'>”Υψίστου</span> <span class='ocrx_word' id='word_1_631' title='bbox 1609 4717 1816 4771; x_wconf 85' lang='grc' dir='ltr'>ἀλλοιω-</span> 
     </span>
    </p>
   </div>
   <div class='ocr_carea' id='block_1_94' title="bbox 1915 4699 3481 4788">
    <p class='ocr_par' dir='ltr' id='par_1_94' title="bbox 1928 4716 3481 4788">
     <span class='ocr_line' id='line_1_94' title="bbox 1928 4716 3481 4788; baseline 0.003 -19"><span class='ocrx_word' id='word_1_632' title='bbox 1928 4717 2019 4771; x_wconf 83' lang='lat' dir='ltr'><strong>Dei</strong></span> <span class='ocrx_word' id='word_1_633' title='bbox 2067 4731 2387 4781; x_wconf 78' lang='lat' dir='ltr'><strong>conversus,</strong></span> <span class='ocrx_word' id='word_1_634' title='bbox 2423 4716 2760 4770; x_wconf 86' lang='lat' dir='ltr'><strong>obliviscitur</strong></span> <span class='ocrx_word' id='word_1_635' title='bbox 2790 4717 2893 4772; x_wconf 80' lang='lat' dir='ltr'><strong>cibi</strong></span> <span class='ocrx_word' id='word_1_636' title='bbox 2932 4725 2985 4773; x_wconf 91' lang='lat' dir='ltr'><strong>et</strong></span> <span class='ocrx_word' id='word_1_637' title='bbox 3021 4720 3217 4785; x_wconf 85' lang='lat' dir='ltr'><strong>somni,</strong></span> <span class='ocrx_word' id='word_1_638' title='bbox 3249 4721 3481 4788; x_wconf 77' lang='lat' dir='ltr'><strong>despicit</strong></span> 
     </span>
    </p>
   </div>
   <div class='ocr_carea' id='block_1_95' title="bbox 256 4807 1816 4880">
    <p class='ocr_par' dir='ltr' id='par_1_95' title="bbox 256 4807 1816 4879">
     <span class='ocr_line' id='line_1_95' title="bbox 256 4807 1816 4879; baseline -0.002 -20"><span class='ocrx_word' id='word_1_639' title='bbox 256 4807 399 4870; x_wconf 68' lang='grc' dir='ltr'>θεὶς,</span> <span class='ocrx_word' id='word_1_640' title='bbox 435 4807 855 4861; x_wconf 79' lang='grc' dir='ltr'>ἐπιλανθάνεται</span> <span class='ocrx_word' id='word_1_641' title='bbox 909 4808 1144 4879; x_wconf 85' lang='grc' dir='ltr'>τροφῆς,</span> <span class='ocrx_word' id='word_1_642' title='bbox 1194 4808 1382 4871; x_wconf 76' lang='grc' dir='ltr'>ὕπνου,</span> <span class='ocrx_word' id='word_1_643' title='bbox 1440 4808 1816 4877; x_wconf 79' lang='grc' dir='ltr'>κατευμεγεθεῑ</span> 
     </span>
    </p>
   </div>
   <div class='ocr_carea' id='block_1_96' title="bbox 1915 4807 3478 4880">
    <p class='ocr_par' dir='ltr' id='par_1_96' title="bbox 1926 4808 3478 4880">
     <span class='ocr_line' id='line_1_96' title="bbox 1926 4808 3478 4880; baseline 0.002 -17"><span class='ocrx_word' id='word_1_644' title='bbox 1926 4808 2249 4874; x_wconf 86' lang='lat' dir='ltr'><strong>corporalia,</strong></span> <span class='ocrx_word' id='word_1_645' title='bbox 2282 4822 2599 4877; x_wconf 89' lang='lat' dir='ltr'><strong>corpoream</strong></span> <span class='ocrx_word' id='word_1_646' title='bbox 2633 4810 2857 4879; x_wconf 89' lang='lat' dir='ltr'><strong>negligit</strong></span> <span class='ocrx_word' id='word_1_647' title='bbox 2907 4813 3167 4877; x_wconf 86' lang='lat' dir='ltr'><strong>requiem,</strong></span> <span class='ocrx_word' id='word_1_648' title='bbox 3201 4821 3478 4880; x_wconf 80' lang='lat' dir='ltr'><strong>totamque</strong></span> 
     </span>
    </p>
   </div>
   <div class='ocr_carea' id='block_1_97' title="bbox 258 4899 1816 4971">
    <p class='ocr_par' dir='ltr' id='par_1_97' title="bbox 258 4899 1816 4967">
     <span class='ocr_line' id='line_1_97' title="bbox 258 4899 1816 4967; baseline 0.003 -20"><span class='ocrx_word' id='word_1_649' title='bbox 258 4899 626 4965; x_wconf 79' lang='grc' dir='ltr'>σωματικῶν,</span> <span class='ocrx_word' id='word_1_650' title='bbox 684 4901 1005 4967; x_wconf 82' lang='grc' dir='ltr'>σωματικῆς</span> <span class='ocrx_word' id='word_1_651' title='bbox 1062 4900 1250 4965; x_wconf 81' lang='grc' dir='ltr'>ἀλογεῖ</span> <span class='ocrx_word' id='word_1_652' title='bbox 1290 4899 1676 4961; x_wconf 84' lang='grc' dir='ltr'>ἀναπαύσεως·</span> <span class='ocrx_word' id='word_1_653' title='bbox 1735 4901 1816 4952; x_wconf 54' lang='grc' dir='ltr'><strong>καΊ</strong></span> 
     </span>
    </p>
   </div>
   <div class='ocr_carea' id='block_1_98' title="bbox 1915 4899 3471 4971">
    <p class='ocr_par' dir='ltr' id='par_1_98' title="bbox 1926 4899 3471 4971">
     <span class='ocr_line' id='line_1_98' title="bbox 1926 4899 3471 4971; baseline 0.005 -19"><span class='ocrx_word' id='word_1_654' title='bbox 1926 4902 2067 4954; x_wconf 88' lang='lat' dir='ltr'><strong>diem</strong></span> <span class='ocrx_word' id='word_1_655' title='bbox 2098 4901 2156 4971; x_wconf 85' lang='lat' dir='ltr'><strong>in</strong></span> <span class='ocrx_word' id='word_1_656' title='bbox 2213 4899 2491 4955; x_wconf 85' lang='lat' dir='ltr'><strong>laboribus</strong></span> <span class='ocrx_word' id='word_1_657' title='bbox 2544 4914 2707 4969; x_wconf 86' lang='lat' dir='ltr'><strong>agens</strong></span> <span class='ocrx_word' id='word_1_658' title='bbox 2764 4902 3174 4969; x_wconf 84' lang='lat' dir='ltr'><strong>sudoribusque</strong></span> <span class='ocrx_word' id='word_1_659' title='bbox 3200 4904 3471 4960; x_wconf 60' lang='grc' dir='ltr'><strong>θεοί-ιεὼς.</strong></span> 
     </span>
    </p>
   </div>
   <div class='ocr_carea' id='block_1_99' title="bbox 258 4983 1816 5061">
    <p class='ocr_par' dir='ltr' id='par_1_99' title="bbox 258 4983 1816 5061">
     <span class='ocr_line' id='line_1_99' title="bbox 258 4983 1816 5061; baseline 0.002 -19"><span class='ocrx_word' id='word_1_660' title='bbox 258 4990 387 5059; x_wconf 75' lang='grc' dir='ltr'>ὅλην</span> <span class='ocrx_word' id='word_1_661' title='bbox 417 4990 516 5060; x_wconf 78' lang='grc' dir='ltr'><strong>τὴν</strong></span> <span class='ocrx_word' id='word_1_662' title='bbox 550 4992 765 5061; x_wconf 79' lang='grc' dir='ltr'>ἡμέραν</span> <span class='ocrx_word' id='word_1_663' title='bbox 811 4992 869 5045; x_wconf 75' lang='grc' dir='ltr'><strong>ἐν</strong></span> <span class='ocrx_word' id='word_1_664' title='bbox 908 4992 1097 5055; x_wconf 80' lang='grc' dir='ltr'>κόποις</span> <span class='ocrx_word' id='word_1_665' title='bbox 1143 4990 1238 5053; x_wconf 80' lang='grc' dir='ltr'><strong>ὢν,</strong></span> <span class='ocrx_word' id='word_1_666' title='bbox 1281 4993 1375 5045; x_wconf 68' lang='grc' dir='ltr'>καὶ</span> <span class='ocrx_word' id='word_1_667' title='bbox 1405 4983 1816 5061; x_wconf 76' lang='grc' dir='ltr'>ίδρῶσινάσκη·</span> 
     </span>
    </p>
   </div>
   <div class='ocr_carea' id='block_1_100' title="bbox 1915 4983 3480 5061">
    <p class='ocr_par' dir='ltr' id='par_1_100' title="bbox 1929 4990 3480 5059">
     <span class='ocr_line' id='line_1_100' title="bbox 1929 4990 3480 5059; baseline 0 -14"><span class='ocrx_word' id='word_1_668' title='bbox 1929 4992 2133 5045; x_wconf 84' lang='lat' dir='ltr'><strong>nullam</strong></span> <span class='ocrx_word' id='word_1_669' title='bbox 2169 4990 2637 5059; x_wconf 86' lang='lat' dir='ltr'><strong>defatigationem,</strong></span> <span class='ocrx_word' id='word_1_670' title='bbox 2692 4990 2895 5044; x_wconf 91' lang='lat' dir='ltr'><strong>nullam</strong></span> <span class='ocrx_word' id='word_1_671' title='bbox 2933 5003 3137 5045; x_wconf 79' lang='lat' dir='ltr'><strong>naturae</strong></span> <span class='ocrx_word' id='word_1_672' title='bbox 3186 4993 3480 5047; x_wconf 86' lang='lat' dir='ltr'><strong>necessita-</strong></span> 
     </span>
    </p>
   </div>
   <div class='ocr_carea' id='block_1_101' title="bbox 259 5084 1829 5155">
    <p class='ocr_par' dir='ltr' id='par_1_101' title="bbox 259 5084 1829 5155">
     <span class='ocr_line' id='line_1_101' title="bbox 259 5084 1829 5155; baseline 0.003 -19"><span class='ocrx_word' id='word_1_673' title='bbox 259 5087 452 5146; x_wconf 79' lang='grc' dir='ltr'>τικοῖς,</span> <span class='ocrx_word' id='word_1_674' title='bbox 500 5084 670 5138; x_wconf 86' lang='grc' dir='ltr'>κόπου</span> <span class='ocrx_word' id='word_1_675' title='bbox 714 5086 880 5150; x_wconf 86' lang='grc' dir='ltr'>τινὸς,</span> <span class='ocrx_word' id='word_1_676' title='bbox 916 5086 947 5154; x_wconf 79' lang='grc' dir='ltr'>ἢ</span> <span class='ocrx_word' id='word_1_677' title='bbox 982 5085 1218 5155; x_wconf 81' lang='grc' dir='ltr'>φυσικῆς</span> <span class='ocrx_word' id='word_1_678' title='bbox 1250 5086 1493 5155; x_wconf 80' lang='grc' dir='ltr'>ἀνάγκης</span> <span class='ocrx_word' id='word_1_679' title='bbox 1530 5086 1629 5137; x_wconf 89' lang='grc' dir='ltr'><strong>οὐκ</strong></span> <span class='ocrx_word' id='word_1_680' title='bbox 1671 5086 1829 5141; x_wconf 85' lang='grc' dir='ltr'>ἐπαι-</span> 
     </span>
    </p>
   </div>
   <div class='ocr_carea' id='block_1_102' title="bbox 263 5172 1834 5243">
    <p class='ocr_par' dir='ltr' id='par_1_102' title="bbox 263 5172 1834 5243">
     <span class='ocr_line' id='line_1_102' title="bbox 263 5172 1834 5243; baseline 0.003 -20"><span class='ocrx_word' id='word_1_681' title='bbox 263 5172 540 5239; x_wconf 85' lang='grc' dir='ltr'>σθάνεται,</span> <span class='ocrx_word' id='word_1_682' title='bbox 578 5174 770 5242; x_wconf 76' lang='grc' dir='ltr'>πείνης</span> <span class='ocrx_word' id='word_1_683' title='bbox 824 5174 856 5243; x_wconf 76' lang='grc' dir='ltr'><strong>ἢ</strong></span> <span class='ocrx_word' id='word_1_684' title='bbox 906 5174 1098 5241; x_wconf 71' lang='grc' dir='ltr'>δίψης,</span> <span class='ocrx_word' id='word_1_685' title='bbox 1144 5174 1332 5239; x_wconf 77' lang='grc' dir='ltr'>ὕπνου,</span> <span class='ocrx_word' id='word_1_686' title='bbox 1382 5175 1476 5227; x_wconf 72' lang='grc' dir='ltr'><strong>καὶ</strong></span> <span class='ocrx_word' id='word_1_687' title='bbox 1514 5174 1620 5226; x_wconf 86' lang='grc' dir='ltr'>τῶν</span> <span class='ocrx_word' id='word_1_688' title='bbox 1656 5174 1834 5229; x_wconf 72' lang='grc' dir='ltr'>ἀλλων</span> 
     </span>
    </p>
   </div>
   <div class='ocr_carea' id='block_1_103' title="bbox 262 5262 1831 5339">
    <p class='ocr_par' dir='ltr' id='par_1_103' title="bbox 262 5262 1831 5339">
     <span class='ocr_line' id='line_1_103' title="bbox 262 5262 1831 5339; baseline 0 -24"><span class='ocrx_word' id='word_1_689' title='bbox 262 5262 360 5331; x_wconf 79' lang='grc' dir='ltr'><strong>τῆς</strong></span> <span class='ocrx_word' id='word_1_690' title='bbox 406 5263 622 5331; x_wconf 84' lang='grc' dir='ltr'>φύσεως</span> <span class='ocrx_word' id='word_1_691' title='bbox 657 5266 946 5330; x_wconf 68' lang='grc' dir='ltr'>ἀναγκῶν*</span> <span class='ocrx_word' id='word_1_692' title='bbox 1002 5265 1292 5335; x_wconf 73' lang='grc' dir='ltr'>ἐκκέχυται</span> <span class='ocrx_word' id='word_1_693' title='bbox 1334 5266 1442 5339; x_wconf 71' lang='grc' dir='ltr'><strong>γάρ</strong></span> <span class='ocrx_word' id='word_1_694' title='bbox 1500 5267 1742 5335; x_wconf 76' lang='grc' dir='ltr'>ἀοράτως</span> <span class='ocrx_word' id='word_1_695' title='bbox 1800 5271 1831 5337; x_wconf 80' lang='grc' dir='ltr'>ἡ</span> 
     </span>
    </p>
   </div>
   <div class='ocr_carea' id='block_1_104' title="bbox 264 5351 1834 5429">
    <p class='ocr_par' dir='ltr' id='par_1_104' title="bbox 264 5351 1834 5429">
     <span class='ocr_line' id='line_1_104' title="bbox 264 5351 1834 5429; baseline 0.004 -26"><span class='ocrx_word' id='word_1_696' title='bbox 264 5351 458 5419; x_wconf 81' lang='grc' dir='ltr'>ἀγάπη</span> <span class='ocrx_word' id='word_1_697' title='bbox 489 5351 585 5405; x_wconf 88' lang='grc' dir='ltr'><strong>τοῦ</strong></span> <span class='ocrx_word' id='word_1_698' title='bbox 620 5353 755 5405; x_wconf 82' lang='grc' dir='ltr'>Θεοῦ</span> <span class='ocrx_word' id='word_1_699' title='bbox 796 5354 936 5422; x_wconf 82' lang='grc' dir='ltr'>μετὰ</span> <span class='ocrx_word' id='word_1_700' title='bbox 967 5356 1140 5424; x_wconf 78' lang='grc' dir='ltr'>χαρᾶς</span> <span class='ocrx_word' id='word_1_701' title='bbox 1170 5356 1410 5425; x_wconf 75' lang='grc' dir='ltr'>ἀρρήτου</span> <span class='ocrx_word' id='word_1_702' title='bbox 1446 5358 1502 5408; x_wconf 84' lang='grc' dir='ltr'><strong>ἐν</strong></span> <span class='ocrx_word' id='word_1_703' title='bbox 1534 5359 1598 5425; x_wconf 80' lang='grc' dir='ltr'>τῇ</span> <span class='ocrx_word' id='word_1_704' title='bbox 1637 5357 1834 5429; x_wconf 81' lang='grc' dir='ltr'>καρδίᾳ</span> 
     </span>
    </p>
   </div>
   <div class='ocr_carea' id='block_1_105' title="bbox 264 5443 1835 5521">
    <p class='ocr_par' dir='ltr' id='par_1_105' title="bbox 264 5443 1835 5521">
     <span class='ocr_line' id='line_1_105' title="bbox 264 5443 1835 5521; baseline 0.004 -26"><span class='ocrx_word' id='word_1_705' title='bbox 264 5443 471 5496; x_wconf 81' lang='grc' dir='ltr'>αὐτοῦ’</span> <span class='ocrx_word' id='word_1_706' title='bbox 532 5446 627 5497; x_wconf 78' lang='grc' dir='ltr'><strong>καὶ</strong></span> <span class='ocrx_word' id='word_1_707' title='bbox 673 5447 802 5515; x_wconf 82' lang='grc' dir='ltr'>ὃλην</span> <span class='ocrx_word' id='word_1_708' title='bbox 868 5446 967 5516; x_wconf 81' lang='grc' dir='ltr'>τὴν</span> <span class='ocrx_word' id='word_1_709' title='bbox 1009 5445 1181 5502; x_wconf 86' lang='grc' dir='ltr'>νύκτα</span> <span class='ocrx_word' id='word_1_710' title='bbox 1237 5450 1293 5500; x_wconf 91' lang='grc' dir='ltr'><strong>ἐν</strong></span> <span class='ocrx_word' id='word_1_711' title='bbox 1341 5449 1604 5520; x_wconf 73' lang='grc' dir='ltr'>φωτισμῷ</span> <span class='ocrx_word' id='word_1_712' title='bbox 1664 5450 1835 5521; x_wconf 84' lang='grc' dir='ltr'>πυρὸς</span> 
     </span>
    </p>
   </div>
   <div class='ocr_carea' id='block_1_106' title="bbox 263 5531 1835 5608">
    <p class='ocr_par' dir='ltr' id='par_1_106' title="bbox 263 5531 1835 5608">
     <span class='ocr_line' id='line_1_106' title="bbox 263 5531 1835 5608; baseline 0.004 -23"><span class='ocrx_word' id='word_1_713' title='bbox 263 5531 667 5604; x_wconf 75' lang='grc' dir='ltr'>διακαρτερῶν,</span> <span class='ocrx_word' id='word_1_714' title='bbox 700 5534 798 5604; x_wconf 79' lang='grc' dir='ltr'><strong>τὴν</strong></span> <span class='ocrx_word' id='word_1_715' title='bbox 854 5534 1047 5603; x_wconf 85' lang='grc' dir='ltr'>νοεράν</span> <span class='ocrx_word' id='word_1_716' title='bbox 1100 5537 1159 5587; x_wconf 91' lang='grc' dir='ltr'><strong>ἐν</strong></span> <span class='ocrx_word' id='word_1_717' title='bbox 1208 5540 1497 5608; x_wconf 78' lang='grc' dir='ltr'>σωματικῇ</span> <span class='ocrx_word' id='word_1_718' title='bbox 1556 5537 1835 5608; x_wconf 74' lang='grc' dir='ltr'>γυμνασίᾳ</span> 
     </span>
    </p>
   </div>
   <div class='ocr_carea' id='block_1_107' title="bbox 265 5625 1835 5701">
    <p class='ocr_par' dir='ltr' id='par_1_107' title="bbox 265 5625 1835 5701">
     <span class='ocr_line' id='line_1_107' title="bbox 265 5625 1835 5701; baseline 0.004 -25"><span class='ocrx_word' id='word_1_719' title='bbox 265 5625 527 5694; x_wconf 77' lang='grc' dir='ltr'>ἐργασίαν</span> <span class='ocrx_word' id='word_1_720' title='bbox 569 5626 885 5694; x_wconf 76' lang='grc' dir='ltr'>ἐργάζεται,</span> <span class='ocrx_word' id='word_1_721' title='bbox 923 5628 1017 5681; x_wconf 76' lang='grc' dir='ltr'>καὶ</span> <span class='ocrx_word' id='word_1_722' title='bbox 1052 5627 1152 5697; x_wconf 81' lang='grc' dir='ltr'><strong>τῆς</strong></span> <span class='ocrx_word' id='word_1_723' title='bbox 1194 5627 1462 5682; x_wconf 86' lang='grc' dir='ltr'>ἀθανάτου</span> <span class='ocrx_word' id='word_1_724' title='bbox 1516 5631 1835 5701; x_wconf 75' lang='grc' dir='ltr'>κατατρυφᾷ</span> 
     </span>
    </p>
   </div>
   <div class='ocr_carea' id='block_1_108' title="bbox 264 5718 1832 5793">
    <p class='ocr_par' dir='ltr' id='par_1_108' title="bbox 264 5718 1832 5793">
     <span class='ocr_line' id='line_1_108' title="bbox 264 5718 1832 5793; baseline 0.001 -20"><span class='ocrx_word' id='word_1_725' title='bbox 264 5718 591 5779; x_wconf 86' lang='grc' dir='ltr'>πανδαισίας</span> <span class='ocrx_word' id='word_1_726' title='bbox 655 5718 762 5770; x_wconf 80' lang='grc' dir='ltr'><strong>τῶν</strong></span> <span class='ocrx_word' id='word_1_727' title='bbox 805 5719 1092 5775; x_wconf 83' lang='grc' dir='ltr'>ἀθανάτων</span> <span class='ocrx_word' id='word_1_728' title='bbox 1137 5721 1230 5773; x_wconf 83' lang='grc' dir='ltr'><strong>τοῦ</strong></span> <span class='ocrx_word' id='word_1_729' title='bbox 1273 5720 1464 5791; x_wconf 89' lang='grc' dir='ltr'>νοητοῦ</span> <span class='ocrx_word' id='word_1_730' title='bbox 1509 5723 1832 5793; x_wconf 86' lang='grc' dir='ltr'>παραδείσου</span> 
     </span>
    </p>
   </div>
   <div class='ocr_carea' id='block_1_109' title="bbox 639 5834 1261 5896">
    <p class='ocr_par' dir='ltr' id='par_1_109' title="bbox 639 5834 1261 5896">
     <span class='ocr_line' id='line_1_109' title="bbox 639 5834 1261 5896; baseline -0.005 0"><span class='ocrx_word' id='word_1_731' title='bbox 639 5837 902 5896; x_wconf 70' lang='grc' dir='ltr'>Ριιτιιοι.</span> <span class='ocrx_word' id='word_1_732' title='bbox 940 5836 1051 5895; x_wconf 81' lang='lat' dir='ltr'><strong>GR.</strong></span> <span class='ocrx_word' id='word_1_733' title='bbox 1084 5834 1261 5896; x_wconf 76' lang='lat' dir='ltr'><strong>CXX.</strong></span> 
     </span>
    </p>
   </div>
   <div class='ocr_carea' id='block_1_110' title="bbox 1927 5080 3479 5147">
    <p class='ocr_par' dir='ltr' id='par_1_110' title="bbox 1927 5080 3479 5147">
     <span class='ocr_line' id='line_1_110' title="bbox 1927 5080 3479 5147; baseline -0.002 -10"><span class='ocrx_word' id='word_1_734' title='bbox 1927 5094 2032 5137; x_wconf 86' lang='lat' dir='ltr'><strong>tem</strong></span> <span class='ocrx_word' id='word_1_735' title='bbox 2066 5081 2258 5143; x_wconf 74' lang='lat' dir='ltr'><strong>setitit,</strong></span> <span class='ocrx_word' id='word_1_736' title='bbox 2295 5096 2403 5135; x_wconf 90' lang='lat' dir='ltr'><strong>non</strong></span> <span class='ocrx_word' id='word_1_737' title='bbox 2437 5080 2650 5145; x_wconf 87' lang='lat' dir='ltr'><strong>famem,</strong></span> <span class='ocrx_word' id='word_1_738' title='bbox 2700 5097 2805 5135; x_wconf 80' lang='lat' dir='ltr'><strong>non</strong></span> <span class='ocrx_word' id='word_1_739' title='bbox 2837 5081 3008 5144; x_wconf 85' lang='lat' dir='ltr'><strong>sitim,</strong></span> <span class='ocrx_word' id='word_1_740' title='bbox 3049 5100 3153 5136; x_wconf 84' lang='lat' dir='ltr'><strong>non</strong></span> <span class='ocrx_word' id='word_1_741' title='bbox 3203 5098 3479 5147; x_wconf 89' lang='lat' dir='ltr'><strong>somnum,</strong></span> 
     </span>
    </p>
   </div>
   <div class='ocr_carea' id='block_1_111' title="bbox 1924 5172 3473 5242">
    <p class='ocr_par' dir='ltr' id='par_1_111' title="bbox 1924 5172 3473 5242">
     <span class='ocr_line' id='line_1_111' title="bbox 1924 5172 3473 5242; baseline -0.002 -14"><span class='ocrx_word' id='word_1_742' title='bbox 1924 5188 2025 5228; x_wconf 92' lang='lat' dir='ltr'><strong>nec</strong></span> <span class='ocrx_word' id='word_1_743' title='bbox 2057 5172 2314 5242; x_wconf 88' lang='lat' dir='ltr'><strong>quidquid</strong></span> <span class='ocrx_word' id='word_1_744' title='bbox 2357 5181 2549 5225; x_wconf 89' lang='lat' dir='ltr'><strong>natura</strong></span> <span class='ocrx_word' id='word_1_745' title='bbox 2586 5173 2862 5240; x_wconf 88' lang='lat' dir='ltr'><strong>postulat:</strong></span> <span class='ocrx_word' id='word_1_746' title='bbox 2906 5173 3174 5240; x_wconf 88' lang='lat' dir='ltr'><strong>siquidem</strong></span> <span class='ocrx_word' id='word_1_747' title='bbox 3224 5172 3473 5229; x_wconf 86' lang='lat' dir='ltr'><strong>invisibi-</strong></span> 
     </span>
    </p>
   </div>
   <div class='ocr_carea' id='block_1_112' title="bbox 1927 5263 3478 5332">
    <p class='ocr_par' dir='ltr' id='par_1_112' title="bbox 1927 5263 3478 5332">
     <span class='ocr_line' id='line_1_112' title="bbox 1927 5263 3478 5332; baseline -0.001 -13"><span class='ocrx_word' id='word_1_748' title='bbox 1927 5265 2054 5319; x_wconf 89' lang='lat' dir='ltr'><strong>liter</strong></span> <span class='ocrx_word' id='word_1_749' title='bbox 2083 5263 2278 5317; x_wconf 81' lang='lat' dir='ltr'><strong>diﬂ‘usa</strong></span> <span class='ocrx_word' id='word_1_750' title='bbox 2309 5270 2392 5316; x_wconf 88' lang='lat' dir='ltr'><strong>est</strong></span> <span class='ocrx_word' id='word_1_751' title='bbox 2419 5263 2659 5319; x_wconf 85' lang='lat' dir='ltr'><strong>ebaritas</strong></span> <span class='ocrx_word' id='word_1_752' title='bbox 2709 5263 2801 5317; x_wconf 90' lang='lat' dir='ltr'><strong>Dei</strong></span> <span class='ocrx_word' id='word_1_753' title='bbox 2833 5278 2955 5317; x_wconf 90' lang='lat' dir='ltr'><strong>eum</strong></span> <span class='ocrx_word' id='word_1_754' title='bbox 2991 5263 3251 5317; x_wconf 71' lang='lat' dir='ltr'><strong>ineffabili</strong></span> <span class='ocrx_word' id='word_1_755' title='bbox 3279 5263 3478 5332; x_wconf 87' lang='lat' dir='ltr'><strong>gaudio</strong></span> 
     </span>
    </p>
   </div>
   <div class='ocr_carea' id='block_1_113' title="bbox 1928 5354 3479 5421">
    <p class='ocr_par' dir='ltr' id='par_1_113' title="bbox 1928 5354 3479 5421">
     <span class='ocr_line' id='line_1_113' title="bbox 1928 5354 3479 5421; baseline -0.001 -12"><span class='ocrx_word' id='word_1_756' title='bbox 1928 5358 1980 5409; x_wconf 92' lang='lat' dir='ltr'><strong>in</strong></span> <span class='ocrx_word' id='word_1_757' title='bbox 2013 5354 2175 5409; x_wconf 87' lang='lat' dir='ltr'><strong>corde</strong></span> <span class='ocrx_word' id='word_1_758' title='bbox 2214 5355 2393 5421; x_wconf 88' lang='lat' dir='ltr'><strong>illius;</strong></span> <span class='ocrx_word' id='word_1_759' title='bbox 2450 5368 2514 5408; x_wconf 91' lang='lat' dir='ltr'><strong>ac</strong></span> <span class='ocrx_word' id='word_1_760' title='bbox 2546 5362 2713 5408; x_wconf 88' lang='lat' dir='ltr'><strong>totam</strong></span> <span class='ocrx_word' id='word_1_761' title='bbox 2747 5363 2962 5409; x_wconf 90' lang='lat' dir='ltr'><strong>noctem</strong></span> <span class='ocrx_word' id='word_1_762' title='bbox 2997 5354 3049 5408; x_wconf 87' lang='lat' dir='ltr'><strong>in</strong></span> <span class='ocrx_word' id='word_1_763' title='bbox 3084 5354 3479 5409; x_wconf 86' lang='lat' dir='ltr'><strong>illuminatione</strong></span> 
     </span>
    </p>
   </div>
   <div class='ocr_carea' id='block_1_114' title="bbox 1924 5443 3480 5515">
    <p class='ocr_par' dir='ltr' id='par_1_114' title="bbox 1924 5443 3480 5515">
     <span class='ocr_line' id='line_1_114' title="bbox 1924 5443 3480 5515; baseline -0.003 -16"><span class='ocrx_word' id='word_1_764' title='bbox 1924 5446 2063 5515; x_wconf 90' lang='lat' dir='ltr'><strong>ignis</strong></span> <span class='ocrx_word' id='word_1_765' title='bbox 2096 5459 2383 5515; x_wconf 83' lang='lat' dir='ltr'><strong>peragens,</strong></span> <span class='ocrx_word' id='word_1_766' title='bbox 2402 5443 2787 5499; x_wconf 75' lang='lat' dir='ltr'><strong>intelledtuales</strong></span> <span class='ocrx_word' id='word_1_767' title='bbox 2812 5443 2864 5497; x_wconf 90' lang='lat' dir='ltr'><strong>in</strong></span> <span class='ocrx_word' id='word_1_768' title='bbox 2896 5444 3162 5513; x_wconf 84' lang='lat' dir='ltr'><strong>corporali</strong></span> <span class='ocrx_word' id='word_1_769' title='bbox 3185 5444 3480 5497; x_wconf 74' lang='lat' dir='ltr'><strong>excercitu-</strong></span> 
     </span>
    </p>
   </div>
   <div class='ocr_carea' id='block_1_115' title="bbox 1924 5535 3480 5606">
    <p class='ocr_par' dir='ltr' id='par_1_115' title="bbox 1924 5535 3480 5606">
     <span class='ocr_line' id='line_1_115' title="bbox 1924 5535 3480 5606; baseline -0.001 -15"><span class='ocrx_word' id='word_1_770' title='bbox 1924 5540 2073 5592; x_wconf 89' lang='lat' dir='ltr'><strong>tione</strong></span> <span class='ocrx_word' id='word_1_771' title='bbox 2102 5536 2447 5606; x_wconf 76' lang='lat' dir='ltr'><strong>operationes</strong></span> <span class='ocrx_word' id='word_1_772' title='bbox 2484 5535 2613 5591; x_wconf 88' lang='lat' dir='ltr'><strong>facit</strong></span> <span class='ocrx_word' id='word_1_773' title='bbox 2658 5546 2714 5591; x_wconf 86' lang='lat' dir='ltr'><strong>et</strong></span> <span class='ocrx_word' id='word_1_774' title='bbox 2745 5535 3038 5591; x_wconf 87' lang='lat' dir='ltr'><strong>immortali</strong></span> <span class='ocrx_word' id='word_1_775' title='bbox 3068 5536 3312 5604; x_wconf 89' lang='lat' dir='ltr'><strong>pascitur</strong></span> <span class='ocrx_word' id='word_1_776' title='bbox 3344 5550 3480 5589; x_wconf 89' lang='lat' dir='ltr'><strong>cou-</strong></span> 
     </span>
    </p>
   </div>
   <div class='ocr_carea' id='block_1_116' title="bbox 1925 5626 3476 5698">
    <p class='ocr_par' dir='ltr' id='par_1_116' title="bbox 1925 5626 3476 5698">
     <span class='ocr_line' id='line_1_116' title="bbox 1925 5626 3476 5698; baseline -0.002 -16"><span class='ocrx_word' id='word_1_777' title='bbox 1925 5630 2072 5683; x_wconf 71' lang='lat' dir='ltr'><strong>vivio</strong></span> <span class='ocrx_word' id='word_1_778' title='bbox 2104 5628 2490 5683; x_wconf 73' lang='lat' dir='ltr'><strong>inmortalium</strong></span> <span class='ocrx_word' id='word_1_779' title='bbox 2523 5627 2778 5683; x_wconf 88' lang='lat' dir='ltr'><strong>arborum</strong></span> <span class='ocrx_word' id='word_1_780' title='bbox 2811 5626 3051 5698; x_wconf 84' lang='lat' dir='ltr'><strong>paradisi</strong></span> <span class='ocrx_word' id='word_1_781' title='bbox 3072 5626 3395 5695; x_wconf 87' lang='lat' dir='ltr'><strong>spiritualis.</strong></span> <span class='ocrx_word' id='word_1_782' title='bbox 3423 5628 3476 5679; x_wconf 91' lang='lat' dir='ltr'><strong>in</strong></span> 
     </span>
    </p>
   </div>
   <div class='ocr_carea' id='block_1_117' title="bbox 1931 5718 3484 5789">
    <p class='ocr_par' dir='ltr' id='par_1_117' title="bbox 1931 5718 3484 5789">
     <span class='ocr_line' id='line_1_117' title="bbox 1931 5718 3484 5789; baseline 0 -16"><span class='ocrx_word' id='word_1_783' title='bbox 1931 5735 2091 5787; x_wconf 89' lang='lat' dir='ltr'><strong>quem</strong></span> <span class='ocrx_word' id='word_1_784' title='bbox 2134 5718 2339 5773; x_wconf 87' lang='lat' dir='ltr'><strong>Paulus</strong></span> <span class='ocrx_word' id='word_1_785' title='bbox 2376 5728 2557 5788; x_wconf 88' lang='lat' dir='ltr'><strong>raptus</strong></span> <span class='ocrx_word' id='word_1_786' title='bbox 2594 5721 2767 5774; x_wconf 90' lang='lat' dir='ltr'><strong>audiit</strong></span> <span class='ocrx_word' id='word_1_787' title='bbox 2804 5735 3001 5775; x_wconf 87' lang='lat' dir='ltr'><strong>arcana</strong></span> <span class='ocrx_word' id='word_1_788' title='bbox 3034 5721 3196 5773; x_wconf 78' lang='lat' dir='ltr'><strong>verba</strong></span> <span class='ocrx_word' id='word_1_789' title='bbox 3250 5735 3370 5789; x_wconf 67' lang='lat' dir='ltr'><strong>quae</strong></span> <span class='ocrx_word' id='word_1_790' title='bbox 3405 5720 3484 5773; x_wconf 84' lang='lat' dir='ltr'><strong>lo-</strong></span> 
     </span>
    </p>
   </div>
   <div class='ocr_carea' id='block_1_118' title="bbox 3088 5835 3154 5895">
    <p class='ocr_par' dir='ltr' id='par_1_118' title="bbox 3088 5835 3154 5895">
     <span class='ocr_line' id='line_1_118' title="bbox 3088 5835 3154 5895; baseline 0.03 -2"><span class='ocrx_word' id='word_1_791' title='bbox 3088 5835 3154 5895; x_wconf 86' lang='lat'><strong>31</strong></span> 
     </span>
    </p>
   </div>
  </div>
