4126 6338
649 383 752 445 ίδῗδ

1840 365 2160 424 Νιιῖείϊις
2205 364 2713 428 l‘l-ICTORA'l'US.

3782 384 3893 441 θ’ῖδ

648 507 981 567 runptnetus
1007 486 1242 543 excelsis
1266 484 1561 540 Cherubth
1589 493 1638 532 et
1678 481 1777 534 Ser
1800 482 1964 551 'pbitn
1993 481 2214 543 turmis,

2317 476 2414 544 τὴν
2451 478 2729 545 μακαρίαν
2756 480 2811 531 ἐν
2838 479 3008 551 τούτῳ
3040 484 3406 550 κατάπαυσιν,
3441 486 3645 550 τέλειος
3690 489 3747 540 ὲν
3794 506 3888 544 τε·

647 599 882 656 quut'uttt
955 588 1039 634 est
1112 591 1290 631 sermo
1346 572 1624 643 sapientia!
1701 571 1969 623 simulet
2036 569 2218 624 scien-

650 690 756 732 ιω.

725 862 813 915 45.
839 856 1125 910 llominum
1156 848 1445 915 vita,cujtts
1471 855 1644 902 status
1665 845 1729 898 ad
1751 855 1862 899 tres
1892 849 2220 899 rerocantur

653 957 895 1009 ordines,
922 948 1183 1002 dividitur
1219 944 1270 997 in
1309 943 1416 996 duo
1449 954 1667 1013 genera.
1716 937 1890 993 Unum
1948 946 2028 991 est
2072 951 2219 990 cont-

650 1062 812 1102 omne
856 1054 907 1098 et
940 1043 1299 1100 mundanum,
1338 1037 1568 1090 alterum
1623 1048 1748 1087 vero
1790 1047 1894 1085 non
1930 1044 2220 1084 commune

650 1159 696 1197 et
729 1140 934 1196 mutulo
972 1136 1254 1206 superius.
1290 1131 1597 1185 Commune
1638 1127 1900 1181 dividitur
1934 1127 1984 1177 in
2011 1134 2219 1194 teape-

652 1240 883 1291 rmtiam
918 1245 970 1286 et
1008 1233 1059 1283 in
1098 1224 1466 1281 insatiabilem
1496 1220 1889 1290 cupiditati-ut;
1932 1232 2036 1271 non
2067 1230 2218 1268 com-

654 1346 819 1384 mune
879 1339 1024 1386 \‘PJ‘O,
1082 1321 1132 1373 in
1166 1315 1587 1388 philosophiam;
1627 1314 1678 1365 in
1721 1312 1998 1382 physicam
2042 1310 2220 1364 scien-

650 1426 802 1484 tiam,
843 1431 897 1476 et
929 1420 983 1472 in
1009 1414 1487 1484 supernaturalem
1522 1408 1915 1479 Operationem.
1951 1403 2107 1457 Prius
2139 1404 2215 1455 vt'l

642 1520 869 1591 justitize
896 1516 1157 1573 adha'ret,
1185 1509 1229 1563 si
1262 1521 1457 1575 nempe
1485 1501 1782 1557 secundum
1816 1509 2063 1553 naturam
2099 1514 2217 1550 tuo-

646 1589 860 1679 ventur,
898 1610 976 1663 vel
1010 1610 1061 1661 itt
1089 1601 1409 1673 iniustitiam
1443 1610 1493 1653 et
1525 1596 1866 1666 iniquitatem
1912 1593 2128 1654 labitur,
2172 1589 2215 1642 si

651 1724 841 1777 nempe
860 1721 886 1759 a
914 1700 1147 1758 naturali
1174 1709 1319 1752 ntotu
1344 1692 1625 1749 deﬂectat.
1656 1689 1929 1758 posterius
1949 1697 2148 1745 autem,
2170 1684 2214 1737 si

647 1802 862 1874 quidem
884 1795 1220 1869 propesitum
1244 1799 1602 1860 persequatur
1623 1780 1835 1851 regulas
1853 1776 2215 1840 observando,

2316 567 2444 639 λείῳ
2474 568 2613 639 Θεῷ,
2649 572 2943 640 συναφθεὶς
2977 576 3111 639 μετὰ
3142 576 3245 627 τῶν
3288 576 3551 644 θεολόγων
3573 580 3690 641 ταῖς
3720 581 3893 652 ὑπερο

2240 700 2247 707 ,
2316 660 2503 722 τάταις
2531 660 2795 731 δυνάμεσι
2836 664 2945 717 τῶν
2980 666 3260 737 Χερουὸίμ
3292 685 3349 721 τε
3393 671 3484 722 καὶ
3512 672 3779 742 Σεραφὶμ,
3809 666 3891 726 ὧν

2318 752 2407 802 καὶ
2441 751 2468 803 6
2496 750 2651 817 λόγος
2674 753 2771 821 τῆς
2797 752 2988 821 σοφίας
3011 753 3144 823 ὁμοῦ
3176 756 3269 807 καὶ
3300 758 3395 826 τῆς
3420 759 3696 825 γνώσεως.

2391 839 2493 911 με’.
2532 843 2622 905 Εἰς
2664 842 2772 896 δύω
2803 844 3179 915 διαιρούμενος
3213 848 3321 902 τῶν
3364 850 3666 921 ἀνθρώπιον
3694 854 3722 905 6
3750 852 3886 923 βίος,

2319 938 2397 1000 είς
2450 939 2598 1007 τρεῖς
2635 936 2815 1000 τάξεις
2866 937 3072 1009 ἔχειτὰ
3126 941 3256 1007 τέλη
3290 942 3631 1011 συναγόμενα
3673 944 3888 998 τούτου.

2320 1030 2431 1083 Καὶ
2455 1030 2514 1083 τὸ
2550 1031 2648 1099 μὲν
2688 1029 2851 1084 αὐτοῦ
2897 1032 3211 1083 κοινωνικόν
3250 1033 3365 1084 ἐστι
3416 1033 3510 1086 καὶ
3561 1033 3887 1103 ὲγκόσμιον·

2317 1122 2376 1176 τὸ
2415 1123 2493 1185 δὲ,
2530 1122 2896 1192 ἀκοινώνητον
2949 1123 3044 1175 καὶ
3077 1123 3463 1192 ὑπερκόσμιον.
3515 1125 3625 1177 Καὶ
3668 1126 3731 1180 τὸ
3788 1127 3891 1196 μὲν

2318 1213 2632 1267 κοινωνικὸν
2683 1215 2763 1277 είς
2813 1213 3169 1285 σωφροσύνην
3220 1196 3510 1286 διαιρεῖται
3561 1217 3655 1271 καὶ
3710 1218 3890 1288 ἀπλη-

2321 1306 2505 1360 στίαν·
2550 1306 2609 1359 τὸ
2649 1306 2702 1359 δὲ
2753 1307 3134 1378 ἀκοινώνητον,
3169 1309 3246 1371 εἰς
3291 1308 3626 1377 φιλοσοφίαν,
3664 1312 3742 1373 εἰς
3786 1328 3889 1377 φυ-

2324 1402 2478 1469 σικὴν
2531 1402 2865 1469 ἐπιστήμην,
2926 1404 3013 1453 καὶ
3067 1402 3144 1463 εἰς
3182 1401 3318 1471 ὑπὲρ
3372 1401 3532 1469 φύσιν
3580 1403 3888 1471 ἐνέργειαν.

2321 1493 2537 1549 Τούτων
2565 1495 2623 1545 τὸ
2658 1495 2754 1562 μὲν
2791 1496 2821 1565 ἢ
2855 1494 2932 1563 τῷ
2971 1494 3165 1564 δικαίῳ
3192 1494 3522 1548 συνάπτεται
3555 1495 3694 1547 κατά
3726 1494 3890 1564 φύσιν

2320 1587 2635 1657 ἐρχόμενον,
2663 1588 2693 1656 ἢ
2724 1590 2788 1658 τῇ
2818 1588 3000 1658 ἀδικίᾳ
3036 1589 3128 1639 καὶ
3160 1590 3235 1651 είς
3271 1587 3486 1640 ἀδικίαν
3524 1590 3709 1657 χωρεῖ,
3749 1589 3887 1641 ἀπο-

2318 1680 2589 1753 πλανηθὲν
2630 1684 2727 1751 τῆς
2776 1681 2913 1733 κατά
2964 1680 3124 1749 φύσιν
3169 1682 3468 1750 κινήσεως·
3502 1681 3561 1733 τὸ
3590 1681 3666 1744 δὲ,
3704 1683 3750 1734 εί
3789 1682 3890 1750 μὲν

2319 1774 2458 1824 κατά
2497 1773 2695 1826 σκοπὸν
2751 1772 2913 1843 διώξῃ
2975 1772 3050 1842 τῷ
3090 1773 3273 1827 κανόνι
3307 1773 3764 1842 ἁπευθυνόμενον,
3808 1777 3889 1835 εἰς

646 1900 710 1953 ad
744 1896 1009 1950 inliuitam
1042 1889 1292 1959 pervenit
1322 1892 1595 1939 naturam,
1616 1890 1778 1945 supra
1808 1883 2058 1926 naturam
2097 1886 2221 1938 per.

2319 1863 2541 1934 ἄπειρον
2576 1864 2801 1935 τελευτᾷ
2832 1863 3013 1932 φύσιν,
3065 1863 3205 1933 ὑπὲρ
3240 1865 3337 1931 τὴν
3382 1864 3542 1932 φύσιν
3581 1864 3883 1919 τελειωθέν.

650 1992 850 2046 lectum
876 2001 891 2051 ;
918 1986 962 2039 si
996 1996 1125 2036 vero
1151 1976 1383 2046 superbe
1409 1986 1610 2027 vacans
1639 1966 1935 2026 exercitiis,
1956 1981 1983 2018 a
2020 1978 2219 2034 propo-

646 2084 754 2140 sito
810 2082 1150 2137 devertatur,
1192 2070 1393 2127 decidit
1432 2066 1484 2121 in
1542 2078 1762 2120 sensum
1817 2060 2219 2129 reprohutn,et

648 2190 905 2244 tanquam
934 2154 1311 2238 imperfectum
1343 2159 1535 2213 merito
1558 2153 1844 2224 rejicitura
1868 2149 2218 2221 perfectione.

849 2266 987 2327 Lux,
1040 2251 1143 2313 vita
1201 2268 1254 2310 et
1306 2270 1409 2324 pav
1473 2258 1557 2304 est
1580 2248 1841 2317 Spiritus.
1879 2242 1978 2309 Qui
2022 2256 2150 2310 ergo
2190 2254 2217 2293 a

649 2366 835 2419 divino
890 2356 1227 2413 illuminatur
1278 2349 1509 2420 Spiritu,
1562 2340 1912 2409 tranquillam
1971 2338 2025 2390 itt
2089 2346 2221 2404 pace

650 2455 858 2528 peragit
890 2454 1077 2505 vitam.
1121 2445 1248 2499 lude
1287 2451 1466 2496 autem
1502 2438 1554 2491 in
1583 2451 1646 2488 eu
1692 2430 1919 2485 scientia
1953 2443 2134 2482 rerum
2170 2434 2219 2479 et

658 2521 926 2621 iapir-utia
969 2542 1117 2597 verbi
1156 2545 1353 2599 sratct,
1392 2544 1698 2598 sensusque
1730 2525 1939 2581 Christi
1981 2521 2221 2575 innasci-

653 2611 783 2698 tur:
820 2643 908 2695 hic
947 2636 1098 2692 novit
1147 2632 1299 2700 regni
1338 2628 1427 2682 Dei
1475 2624 1753 2694 mysteria,
1790 2615 2058 2687 profunda
2096 2611 2219 2682 Spi-

652 2740 792 2793 ritus
821 2738 1097 2805 penetrat,
1130 2741 1189 2780 ac
1223 2723 1310 2777 die
1340 2720 1444 2775 diei
1472 2725 1686 2773 eructat
1726 2713 1791 2767 de
1828 2708 1993 2765 corde
2025 2721 2222 2764 sereno

651 2845 707 2888 et
761 2800 1067 2884 illuminato
1122 2820 1283 2874 verba
1331 2816 1481 2877 vitae,
1532 2813 1670 2864 bona
1706 2805 2037 2869 hominibus,
2095 2800 2220 2870 quia

653 2928 828 2981 bonus
871 2931 970 2981 est.
1028 2914 1176 2972 etde
1228 2914 1367 2965 bono
1410 2910 1666 2961 thesauro
1696 2920 1794 2958 suo
1833 2900 1991 2954 verba
2020 2896 2226 2967 profert

654 3031 793 3073 nova
820 3025 873 3070 et
898 3022 1077 3067 vetera
1097 3009 1136 3061 ⁸.

726 3199 813 3254 47.
844 3194 987 3248 Deus
1035 3200 1118 3245 est
1178 3186 1464 3259 sapientia,
1521 3196 1574 3238 et
1612 3198 1705 3237 eos
1754 3180 1844 3250 qui
1905 3179 2110 3233 ratione
2172 3183 2224 3228 rt
2254 3225 2297 3282 C

2319 1957 2381 2009 Εἰ
2410 1957 2465 2008 δὲ
2502 1955 2643 2009 κατὰ
2688 1956 3000 2026 φιλοτιμίαν
3036 1955 3509 2026 ὲγγυμναζόμενον
3553 1956 3645 2009 τοῦ
3684 1944 3888 2010 σκοποῦ

2316 2048 2606 2119 ψεύσηται,
2640 2050 2717 2113 είς
2748 2050 3005 2120 ἀδόκιμον
3029 2049 3255 2121 τελευτᾷ
3282 2050 3427 2113 νοῦν,
3465 2053 3557 2103 καὶ
3585 2049 3661 2113 ὡς
3698 2050 3888 2112 ἀτελὲς

2323 2143 2548 2205 εἰκότως
2582 2140 3040 2210 ἀποδοκιμάζεται
3068 2140 3161 2193 τοῦ
3197 2140 3423 2194 τελείου.

2392 2230 2508 2301 μς’.
2542 2233 2681 2297 Φῶς,
2723 2234 2814 2285 καὶ
2840 2231 2975 2301 ζωὴ,
3001 2233 3096 2283 καὶ
3123 2230 3312 2300 εἰρήνη
3340 2229 3398 2281 τὸ
3427 2227 3671 2300 Πνεῦμα.
3709 2228 3768 2284 ⁸0
3790 2222 3886 2280 οὖν

2320 2325 2424 2378 ὑπὸ
2457 2325 2550 2377 τοῦ
2600 2325 2744 2376 θείου
2790 2323 3157 2393 φωτιζόμενος
3211 2323 3547 2390 Πνεύματος,
3583 2320 3885 2392 γαληναίαν

2319 2416 2615 2488 είρτ,νεύων
2667 2416 2875 2469 διανύει
2926 2415 3091 2485 ζωήν.
3140 2413 3423 2467 Ἐντεῦθεν
3475 2412 3534 2466 δὲ
3594 2414 3625 2483 ἠ
3684 2412 3885 2480 γνῶσις

2320 2509 2465 2579 αὐτῷ
2494 2508 2602 2561 τῶν
2641 2508 2829 2572 ὄντων,
2872 2509 2965 2561 καὶ
3010 2509 3043 2578 ἡ
3090 2506 3250 2575 σοφία
3293 2506 3384 2560 τοῦ
3415 2506 3571 2575 λόγου
3626 2505 3884 2575 πηγάζει,

2322 2602 2411 2654 καὶ
2446 2602 2473 2652 6
2505 2598 2628 2662 νοῦς
2662 2599 2755 2652 τοῦ
2811 2599 3047 2671 Χριστοῦ
3095 2599 3397 2667 ἐπιγίνεται
3422 2613 3434 2630 ο
3468 2592 3622 2661 οὗτος
3662 2592 3771 2649 οἶδε
3817 2598 3886 2649 τὰ

2322 2693 2419 2761 τῆς
2465 2690 2741 2762 βασιλείας
2771 2694 3062 2767 ’μυστήρια
3088 2735 3102 2757 ,
3159 2694 3238 2754 είς
3282 2690 3350 2743 τὰ
3402 2690 3538 2760 βάθη
3593 2691 3760 2759 χωρεῖ
3789 2689 3885 2740 τοῦ

2322 2781 2476 2845 Θεοῦ,
2507 2783 2601 2835 καὶ
2629 2783 2811 2853 ἡμέρᾳ
2842 2785 2906 2852 τῇ
2938 2782 3121 2853 ἡμέρᾳ
3176 2782 3459 2851 ἐρεύγεται
3498 2781 3687 2849 λόγους
3717 2779 3882 2849 ζωῆς,

2326 2873 2382 2940 ἐξ
2413 2874 2726 2943 άκυμάντου
2762 2873 2854 2925 καὶ
2901 2872 3319 2944 πεφωτισμένης
3355 2872 3611 2943 καρδίας,
3650 2870 3886 2938 ἀγαθοὺς

2325 2968 2434 3028 τοῖς
2482 2966 2820 3036 ἀνθρώποις·
2876 2964 3062 3033 ἐπειδὴ
3120 2965 3320 3033 ἀγαθός
3372 2967 3507 3029 ἑστι,
3542 2958 3632 3016 τόν
3683 2963 3887 3031 ἀγαθὸν

2325 3060 2461 3126 ἔχων
2491 3057 2757 3112 λαλοῦντα
2788 3059 2845 3112 ὲν
2876 3057 3049 3129 ἑαυτῷ
3082 3059 3239 3112 καινά
3270 3075 3326 3109 τε
3362 3060 3456 3109 καὶ
3482 3057 3702 3109 παλαιά.

2385 3164 2491 3235 μζ.
2540 3163 2705 3232 Σοφία
2735 3165 2762 3215 ὁ
2801 3164 2953 3228 Θεὸς,
3006 3167 3098 3218 καὶ
3144 3153 3267 3223 τοὺς
3294 3170 3350 3219 ἐν
3399 3168 3540 3239 λόγῳ
3584 3176 3676 3224 καὶ
3717 3172 3880 3241 σοφίᾳ.

657 3292 919 3362 sapientia
978 3289 1117 3340 duce
1157 3282 1437 3336 ambulant
1466 3321 1479 3344 ,
1517 3279 1744 3333 svieutia
1800 3291 1979 3329 rerum
2042 3272 2228 3340 (εαξιυ-

2317 3256 2765 3326 περιπατοῦντας,
2798 3258 3097 3334 τῇηγνὼσει
3120 3258 3225 3312 τῶν
3256 3260 3422 3313 ὄντων
3454 3260 3555 3333 [lor
3588 3263 3880 3337 οὐρανίων]

659 3382 849 3451 stium)
904 3376 1190 3439 dedicans,
1250 3370 1575 3440 sibimetipsi
1639 3384 1735 3437 per
1782 3368 1959 3419 lumen
1996 3363 2134 3424 unit,
2178 3371 2228 3415 ct

660 3477 832 3551 gratia
861 3475 992 3529 deos
1037 3470 1188 3524 facit.
1218 3464 1692 3533 Quemadmmlunt
1742 3472 1921 3513 autem
1952 3457 2135 3509 omnia
2163 3470 2227 3507 ex

664 3545 840 3627 nihilo
884 3566 1145 3636 sapientia
1187 3563 1333 3623 fecit,
1362 3570 1415 3614 ct
1444 3573 1538 3628 per
1567 3554 1889 3623 sapientiam
1923 3565 2011 3623 res
2043 3545 2228 3601 tmtndi

662 3665 802 3734 regit
839 3671 893 3717 et
948 3660 1237 3730 gubernat,
1270 3665 1434 3722 atque
1464 3651 1698 3704 salutem
1733 3646 1978 3700 omnium
2024 3640 2113 3711 qui
2162 3638 2228 3693 ad

663 3730 1154 3810 se'couvertuntur
1184 3754 1235 3801 et
1272 3742 1561 3799 accedunt.
1623 3740 1829 3809 pariter
1862 3737 1914 3789 in
1965 3730 2229 3802 sapientia

665 3860 878 3915 semper
936 3841 1063 3896 facit
1104 3841 1228 3909 :sie
1271 3837 1435 3891 etiam
1490 3833 1578 3888 ille
1636 3848 1795 3902 quem
1857 3844 1953 3885 sua
2016 3828 2228 3897 puritas

666 3939 890 4009 dignum
947 3934 1075 3989 ferit
1139 3931 1231 4001 qui
1284 3928 1565 3983 altissima:
1619 3923 1898 3994 ειιρίειιιὶιυ
1958 3919 2229 3992 particeps

665 4032 831 4088 tieret,
869 4038 1084 4093 semper
1125 4028 1398 4091 quatenus
1437 4019 1615 4086 imago
1652 4015 1742 4071 Dei
1799 4012 1851 4067 in
1880 4012 2143 4082 sapientia
2178 4016 2231 4063 et

663 4125 781 4189 ipse
818 4117 943 4170 iacit
973 4125 1026 4171 et
1078 4114 1264 4183 implet
1295 4111 1533 4166 divinam
1580 4109 1935 4168 voluntatem,
1990 4106 2230 4172 seipsum

667 4212 951 4267 retrahens
992 4223 1021 4261 a
1086 4207 1249 4260 rebus
1290 4204 1529 4260 externis
1590 4203 1641 4255 itt
1705 4200 2011 4267 multasque
2050 4206 2233 4265 partes

665 4304 877 4363 divisis,
929 4300 1192 4353 rationem
1229 4311 1352 4351 vero
1392 4311 1545 4349 suam
1584 4309 1677 4363 per
1724 4293 2009 4346 svientiam
2078 4288 2232 4342 abdi-

668 4408 848 4449 tarum
877 4392 1157 4446 adducens
1196 4398 1251 4444 et
1290 4388 1510 4443 elevans
1543 4387 1608 4438 ad
1638 4389 1822 4455 _vitam
1860 4398 1983 4438 vere
2025 4381 2232 4452 angeli-

672 4502 789 4543 eam
816 4503 831 4551 ;
868 4495 921 4538 et
955 4498 1117 4536 unam
1147 4479 1381 4535 cilicietts
1406 4495 1502 4548 pro
1530 4478 1731 4531 vitibus
1757 4493 1908 4531 suam
1940 4476 2101 4528 vitant
2126 4514 2139 4536 ,
2176 4487 2234 4527 se

674 4581 792 4635 uuit
833 4576 1098 4632 cmlicolis

672 4669 1046 4733 tendentibus,
1084 4677 1135 4720 et
1182 4680 1276 4735 per
1323 4679 1417 4718 eas
1466 4662 1609 4716 velut
1664 4677 1757 4729 per
1787 4661 2023 4729 optimos
2070 4658 2237 4713 duces

671 4764 736 4819 ad
756 4766 985 4834 primum
1016 4759 1336 4829 principium
1365 4756 1704 4827 primamque
1723 4756 1944 4809 cansam
1969 4750 2236 4806 ascendit.

741 4943 829 4997 48.
865 4941 968 5008 Qui
1009 4955 1121 5007 “per
1179 4939 1417 4991 divinam
1479 4937 1801 5007 sapientiam
1880 4950 2001 4990 sese
2066 4932 2243 4988 univit

675 5036 927 5106 supernis
978 5033 1302 5092 virtutibus.
1333 5029 1565 5099 ideoque
1608 5027 1716 5084 Deo
1757 5031 1942 5083 unitus
1968 5035 2073 5089 est,
2115 5039 2239 5079 cum

675 5126 832 5181 sitad
879 5122 1295 5179 similitudinem
1354 5120 1467 5187 Dei,
1525 5134 1648 5172 cum
1701 5119 1958 5172 omnibus
1998 5122 2159 5171 verbo
2191 5124 2243 5169 et

677 5219 950 5287 colloquio
1002 5216 1276 5285 sapienter
1325 5220 1701 5275 conver3aus,‘
1737 5211 2019 5265 hominum
2089 5212 2244 5263 bona:

679 5310 978 5364 voluntatis
1027 5308 1282 5364 allectum
1311 5308 1513 5361 virtute
1542 5306 1725 5360 divina
1755 5305 1984 5359 retrahit
2015 5317 2044 5357 a
2081 5302 2243 5356 rebus

684 5404 924 5458 externis
978 5413 1029 5456 rt
1079 5399 1479 5464 divisibilibus,
1521 5414 1723 5469 eosque
1764 5409 1821 5452 ut
1882 5401 2120 5467 seipsum
2176 5395 2243 5450 ad

692 5496 913 5549 unitatis
960 5496 1149 5557 vitam,
1187 5502 1372 5563 utpote
1435 5492 1526 5545 Dei
1595 5491 1851 5554 imitator,
1927 5490 1979 5541 in
2047 5490 2242 5557 spiritu

689 5590 989 5649 attrahens,
1034 5588 1186 5639 ducit
1238 5600 1333 5654 per
1388 5584 1711 5653 sapientiam
1769 5589 1820 5634 et
1873 5582 2156 5636 scientiam
2185 5595 2247 5634 ac

695 5680 1079 5749 mysteriorum
1137 5676 1556 5739 revelationem,
1615 5676 1681 5729 ad
1733 5673 2247 5744 contemplationem

768 5864 787 5892 ⁸
830 5859 1016 5915 Matth.
1057 5875 1174 5925 ειη,
1213 5858 1307 5915 52.

2313 3349 2598 3413 θεοποιῶν,
2629 3351 2738 3401 ἑνοῖ
2784 3349 2870 3402 διὰ
2932 3348 3111 3419 φωτὸς
3141 3352 3331 3413 αὐτοὺς
3382 3353 3575 3422 ἑαυτῷ,
3606 3357 3698 3408 καὶ
3738 3355 3886 3409 θέσει

2315 3444 2468 3504 θεοὺς
2498 3443 2890 3515 ἀπεργάζεται.
2946 3443 3128 3512 Ωσπερ
3153 3443 3205 3495 δὲ
3232 3444 3392 3508 αὐτὸς
3418 3447 3480 3498 ὲκ
3518 3446 3609 3499 τοῦ
3638 3448 3712 3517 μὴ
3735 3447 3886 3513 ὄντος

2316 3531 2477 3602 σοφίᾳ
2509 3532 2576 3584 τὰ
2621 3532 2797 3585 πάντα
2824 3532 3262 3597 κατασκευάσας,
3294 3532 3379 3585 διά
3409 3534 3597 3604 σοφίας
3621 3540 3688 3589 τά
3722 3538 3885 3605 ἐγκό-

2319 3642 2453 3695 σμια
2475 3624 2709 3691 διεξάγει
2746 3627 2837 3678 καὶ
2857 3625 3069 3686 διοικεῖ,
3114 3626 3206 3678 καὶ
3241 3627 3335 3694 τὴν
3364 3622 3639 3698 σωτηρίαν
3671 3632 3889 3684 πάντων

2317 3716 2435 3769 τῶν
2462 3716 2787 3784 ἐγγιζόντων
2812 3714 2960 3784 αὐτῷ
2984 3715 3054 3768 δι’
3081 3716 3413 3785 ἐπιστροφῆς
3438 3716 3696 3780 ὡσαύτως
3722 3721 3806 3772 ἀεὶ
3827 3721 3888 3772 ὲν

2318 3809 2475 3876 σοφίᾳ
2512 3808 2822 3879 ἐργάζεται,
2853 3808 2993 3861 οῦτω
3025 3808 3116 3861 καὶ
3160 3811 3187 3861 6
3221 3810 3475 3872 ἀξιωθεὶς
3506 3812 3889 3880 τῆςάνωτάτω

2317 3901 2566 3969 γενέσθαι
2594 3901 2804 3968 σοφίας,
2826 3902 2889 3954 ὲκ
2913 3900 3302 3971 καθαρότητος,
3332 3902 3575 3971 μέτοχος,
3608 3903 3782 3965 deici);
3813 3906 3887 3956 εί-

2319 3992 2428 4046 κὼν
2445 3993 2578 4045 Θεοῦ
2609 3993 2700 4045 καὶ
2726 3994 2884 4057 αὐτὸς
2910 3994 2967 4045 ὲν
3012 3993 3173 4063 σοφίᾳ
3207 3995 3350 4046 ποιεῖ
3376 3995 3471 4046 καὶ
3502 3994 3794 4065 ἐργάζεται
3823 3995 3892 4049 τὰ

2319 4086 2412 4138 τοῦ
2440 4085 2583 4138 θείου
2610 4085 2911 4165 θελήματος
2935 4102 2949 4116 ⁸
2989 4086 3235 4153 συνάγων
3270 4086 3369 4155 μὲν
3404 4087 3509 4138 ἀπὸ
3530 4090 3637 4138 τῶν
3668 4088 3770 4151 ἔξω
3798 4090 3891 4140 καὶ

2323 4176 2695 4246 μεριζομένων
2724 4178 2801 4240 είς
2835 4175 3001 4229 πολλά
3032 4176 3248 4237 ἑαυτὸν,
3280 4176 3495 4244 ἀνάγων
3523 4177 3577 4229 δὲ
3618 4177 3891 4245 ὁσημέραι

2322 4268 2414 4319 καὶ
2466 4266 2759 4318 ἀνατείνων
2811 4266 2871 4319 τὸ
2912 4265 3259 4335 λογιζόμενον
3296 4265 3459 4319 αὑτοῦ
3497 4267 3582 4319 διά
3641 4267 3894 4334 γνώσεως

2322 4357 2429 4408 τῶν
2461 4359 2804 4429 ἀπορρήτων,
2842 4357 2976 4428 πρὸς
3010 4357 3303 4425 ἀγγελικάς
3345 4359 3421 4428 τῷ
3451 4360 3562 4412 ὄντι
3592 4359 3766 4422 ζωὰς·
3800 4360 3894 4412 καὶ

2327 4450 2552 4519 ένοειδῆ,
2594 4450 2734 4502 κατά
2772 4450 2831 4502 τὸ
2879 4450 3119 4519 ἐφικτὸν,
3160 4451 3255 4519 τὴν
3291 4451 3456 4503 αὐτοῦ
3488 4448 3633 4518 ζωὴν
3666 4450 3895 4519 ἐργαζό-

1160 4568 1527 4643 νοωδωνιὼυς
1569 4585 1673 4622 uno
1730 4576 1875 4619 mum
1944 4568 2008 4619 ad
2063 4566 2230 4619 Deum
2263 4572 2308 4627 Β
2332 4559 2509 4611 μενος,
2552 4543 2661 4594 ἑνοῖ
2684 4543 2801 4604 ταῖς
2834 4542 2946 4596 ἄνω
2978 4543 3268 4611 δυνάμεσιν
3298 4542 3509 4607 ἑαυτὸν,
3534 4544 3653 4603 ταῖς
3681 4543 3896 4604 ὲνιαίως

2328 4634 2456 4704 περὶ
2483 4633 2613 4685 Θεὸν
2647 4633 3009 4702 κινουμέναις·
3044 4633 3137 4687 καὶ
3160 4632 3226 4685 δι’
3256 4634 3430 4685 αὐτῶν
3465 4634 3601 4703 πρὸς
3632 4634 3729 4703 τὴν
3753 4630 3894 4706 πρώ-

2327 4741 2426 4795 την
2459 4725 2632 4796 ἀρχὴν
2678 4726 2771 4778 καὶ
2805 4725 2985 4779 αἰτίαν
3009 4725 3083 4788 ὼς
3114 4725 3180 4778 δι’
3208 4725 3426 4792 ἀγαθῶν
3458 4727 3553 4795 ἠγε
3565 4726 3741 4795 μόνων
3768 4726 3897 4777 ἀνά-

2329 4833 2503 4884 γεται.

2384 4925 2493 4997 μη’.
2544 4927 2598 4979 '0
2622 4927 2709 4980 διὰ
2742 4928 2933 4996 σοφίας
2964 4926 3059 4996 τῆς
3099 4926 3405 4995 κρείττονος
3446 4925 3637 4978 ἑαυτὸν
3671 4923 3877 4985 ὲνὼσας

2312 5020 2430 5083 ταῖς
2467 5020 2577 5074 ἄνω
2613 5020 2894 5087 δυνάμεσι,
2933 5017 3028 5070 καὶ
3067 5018 3154 5071 διὰ
3184 5018 3339 5072 τοῦτο
3386 5016 3501 5083 Θεῷ
3533 5015 3773 5077 ἑνωθεὶς.
3805 5016 3877 5075 ὡς

2314 5113 2432 5165 καφ
2458 5112 2717 5182 ὁμοίωσιν
2746 5110 2819 5163 ὢν
2847 5108 2940 5161 τοῦ
2969 5109 3125 5172 Θεοῦ,
3154 5112 3285 5162 πᾶσι
3310 5108 3397 5160 διὰ
3427 5108 3587 5174 λόγου
3626 5107 3717 5158 καὶ
3756 5122 3879 5157 συν.

2314 5204 2500 5266 ουσίας
2543 5202 2923 5272 ὲμφιλοσόφως
2984 5202 3402 5270 συγγινόμενος,
3437 5199 3732 5268 ἀποτέμνει
3771 5197 3879 5249 τῶν

2318 5294 2655 5367 βουλομένων
2702 5292 2822 5362 θείᾳ.
2866 5293 3092 5363 δυνάμει
3130 5292 3227 5354 τὰς
3275 5290 3414 5356 ἔξεις
3462 5288 3569 5342 ἀπὸ
3615 5290 3724 5341 τῶν
3779 5289 3881 5354 ἔξω

2317 5391 2411 5442 καὶ
2454 5388 2745 5458 μεριστῶν,
2776 5389 2871 5442 καὶ
2912 5388 3046 5457 πρὸς
3082 5384 3291 5453 ὲνοειδῆ
3331 5383 3492 5453 ζωὴν,
3529 5381 3717 5451 ὥσπερ
3754 5382 3879 5433 ἑαυ-

2319 5479 2431 5539 τὸν,
2458 5473 2544 5531 οἷα
2565 5478 2628 5547 δὴ
2658 5478 2792 5530 Θεοῦ
2826 5479 3069 5546 μιμητὴς
3105 5475 3196 5529 καὶ
3229 5474 3422 5540 αὐτοὺς
3458 5471 3794 5525 συνελίασων
3826 5474 3883 5523 ἐν

2320 5574 2611 5641 πνεύματι,
2640 5571 2830 5638 ἀνάγει
2864 5570 2952 5621 διὰ
2998 5569 3190 5636 σοφίας
3220 5567 3310 5621 καὶ
3349 5564 3622 5633 γνώσεως,
3660 5564 3885 5632 καὶτῆς

2320 5664 2429 5717 τῶν
2452 5662 2787 5733 άποκρύφων
2816 5661 3153 5730 ὲλλάμψεως,
3178 5660 3311 5730 πρὸς
3343 5657 3573 5725 θεωρίαν
3601 5656 3699 5726 τῆς
3728 5655 3885 5724 δόξης
