4126 6338
226 392 334 457 977
1038 388 1577 450 GNOSTICORUM
1609 382 1822 446 CAPIT

1909 383 1943 442 ll
1974 385 2118 448 CEN
2140 385 2362 448 l’URlA
2409 385 2526 446 ῐῐῐ.
3348 384 3452 448 973

224 521 321 574 τοῦ
348 521 466 585 ἑνὸς
500 520 594 574 καὶ
618 517 836 589 πρώτου
858 516 1036 586 φωτός
1057 533 1070 548 ·
1093 515 1188 570 καὶ
1221 513 1425 577 ένιῦσας
1460 512 1654 575 αὐτοὺς
1679 513 1797 574 ταῖς

1909 501 2082 570 glerite
2147 503 2310 559 unius
2396 502 2662 573 primique
2738 500 3004 568 luminis,
3063 511 3115 556 et
3169 508 3452 570 postquam

229 615 358 686 περὶ
383 614 516 669 Θεὸν
551 612 763 675 οὐσίαις
799 610 894 665 καὶ
920 609 1157 674 τάξεσιν,
1190 610 1266 671 είς
1299 607 1397 679 τὴν
1432 606 1656 675 ἑνότητα
1680 607 1801 674 ἄγει

1909 598 2113 655 :osdcm
2159 600 2336 654 uuivit
2373 598 2863 654 circumstantibus
2911 595 3077 650 Deum
3131 591 3456 651 substantiis

227 708 386 771 θεοῦ,
434 707 763 777 ὁλολαμπεϊς
799 703 1090 773 γεγονότας
1124 705 1187 756 ὲκ
1225 704 1322 772 τῆς
1366 699 1459 754 τοῦ
1493 699 1800 770 Πνεύματος

1909 707 1948 752 at
1979 698 2322 764 cohortibus,
2383 697 2450 753 ad
2487 695 2753 751 unitatem
2798 696 2990 751 ‘elcval
3035 692 3182 760 ipsos
3247 689 3457 759 fulgore

229 799 604 869 ὲπιλᾶμψεως.

307 888 413 960 μθ’.
456 890 537 958 Τῇ
579 885 875 959 τετρακτύῖ
908 886 1014 939 τῶν
1047 885 1277 954 ἀρετῶν,
1309 883 1500 949 ὀγδοὰς
1539 895 1805 950 συνομαρ·

228 983 315 1035 τεῖ
364 979 613 1050 φυσικῶν
655 995 712 1033 τε
753 979 849 1032 καὶ
897 976 1130 1046 γενικῶν
1184 974 1416 1046 ἀρετῶν,
1457 975 1554 1044 μιᾷ
1600 972 1804 1025 τούτων

233 1070 440 1144 ἑκάστῃ
470 1070 530 1133 ἐξ
555 1069 820 1140 ἑκατέρου
851 1069 1049 1138 μέρους
1082 1067 1191 1120 δὺω
1231 1065 1697 1127 ὲπανατελουσῶν,
1726 1063 1802 1126 ὡς

233 1164 330 1218 καὶ
348 1161 516 1233 αὐτὴν
540 1162 777 1230 ἑκάστην
812 1161 1056 1228 γίνεσθαι
1088 1162 1168 1222 είς
1194 1159 1422 1231 Τριάδα.
1451 1159 1528 1228 Τῇ
1557 1154 1649 1211 οὖν
1679 1173 1807 1227 φρο-

231 1258 412 1328 νήσει,
448 1255 650 1324 γνῶσις
697 1253 1090 1319 ἐπανατέλλει,
1141 1254 1234 1306 καὶ
1278 1251 1415 1322 σοφὴ
1459 1249 1694 1322 θεωρίαο
1736 1251 1803 1322 τῇ

231 1349 569 1420 δικαιοσύνῃ,
627 1347 924 1417 διάκρισις,
961 1347 1056 1399 καὶ
1101 1345 1526 1416 εὐσυμπάθητος
1579 1341 1804 1414 γνώμη⁶

231 1443 301 1513 τῇ
328 1440 571 1512 ἀνδρεία,
605 1438 851 1508 ὑπομονὴ
881 1439 973 1491 καὶ
1007 1438 1255 1497 ἔνστασις
1289 1437 1540 1508 σταθηρά
1561 1453 1574 1464 ·
1605 1439 1669 1506 τῇ
1703 1452 1809 1489 σω-

235 1534 502 1606 φροσύνῃ,
538 1530 729 1599 ἁγνεία
761 1529 854 1584 καὶ
888 1530 1173 1601 παρθενία.
1228 1531 1443 1599 Ταύτης
1480 1529 1578 1599 τῆς
1608 1527 1810 1600 τριαδι-

238 1625 342 1695 κῆς
360 1625 682 1688 δωδεκάδος,
714 1622 902 1693 ῶσπερ
939 1640 1022 1686 τις
1051 1622 1281 1694 κτίστης
1320 1622 1412 1675 καὶ
1449 1610 1808 1691 μυσταγωγὸς

241 1722 269 1772 ό
302 1718 433 1780 Θεὸς
458 1719 514 1771 ὲν
546 1716 709 1788 σοφίᾳ
740 1714 1168 1786 ὑπερκαθέζεται
1206 1717 1260 1768 ὲν
1291 1714 1368 1784 τῷ
1404 1713 1498 1767 τοῦ
1533 1715 1651 1777 νοὸς
1683 1713 1810 1784 θρό-

239 1826 337 1877 νῳ,
367 1807 456 1861 τὸν
495 1805 668 1874 Λόγον
703 1804 1132 1870 έξαποστέλλων
1189 1808 1266 1868 εἱς
1301 1804 1662 1875 δημιουργίαν
1699 1801 1807 1856 τῶν

239 1899 482 1969 ἀρετῶν·
544 1897 602 1960 ὃς
651 1897 745 1950 καὶ.
797 1895 1085 1965 λαμϐάνων
1151 1899 1213 1949 ὲκ
1264 1897 1371 1949 τῶν
1431 1894 1807 1964 ὑποκειμένων

240 1993 426 2064 ἀρχῶν
458 1993 555 2063 τὴν
584 1989 642 2056 ἐξ
680 1994 945 2062 ἑκατέρας
995 1990 1129 2059 ὓλην
1184 1991 1290 2043 τῶν
1339 1990 1676 2061 εἰρημένων,
1719 1988 1808 2042 τὸν

241 2086 433 2156 νοητὸν
474 2088 573 2156 τῆς
614 2083 892 2146 εὐσεϐείας
941 2083 1142 2152 κόσμον
1185 2083 1506 2152 δημιουργεῖ
1533 2083 1598 2152 τῇ
1636 2080 1808 2151 ψυχῇ.

237 2182 352 2233 Καὶ
387 2180 460 2242 ὼς
515 2177 612 2247 μὲν
650 2178 878 2248 οὐρανὸν
921 2177 1149 2246 ἐκτείνει
1204 2177 1341 2246 αὐτῇ
1388 2175 1486 2245 τὴν
1525 2173 1808 2244 φρόνησιν,

239 2275 372 2341 ὃλην
405 2271 740 2340 κατάστερον
773 2270 853 2332 εἰς
889 2267 1171 2338 ὁλολαμπῆ
1215 2267 1382 2336 ζωὴν,
1425 2269 1482 2320 ὲν
1595 2266 1672 2330 ὡς
1705 2266 1813 2321 δύω

246 2365 517 2434 μεγάλους
548 2362 844 2432 φωστῆρας
874 2360 971 2429 τὴν
996 2358 1144 2412 θείαν
1171 2359 1395 2427 γνῶσιν,
1420 2360 1512 2412 καὶ
1534 2359 1629 2429 τὴν
1659 2350 1814 2426 φυσι-

243 2457 348 2525 κὴν
405 2455 674 2525 θεωρίαν,
716 2452 953 2521 λάμπειν
1006 2450 1101 2503 καὶ
1160 2449 1558 2516 καταφωτίζειν
1608 2451 1814 2520 ταύτην

242 2549 388 2598 ποιεῖ
411 2564 422 2574 '
447 2546 522 2607 ὡς
549 2544 604 2596 δὲ
639 2545 743 2613 γῆν
778 2541 1021 2612 θεμελιοῖ
1052 2541 1148 2611 τὴν
1177 2541 1523 2610 δικαιοσύνην
1550 2542 1708 2613 αὐτῇ,
1734 2543 1815 2606 είς

244 2636 571 2690 πανδαισίαν
596 2634 872 2687 ἀδάπανον
893 2649 906 2663 ο
946 2634 1018 2695 ὡς
1048 2632 1104 2684 δὲ
1149 2631 1288 2702 ἀέρα
1321 2632 1552 2701 ὲφαπλοῑ
1580 2631 1675 2702 τὴν
1707 2648 1815 2685 σω-

244 2731 543 2802 φροσύνην,
577 2732 655 2792 είς
693 2729 956 2798 ἀνάψυξιν
1002 2729 1094 2781 καὶ
1129 2728 1317 2798 δρόσον
1345 2729 1818 2800 ἀκραιφνεστὰτης

244 2797 392 2893 (ubi);
417 2840 429 2853 '
465 2797 540 2885 ῶς
585 2822 641 2875 δὲ
695 2797 973 2875 θάλασσαν
1006 2821 1105 2890 τὴν
1137 2797 1387 2886 ἀνδρείαν
1422 2797 1598 2889 -ὁρίζει
1648 2820 1704 2871 ὲν

241 2916 500 2985 ἀσθενείᾳ
527 2914 625 2983 τῆς
674 2913 911 2983 φύσεως,
941 2914 1022 2975 είς
1057 2911 1376 2981 καθαίρεσιν
1423 2911 1816 2982 ὀχυρωμάτων,

241 3011 344 3063 καὶ
374 3005 684 3077 ὑψωμάτων
726 3005 819 3058 τοῦ
860 3003 1124 3058 ἐναντίου.
1170 2993 1370 3056 Τοῦτον
1418 3002 1510 3055 οὖν
1540 3000 1684 3054 οὕτω
1729 3002 1818 3054 τον

240 3102 456 3168 κόσμον
486 3101 514 3152 ὁ
545 3098 719 3166 Λόγος
753 3096 1072 3167 οἰκοδομῶν,
1115 3096 1341 3165 δύναμιν
1383 3095 1652 3166 ἐντίθησιν
1683 3095 1816 3164 αὐτῇ

240 3196 310 3245 τὸ
342 3192 568 3263 Πνεῦμα
599 3193 678 3254 είς
710 3189 927 3261 κίνησιν
963 3189 1069 3260 μὲν
1109 3189 1325 3259 νοητὴν,
1367 3189 1458 3240 καὶ
1491 3187 1814 3256 ἀεικίνητον,
1838 3208 1883 3267 c

231 3287 330 3347 ,εἰς
365 3283 593 3354 συνοχὴν
624 3283 679 3335 δὲ
713 3281 1134 3336 ὰδιασκέδαστόν
1164 3298 1226 3334 τε
1285 3281 1382 3333 καὶ
1425 3280 1644 3350 διαρκῆ,
1678 3280 1818 3332 κατὰ

243 3385 310 3436 τὸ
346 3383 634 3454 είρημένον
683 3382 789 3434 ὑπὸ
822 3379 984 3432 Δαϐίδ
1005 3396 1019 3410 ο
1059 3396 1076 3428 ι
1105 3377 1194 3446 Τῷ
1224 3377 1367 3445 λόγῳ
1398 3376 1597 3446 Κυρίου
1643 3377 1691 3429 oi
1733 3376 1827 3429 οὐ·

249 3475 412 3546 ρανοὶ
453 3473 718 3540 ὲστερεώθ
732 3487 884 3540 ησαν,
914 3472 1004 3524 καὶ
1036 3467 1114 3538 τῷ
1140 3467 1409 3537 πνεύματι
1437 3465 1529 3519 τοῦ
1563 3466 1829 3538 στόματος

247 3565 420 3618 αὑτοὺ
451 3565 600 3617 πᾶσα
633 3564 666 3632 ὴ
696 3560 925 3630 δύναμις
957 3559 1159 3612 αὐτῶν.
1204 3576 1220 3609 ι

323 3689 388 3745 ν’.
431 3693 562 3754 Ταῖς
595 3692 991 3761 πνευματικαῖς
1036 3688 1459 3760 μεθηλικιώσεσι
1519 3689 1628 3744 τῶν
1665 3707 1831 3744 σπου-

1895 791 2124 859 spiritus
2157 791 2512 845 illuminatos.

1965 887 2055 943 £9.
2100 885 2349 953 Quatuor
2388 884 2735 941 naturalibus
2773 878 3251 946 cardinalibusque
3280 873 3457 926 virtu—

1898 983 2044 1038 tibus
2101 992 2227 1036 octo
2291 980 2492 1036 adsunt
2557 979 2807 1043 comites,
2863 990 2984 1044 quae
3035 974 3176 1028 binae
3229 969 3455 1039 singulis

1899 1081 2156 1149 utrinque
2230 1077 2570 1140 cooriuntur,
2611 1075 2681 1128 ita
2742 1080 2802 1125 ut
2857 1069 3069 1123 illarum
3116 1076 3451 1135 unaquaeque

1897 1178 2140 1234 Trinitas
2207 1175 2316 1233 liat.
2354 1172 2443 1226 Sic
2495 1168 2797 1242 prudentiae
2849 1164 3174 1222 cooriuntur
3229 1160 3453 1216 scientia

1897 1286 1950 1334 et
2002 1272 2222 1345 sapiens
2284 1265 2711 1334 contemplatio;
2769 1261 3018 1335 justitia,
3068 1258 3333 1328 judicium
3402 1261 3452 1307 rt

1898 1364 2301 1437 compassionis
2347 1376 2579 1425 sensus;
2640 1356 2984 1417 fortitudini,
3050 1353 3308 1420 patientia
3367 1346 3454 1401 lir-

1901 1478 2093 1531 maque
2127 1456 2433 1512 constantia
2461 1472 2475 1521 ;
2509 1452 2897 1522 temperantiae.
2928 1450 3155 1505 castitas
3209 1454 3264 1502 et
3291 1444 3456 1514 virgi-

1901 1557 2067 1611 ni-as.
2122 1552 2296 1621 Supra
2346 1547 2762 1621 quadruplicem
2831 1545 2969 1598 hanc
3010 1541 3355 1600 Trinitatem,
3399 1545 3458 1590 ut

1900 1659 2117 1706 ere-ator
2141 1656 2194 1701 et
2245 1655 2619 1711 mvstagogus,
2649 1639 2788 1693 Dens
2840 1648 2962 1691 eum
3000 1631 3276 1703 sapientia
3307 1629 3459 1686 sedet

1903 1746 1954 1798 in
1992 1741 2190 1796 mentis
2223 1741 2443 1800 throno,
2494 1737 2559 1789 ad
2613 1729 2990 1788 informandus
3045 1729 3273 1782 virtutes
3306 1724 3460 1778 entit-

1833 1859 1871 1914 Β
1903 1848 2022 1894 tens
2057 1834 2288 1890 Verbum
2327 1851 2340 1888 :
2389 1833 2557 1901 quod,
2610 1845 2674 1882 ex
2736 1839 3065 1912 unaquaque
3118 1819 3459 1877 subditorum

1900 1931 2004 1988 sibi
2040 1937 2369 1999 potestatum
2403 1938 2691 1982 assumens
2735 1903 3116 1992 praedictarum
3179 1915 3459 1970 materiam

1901 2028 2192 2088 virtutum,
2255 2021 2595 2092 spiritualem
2661 2015 2879 2087 pietatis
2959 2011 3222 2067 mundum
3314 2013 3463 2062 creat

1901 2120 2120 2178 animae,
2156 2127 2317 2185 atque
2366 2123 2424 2167 ut
2465 2113 2658 2166 coelum
2692 2109 2795 2178 ipsi
2825 2105 3068 2162 extendit
3100 2100 3463 2172 prudentiam,

1903 2227 2022 2280 qua:
2048 2221 2159 2266 tota
2197 2209 2372 2265 stellis
2408 2219 2597 2276 sparsa
2629 2211 2714 2258 cst
2746 2204 2807 2252 ad
2841 2202 3004 2280 vitam
3031 2193 3465 2256 illuminandam,

1903 2314 1956 2360 et
2013 2307 2063 2356 in
2113 2318 2217 2374 qua
2269 2302 2416 2374 velut
2474 2301 2582 2356 duo
2626 2311 2816 2367 magna
2879 2291 3192 2354 luminaria,
3227 2290 3465 2342 divinam

1906 2395 2193 2451 scientiam
2223 2392 2614 2463 physicamque
2665 2385 3182 2454 contu-mplationem
3220 2380 3375 2448 petiit
3401 2378 3466 2430 ad

1905 2471 2050 2542 illam
2083 2486 2289 2558 fulgore
2323 2482 2703 2540 illustrandum
2728 2500 2744 2548 ;
2772 2489 2829 2533 ut
2855 2488 3052 2532 terram
3088 2482 3265 2526 autem
3295 2472 3468 2526 eidem

1909 2581 2103 2637 fundat
2148 2579 2448 2651 justitiam.
2485 2576 2550 2630 ad
2597 2574 2905 2630 convivium
2934 2571 3377 2644 sempiternum;
3415 2572 3474 2618 ut

1909 2691 2090 2731 aerem
2118 2673 2353 2745 explicat
2387 2672 2434 2726 ei
2468 2667 2912 2738 temperantiam,
2941 2665 3007 2718 ad
3039 2662 3467 2732 refrigeramlam

1909 2767 2359 2836 irrorandamque
2387 2765 2734 2835 purissimam
2771 2761 2969 2823 vitam;
3001 2766 3058 2810 ιιι
3083 2771 3231 2810 mare
3254 2754 3470 2809 demum

1911 2861 2294 2918 fortitudinem
2337 2857 2530 2914 statuit
2575 2857 2628 2910 in
2665 2855 2863 2908 ﬁnibus
2904 2850 3204 2906 debilitatis
3242 2857 3472 2907 naturae.

1910 2957 1976 3011 ad
2028 2954 2394 3010 destruendas
2461 2961 2640 3006 turres
2701 2962 2965 3016 arcesque
3020 2944 3248 2999 inimici.
3323 2941 3475 2994 Iluue

1912 3049 2077 3122 igitur
2106 3048 2363 3103 mundum
2421 3047 2502 3101 sic
2533 3059 2728 3100 creans
2763 3041 3026 3097 Verbum.
3076 3038 3311 3090 animam
3345 3051 3476 3088 con-

1915 3145 2093 3196 lirmat
2117 3142 2333 3211 spiritu,
2361 3141 2423 3194 ad
2454 3150 2659 3192 motum
2681 3133 3017 3205 spiritualem
3043 3147 3104 3185 ac
3130 3136 3474 3200 perpetuum,

1911 3247 1965 3293 et
2021 3238 2087 3290 ad
2147 3237 2403 3291 unionem
2448 3230 2866 3302 inseparabilem
2919 3241 2981 3280 ac
3031 3236 3474 3292 permansurum,

1910 3331 2063 3402 juxta
2095 3327 2315 3384 eﬂatum
2350 3326 2517 3380 David
2552 3345 2566 3380 :
2605 3345 2622 3376 ι
2664 3323 2839 3376 Verbo
2863 3320 3075 3374 Domini
3106 3316 3229 3372 ωιΙί
3259 3313 3475 3369 formati

1915 3435 2046 3480 sunt
2083 3466 2096 3484 .
2167 3431 2219 3476 et
2281 3425 2478 3493 spiritu
2529 3420 2646 3474 oris
2723 3418 2844 3486 ejus
2906 3414 3086 3470 omnis
3145 3411 3319 3467 virtus
3384 3423 3478 3463 co-

1913 3535 2032 3574 t‘uut
2058 3520 2100 3572 ".
2143 3537 2161 3571 ι

1986 3701 2074 3757 50.
2107 3698 2362 3754 Fervidis
2419 3694 2778 3766 spiritualiter
2831 3687 3233 3750 crescentibus,
3275 3680 3477 3736 Crescit

247 3785 441 3847 δαίων,
475 3784 901 3851 συναυξάνεσθαι
955 3784 1168 3854 πέφυκε
1224 3784 1319 3836 καὶ
1361 3783 1389 3834 6
1443 3782 1646 3854 Κύριος
1678 3783 1822 3854 ἡμῶν

1917 3813 2040 3851 cum
2069 3796 2151 3851 eis
2207 3794 2468 3847 Dominus
2518 3800 2702 3843 noster
2733 3785 2895 3840 Jesus
2945 3783 3222 3838 Christus.
3251 3776 3314 3830 Et
3353 3789 3480 3829 eum

263 3877 478 3946 Ἰησοῦς
528 3877 782 3948 Χριστός.
829 3877 938 3930 Καὶ
969 3878 1054 3930 ὅτε
1101 3879 1198 3948 μὲν
1227 3877 1411 3948 νήπιοι
1446 3879 1552 3945 είσι
1591 3877 1822 3946 δεόμενοι

1918 3889 2133 3962 parvuii
2170 3896 2299 3944 sunt
2329 3888 2466 3939 lacte
2517 3885 2844 3950 indigentes,
2882 3891 3075 3943 sugere
3110 3873 3366 3927 dicuntur
3399 3868 3481 3920 lac

250 3971 553 4038 γάλακτος,
589 3969 845 4038 θηλάζειν
899 3970 1119 4038 λέγεται
1166 3971 1225 4024 τὸ
1269 3969 1409 4038 γάλα
1458 3969 1563 4022 τῶν
1600 3972 1822 4038 είσαγω-

1921 3960 2213 4043 iuitialium
2243 3987 2503 4036 virtutum
2536 3974 2842 4048 corporalis
2876 3965 3308 4027 exercitationis,
3335 3960 3481 4030 quod

251 4063 436 4131 γικῶν
480 4064 689 4134 ἀρετῶν
720 4064 819 4133 τῆς
876 4064 1187 4134 γυμνασίας
1216 4063 1311 4116 τοῦ
1368 4062 1643 4132 σώματος,
1683 4056 1743 4116 οὗ
1776 4063 1822 4115 τί

1923 4095 2115 4150 parum
2167 4076 2297 4131 utile
2333 4084 2416 4130 est
2443 4074 2509 4129 iis
2541 4072 2631 4142 qui
2657 4076 2918 4125 crescunt
2945 4065 2998 4117 in
3033 4064 3230 4115 virtute
3257 4072 3318 4111 ac
3347 4070 3482 4125 pau-

251 4155 536 4225 ὠφέλιμον
565 4157 697 4225 πρὸς
731 4156 910 4223 ὀλίγον
943 4157 1059 4208 ἐστὶ
1090 4159 1203 4219 τοῖς
1229 4155 1520 4220 αὐξάνουσι
1553 4149 1674 4210 κατ’
1705 4157 1822 4227 ἀρε-

1921 4149 2087 4241 lisper
2115 4169 2403 4226 infantiam
2435 4174 2668 4221 exuunt.
2698 4161 2832 4216 Cum
2862 4165 3038 4212 autem
3069 4154 3133 4207 ad
3167 4150 3480 4204 adolescen-

251 4251 363 4315 τὴν
394 4248 650 4301 καὶκατὰ
682 4249 877 4317 μικρὸν
901 4249 1364 4318 ἀποϐαλλομένοις
1390 4249 1488 4321 τὴν
1515 4252 1834 4321 νηπιότητα.

259 4342 397 4394 Ὀτε
429 4339 485 4392 δὲ
516 4340 649 4410 πρὺς
689 4341 1007 4404 νεανίσκους
1034 4340 1298 4394 ἁνέλθωσι
1332 4343 1424 4394 καὶ
1449 4341 1544 4412 τὴν
1576 4343 1839 4415 στερῤεὰν

253 4431 468 4500 τροφὴν
495 4431 805 4501 τρέφωνται
835 4432 938 4512 τῆς
969 4431 1202 4503 θεωρίας
1224 4433 1332 4485 τῶν
1361 4433 1548 4496 ὄντων,
1575 4433 1648 4494 ὡς
1679 4450 1840 4501 γεγυ-

1924 4269 2052 4321 tiam
2089 4270 2488 4334 pervenerunt,
2527 4268 2580 4314 et
2635 4256 2808 4314 solido
2850 4252 3165 4306 nutriuntur
3196 4245 3480 4298 cibocono

1925 4333 2299 4426 templationis
2359 4367 2566 4421 rerum,
2600 4357 2658 4403 ut
2715 4345 2972 4403 sensibus
3019 4340 3213 4394 anima:
3238 4333 3483 4394 exerciti,

1926 4466 2172 4507 crescere
2237 4449 2497 4503 dicuntur
2549 4452 2706 4498 aetate
2768 4451 2822 4496 et
2871 4440 3061 4509 gratia,
3097 4435 3148 4487 in
3199 4430 3486 4512 medioque

260 4523 565 4594 μ·;ασμένοι
595 4524 662 4576 τὰ
681 4524 779 4594 τῆς
811 4523 990 4594 ψυχῆς
1011 4524 1361 4594 αἰσθητήρια,
1386 4525 1722 4595 προκόπτειν
1754 4526 1811 4578 λέ

1927 4545 2202 4602 seniorum
2246 4542 2458 4606 sedere,
2506 4547 2559 4594 et
2586 4538 2666 4593 eis
2729 4527 2968 4590 revelare
3029 4526 3296 4600 profunda
3334 4532 3484 4576 tene-

249 4631 422 4681 γεται
470 4614 656 4687 ἡλικίᾳ
697 4616 791 4668 καὶ
839 4615 1057 4686 χάριτι,
1109 4617 1200 4670 καὶ
1247 4619 1408 4686 μέσον
1458 4620 1841 4689 πρεσϐυτέρων

255 4703 620 4768 καθέζεσθαι,
658 4698 760 4757 καῖ
783 4704 1183 4758 ἀνακαλύπτειν
1225 4707 1408 4768 αὺτοῖς
1442 4707 1506 4761 τὰ
1563 4709 1731 4778 βαθέα
1778 4711 1840 4762 ὲκ

256 4794 515 4856 σκότους.
558 4794 686 4846 "Ut:
717 4794 773 4848 δὲ
822 4796 957 4864 πρὸς
993 4796 1160 4863 ἄνδρα
1207 4780 1431 4863 τέλειον,
1465 4798 1601 4867 πρὸς
1646 4800 1841 4870 μέτρον

252 4886 481 4954 ¹ἡλικίας
515 4887 842 4940 τελειωθῶσι
879 4888 971 4940 τοῦ
1016 4888 1382 4960 πληρώματος
1428 4892 1520 4944 τοῦ
1580 4892 1841 4964 Χριστοῦ,

254 4980 561 5048 κηρύσσειν
619 4980 833 5048 λέγεται
882 4982 973 5032 τὸν
1018 4980 1173 5049 λόγον
1208 4985 1342 5036 πᾶσι
1385 4985 1482 5052 τῆς
1527 4985 1839 5053 μετανοίας,

253 5073 360 5124 καὶ
386 5071 660 5124 διδάσκειν
685 5072 811 5136 τοὺς
853 5072 1013 5134 λαοὺς
1043 5074 1109 5125 τὰ
1141 5074 1268 5144 περὶ
1296 5075 1395 5143 τῆς
1428 5069 1706 5144 βασιλείας
1733 5075 1843 5129 τῶν

247 5163 532 5235 οὐρανῶν,
567 5167 656 5218 καὶ
699 5166 833 5236 πρὸς
875 5165 935 5218 τὸ
978 5165 1168 5218 παθεῖν
1203 5168 1639 5236 κατεπείγεσθαι.
1676 5169 1844 5222 Τοῦτο

251 5257 374 5326 γάρ
411 5257 528 5309 ἐστι
563 5255 622 5308 τὸ
653 5257 804 5319 τέλος
831 5257 1028 5319 παντὸς
1074 5259 1166 5310 τοῦ
1209 5260 1587 5322 τελειωθέντος
1616 5236 1681 5312 ’ὲν
1715 5262 1841 5330 ἀρε-

247 5348 406 5409 ταῖς,
438 5347 525 5400 ἵνα
566 5349 704 5418 μετὰ
729 5349 789 5402 τὸ
830 5349 1011 5411 πάσας
1052 5349 1281 5403 διελθεῖν
1318 5351 1416 5412 τὰς
1462 5351 1674 5422 ἡλικίας
1706 5354 1840 5422 Χρι-

249 5437 416 5502 στοῦ,
453 5439 531 5502 εἰς
565 5440 624 5493 τὸ
647 5441 816 5515 πάθος
849 5443 1165 5513 καταντήσῃ
1196 5441 1302 5496 τῶν
1324 5442 1670 5514 πειρασμῶν,
1703 5445 1841 5498 κατὰ

244 5530 357 5585 τὸν
392 5530 605 5584 ἐκείνου
631 5531 888 5602 σταυρόν.

339 5667 436 5722 να’.
472 5670 616 5733 Ἕως
650 5671 752 5723 ὑπὸ
790 5671 858 5724 τὰ
893 5671 1133 5741 στοιχεῖα
1181 5670 1279 5737 τῆς
1314 5672 1622 5742 γυμνασίας
1652 5673 1837 5744 ἐσμὲν,

336 5829 358 5861 ²
391 5827 534 5886 Psal.
572 5845 745 5896 χχχιι,
779 5829 832 5886 6.
914 5832 932 5863 ³
973 5833 1175 5896 Epltes.
1212 5849 1286 5901 tv,
1323 5834 1412 5893 15.

1929 4639 2177 4693 brarutu.
2211 4635 2346 4690 Cum
2385 4633 2622 4702 denique
2652 4630 2704 4684 in
2741 4631 2912 4681 virum
2951 4621 3249 4693 perfectum
3296 4630 3486 4685 perve-

1930 4739 2135 4788 nerunt
2177 4737 2230 4785 et
2276 4729 2330 4782 in
2381 4738 2696 4780 mensuram
2727 4720 2902 4774 :t‘tatis
2935 4712 3292 4786 plenitudinis
3324 4706 3487 4762 Chri.

1931 4822 2056 4886 sti',
2115 4821 2412 4890 praedicare
2446 4816 2708 4871 dicuntur
2761 4810 3014 4864 omnibus
3059 4803 3282 4859 verbum
3316 4799 3490 4870 poeni.

1933 4917 2138 4981 tentias,
2167 4922 2221 4969 et
2249 4912 2448 4967 docere
2475 4909 2706 4981 populos
2739 4903 2994 4974 mysteria
3027 4899 3174 4969 regni
3202 4896 3487 4958 caelorum,

1935 5019 1988 5065 et
2015 5009 2080 5063 ad
2138 5022 2351 5062 crucem
2409 5016 2718 5074 properare.
2777 4998 2910 5052 Nam
2967 4992 3234 5050 omnisin
3296 4990 3494 5042 virtute

1937 5102 2212 5173 perfectus
2247 5116 2312 5154 eo
2343 5097 2560 5152 tandem
2589 5093 2824 5157 devenit,
2859 5101 2917 5147 ut
2945 5097 3232 5160 postquam
3268 5099 3494 5154 percur-

1941 5198 2219 5251 t-itmtates
2251 5194 2477 5256 Christi,
2515 5197 2773 5246 occurrat
2811 5188 2864 5242 in
2905 5187 3212 5255 passionem
3242 5176 3495 5234 lentatio-

1939 5308 2090 5353 nunt,
2127 5298 2184 5344 ttt
2229 5289 2318 5344 ille
2347 5290 2399 5341 in
2430 5300 2673 5341 crucem.

2009 5684 2099 5738 51.
2141 5678 2390 5748 Quanditt
2419 5675 2520 5732 sub
2545 5672 2829 5731 elementis
2852 5670 3261 5729 exercitationis
3288 5677 3496 5735 sumus;
