4124 6338
643 425 749 492 979

1871 424 1918 483 Ν
1927 421 2163 484 ΙΟΕΤᾸΞ
2190 421 2610 487 PECTORA'I‘I

3752 430 3857 494 930

645 545 901 592 caventes
950 553 981 591 a
1042 537 1310 606 gustando
1365 535 1661 600 alimenta,
1718 540 1797 592 vel
1855 554 1882 591 a
1936 547 2198 608 palpando

2292 538 2772 608 παρατηρούμενοι
2797 539 3062 594 ἅπτεσθαι
3085 539 3410 612 βρωμάτων,
3439 543 3467 614 ἦ
3494 544 3661 614 θίγειι
3694 547 3857 618 ἀφῇς,

647 631 952 699 taugibilia,
1005 631 1088 683 vel
1123 632 1188 684 ab
1245 629 1582 700 inspicienda
1635 631 2079 699 pulchritudine,
2118 630 2200 684 vel

647 725 713 777 ab
741 722 1030 778 audiendis
1065 724 1378 782 canoribus.
1417 723 1497 777 vel
1555 723 1623 777 ab
1651 725 1911 780 odoribus
1939 724 2202 779 olfacies:-

646 818 750 879 dis,
808 815 912 869 sub
945 814 1219 869 tutoribus
1267 822 1321 867 et
1360 815 1639 870 actoribus
1689 833 1896 880 sumus,
1936 827 1992 870 ut
2024 817 2201 872 adhuc

649 907 874 971 parvuli,
905 906 1152 974 quamvis
1176 906 1618 963 bmredessimus
1642 916 1693 962 et
1723 908 1926 964 domini
1958 910 2199 964 omnium

649 999 825 1053 Patris
866 997 1154 1052 bonorum.
1198 998 1264 1051 At
1298 999 1386 1054 ubi
1421 1000 1569 1054 venit
1621 1000 1898 1069 plenitudo
1945 1002 2202 1071 temporis

646 1092 816 1156 illius,
857 1103 909 1146 et
975 1105 1072 1159 per
1132 1091 1624 1158 impassibilitatem
1665 1093 1884 1162 impleta
1931 1101 2036 1155 est,
2073 1102 2204 1149 tunc

645 1181 879 1236 Verbum
913 1181 965 1236 in
993 1181 1150 1237 nobis
1181 1182 1247 1237 de
1277 1197 1416 1252 puro
1439 1184 1604 1239 corde
1638 1187 1904 1250 nascitur,
1934 1197 1988 1242 et
2016 1185 2074 1239 tlt
2101 1187 2202 1240 sub

645 1274 761 1344 iege
791 1271 1040 1343 spiritus,
1085 1281 1144 1326 ut
1190 1287 1290 1327 nos
1321 1273 1411 1342 qui
1437 1275 1539 1329 sub
1579 1275 1695 1343 lege
1721 1291 1912 1331 sumus
1955 1276 2205 1333 carnales

640 1381 851 1428 sumus,
906 1364 1177 1432 redimat,
1233 1375 1287 1420 et
1344 1366 1694 1437 adoptionem
1752 1366 1987 1422 filiorum
2045 1370 2203 1424 nobis

645 1459 852 1514 reddat.
890 1456 1004 1513 Hoc
1033 1467 1212 1514 autem
1247 1460 1407 1525 facto,
1441 1468 1572 1514 tunc
1597 1459 1834 1531 Spiritus
1867 1462 1920 1514 in
1947 1462 2205 1517 cordibus

643 1552 846 1606 nostris
899 1552 1097 1606 clamat
1141 1568 1154 1604 :
1196 1570 1217 1603 ι
1281 1552 1457 1614 Abba,
1510 1550 1688 1619 Pater,
1757 1573 1775 1605 ι
1831 1553 2123 1609 ostendens
2153 1563 2205 1609 et

641 1643 1003 1699 manifestans
1041 1644 1200 1701 nobis
1237 1645 1579 1702 flliationem.
1607 1654 1660 1700 et
1687 1648 1738 1699 in
1787 1647 1954 1700 Deum
1984 1645 2200 1701 Patrem

639 1733 1047 1789 confidentiam.
1096 1735 1158 1790 Et
1189 1734 1470 1790 nobiscum
1509 1735 1717 1790 habitat
1760 1744 1814 1791 et
1845 1737 2201 1806 colloquitur,

641 1838 900 1898 tanquam
930 1828 1052 1884 (iliis
1085 1840 1137 1884 et
1169 1825 1475 1883 heredibus
1509 1829 1616 1893 Dei,
1650 1831 1897 1883 servituti
1935 1845 2198 1884 sensuum

641 1936 748 1974 non
785 1918 1050 1990 subjectis
1071 1920 1112 1975 ἔ.

710 2103 800 2158 59..
842 2102 1041 2158 Coram
1078 2103 1185 2160 illis
1232 2104 1320 2175 qui
1361 2112 1417 2158 ut
1449 2103 1643 2160 Petrus
1702 2103 1752 2157 in
1810 2103 1913 2159 fide
1955 2102 2202 2175 profece—

641 2203 792 2260 runt,
831 2205 888 2250 ut
953 2195 1192 2252 Jacobus
1239 2195 1306 2252 ad
1370 2211 1520 2266 spem
1575 2197 1966 2261 ascenderunt,
2034 2203 2202 2264 utque

637 2289 878 2345 Joannes
915 2290 966 2343 in
999 2290 1265 2346 charitate
1314 2290 1541 2360 perfecti
1583 2301 1744 2354 sunt,
1780 2291 2201 2358 transﬁguratur

641 2379 925 2444 Dominus,
979 2388 1266 2449 postquam
1323 2382 1379 2436 in
1425 2383 1697 2438 excelsum
1737 2381 2015 2452 theologia
2047 2395 2200 2434 mon-

639 2481 746 2526 tem
785 2472 1032 2527 ascendit
1061 2489 1076 2539 ;
1111 2482 1161 2527 et
1196 2473 1508 2544 resplendet
1551 2474 1631 2531 eis
1689 2477 1832 2530 sicut
1862 2489 1941 2530 so.
1974 2472 2113 2529 facie
2145 2481 2198 2528 et

636 2564 957 2619 charactere
987 2566 1105 2635 puri
1137 2564 1321 2632 Verbi,
1354 2566 1781 2636 cogitationibus
1813 2582 1940 2621 vero
1970 2567 2190 2621 abscon-

636 2655 761 2712 ditte
793 2657 1074 2727 sapientiae
1115 2658 1172 2712 iit
1225 2657 1464 2728 fulgidus
1501 2660 1645 2714 sicut
1686 2660 1822 2723 lus;
1878 2667 1932 2714 et
1975 2669 2198 2726 apparet

637 2749 689 2802 ln
718 2746 799 2800 eis
828 2744 1093 2811 Verbum,
1138 2747 1374 2802 medium
1404 2760 1557 2803 stans
1592 2748 1736 2803 inter
1774 2748 1947 2816 legem
1986 2757 2039 2801 et
2071 2764 2191 2810 pro-

637 2838 897 2908 phetiam,
953 2838 1057 2894 alia
1093 2839 1414 2908 praecipiens
1448 2855 1511 2896 ac
1546 2839 1768 2906 docens,
1803 2842 1908 2895 alia
1944 2841 2194 2894 revelans

635 2946 699 2983 ex
737 2929 1026 3000 profandis
1085 2929 1528 3000 a’bsconditisqne
1565 2932 1844 2999 sapientia:
1897 2930 2192 2993 thesauris,

2289 629 2320 695 ἢ
2375 629 2703 694 ἐνατενίζειν
2750 631 3099 702 ὡραιότησιν,
3137 633 3168 705 ἢ
3221 634 3401 703 μελῶν
3451 637 3775 706 ἀκροᾶσθαι,
3811 637 3855 709 ἢ

2296 722 2484 790 μύρων
2531 721 2941 792 ὀσφραίνεσθαι,
2994 723 3104 777 ὑπὸ
3155 726 3485 795 ἐπιτρόπους
3541 727 3708 798 ἐσμὲν
3763 726 3864 782 καὶ

2291 813 2628 882 οἰκονόμους,
2664 812 2739 875 ὡς
2757 813 2835 866 ἐτι
2871 813 3075 884 νήπιοι,
3106 817 3154 867 εί
3187 815 3280 868 καὶ
3301 816 3626 886 κληρονόμοι
3655 818 3863 887 τυγχάο

2291 921 2473 973 νομεν,
2512 903 2608 957 καὶ
2645 904 2826 974 κύριοι
2860 912 3074 958 πάντων
3106 906 3214 957 τῶν
3243 906 3336 958 τοῦ
3371 907 3602 978 Πατρός.
3638 909 3765 960 Ὀτε
3805 907 3865 961 δὲ

2292 999 2418 1068 ἔλθῃ
2462 997 2522 1049 τὸ
2565 997 2836 1069 πλήρωμα
2885 997 2978 1050 τοῦ
3032 997 3224 1068 χρόνου
3269 998 3457 1066 αὐτῆς,
3485 999 3585 1050 καὶ
3625 997 3714 1051 διὰ
3765 997 3865 1063 τῆς

2293 1086 2559 1148 ἀπαθείας
2592 1086 2876 1157 πληρωθῇ,
2906 1087 3027 1139 τότε
3057 1087 3311 1154 γεννᾶται
3343 1088 3369 1139 6
3423 1086 3578 1153 λόγος
3624 1088 3683 1138 ἐν
3730 1087 3865 1155 ἡμῖν

2293 1183 2355 1233 ἐκ
2376 1179 2628 1250 -καθαρᾶς
2661 1180 2917 1246 διανοίας,
2950 1180 3044 1233 καὶ
3074 1180 3292 1248 γίνεται·
3314 1180 3417 1232 ὑπὸ
3456 1179 3545 1232 τὸν
3577 1180 3740 1249 νόμον
3769 1177 3864 1233 τοῦ

2297 1272 2634 1342 ΙῙνεύματος,
2659 1272 2753 1326 -ίνα
2770 1272 2902 1335 τοὺς
2938 1272 3040 1325 ὑπὸ
3073 1273 3236 1343 νόμον
3274 1273 3420 1343 ἡμᾶς
3467 1273 3560 1325 τοῦ
3600 1268 3864 1342 σαρκικοῦ

2296 1365 2640 1435 φρονήματος
2663 1365 2821 1428 ὄντας
2841 1364 3171 1436 ἐξαγοράσῃ,
3198 1364 3292 1418 καὶ
3319 1363 3416 1435 τὴν
3438 1363 3708 1418 υἱοθεσίαν
3732 1364 3863 1432 ἡμῖν

2294 1452 2533 1524 ἀποδῴη.
2567 1452 2770 1506 Τούτου
2802 1453 2857 1507 δὲ
2891 1455 3196 1522 γεγονότος,
3227 1455 3347 1506 τότε
3379 1455 3570 1524 κράζει
3596 1455 3654 1506 τὸ
3690 1451 3882 1506 Πνεῦσ’

2296 1562 2370 1613 μα
2395 1547 2480 1608 είς
2511 1545 2609 1609 τὰς
2641 1546 2867 1615 καρδίας
2892 1546 3068 1616 ἡμῶν,
3107 1547 3276 1600 ’Ἁϐεᾶ
3305 1547 3330 1599 6
3368 1548 3585 1618 Πατήρ·
3621 1545 3864 1600 δεικνύον

2293 1639 2385 1691 καὶ
2417 1639 2681 1711 γνωρίζον
2720 1641 2851 1710 ἡμῖν
2881 1640 2983 1710 τὴν
3024 1641 3269 1708 υίότητα,
3324 1640 3422 1693 καὶ
3469 1641 3567 1708 τὴν
3606 1640 3739 1708 πρὸς
3773 1638 3865 1692 τὸν

2295 1730 2510 1798 Πατέρα
2536 1733 2627 1784 καὶ⁵
2658 1730 2790 1784 Θεὸν
2827 1730 3159 1800 παρρησίαν.
3197 1731 3309 1784 Καὶ
3337 1731 3411 1795 ὡς
3438 1728 3572 1794 ύίοῖς
3601 1733 3692 1784 καὶ
3726 1731 3864 1802 κλη-

2297 1823 2542 1892 ρονόμοις
2569 1822 2702 1875 Θεοῦ
2725 1823 2815 1876 διὰ
2835 1823 3089 1894 Χριστοῦ,
3126 1825 3254 1894 ἡμῖν
3295 1825 3725 1894 συμπαραμένει
3767 1824 3863 1877 καὶ

2237 1902 2616 1983 Βδιαλέγεται,
2651 1916 2726 1987 μὴ
2767 1919 2836 1986 τῇ
2870 1915 3082 1987 δουλεία
3128 1916 3236 1969 τῶν
3278 1915 3584 1987 αἰσθήσεων
3630 1927 3862 1988 κρατου-

2275 2009 2499 2079 μένοις.

2352 2105 2457 2174 νβ’.
2495 2103 2620 2168 Tol;
2647 2104 2787 2158 κατά
2833 2105 3038 2176 Πέτρον
3079 2106 3159 2166 είς
3193 2107 3372 2157 πίστιν
3405 2103 3732 2173 προκόψασι,
3765 2102 3860 2158 καὶ

2289 2198 2430 2251 κατά
2466 2197 2718 2251 Ἰάκωϐον
2772 2199 2852 2259 είς
2904 2197 3093 2250 ἐλπίδα
3146 2197 3531 2262 ἐπανελθοῦσι,
3577 2198 3668 2249 καὶ
3718 2196 3861 2250 κατὰ

2301 2291 2555 2360 Ἰωάννην
2620 2291 2697 2350 εἰς
2750 2291 2971 2358 ἀγάπην
3021 2289 3376 2356 τελειωθεῖσι,
3420 2288 3862 2360 μεταμορφοῦται

2288 2380 2367 2441 είς
2399 2378 2523 2448 ὅρος
2564 2377 2764 2448 ὑψηλὸν
2809 2377 3065 2442 ἀνελθὼν,
3097 2378 3391 2447 θεολογίας,
3439 2381 3465 2432 6
3499 2378 3699 2449 Κύριος
3721 2395 3736 2411 ο
3767 2378 3862 2431 καὶ

2287 2469 2490 2540 λάμπει
2532 2470 2631 2540 μὲν
2663 2469 2845 2532 αὐτοῖς
2870 2471 2936 2539 τῇ
2978 2469 3267 2540 ἐπιφανείᾳ
3312 2471 3404 2524 καὶ
3436 2470 3512 2540 τῷ
3551 2473 3860 2541 χαρακτῆρι

2284 2562 2374 2616 τοῦ
2399 2561 2639 2634 καθαροῦ
2667 2563 2847 2630 λόγου,
2887 2563 2963 2626 ὼς
2995 2563 3022 2614 6
3052 2561 3200 2633 ἥλιος
3223 2580 3236 2593 ·
3265 2565 3376 2625 τοῖς
3407 2563 3462 2614 δέ
3497 2563 3728 2632 νοήμασι
3759 2562 3862 2632 τῆς

2282 2657 2596 2728 ἀπορρήτου
2627 2655 2841 2725 σοφίας,
2871 2654 3081 2723 γίνεται
3108 2656 3354 2726 λαμπρὸς
3388 2655 3463 2719 ὡς
3489 2655 3549 2708 τὸ
3583 2655 3731 2724 φῶς⁹
3765 2657 3864 2708 καὶ

2285 2749 2474 2817 ὁρᾶται
2504 2749 2531 2799 6
2567 2747 2722 2813 λόγος
2779 2747 2835 2800 ἐν
2871 2748 3100 2814 τούτοις,
3151 2749 3311 2817 μέσον
3347 2747 3514 2812 ἑστὼς
3556 2749 3720 2819 νόμου
3765 2747 3862 2803 καὶ

2287 2840 2656 2910 προφητείας·
2689 2841 2755 2893 τὰ
2794 2841 2896 2911 μὲν
2933 2840 3240 2910 νομοθετῶν
3271 2841 3366 2893 καὶ
3395 2840 3676 2905 διδάσκων,
3704 2841 3773 2893 τὰ
3802 2839 3859 2894 δὲ

2285 2930 2376 2983 καὶ
2409 2929 2804 2984 ἀνακαλύπτων
2843 2931 2906 2984 ἐκ
2951 2930 3161 3000 βαθέων
3204 2932 3295 2983 καὶ
3334 2928 3728 3000 κεκρυμμένων
3761 2928 3856 3000 θη-

638 3017 931 3091 aliquando
976 3018 1138 3075 etiam
1167 3021 1471 3092 praevidens
1513 3031 1565 3075 et
1620 3023 1942 3092 prmdicens.
1971 3021 2196 3078 —-1llos

2289 3024 2505 3094 σαυρῶν
2534 3024 2635 3092 τῆς
2662 3024 2854 3094 σοφίας
2877 3039 2889 3053 ·
2921 3022 3033 3076 ἐσθ’
3060 3024 3144 3077 ὅτε
3179 3031 3270 3076 καὶ
3295 3022 3559 3090 προορῶν,
3592 3022 3690 3074 καὶ
3720 3037 3858 3090 προ-

637 3123 696 3169 ιιι
727 3118 900 3171 nubes
959 3116 1135 3170 lucida
1191 3115 1485 3170 obumbrat
1534 3115 1791 3186 Spiritus,
1828 3125 1880 3171 et
1913 3132 2042 3173 ecce
2091 3132 2194 3172 vox

2289 3112 2490 3178 λέγων·
2523 3111 2614 3175 οὓς
2655 3114 2749 3165 καὶ
2797 3112 2870 3175 ὼς
2921 3112 3113 3182 νεφέλη
3159 3111 3395 3181 φωτεινὴ
3445 3110 3757 3174 ἐπισκιάζει
3782 3111 3856 3177 ,τὸ

640 3207 882 3280 mystica:
939 3199 1225 3279 theologia:
1279 3208 1344 3263 de
1395 3210 1538 3264 nube
1591 3209 1656 3263 ad
1699 3223 1792 3267 eos
1839 3211 2010 3272 venit,
2046 3210 2194 3279 ipsos

2289 3201 2528 3271 Πνεῦμα,
2559 3201 2650 3253 καὶ
2684 3201 2834 3271 φωνὴ
2869 3201 3135 3270 μυστικῆς
3171 3199 3453 3268 θεολογίας
3480 3201 3689 3253 ἐκεῖθεν
3718 3200 3855 3271 πρὸς

630 3303 843 3359 docens
912 3302 1231 3373 mysterium
1290 3301 1388 3356 Dei
1452 3302 1504 3355 in
1557 3302 1734 3358 tribus
1788 3303 2073 3372 personis,
2145 3315 2197 3357 ct

2289 3291 2478 3354 αὐτοὺς
2517 3290 2767 3361 ἔρχεται,
2819 3289 3028 3360 μυοῦσα
3061 3290 3124 3342 τὸ
3175 3290 3469 3359 μυστήριον
3520 3289 3719 3350 αὐτοὺς
3755 3291 3853 3360 τῆς

637 3395 825 3450 dicens
857 3413 869 3448 :
908 3413 927 3446 ι
974 3393 1074 3449 Hic
1113 3403 1197 3449 est
1225 3393 1452 3449 dilectus
1482 3409 1646 3449 meus
1685 3413 1702 3445 ο
1741 3394 2010 3448 terminus
2045 3393 2195 3449 verbi

2289 3383 2710 3450 τρισυποστάτου
2751 3381 3034 3452 Θεότητος,
3077 3381 3169 3433 καὶ
3206 3379 3348 3432 οὕτω
3377 3379 3603 3448 λέγουσι
3632 3394 3645 3410 '
3684 3371 3852 3444 Οὗτός

638 3485 1005 3556 perfectionis,
1044 3505 1062 3538 ι
1100 3487 1153 3542 in
1177 3502 1286 3557 quo
1313 3487 1655 3557 complacui’
1695 3507 1712 3539 ι
1746 3483 1875 3542 mihi
1907 3483 2021 3543 fieri
2061 3488 2198 3542 filios

2289 3477 2428 3528 ἐστιν
2452 3477 2478 3527 6
2508 3472 2788 3544 ἀγαπητός
2816 3489 2916 3542 μου
2945 3473 3069 3541 ὅρος
3097 3471 3190 3525 τοῦ
3217 3472 3374 3539 λόγου
3394 3471 3493 3541 τῆς
3521 3471 3850 3536 τελειώσεως

638 3555 909 3648 βτίροιοε
931 3579 984 3634 in
1018 3555 1258 3650 perfecto
1291 3555 1508 3650 spiritu.

2289 3564 2342 3617 ἐν
2375 3555 2418 3629 ᾧ
2451 3563 2735 3632 εὐδόκησα,
2763 3562 3009 3631 γίνεσθαί
3044 3579 3134 3632 μοι
3169 3562 3406 3626 τελείους
3445 3564 3614 3626 υἱοὺς,
3661 3563 3720 3617 ἐν
3765 3579 3852 3615 τε·

2288 3653 2414 3723 λείῳ
2443 3653 2732 3721 πνεύματι.

2357 3751 2455 3812 νΐ·
2491 3745 2651 3817 Ψυχὴ
2687 3745 2793 3798 τῶν
2841 3746 3195 3817 χαμαιζήλων
3246 3745 3464 3800 πάντων
3510 3746 3852 3815 καταφρονήο

2287 3856 2445 3902 σασα,
2472 3842 2565 3893 καὶ
2599 3839 2793 3903 ὑλικῶς
2816 3840 2893 3912 τῷ
2919 3840 3078 3911 ἔρωτι
3102 3840 3374 3911 τρωθεῖσα
3407 3839 3560 3900 Θεοῦ,
3595 3840 3853 3893 ἐκστασίν

641 3961 750 4000 rem
779 3961 840 4000 ac
865 3945 1112 4000 divinum
1151 3944 1322 4000 subit.
1375 3944 1664 4014 Postquam
1715 3945 1859 3999 enim
1893 3945 2037 4000 clare
2071 3959 2195 4013 per-

2289 3949 2404 3985 τινα
2441 3931 2600 4004 ξένην
2643 3934 2735 3986 καὶ
2777 3933 2924 3987 θείαν
2951 3935 3262 4004 ῦφίσταται.
3308 3933 3462 3987 Μετὰ
3496 3933 3602 4003 γὰρ
3631 3933 3692 3985 τὸ
3722 3950 3856 3986 κατα

638 4031 1063 4101 dpexitnaturas
1089 4029 1440 4098 rationesque
1475 4030 1684 4083 entium
1724 4036 1777 4084 et
1799 4045 1978 4084 rerum
2010 4030 2198 4084 buma-

2290 4026 2418 4078 ιδεῑν
2445 4026 2650 4095 τρανῶς
2686 4026 2781 4089 τὰς
2823 4028 3011 4094 φύσεις
3046 4026 3156 4079 τῶν
3187 4026 3354 4079 ὄντων
3388 4027 3481 4078 καὶ
3511 4027 3634 4088 τοὺς
3665 4024 3845 4093 λόγους

642 4139 827 4178 nurum
883 4122 1181 4178 novissima
1229 4121 1522 4187 intellexit,
1559 4136 1665 4175 non
1727 4123 1961 4192 amplius
1993 4122 2196 4190 patitur

2289 4115 2467 4169 αὐτῶν
2506 4119 2598 4168 καὶ
2638 4117 2704 4168 τά
2753 4113 2875 4187 τέλη
2912 4117 3022 4170 τῶν
3067 4118 3420 4188 ἀνθρωπίνων
3451 4116 3838 4170 καταλαόέσθαι

636 4232 695 4271 se
729 4216 872 4270 intra
903 4217 1162 4270 mundum
1200 4231 1480 4271 remanere
1511 4224 1564 4271 et
1608 4217 1776 4271 rebus
1801 4214 2196 4284 circumiacen-

2291 4206 2648 4277 πραγμάτων,
2685 4209 2833 4269 ἐντὸς
2865 4209 2964 4262 οὐκ
2997 4209 3246 4278 ἀνέχεται
3275 4207 3366 4262 τοῦ
3419 4209 3617 4272 παντὸς
3666 4208 3843 4262 ἔκτοτε

638 4305 782 4361 tibus
823 4305 1248 4367 circumscribi,
1310 4305 1402 4359 sed
1459 4308 1710 4375 pr0prios
1765 4305 1964 4361 limites
2017 4314 2197 4361 trans-

2289 4296 2447 4366 είναι,
2497 4301 2590 4353 καὶ
2627 4301 2703 4370 τῷ
2739 4300 3045 4371 περιέχοντι
3076 4302 3544 4373 περιγράφεσθαι·
3579 4301 3715 4355 ἀλλὰ
3746 4303 3852 4355 τῶν

634 4410 820 4461 gressa
854 4434 868 4458 ,
921 4410 1181 4450 sensuum
1237 4398 1459 4451 vincula
1541 4398 1799 4461 frangens
1864 4404 1917 4449 et
1973 4403 2194 4450 naturas

2289 4390 2485 4459 ἑαυτῆς
2529 4391 2668 4461 ὅρων
2711 4393 2973 4452 ἐκστᾶσα,
3011 4392 3104 4445 καὶ
3144 4392 3209 4444 τὰ
3253 4392 3427 4463 δεσμά
3472 4394 3857 4464 τυραννήσασα

637 4487 876 4540 omnium
904 4487 1243 4552 transiliens,
1283 4493 1534 4541 tenebras
1563 4486 1850 4556 theologia:
1884 4487 1938 4540 in
1972 4485 2196 4540 silentio

2289 4479 2388 4547 τῆς
2424 4481 2746 4550 αἰσθήσεως,
2777 4487 2874 4545 τὰς
2923 4483 3112 4550 φύσεις
3160 4488 3374 4536 πάντων
3420 4485 3728 4553 περάσασα,
3778 4486 3858 4547 είς

639 4577 896 4632 ineffabili
931 4578 1253 4647 ingreditur.
1289 4578 1380 4633 Dei
1413 4578 1874 4648 pulchritudinem
1905 4578 1959 4631 in
1989 4578 2195 4632 lumine

2289 4574 2486 4642 γνόφον
2527 4574 2805 4644 θεολογίας
2861 4577 2916 4628 ἐν
2971 4577 3360 4648 ἀρρήτῳλσιγῇ
3401 4576 3729 4647 είσέρχεται,
3764 4578 3858 4629 καὶ

638 4670 1027 4738 cogitationum
1077 4670 1469 4724 inenarrabilis
1528 4670 1812 4738 sapientia:
1859 4670 2194 4736 considerat,

2289 4666 2352 4719 τὸ
2400 4667 2593 4729 κάλλος
2629 4671 2878 4722 κατανοεῖ
2917 4668 3010 4721 τοῦ
3068 4670 3236 4731 ὄντος,
3275 4670 3331 4722 ἐν
3384 4669 3521 4740 φωτὶ
3572 4670 3858 4739 νοημάτων

638 4764 688 4814 in
719 4771 981 4831 quantum
1036 4762 1085 4815 ei
1109 4763 1289 4831 gratia
1334 4777 1568 4832 superna
1617 4762 1806 4816 datum
1862 4774 1966 4819 eat.
2006 4764 2197 4818 Divine

2291 4759 2569 4829 ἀφράστου
2604 4761 2812 4827 σοφίας,
2847 4762 2968 4813 ὅσον
3001 4765 3065 4814 ἂν
3097 4762 3232 4831 αὐτῇ
3286 4762 3424 4814 κατὰ
3455 4762 3617 4833 χάριν
3648 4762 3858 4815 ἐκεῖθεν

633 4867 815 4907 autem
853 4854 907 4907 in
942 4853 1091 4908 illius
1130 4856 1650 4924 contemplationem
1682 4855 1960 4920 immersa,
1998 4857 2193 4909 timore

2289 4849 2434 4920 δοθῇ.
2477 4849 2804 4921 Θεοπρεπῶς
2835 4851 2892 4905 δὲ
2939 4856 3050 4917 τοῖς
3091 4855 3355 4924 νοήμασιν
3384 4856 3461 4918 εἰς
3492 4854 3590 4927 τὴν
3629 4854 3862 4928 θεωρίαν

635 4946 785 4999 tiliali
821 4945 1073 5019 degustat
1107 4947 1524 5000 .immortalium
1576 4946 1829 5000 arborum
1879 4947 2112 5007 fructus,
2141 4947 2192 5001 id

2293 4939 2459 4994 αὑτοῦ
2503 4941 2903 5010 ἐμϐαθύνουσα,
2929 4945 3170 5016 ἐντρυφᾷ
3221 4945 3328 4997 τῶν
3359 4945 3642 4999 ἀθανάτων
3677 4947 3864 5016 φυτῶν

631 5039 882 5106 est,-pi:e
938 5037 1136 5094 mentis
1192 5040 1550 5106 cogitationes
1596 5055 1880 5109 :quarum
1949 5042 2192 5110 magnifi-

2290 5035 2403 5096 τοῖς
2425 5035 2677 5105 καρποῖς,
2695 5035 2914 5106 ἀγάπης
2939 5036 3105 5106 φόϐῳ,
3124 5038 3229 5092 τῶν
3253 5038 3412 5092 θείων
3435 5039 3672 5106 ἐννοιῶν,
3696 5040 3862 5108 λέγω,

631 5131 866 5182 centiam
914 5138 969 5183 et
1017 5130 1404 5188 sublimitatem
1441 5132 1505 5184 ad
1544 5146 1602 5186 se
1631 5146 1844 5185 reversa
1877 5131 2189 5186 nullatenus

2290 5129 2402 5189 τοῖς
2464 5129 2772 5197 νοήμασινο
2832 5123 2906 5184 ὧν
2966 5131 3218 5184 οὐδεποτε
3272 5133 3669 5204 συστελλομένη
3725 5135 3863 5206 πρὸς

711 3761 800 3816 53.
846 3761 1035 3814 Anima
1061 3759 1240 3814 omnia
1293 3770 1505 3814 terrena
1562 3760 1895 3830 despiciens,
1924 3771 1977 3816 et
2009 3775 2194 3814 amore

642 3851 732 3906 Dei
773 3852 988 3923 penitus
1017 3852 1321 3914 vulnerata,
1365 3861 1574 3917 raptum
1620 3852 1910 3922 quemdam
1957 3852 2197 3920 singula-

636 5219 876 5287 perfecte
907 5223 1212 5291 exprimere
1248 5233 1444 5294 potest,
1475 5223 1569 5277 sed
1623 5225 1780 5292 quasi
1817 5225 2192 5279 extraordina-

638 5315 718 5367 rio
759 5314 1018 5369 instincta
1071 5314 1304 5384 Spiritus
1369 5316 1595 5378 iuiluxu,
1640 5316 1962 5372 laudabilem
2032 5333 2189 5385 quem

637 5406 920 5475 experitur
961 5408 1215 5462 aﬂ‘ectnm
1263 5409 1315 5461 in
1355 5408 1610 5461 ineffabili
1651 5408 1848 5478 gaudio
1883 5422 1935 5463 et
1975 5410 2190 5464 silentio

638 5504 770 5552 bene
790 5499 968 5559 novit;
1001 5499 1272 5568 quomodo
1296 5515 1422 5554 vero
1444 5501 1592 5553 illum
1619 5501 1818 5554 sentiat
1851 5501 2189 5561 instinctum,

641 5590 715 5643 rel
747 5590 874 5658 quid
908 5591 976 5644 sit
1010 5591 1138 5644 illud
1174 5605 1283 5659 quo
1320 5603 1581 5657 movetur,
1610 5592 1752 5660 quod
1777 5592 1938 5657 videt,
1978 5594 2195 5662 etquod

639 5681 739 5746 ipsi
764 5681 1004 5751 loquitur
1038 5694 1260 5747 arcana,
1297 5681 1515 5736 minime
1553 5693 1730 5752 pctest
1754 5684 2047 5748 explicare.

717 5774 783 5828 5i
846 5776 946 5841 Qui
990 5782 1193 5846 spargit
1234 5775 1335 5829 sibi
1396 5775 1447 5828 iu
1489 5774 1698 5845 justitia
1741 5775 2006 5845 lacrymas
2039 5790 2187 5834 com-

760 5888 931 5944 Gal-at.
995 5905 1072 5951 tv,
1106 5889 1159 5952 5,
1189 5890 1239 5942 7.
1320 5888 1550 5944 'Mattb.
1592 5905 1722 5952 xm,
1763 5889 1808 5948 Ι,
1843 5889 1891 5944 5.

2293 5219 2510 5289 ἑαυτὴν,
2543 5220 2763 5274 δύναται
2798 5224 3015 5286 τελείως
3041 5225 3314 5295 ἐκφράσαι
3349 5225 3410 5278 τὸ
3446 5227 3866 5298 μεγαλοπρεπές

2293 5324 2354 5364 τε
2379 5314 2478 5366 ικαὶ
2496 5313 2717 5375 ’ἔνδοξον
2739 5331 2751 5343 ·
2785 5316 2900 5367 ἀλλ’
2927 5314 3035 5369 οἷον
3055 5318 3418 5390 ἐνεργουμένη
3443 5318 3610 5386 ξένως
3640 5321 3747 5374 ὑπὸ
3769 5324 3866 5376 τοῦ

2297 5401 2609 5476 Πνεύματος
2632 5423 2644 5435 ο
2668 5409 2726 5460 τὸ
2758 5408 2854 5477 μὲν
2879 5409 3157 5462 ἐπαινετὸν
3197 5410 3388 5475 πάθος,
3423 5413 3471 5463 ἐι
3508 5413 3732 5483 ἀρρήτῳ
3760 5409 3869 5466 οἶδε

2292 5502 2433 5571 χαρᾷ
2462 5501 2555 5552 καὶ
2592 5502 2748 5570 σιγῇ·
2779 5501 2837 5552 τὸ
2881 5497 2934 5553 δὲ
2983 5501 3100 5564 πῶς
3139 5502 3459 5580 ἐνεργεῖται,
3489 5505 3519 5573 ἢ
3555 5505 3607 5558 τί
3657 5507 3776 5558 ἐστι
3806 5508 3872 5560 τὸ

2294 5592 2478 5645 κινοῦν
2508 5596 2598 5645 καὶ
2637 5595 2930 5665 ὁρώμενον,
2974 5597 3067 5650 καὶ
3099 5597 3254 5666 λέγον
3301 5598 3437 5668 αὐτῇ
3484 5602 3765 5669 μυστικῶς
3803 5602 3872 5656 τὰ

2295 5685 2604 5757 ἀπόρρητα,
2637 5689 2912 5757 ἀμηχανεί
2940 5689 3331 5760 ἐξηγήσασθαι.

2369 5778 2456 5833 νδ’.
2502 5780 2559 5832 ὐ
2603 5781 2841 5848 σπείρων
2893 5783 3068 5853 ἐαυτῷ
3119 5788 3196 5848 εἰς
3254 5787 3596 5856 δικαιοσύνην
3654 5785 3874 5857 δάκρυα.
