4124 6338
258 425 355 491 ast

1103 416 1635 481 GNOS’I‘ICORUNI
1685 413 2017 476 CAPITUM
2071 415 2449 480 CENTURIA
2497 421 2605 482 Ιῐῐ.

3347 423 3449 484 9δὲ

257 537 627 603 κατανύξεως,
660 536 840 606 τρυγᾷ
864 535 941 599 είς
972 536 1183 607 καρπὸν
1210 537 1369 606 ζωῆς,
1403 537 1575 607 χαρὰν
1604 538 1824 590 ἀνεκλά-

1923 536 2253 602 pnnctionis,
2312 538 2366 590 in
2431 537 2668 592 fructum
2733 537 2855 593 vita:
2908 537 3137 606 percipit
3206 520 3452 608 gaudium

261 628 442 697 λητον.
490 628 546 680 '0
571 628 625 680 δὲ
655 627 898 697 ἐκζητῶν
934 631 1026 683 καὶ
1057 629 1341 698 ὑπομένων
1367 631 1456 681 τὸν
1491 631 1692 700 Κύριον
1721 631 1825 692 ἕως

260 717 357 770 τοῦ
404 719 578 770 ἐλθεῖν
625 719 690 770 τὰ
736 721 1048 788 γεννήματα
1103 720 1198 788 τῆς
1245 718 1586 788 δικαιοσύνης
1637 719 1821 783 αὑτοῦ,

259 805 410 870 οὗτος
443 808 649 877 θερίσει
691 808 954 878 πολύχουν
985 808 1075 862 τὸν
1110 809 1309 877 στάχυν
1329 810 1427 876 τῆς
1451 807 1701 874 γνώσεως
1731 806 1822 859 τοῦ

259 900 426 953 Θεοῦ’
460 900 555 953 καὶ
611 901 725 968 φῶς
762 900 950 952 ἐαυτὸν
983 901 1209 969 φωτίσει
1248 900 1459 968 σοφίας,
1498 901 1588 953 καὶ
1637 900 1825 970 λυχνία

261 994 438 1061 φωτός
497 993 669 1045 ἀϊδίου
720 994 1040 1061 γενήσεται,
1080 996 1159 1056 είς
1211 993 1270 1045 τὸ
1323 995 1576 1061 φωτίζειν
1620 996 1823 1058 πάντας

260 1079 580 1148 ἀνθρώπους
601 1098 612 1109 ·
643 1082 733 1132 καὶ
765 1082 824 1131 οῦ
859 1080 1116 1150 φθονήσει
1141 1082 1318 1152 ἐαυτῷ
1351 1087 1443 1135 καὶ
1469 1087 1576 1146 τοῖς
1604 1084 1824 1154 πλησίον

261 1167 368 1219 ὑπὸ
396 1166 458 1218 τὸ
490 1167 667 1236 μόδιον
698 1167 788 1219 τοῦ
836 1169 1028 1238 φθόνου
1082 1173 1368 1224 καλύπτων
1403 1157 1649 1227 τὸ’,δοθὲν
1683 1176 1824 1245 αὐτῷ

261 1258 378 1326 φῶς
406 1259 508 1330 τῆς
559 1260 779 1327 σοφίας’
809 1261 922 1314 ἀλλ’
969 1262 1060 1315 ἐπὶ
1089 1263 1188 1332 τῆς
1225 1264 1549 1335 Ἐκκλησίας
1596 1267 1701 1318 τῶν
1736 1285 1824 1321 πι-

261 1351 406 1408 στῶν
445 1351 725 1422 ἐρεύξεται
765 1352 955 1420 λόγους
993 1355 1253 1421 ἀγαθοὺς,
1288 1359 1366 1415 είς
1403 1357 1670 1425 ὠφέλειαν
1700 1363 1827 1413 πολ-

258 1443 391 1510 λῶν,
415 1446 508 1497 καὶ
544 1445 830 1514 φθέγξεται
888 1448 1241 1518 προϐλήματα
1281 1450 1372 1501 ἀπ’
1405 1451 1596 1521 ἀρχῆς,
1639 1455 1738 1506 ὅσα
1777 1473 1826 1509 τε

258 1538 496 1607 ἡκουσεν
534 1538 762 1601 ἀνωθεν,
805 1539 932 1609 θείῳ
980 1541 1354 1611 ὑπηχούμενος
1407 1545 1702 1615 Πνεύματι,
1736 1549 1827 1601 καὶ

259 1631 362 1683 ὅσα
411 1631 550 1698 ἔγνω
591 1633 666 1703 τῇ
707 1631 909 1703 θεωρίᾳ
944 1633 1050 1686 τῶν
1099 1634 1268 1688 ὄντων
1311 1636 1606 1706 σχολάζων,
1647 1641 1734 1691 καὶ
1769 1643 1826 1692 ποί

260 1724 504 1793 πατέρες
536 1723 701 1776 αὐτοῦ
731 1723 1062 1794 διηγήσαντο
1095 1725 1262 1794 αὐτῷ.

333 1815 426 1872 νε’.
465 1819 657 1880 Ἔσται
683 1820 844 1874 παντὶ
873 1821 1145 1890 σπουδαίῳ
1169 1821 1224 1872 ἐν
1247 1824 1312 1891 τῇ
1344 1823 1521 1893 ἡμέρᾳ
1547 1825 1643 1894 τῆς
1669 1826 1828 1878 αὑτοῦ

1918 631 2207 686 ἱιιι-[Υαὴὶιε.
2244 631 2348 698 Qui
2396 639 2573 686 autem
2606 636 2797 703 quierit
2828 645 2878 689 et
2911 633 3145 688 sustinet
3176 634 3459 690 Dominum

1917 725 2087 780 donec
2119 727 2339 780 veniant
2366 724 2576 781 fructus
2599 726 2822 795 justitiae
2854 741 2985 794 sum,
3019 726 3105 782 hic
3141 738 3302 782 metet
3327 727 3466 782 nmi-

1916 820 2156 888 tiplicem
2196 821 2402 889 spicam
2453 820 2697 875 scientiae
2740 819 2853 885 Dei,
2883 822 3120 890 seipsum
3173 820 3468 875 illustrabit

1917 913 2122 966 lumine
2161 915 2459 982 sapientiae,
2484 923 2536 969 et
2570 913 2655 968 fax
2687 914 2829 968 lueis
2865 922 3079 968 aeternae
3118 913 3206 968 "et
3244 913 3311 968 ad
3340 912 3466 967 illu-

1919 1004 2202 1060 minandos
2259 1021 2448 1061 omnes
2504 1007 2777 1071 homines,
2809 1021 2907 1060 nec
2947 1005 3209 1061 invidebit
3260 1004 3363 1062 sibi
3416 1013 3470 1060 et

1917 1096 2165 1163 proximo
2195 1099 2298 1153 suh
2329 1100 2509 1154 modio
2534 1099 2746 1153 invidiae
2776 1097 3117 1153 abscondens
3145 1098 3328 1151 datam
3362 1097 3466 1152 sibi

1918 1189 2200 1259 sapientia:
2235 1190 2533 1254 lucernam,
2565 1192 2656 1245 sed
2707 1191 2757 1244 in
2795 1190 3037 1245 Ecclesia
3075 1189 3308 1246 ﬁdelium
3339 1205 3468 1244 eru-

1918 1283 2084 1337 ctabit
2131 1282 2295 1336 verba
2352 1283 2513 1346 bona,
2571 1283 2636 1337 ad
2695 1283 2987 1337 multorum
3053 1281 3375 1347 utilitatem,
3415 1288 3470 1335 et

1920 1376 2174 1442 loquetur
2217 1386 2418 1426 arcana
2456 1373 2523 1426 ab
2579 1374 2758 1437 initio,
2828 1388 2948 1442 quae
2986 1370 3195 1426 audivit
3243 1369 3472 1437 desuper

1921 1468 2103 1523 divino
2160 1468 2421 1523 obediens
2480 1465 2728 1537 Spiritui,
2761 1475 2963 1536 et'qure
3010 1465 3198 1522 didicit
3225 1476 3472 1519 contem-

1922 1561 2143 1632 plationi
2208 1574 2390 1614 rerum
2444 1573 2665 1623 vacans,
2718 1567 2772 1614 et
2827 1572 2946 1628 qua:
3009 1566 3189 1628 patres
3220 1557 3337 1628 ejus
3362 1556 3472 1626 ipsi

1921 1663 2296 1709 narraverunt.

1994 1830 2080 1885 5-5.
2113 1828 2281 1885 Omni
2350 1831 2467 1884 viro
2516 1832 2628 1901 pio,
2669 1847 2792 1887 cum
2842 1831 2895 1886 in
2959 1832 3156 1887 virtute
3205 1830 3475 1900 perlectus

259 1912 384 1980 κατέ
421 1911 619 1984 ἀρετὴν
650 1911 1002 1978 τελειώσεως,
1039 1916 1132 1966 καὶ
1185 1916 1544 1980 ἀποσταλάξει
1579 1918 1726 1987 αὐτῷ
1764 1919 1828 1972 τὰ

1923 1923 2046 1986 erit,
2109 1932 2336 1993 surgent
2390 1935 2602 1979 montes
2665 1923 3027 1979 observantia:
3095 1925 3474 1978 mandatorum

257 2004 363 2073 ὄρη
394 2005 490 2074 τῆς
519 2002 782 2074 ἐργασίας
818 2003 924 2054 τῶν
954 2002 1048 2055 τοῦ
1079 2003 1212 2056 Θεοῦ
1260 2006 1486 2058 ἐντολῶν
1514 2006 1827 2076 γλυκασμὸν

257 2095 619 2168 εὐφροσύνης,
643 2093 973 2164 βασιλεύοντι
1000 2097 1055 2149 ἐν
1084 2095 1320 2168 Σιὼνντῇ.
1344 2100 1554 2170 καθαρᾷ
1586 2101 1823 2171 διανοίᾳ·

257 2190 356 2241 καὶ
382 2190 431 2241 οἱ
464 2187 664 2257 βουνοί,
696 2190 744 2239 οί
771 2187 919 2256 λόγοι
948 2187 1053 2240 τῶν
1083 2191 1178 2258 ἀρε
1191 2189 1314 2253 τῶν,
1341 2191 1634 2261 ῥυήσονται
1662 2193 1823 2260 γάλα·

257 2279 359 2353 τὴν
388 2281 592 2352 τροφὴν
615 2281 763 2352 αὐτῷ
791 2282 1183 2352 ἀναπαυομένῳ
1200 2283 1293 2336 ἐπὶ
1326 2285 1510 2354 κλίνης
1539 2285 1823 2351 ἀπαθείας,

261 2378 695 2450 προσφέροντες·
751 2376 845 2432 καὶ
902 2377 1073 2430 πᾶσαι
1112 2376 1166 2428 ai
1226 2376 1440 2445 ἐφέσεις
1492 2377 1679 2444 Ἰούδα,
1729 2381 1826 2448 τῆς

251 2471 450 2536 αὐτοῦ,
487 2472 647 2540 φημὶ,
687 2469 918 2532 πίστεώς
968 2486 1022 2520 τε
1073 2471 1162 2522 καὶ
1211 2469 1480 2536 γνώσεως,
1539 2474 1826 2543 ρυήσονται

260 2567 452 2632 ὕδατα,
499 2565 743 2634 δόγματα
783 2563 1004 2634 δηλαδὴ,
1045 2566 1140 2617 καὶ
1179 2564 1510 2635 παραϐολὰς,
1550 2565 1643 2618 καὶ
1692 2567 1823 2619 αἰνί-

259 2677 450 2729 γματα
483 2659 639 2716 θείων
679 2658 1052 2727 πραγμάτων
1089 2657 1180 2711 καὶ
1228 2657 1374 2727 πηγὴ
1427 2659 1613 2725 σοφίας
1653 2660 1827 2729 ἀπορ-

261 2756 430 2825 ρᾕου
490 2754 552 2808 ἐκ
588 2753 687 2821 τῆς
721 2749 944 2821 καρδίας
984 2749 1144 2803 αὑτοῦ
1180 2751 1254 2812 ὡς
1316 2751 1372 2815 ἐξ
1428 2753 1575 2804 οἴκου
1625 2751 1827 2821 Κυρίου

259 2843 624 2909 ἐξελεύσεται,
644 2842 736 2894 καὶ
767 2842 942 2892 ποτιεῖ
965 2840 1055 2898 τὸν
1087 2840 1414 2910 χειμάρρουν
1445 2840 1548 2892 τῶν
1573 2840 1824 2908 σχοίνων,

258 2935 459 2998 αὐτοὺς
481 2935 718 3004 δηλονότι
748 2933 872 2995 τοὺς
900 2933 978 3002 τῷ
1008 2931 1320 3001 αὑχμῴκαὶ
1348 2931 1423 2999 τῷ
1455 2933 1693 2986 καύσωνι
1721 2933 1828 2986 τῶν

262 3028 453 3081 παθῶν
485 3025 958 3096 ἀποξηρανθέντας
1004 3023 1343 3096 ἀνθρώπους.
1375 3025 1484 3077 Καὶ
1527 3024 1647 3077 τότε
1686 3024 1828 3093 γνώ-

262 3137 415 3174 σεται
447 3121 548 3192 τὴν
609 3117 867 3188 ἀληθινὴν
914 3116 1137 3169 ἔκϐασιν
1187 3119 1244 3168 ἐν
1277 3115 1457 3186 ἐαυτῷ
1504 3116 1610 3168 τῶν
1657 3116 1829 3184 λόγων

263 3216 502 3285 Κυρίουο
547 3213 681 3284 φησὶ
724 3212 867 3282 γάρ·
912 3229 929 3262 ι
966 3211 1024 3263 '0
1064 3207 1332 3262 πιστεύων
1364 3209 1444 3270 είς
1496 3208 1613 3277 ἐμὲ,
1661 3225 1893 3283 ποτα-ρ

266 3309 361 3378 μοὶ
403 3309 469 3360 ἐκ
519 3305 618 3375 τῆς
674 3301 881 3366 κοιλίας
914 3299 1078 3355 αὐτοῦ
1133 3299 1387 3370 ρεύσουσι
1453 3298 1640 3362 ὕδατος
1693 3297 1828 3364 ζῶν-

260 3419 377 3464 τος.
413 3420 428 3454 ι

339 3493 445 3558 νς’.
497 3491 770 3546 ’Δνατελεῖ
820 3493 876 3543 ἐν
910 3493 1020 3554 τοῖς
1054 3489 1410 3558 φοϐουμένοις
1457 3504 1556 3556 με,
1609 3486 1772 3557 φησὶν
1805 3488 1831 3540 ὁ

263 3587 420 3648 Θεὸς,
446 3586 596 3655 ἥλιος
627 3584 990 3650 δικαιοσύνης,
1021 3586 1113 3636 καὶ
1147 3583 1288 3644 ἴασις
1318 3582 1375 3632 ἐν
1403 3582 1517 3643 ταῖς
1548 3580 1826 3650 πράξεσιν’

263 3667 364 3720 καὶ
392 3669 456 3719 ἐκ
503 3665 749 3736 φυλακῆς
797 3665 981 3718 παθῶν
1028 3664 1420 3731 ἐξελεύσονται,
1471 3666 1564 3718 καὶ
1607 3666 1827 3735 σκιρτή-

267 3770 454 3806 σουσιν
483 3753 559 3817 ὡς
583 3754 854 3825 μοσχάρια
884 3756 947 3807 ἐκ
971 3753 1185 3824 δεσμῶν
1226 3755 1493 3826 ἁμαρτίας
1535 3757 1826 3826 ἀνειμένα·

265 3848 364 3899 καὶ
397 3847 876 3916 καταπατήσουσιν
926 3847 1159 3916 ἀνόμους
1201 3848 1398 3918 ἄνδρας
1431 3849 1520 3902 καὶ
1574 3848 1829 3918 δαίμονας

266 3937 531 3992 ὑποκάτω
551 3940 658 3990 τῶν
687 3938 862 3992 ποδῶν
893 3938 1090 4004 αὐτῶν,
1122 3939 1196 4002 ὡς
1226 3941 1438 4003 σποδὸν,
1472 3942 1528 3992 ἐν
1561 3943 1623 4011 τῇ
1651 3941 1831 4012 ἡμέρᾳ

264 4028 370 4097 τῆς
397 4029 891 4092 ἀποκαταστάσεως
917 4031 1115 4095 αὐτῶν,
1214 4033 1322 4099 ἐγὼ
1351 4032 1510 4098 ποιῶ,
1542 4032 1688 4101 λέγει
1724 4032 1833 4084 Κύ-

269 4137 388 4190 ριος
411 4120 804 4192 παντοκράτωρ
826 4137 838 4150 ·
871 4120 1031 4189 ἡνίκα
1048 4121 1135 4175 διὰ
1167 4122 1354 4175 πασῶν
1378 4123 1699 4193 ἀνυψωθῶσι
1726 4123 1832 4176 τῶν

267 4211 485 4280 ἀρετῶν
533 4211 804 4280 δηλονότι,
838 4214 931 4265 καὶ
984 4213 1308 4267 τελειωθῶσι
1355 4215 1440 4274 διὰ
1502 4216 1690 4284 σοφίας
1743 4215 1833 4268 καὶ

265 4303 526 4370 γνώσεως
563 4305 620 4356 ἐν
647 4308 709 4374 τῇ
740 4306 998 4375 μετουσίᾳ
1024 4305 1116 4358 τοῦ
1151 4306 1480 4377 Πνεύματος.

344 4393 444 4458 νζ¹.
493 4395 619 4448 Ἐὰν
667 4397 753 4448 ἐπ’
779 4398 939 4467 ὅρους
991 4397 1202 4450 πεδινοῦ
1232 4398 1324 4451 τοῦ
1380 4400 1582 4470 κόσμου
1622 4401 1832 4467 τούτου,

270 4489 365 4538 καὶ
395 4487 493 4556 τῆς
529 4488 854 4559 Ἐκκλησίας
887 4489 1144 4559 Χριστοῦ,
1178 4492 1428 4558 γνώσεως
1461 4492 1654 4560 καινῆς
1697 4493 1835 4546 άνωο

1908 2015 2038 2078 ”Dei,
2065 2015 2156 2084 qui
2209 2016 2552 2071 dulcedinem
2611 2016 2807 2070 laetitiae
2846 2015 3129 2071 stillabant
3178 2015 3226 2070 ei
3259 2014 3310 2068 in
3346 2015 3475 2068 Sion

1923 2118 2103 2162 mente
2165 2125 2301 2179 pura
2358 2109 2645 2178 regnanti;
2686 2119 2733 2164 et
2803 2110 3006 2170 colles.
3069 2124 3161 2163 seu
3214 2108 3474 2162 virtutum

1927 2198 2111 2262 verba,
2145 2198 2229 2253 lac
2260 2200 2538 2261 rorabunt,
2565 2199 2745 2254 cibum
2785 2200 2886 2268 ipsi
2919 2200 2971 2252 in
3025 2199 3478 2267 impassibilitatis

1926 2293 2067 2346 lecto
2100 2291 2464 2360 requiescenti
2497 2291 2786 2347 aﬂ'erentes
2808 2331 2822 2354 ,
2871 2294 3164 2363 omniaque
3209 2293 3478 2350 desideria

1925 2383 2086 2446 Juda,
2116 2369 2167 2439 id
2201 2394 2304 2449 est,
2345 2384 2464 2440 fidei
2511 2393 2562 2439 et
2595 2384 2836 2439 scientia:
2875 2374 3013 2453 ejus,
3060 2382 3244 2454 pluent
3285 2399 3478 2454 aquas,

1927 2479 2175 2547 dogmata
2197 2478 2446 2532 videlicet
2478 2477 2871 2546 parabolasque
2900 2486 2952 2531 et
2985 2479 3267 2547 mnigtnata
3297 2493 3476 2532 rerum

1927 2572 2270 2634 divinarum;
2324 2575 2488 2637 atque.
2551 2570 2673 2624 l'ons
2726 2569 3057 2625 absconditae
3111 2570 3385 2640 sapientia;
3415 2571 3481 2624 de

1928 2661 2093 2717 corde
2127 2662 2272 2716 illius
2307 2671 2562 2731 tanquam
2607 2664 2671 2718 de
2701 2663 2860 2717 domo
2910 2661 3118 2716 Demini
3151 2663 3478 2731 egredietur,

1931 2763 1983 2808 et
2015 2755 2224 2824 potabit
2257 2763 2554 2808 torrentem
2610 2754 2920 2822 juncorum,
2953 2754 3100 2823 ipsos
3146 2754 3350 2808 scilicet
3382 2754 3480 2807 ho-

1930 2847 2107 2904 mines
2148 2848 2402 2902 ariditate
2450 2857 2501 2902 et
2555 2857 2690 2902 aestu
2750 2848 3103 2917 cupiditatum
3153 2849 3476 2904 exsiccatos.

1931 2939 1996 2993 Et
2034 2948 2163 2994 tunc
2210 2941 2347 2994 sciet
2403 2940 2453 2992 in
2506 2953 2564 2995 se
2618 2938 2908 3009 adimpleta
2977 2953 3099 2995 esse.
3148 2939 3260 2994 hinc
3317 2939 3480 2993 verba

1933 3031 2144 3084 Domini
2173 3031 2404 3085 dicentis
2440 3049 2453 3086 :
2491 3049 2510 3083 ‹
2548 3029 2650 3096 Qui
2704 3030 2876 3085 credit
2913 3031 2973 3085 in
3024 3046 3128 3096 me,
3163 3030 3381 3086 ﬂumina
3418 3031 3481 3085 de

1932 3131 2120 3180 ventre
2151 3123 2272 3193 ejus
2308 3122 2476 3179 ﬂuent
2506 3137 2662 3196 aquae
2688 3122 2823 3178 vivae
2844 3123 2882 3177 '.

2001 3482 2090 3537 56.
2133 3482 2318 3537 Oritur
2371 3483 2424 3537 in
2462 3484 2799 3544 tintenlihus.
2844 3483 2917 3537 ait
2949 3482 3229 3546 Dominus,
3274 3480 3362 3536 Sol
3394 3481 3481 3551 ju-

1929 3575 2156 3638 stitiaa’,
2188 3583 2242 3630 et
2296 3575 2503 3629 medela
2571 3575 2625 3629 in
2675 3576 2967 3644 operibus;
3022 3591 3087 3629 et
3127 3575 3477 3643 cupiditatum

1929 3680 2148 3722 carcere
2207 3668 2576 3737 egredientur,
2610 3676 2663 3723 et
2725 3668 2923 3722 salient
2975 3676 3033 3721 ut
3090 3668 3239 3723 vituli
3308 3668 3479 3737 ruptis

1927 3759 2134 3828 peccati
2198 3760 2465 3825 vinculis;
2524 3760 2877 3829 hominesque
2933 3760 3375 3829 prmvaricatores
3414 3771 3477 3812 ac

1928 3846 2205 3911 daemonas
2235 3849 2337 3903 sub
2355 3849 2581 3919 pedibus
2609 3850 2722 3904 suis
2743 3859 2799 3904 ut
2821 3849 3055 3903 cinerem
3081 3848 3479 3902 conculcahunt

1931 3941 1982 3991 in
2012 3939 2101 3994 die
2152 3955 2265 3995 sua:
2313 3941 2757 4004 restaurationis,
2809 3943 2953 3996 sicut
2999 3956 3098 4009 ego
3156 3939 3316 4002 facio,
3347 3939 3479 3993 dicit

1929 4029 2196 4086 Dominus
2228 4033 2595 4102 omnipotens,
2629 4047 2750 4085 cum
2780 4033 2983 4086 scilicet
3007 4031 3254 4086 omnibus
3284 4031 3475 4084 elevati

1919 4131 2055 4178 sunt
2110 4123 2438 4189 virtutibus,
2498 4130 2551 4179 et
2617 4123 2841 4193 perfecti
2892 4140 2984 4192 per
3044 4123 3363 4191 sapientiam
3423 4132 3476 4175 et

1928 4214 2214 4269 scientiam
2246 4215 2298 4269 in
2329 4217 2742 4287 participatione
2788 4218 3022 4286 Spiritus
3054 4217 3245 4272 sancti.

1999 4399 2088 4452 57.
2121 4395 2252 4449 Cum
2288 4411 2453 4464 super
2487 4405 2720 4450 montem
2752 4398 3070 4465 campestris
3099 4398 3255 4466 hujus
3285 4399 3469 4451 mundi

1927 4499 1978 4544 et
2011 4488 2267 4543 Ecclesiae
2295 4488 2495 4542 Christi
2526 4489 2786 4543 levaveris
2808 4490 3046 4543 scientia:
3068 4504 3217 4542 nova:
3239 4489 3474 4557 signum,

271 4578 363 4629 θεν
399 4578 536 4649 ἄρῃς
570 4582 814 4648 σημεῖον,
857 4581 949 4634 καὶ
995 4580 1217 4654 ὑψώσῃς
1247 4582 1344 4650 τὴν
1398 4582 1576 4651 φωνὴν
1639 4583 1830 4652 ἐαυτῷ,

1927 4588 1979 4633 et
2012 4580 2310 4635 elevaveris
2370 4594 2580 4642 vocem,
2611 4591 2667 4632 ut
2700 4579 2776 4634 ait
2837 4579 3096 4648 propheta
3117 4579 3159 4642 ⁸,
3195 4580 3474 4646 sapientia:

270 4671 414 4726 κατὰ
441 4671 532 4723 τὸν
553 4673 829 4742 εἰρηκότα,
852 4673 947 4741 τῆς
969 4673 1213 4744 δοθείσης
1237 4692 1314 4726 σοι
1346 4675 1534 4744 σοφίας
1552 4675 1660 4728 ἀπὸ
1676 4675 1828 4736 Θεοῦ,

271 4762 604 4832 παρακαλῶν
647 4763 723 4833 τῷ
753 4764 895 4834 λόγῳ
941 4765 1031 4817 καὶ
1073 4766 1340 4819 διδάσκων
1375 4766 1498 4828 τοὺς
1532 4768 1655 4830 σοὺς
1687 4766 1836 4819 ἀδελσ

274 4857 434 4923 φοὺς,
460 4857 742 4924 διανοίγων
769 4860 857 4909 τὸν
900 4857 1022 4909 νοῦν
1067 4860 1247 4922 αὐτοῖς
1292 4860 1387 4927 τῆς
1417 4860 1564 4922 θείας
1592 4859 1833 4929 Γραφῆς,

273 4950 354 5010 εἰς
384 4947 711 5016 κατανόησιν
736 4949 842 5001 τῶν
877 4949 1190 5019 θαυμασίων
1213 4950 1427 5021 δωρεῶν
1445 4952 1537 5004 τοῦ
1565 4951 1718 5016 Θεοῦ,
1747 4950 1838 5002 καὶ

275 5039 622 5108 προϐιϐάξων
669 5042 865 5102 αὐτοὺς
915 5044 993 5105 είς
1037 5043 1134 5113 τὴν
1190 5044 1451 5114 ἐργασίαν
1513 5043 1618 5096 τῶν
1676 5043 1837 5095 αὐτοῦ

273 5131 528 5196 ἐντολῶν,
558 5132 632 5201 μὴ
658 5134 899 5201 φοϐηθῇς
942 5135 1048 5187 ἀπὸ
1075 5135 1182 5188 τῶν
1224 5137 1559 5204 φθονούντων
1589 5141 1654 5207 τῇ
1681 5136 1837 5194 δυνά-

278 5243 368 5292 μει
423 5225 530 5277 τῶν
579 5225 754 5292 λόγων
808 5243 922 5291 σου,
983 5227 1076 5280 καὶ
1115 5227 1609 5298 διαστρεϐλούντων
1662 5230 1840 5280 πᾶσαν

276 5314 427 5366 θείαν
476 5314 719 5384 Γραφὴν,
787 5317 958 5368 κενῶν
1019 5317 1185 5370 ὄντων
1245 5319 1337 5370 καὶ
1411 5318 1837 5385 σεσαρωμένων,

279 5405 371 5457 καὶ
419 5406 653 5474 ἑτοίμων
691 5407 766 5469 είς
799 5408 1079 5461 κατοικίαν
1108 5407 1186 5477 τῷ
1241 5409 1490 5477 διαϐόλῳ.
1546 5410 1840 5461 Συντὰσσει

278 5501 385 5567 γὰρ
425 5498 491 5550 τὰ
517 5499 625 5551 τῶν
669 5498 890 5567 χειλέων
929 5517 1027 5551 σου
1076 5501 1105 5551 ὁ
1137 5500 1266 5562 Θεὸς
1322 5503 1378 5553 ἐν
1409 5504 1471 5571 τῇ
1523 5501 1688 5572 βίϐλῳ
1733 5502 1839 5552 τῶν

277 5585 512 5651 ζώντων,
557 5586 650 5639 καὶ
675 5587 775 5651 οὐκ
806 5587 959 5640 ἔσται
993 5603 1073 5647 σοι
1114 5587 1283 5657 βλάϐη
1318 5589 1380 5641 ἐκ
1417 5590 1523 5641 τῶν
1562 5589 1836 5648 τοιούτων,

272 5676 348 5740 ῶς
394 5677 514 5741 οὐδὲ
553 5678 755 5743 Πέτρῳ
799 5679 861 5730 ἐκ
902 5680 1161 5746 Σίμωνος.
1204 5680 1475 5746 Ἐρεῖςδὲ
1511 5681 1708 5741 μᾶλλον
1750 5681 1841 5733 καὶ

319 5850 338 5878 ⁶
376 5845 538 5900 Joan.
575 5854 672 5899 vn.
729 5839 816 5893 58.
895 5837 913 5868 ⁷
946 5837 1174 5891 Matacn.
1207 5853 1276 5898 iv,
1302 5841 1354 5893 2.
1436 5845 1454 5874 ⁸
1488 5844 1592 5900 lsa.
1639 5862 1752 5911 xm,
1781 5849 1836 5902 2.

1928 4672 2022 4726 tibi
2052 4687 2081 4724 a
2117 4672 2221 4726 Deo
2249 4672 2408 4730 datm,
2440 4671 2735 4726 exhontans
2769 4671 2932 4725 verbo
2962 4681 3014 4725 et
3051 4674 3251 4726 docens
3276 4670 3473 4731 fratres

1924 4773 2072 4831 tuos,
2106 4765 2355 4833 aperiens
2379 4765 2457 4818 eis
2496 4764 2901 4831 intelligentiam
2935 4764 3129 4818 divina:
3152 4763 3471 4833 Scriptum,

1923 4864 1982 4910 ut
2015 4856 2318 4926 intelligant
2344 4855 2614 4910 mirabilia
2661 4855 2753 4909 Dei
2782 4856 2945 4921 dona,
2975 4870 3178 4924 eosque
3208 4856 3472 4910 inducens

1923 4947 1986 5000 ad
2021 4948 2292 5017 implenda
2339 4949 2455 5014 ejus
2508 4950 2780 5009 mandata,
2826 4963 2893 5001 ne
2957 4947 3149 5015 timeas
3200 4948 3335 5001 istos
3374 4950 3466 5014 qui

1923 5038 2164 5092 invident
2207 5038 2459 5094 eﬂicacim
2516 5041 2804 5094 verborum
2870 5048 3110 5103 tuorum,
3144 5051 3198 5095 et
3246 5047 3467 5094 coutor-

1918 5138 2085 5198 queat
2117 5145 2332 5184 omnem
2361 5131 2598 5186 divinam
2635 5131 2990 5201 Scripturatn,
3024 5148 3144 5185 cum
3180 5130 3330 5184 vacui
3361 5132 3468 5186 sint

1918 5220 2206 5290 scopisque
2251 5221 2495 5275 mundati
2540 5229 2592 5274 et
2625 5235 2872 5292 paratum
2933 5222 3148 5275 diabolo
3188 5220 3469 5275 habitacu-

1921 5311 2026 5363 lum
2049 5310 2090 5366 ³.
2131 5311 2333 5366 Scribit
2387 5313 2528 5366 enim
2566 5312 2704 5368 Deus
2757 5315 3021 5368 labiorum
3059 5325 3271 5367 tuorum
3307 5313 3466 5367 verba

1917 5401 1973 5453 in
2011 5401 2148 5455 libro
2196 5403 2514 5468 viventium,
2545 5413 2596 5458 et
2651 5405 2782 5458 nihil
2819 5405 2918 5460 tibi
2972 5405 3242 5459 nocebunt
3281 5405 3466 5458 istius-

1920 5492 2062 5545 modi
2123 5494 2372 5549 homines
2405 5538 2418 5560 ,
2473 5498 2613 5551 sicut
2667 5513 2774 5560 non
2829 5498 3010 5554 nocuit
3044 5496 3204 5551 Petro
3268 5498 3454 5550 Simon

1916 5581 2120 5650 Magus.
2157 5583 2259 5637 Sed
2313 5587 2489 5653 potius
2521 5587 2669 5642 dices
2699 5600 2751 5642 et
2804 5590 2914 5657 ipse
2959 5603 3080 5641 cum
3106 5589 3375 5658 prephela
3410 5587 3459 5640 in

1913 5671 2003 5724 illa
2034 5673 2121 5726 die
2176 5690 2282 5743 qua
2315 5677 2520 5732 videbis
2554 5680 2688 5734 istos
2735 5691 2923 5736 contra
2977 5691 3024 5735 te
3074 5690 3329 5748 parantes
3362 5680 3461 5734 via:

1917 5855 1935 5886 ’
1968 5852 2159 5908 Matth.
2209 5871 2305 5914 χιι.
2367 5857 2452 5916 Η.
