4126 6338
634 360 747 428 983

1888 336 2183 405 NICETIS
2210 330 2630 397 PECTORATI

3782 300 3908 371 984

638 468 967 530 Oﬁeudicula
1002 486 1017 526 :
1059 488 1079 523 ι
1133 466 1273 523 Ecce
1330 467 1471 520 Deus
1525 476 1701 521 meus,
1760 459 2001 514 salvator
2060 465 2215 507 meus

2328 438 2467 502 ιύτδς
2497 436 2639 510 μετά
2669 434 2766 490 τοῦ
2804 434 3087 507 προφήτου
3118 433 3174 485 ὲν
3209 434 3273 504 τῇ
3313 432 3499 503 ἡμέρᾳ
3549 431 3731 502 ἐκείνῃ
3760 431 3822 484 iv

645 560 932 637 Dominus,
991 563 1047 613 et
1079 554 1414 612 llducialiter
1446 566 1604 623 agam
1646 550 1707 606 in
1764 560 1852 611 eo,
1880 552 1935 600 et
1990 544 2059 597 ab
2095 541 2217 610 ipso

644 651 925 718 salvabur,
970 659 1027 705 et
1067 664 1173 704 non
1211 646 1417 702 timebo
1463 662 1479 701 :
1535 642 1665 715 quia
1700 637 1963 696 fortitudo
2014 648 2130 689 mea
2165 639 2220 686 et

643 746 768 801 laus
797 758 918 799 mea
978 741 1271 804 Dominus,
1299 748 1354 794 et
1386 738 1565 793 iactus
1590 743 1676 793 est
1714 732 1853 788 mihi
1878 730 1931 786 in
1960 727 2217 787 salutem,

644 845 700 890 et
725 848 837 889 non
873 832 1105 889 cessabo
1131 830 1435 904 praedicare
1465 829 1697 901 gloriam
1726 824 1849 895 ejus
1873 823 1928 877 in
1958 819 2216 875 universa

644 935 791 982 terra
815 928 880 981 ¹⁹.
914 945 933 978 ο

718 1195 809 1252 58.
856 1194 914 1250 Si
952 1206 1225 1266 agnoscas
1257 1193 1523 1261 impetum
1576 1187 1944 1258 cupiditatum
2002 1195 2126 1236 esse
2162 1178 2216 1231 in

648 1292 704 1340 te
736 1281 1092 1349 ineﬂicacem,
1125 1289 1180 1337 et
1219 1276 1665 1349 conpunctionis
1714 1274 1982 1343 lacrymas
2014 1284 2080 1323 ex
2117 1268 2222 1320 hu-

650 1376 884 1431 militate
907 1376 1075 1431 liuere
1110 1372 1178 1428 ab
1199 1372 1378 1427 oculis
1410 1369 1542 1433 tuis,
1572 1368 1713 1423 scito
1745 1363 1963 1419 venisse
1998 1370 2222 1429 regnum

651 1466 747 1522 Dei
793 1466 849 1521 in
878 1476 949 1531 te,
990 1476 1043 1521 et
1079 1464 1365 1538 gravidum
1401 1470 1455 1517 te
1489 1474 1612 1517 esse
1649 1457 1855 1529 Spiritu
1911 1460 2125 1508 sancto.
2167 1448 2224 1502 Si

649 1572 780 1611 vero
810 1564 1153 1627 cperantem,
1183 1562 1491 1610 moventem
1525 1558 1579 1608 et
1613 1551 1925 1620 loquentem
1957 1541 2224 1613 Spiritum

651 1649 825 1703 sentis
888 1649 941 1703 in
999 1648 1311 1702 visceribus
1377 1646 1512 1710 tuis,
1544 1651 1709 1711 teque
1762 1638 2094 1694 excitantem
2159 1632 2225 1687 ad

652 1736 1057 1806 praedicandam
1094 1739 1149 1793 in
1202 1737 1445 1792 Ecclesia
1480 1749 1677 1807 magna
1710 1732 1940 1789 salutem
1991 1736 2046 1783 et
2080 1726 2226 1780 veri-

653 1838 819 1885 tatem
856 1830 971 1894 Dei,
1014 1846 1082 1886 ne
1108 1831 1373 1886 cohibeas
1401 1829 1544 1885 labia
1588 1836 1682 1883 tua
1702 1834 1925 1896 pr0pter
1956 1820 2221 1877 invidiam

654 1922 940 1978 hominum
969 1921 1172 1977 Judais
1204 1922 1468 1977 similium
1496 1937 1512 1985 ;
1538 1931 1591 1975 at
1622 1918 1822 1974 sedens
1849 1916 2030 1971 scribe
2062 1924 2226 1979 super

655 2014 887 2078 buxum,
919 2025 974 2070 ut
1012 2015 1087 2069 ait
1119 2015 1285 2070 Isaias
1308 2014 1371 2078 υ,
1400 2028 1521 2084 quae
1575 2012 1815 2082 Spiritus
1874 2008 1969 2062 tibi
2032 2004 2224 2065 dictat,

656 2107 787 2176 quia
829 2106 959 2162 illud
986 2108 1092 2161 erit
1126 2104 1180 2161 in
1226 2106 1315 2161 die
1368 2106 1669 2161 novissimo
1700 2110 1754 2158 et
1788 2114 1961 2170 usque
1990 2098 2043 2152 in
2070 2106 2227 2150 :vter-

656 2213 813 2264 num,
845 2206 904 2253 ut
928 2198 1057 2255 dicit
1088 2200 1372 2270 propheta.
1414 2196 1519 2264 Qui
1544 2196 1691 2253 enim
1734 2193 1995 2249 invidiam
2039 2194 2230 2261 partu-

660 2289 832 2354 riunt,
879 2298 1009 2345 sunt
1067 2289 1302 2360 p0pulus
1351 2288 1689 2348 incredulus.
1757 2284 1857 2340 illii
1912 2280 2226 2340 mendaces,

659 2381 862 2453 quibus
902 2397 1009 2437 non
1050 2393 1132 2439 est
1189 2382 1346 2448 ﬁdes,
1385 2383 1479 2453 qui
1542 2383 1739 2437 nolunt
1795 2376 1987 2433 audire
2010 2370 2227 2444 operati

662 2474 841 2529 adhuc
887 2472 1238 2546 Evangelium
1278 2482 1333 2530 et
1385 2474 1594 2528 amicos
1645 2470 2053 2541 prophetasque
2121 2463 2231 2516 Deo

661 2579 876 2635 parare,
903 2564 998 2621 sed
1022 2564 1211 2620 dicunt
1240 2564 1523 2637 prophetis
1550 2574 1604 2617 et
1627 2561 1903 2632 magistris
1927 2554 2185 2612 Ecclesia:
2214 2568 2230 2605 :

668 2673 689 2708 ι
727 2656 803 2711 Ne
846 2657 1185 2713 annuntietis
1231 2657 1391 2713 nobis
1424 2655 1750 2725 sapientiam
1788 2651 1902 2717 Dei,
1937 2663 2113 2719 neque
2138 2644 2234 2701 sic

652 2749 967 2819 loquamini
1024 2750 1183 2806 nobis
1241 2748 1557 2821 spectacula
1617 2757 1827 2802 natura
1894 2741 2231 2804 videntibus,

666 2840 763 2896 sed
824 2842 1120 2912 praedicale
1176 2852 1231 2900 et
1292 2843 1617 2898 annuntiate
1676 2840 1835 2895 nobis
1892 2836 2055 2891 aliam
2091 2834 2235 2888 viam

667 2951 830 3006 quam
869 2940 1108 2994 mundus
1136 2946 1307 3001 amat,
1358 2946 1413 2992 et
1443 2935 1659 2991 anierte
1694 2948 1723 2988 a
1753 2933 1916 2992 nobis
1947 2926 2235 2986 oraculum

668 3027 924 3083 Israel".
956 3047 975 3080 ι
1010 3029 1088 3084 Ne
1137 3029 1389 3087 attendas
1432 3029 1726 3085 invidisset
1769 3025 1949 3081 verbis
1995 3033 2183 3077 eorum
2218 3034 2233 3072 ι

2309 532 2817 597 κατασκευάζοντας
2878 532 3011 601 ὁρᾷς
3060 528 3198 583 κατά
3270 528 3365 581 σοῦ
3425 530 3552 591 τοὺς
3606 526 3897 591 τοιούτους

2309 626 2581 680 σκάνδαλα
2620 623 2833 695 τρίϐου,
2876 640 2895 675 ι
2946 621 3076 676 Ἰδοὺ
3115 622 3142 674 ό
3182 620 3315 683 Θεός
3352 638 3478 689 μου,
3529 620 3723 689 Σωτήρ
3775 636 3895 688 μου

2309 717 2514 786 Κύριος
2534 758 2549 781 ,
2602 714 2699 767 καὶ
2731 711 3010 774 πεποιθὼς
3034 711 3228 780 ἔσομαι
3256 711 3343 763 ἐπ’
3374 709 3544 779 αὐτῷ,
3580 710 3674 763 καὶ
3703 708 3900 780 σωθή-

2312 825 2474 878 σομαι
2506 806 2600 859 ὑπ’
2622 804 2810 870 αὑτοῦ,
2850 804 2947 858 καὶ
2988 805 3050 858 οὐ
3092 802 3497 874 φοϐηθήσομαι.
3525 802 3669 855 Διότι
3695 803 3728 873 ἡ
3756 800 3900 865 δόξα

2311 917 2411 970 μου
2441 898 2533 952 καὶ
2566 899 2599 968 ἡ
2626 896 2829 959 αίνεσίς
2857 912 2960 966 μου
2987 893 3212 966 Κύριος,
3252 894 3346 948 καὶ
3380 894 3598 963 ἐγένετό
3632 910 3723 962 μοι
3763 892 3897 945 Σω-

2308 992 2430 1062 τήρ·
2473 990 2570 1044 καὶ
2603 990 2665 1044 οὐ
2700 988 2983 1058 παύσομαι
3014 986 3366 1056 ἀναγγέλλειν
3397 987 3465 1042 τά
3494 984 3678 1053 ἔνδοξα
3717 983 3898 1041 αὑτοῦ

2307 1082 2364 1134 ιν
2399 1082 2546 1153 πάσῃ
2571 1085 2639 1153 τῇ
2680 1083 2772 1153 γῇ.
2804 1100 2825 1136 ι

2380 1173 2481 1247 νη’.
2515 1177 2576 1229 Ei
2610 1174 2781 1245 ἔγνως
2799 1176 2885 1249 δτι
2917 1176 2949 1247 ἡ
2978 1174 3117 1246 φορά
3139 1176 3238 1245 τῆς
3260 1174 3371 1230 τῶν
3394 1174 3583 1229 παθῶν
3605 1172 3900 1247 ἐνεργείας

2309 1268 2458 1321 εστιν
2492 1269 2670 1322 ὲνσσοὶ
2700 1267 3003 1337 ἄπρακτος,
3033 1268 3128 1321 καὶ
3168 1268 3199 1339 ἡ
3226 1268 3521 1335 κατάνυξις
3551 1268 3615 1322 lx
3634 1283 3897 1322 ταπεινο-

2311 1357 2588 1442 φροσύνκης
2622 1359 2856 1429 tundat
2887 1360 2995 1413 ἀπὸ
3022 1359 3131 1412 τῶν
3155 1358 3449 1431 ὀφθαλμῶν
3480 1377 3595 1425 σου,
3614 1360 3897 1432 γνῶθιδτι

2310 1449 2472 1523 ἦλθεν
2504 1453 2537 1521 ή
2577 1452 2823 1523 βασιλεία
2844 1452 2939 1507 τοῦ
2961 1452 3095 1506 Θεοῦ
3124 1453 3215 1506 ἐπὶ
3249 1454 3329 1517 σὲ,
3364 1455 3457 1507 καὶ
3492 1455 3747 1524 ἐγκύμων
3770 1455 3901 1523 m-

2312 1561 2404 1599 νου
2435 1543 2529 1598 τοῦ
2552 1543 2708 1614 ἁγίου
2735 1545 3067 1615 Πνεύματος.
3095 1545 3155 1598 Ei
3184 1546 3240 1599 δὲ
3264 1547 3360 1600 καὶ
3398 1546 3675 1617 ἐνεργοῦν,
3708 1544 3899 1601 κινού-

2317 1640 2477 1711 μενόν
2499 1657 2559 1693 τε
2580 1640 2675 1693 καὶ
2694 1640 2889 1694 λαλοῦν
2911 1640 2973 1693 τὸ
3015 1640 3243 1711 Πνεῦμα
3268 1642 3405 1705 νοεῖς
3428 1642 3485 1696 ὲν
3510 1645 3619 1707 τοῖς
3636 1642 3898 1711 ὲγκάτοις

2316 1750 2430 1795 σου,
2455 1733 2551 1788 καλ⁸
2570 1733 2839 1805 διεγεῖρόν
2863 1750 2923 1787 σε
2968 1734 3062 1788 τοῦ
3087 1734 3263 1804 λέγειν
3283 1736 3339 1789 ὲν
3380 1735 3647 1808 ἐκκλησίᾳ
3676 1734 3900 1809 μεγάλῃ

2318 1828 2377 1882 τὸ
2412 1829 2682 1899 σωτήριον
2708 1867 2722 1893 ,
2784 1829 2879 1881 καὶ
2914 1828 3022 1900 ’τὴν
3072 1828 3331 1899 ἀλήθειαν
3368 1828 3462 1883 τοῦ
3511 1828 3669 1893 Θεοῦ,
3706 1828 3782 1901 μὴ
3824 1827 3899 1900 δὴ

2317 1920 2569 1993 κωλύσῃς
2600 1921 2667 1975 τά
2701 1921 2853 1992 χείλη
2895 1938 2990 1974 σου
3024 1922 3112 1976 διὰ
3145 1926 3237 1977 τὸν
3266 1922 3460 1993 φθόνον
3489 1922 3603 1976 τῶν
3636 1922 3897 1977 Ἰουδαιο-

2318 2013 2534 2084 φρόνων
2570 2012 2813 2087 ἀνδρῶν’
2846 2012 2983 2069 ἀλλά
3028 2015 3282 2080 καθίσας,
3323 2014 3532 2086 γράψον
3557 2014 3650 2068 ἐπὶ
3675 2012 3900 2080 πυξίου,

2321 2107 2505 2172 καθώς
2545 2122 2711 2180 φησιν
2747 2106 3001 2174 Ἡσαΐας,
3036 2107 3072 2163 ἃ
3101 2107 3163 2162 τὸ
3196 2107 3422 2178 Πνεῦμά
3469 2125 3552 2162 σοι
3599 2106 3746 2177 λέγει
3768 2123 3785 2141 ο
3811 2106 3903 2162 ὅτι

2323 2198 2585 2264 latussic
2643 2198 2855 2270 ἡμέρας
2900 2198 3107 2269 καιρῶν
3143 2198 3340 2263 ταῦτα,
3372 2199 3465 2253 καὶ
3519 2198 3625 2263 ῐως
3678 2199 3759 2263 εἰς
3802 2196 3904 2251 τδν

2325 2291 2495 2345 αίῶνα
2512 2307 2524 2319 ·
2546 2289 2685 2345 κατά
2701 2291 2792 2344 τὸν
2814 2289 2955 2345 οὕτω
2975 2291 3220 2345 είπόντα.
3237 2292 3301 2345 0i
3317 2292 3426 2364 γὰρ
3451 2291 3542 2347 τὸν
3561 2294 3752 2359 φθόνον
3773 2291 3905 2348 ὠδί-

2324 2400 2528 2449 νοντις,
2556 2382 2683 2447 λαὸς
2707 2383 2939 2455 ἀπαθής
2968 2385 3126 2447 εἰσιν,
3159 2385 3263 2438 υἱοὶ
3285 2374 3521 2455 ψευδεῖς,
3553 2380 3632 2450 οἷς
3659 2388 3758 2439 οὐκ
3784 2368 3904 2439 ἔστι

2327 2477 2531 2541 πίστις,
2556 2476 2606 2529 οἳ
2638 2476 2699 2529 οὑ
2738 2476 3018 2547 βούλονται
3067 2477 3308 2541 ἀκούειν,
3344 2478 3427 2531 ὅτι
3462 2478 3542 2532 ἔτι
3574 2479 3634 2533 τὸ
3660 2476 3903 2548 Εὐαγγὲ-

2326 2569 2439 2622 λιον
2467 2570 2701 2637 ἐνεργεῖ.
2744 2568 2840 2622 καὶ
2885 2568 3070 2637 φίλους
3106 2567 3240 2621 Θεοῦ
3270 2572 3364 2622 καὶ
3402 2571 3686 2649 προφήτας
3730 2585 3901 2623 κατα-

2328 2662 2583 2727 σκευάζει
2603 2679 2617 2693 ο
2652 2660 2785 2722 ἀλλά
2816 2661 3035 2730 λέγουσι
3060 2664 3174 2726 τοῖς
3200 2662 3506 2733 προφήταις
3540 2662 3627 2715 καὶ
3652 2661 3907 2715 διδασκά-

2327 2755 2440 2818 λοις
2465 2754 2565 2823 τῆς
2606 2754 2965 2824 Ἑκκλησίας·
2998 2754 3090 2826 Μὴ
3124 2755 3484 2823 ἀναγγέλλετε
3514 2755 3644 2825 ἡμῖν
3676 2755 3773 2826 τὴν
3810 2771 3905 2807 σοι

2330 2846 2460 2914 (ρίαν
2497 2845 2593 2898 τοῦ
2622 2843 2783 2898 Θεοῦ.
2815 2844 2941 2907 Τοῖς
2972 2845 3041 2898 τὰ
3073 2844 3326 2915 ὁράματα
3346 2844 3448 2913 τῆς
3491 2844 3725 2913 φυσικῆς
3763 2842 3905 2896 θεωο

2334 2936 2454 3007 ρίας
2510 2936 2679 3008 δρῶσι
2738 2936 2815 3008 μὴ
2861 2935 3074 2990 λαλεῖτε
3128 2938 3281 3009 ἡμῖν,
3336 2936 3473 2990 ἀλλά
3532 2936 3762 3001 λαλεῖτε,
3807 2934 3907 2989 καὶ

2329 3028 2699 3115 ἀναγγέλλετε
2727 3030 2860 3101 ἡμῖν
2891 3030 3085 3101 ἑτέραν
3123 3029 3411 3099 πλάνησιν,
3438 3030 3503 3101 ἢν
3532 3031 3559 3083 ό
3582 3030 3784 3100 κόσμος
3815 3046 3908 3098 φι-

673 3135 796 3175 nam
854 3122 1069 3176 tandem
1112 3123 1274 3178 verba
1331 3133 1420 3177 tua
1485 3123 1550 3178 ad
1601 3122 1895 3176 multorum
1952 3114 2236 3170 utilitatem

2331 3123 2429 3183 λεῖ,
2460 3123 2555 3175 καὶ
2598 3114 2829 3192 ἀφέλετε
2873 3124 2967 3193 ἀφ’
3012 3123 3172 3195 ἡμῶν
3210 3124 3269 3177 τὸ
3304 3123 3484 3191 λόγιον
3536 3120 3630 3176 τοῦ
3664 3121 3903 3191 Ἰσραήλ.

672 3216 985 3270 resonantia
1040 3216 1264 3271 audient
1332 3218 1484 3273 surdi
1560 3216 1915 3286 spirituales,
1966 3223 2236 3273 caecorum

2335 3216 2488 3286 Μηδὲ
2517 3216 2792 3286 προσέξῃς
2815 3218 2880 3287 τῇ
2916 3215 3206 3287 βασκανίᾳ,
3230 3215 3324 3269 καὶ
3348 3217 3462 3277 τοῖς
3484 3214 3661 3283 λόγοις
3693 3213 3900 3267 αὐτῶν

678 3304 817 3359 oculi
848 3305 1093 3361 tenebris
1133 3306 1254 3359 vitae
1308 3309 1635 3377 peccatique
1680 3306 1911 3377 caligine
1966 3298 2242 3357 obscurati

676 3395 941 3452 videbunt
970 3398 1259 3453 verborum
1293 3409 1513 3455 tuorum
1544 3400 1749 3463 iumen,
1786 3400 1842 3453 in
1887 3397 1971 3451 his
1998 3393 2245 3450 exsulta-

676 3490 812 3543 bunt
842 3504 1110 3560 pauperes
1144 3491 1365 3559 spiritu,
1399 3506 1498 3561 spe
1547 3491 1706 3546 fracti
1764 3489 2013 3545 homines
2048 3484 2247 3557 gaudio

678 3581 1057 3651 rcplebuntur,
1088 3592 1144 3636 et
1190 3584 1384 3652 spiritu
1419 3584 1665 3653 palantes
1695 3584 1748 3637 in
1786 3581 1968 3636 verbis
2004 3579 2114 3634 tuis
2162 3592 2249 3630 re-

682 3676 1052 3745 colligentur:
1106 3677 1199 3745 qui
1262 3686 1445 3733 autem
1513 3687 1708 3732 contra
1773 3686 1827 3731 te
1877 3680 2245 3736 murmurant,

678 3771 889 3824 discent
936 3772 1318 3841 obtemperare
1350 3774 1530 3829 verbis
1560 3773 1800 3843 Spiritus
1824 3771 2023 3836 sancti,
2058 3779 2111 3825 et
2144 3769 2249 3822 lin-

678 3877 797 3930 gua:
826 3864 1189 3920 balbutientes
1221 3880 1409 3937 pacem
1440 3867 1586 3937 loqui
1624 3866 1861 3921 discent.

756 4310 845 4364 59.
882 4308 1081 4364 Beatus
1118 4311 1210 4365 ille
1240 4313 1332 4380 qui
1390 4312 1553 4366 habet
1606 4314 1661 4367 in
1694 4313 1822 4366 Sion
1858 4311 2103 4368 Ecclesia
2158 4311 2251 4367 Dei

682 4413 867 4453 semen
900 4401 1164 4456 doctrina:
1190 4403 1480 4457 verborum
1520 4419 1767 4467 suorum,
1800 4411 1860 4459 ut.
1890 4405 1965 4458 ait
1995 4404 2164 4459 Isaias
2186 4404 2253 4469 ",

684 4504 735 4547 et
771 4493 911 4549 lilios
942 4496 1193 4564 prOprios
1234 4495 1339 4549 sibi
1378 4505 1431 4549 et
1459 4496 1684 4565 Spiritui
1737 4505 1927 4550 sancto
1955 4496 2007 4549 in
2042 4498 2253 4551 caelesti

686 4588 1168 4656 primogenitorum
1218 4584 1558 4654 Jerusalem;
1596 4589 1700 4643 erit
1744 4589 1888 4642 enim
1942 4588 2109 4644 homo
2143 4589 2252 4653 ille,

687 4677 886 4746 inquit,
917 4677 1261 4731 abscondens
1310 4678 1376 4732 ad
1433 4685 1648 4745 tempus
1678 4680 1840 4731 verba
1882 4693 2002 4741 sua,
2039 4688 2091 4731 et
2127 4677 2253 4730 abs-

684 4772 956 4824 condetur
1022 4770 1167 4823 velut
1223 4784 1361 4839 aqua
1417 4771 1766 4829 decurrente,
1803 4783 1865 4822 ac
1916 4768 2133 4822 tandem
2196 4767 2247 4819 iu

688 4862 819 4916 Sion
860 4860 1100 4914 ﬁdelium
1145 4859 1388 4914 Ecclesia
1439 4860 1713 4913 videbitur
1763 4861 1909 4913 velut
1981 4869 2140 4913 terrae
2175 4856 2249 4911 si-

688 4954 840 5007 tienti
871 4953 1069 5006 ﬂuvius
1098 4953 1396 5007 decurrens
1423 4952 1642 5005 ﬂuentis
1677 4953 1954 5021 sapientiae
1985 4967 2098 5007 suae
2137 4951 2255 5019 glu-

690 5048 892 5107 riosus,
925 5055 979 5099 et
1003 5046 1093 5114 qui
1120 5044 1187 5099 ab
1212 5045 1411 5099 invidis
1439 5044 1827 5109 dcilertuutur,
1856 5062 1960 5103 nun
2018 5044 2255 5114 amplius

692 5136 743 5188 in
788 5135 871 5189 his
904 5135 1199 5197 conﬁdent,
1254 5135 1349 5190 sed
1413 5151 1579 5209 aures,
1640 5151 1767 5191 suas
1820 5135 2139 5205 praebebunt
2188 5137 2252 5189 ad

692 5228 958 5282 audienda
992 5229 1138 5282 illius
1189 5229 1429 5283 hominis
1459 5230 1647 5292 verba,
1676 5240 1728 5282 et
1770 5244 1865 5283 cor
1910 5220 2253 5281 inﬁrmorum

694 5320 874 5373 anima
905 5320 1112 5388 patebit
1148 5322 1211 5372 ad
1239 5319 1571 5374 audiendum
1602 5336 1617 5385 ;
1658 5336 1756 5373 nec
1787 5321 2044 5387 deinceps
2074 5319 2259 5373 dicent

697 5412 913 5465 invidia:
945 5412 1193 5476 asseclaa,
1234 5428 1253 5462 ι
1284 5409 1397 5465 Sile
1429 5430 1474 5475 ι,
1517 5412 1787 5481 siquidem
1822 5411 1931 5474 ille,
1958 5424 2082 5464 cum
2135 5410 2258 5477 pius

2332 3307 2659 3361 ἀκούσονται
2685 3308 2793 3379 γάρ
2833 3310 2900 3362 τὰ
2946 3308 3303 3380 ὑπηχούμενά
3346 3325 3427 3362 σοι
3460 3308 3592 3379 πρὸς
3636 3307 3906 3377 ὠφέλειαν

2336 3402 2545 3455 πολλῶν
2578 3401 2786 3457 ἄνωθεν
2824 3403 2998 3470 κωφοὶ
3038 3401 3284 3473 ἔσχατον,
3304 3404 3398 3457 καὶ
3430 3403 3480 3455 oi
3515 3404 3571 3456 ἑν
3606 3402 3683 3471 τῷ
3723 3401 3904 3455 σκότει

2333 3494 2427 3549 τοῦ
2457 3493 2597 3564 βίου,
2617 3495 2709 3547 καὶ
2733 3496 2782 3547 oi
2817 3494 2875 3547 ὲν
2900 3496 2967 3565 τῇ
2991 3494 3189 3567 ὁμίχλῃ
3217 3497 3315 3565 τῆς
3338 3494 3612 3565 ἁμαρτίας
3639 3492 3906 3563 ὀφθαλμοὶ

2334 3588 2569 3657 τυφλῶν,
2604 3586 2824 3657 δψονταί
2853 3603 2944 3640 σου
2980 3588 3087 3641 τῶν
3121 3588 3295 3658 λόγων
3332 3588 3392 3641 τὺ
3434 3588 3567 3657 φῶς,
3612 3587 3705 3641 καὶ
3734 3584 3906 3653 ἀγαλ-

2335 3677 2612 3731 λιάσονται
2652 3681 2710 3732 ὲν
2751 3666 2934 3752 αὐτοῖς
2975 3680 3025 3733 oi
3052 3680 3256 3751 πτωχοὶ
3293 3678 3368 3750 τῷ
3404 3680 3693 3749 πνεύματι,
3728 3679 3821 3731 καὶ
3849 3677 3901 3730 oi

2332 3766 2745 3835 ἀπηλπισμένοι
2785 3767 2896 3819 τῶν
2926 3766 3251 3836 ἀνθρώπων,
3290 3766 3769 3841 ἐμπλησθήσονται
3815 3765 3904 3816 εύ-

2335 3856 2631 3925 φροσύνης,
2680 3856 2773 3909 καὶ
2822 3857 3129 3922 γνώσονται
3182 3856 3231 3908 oi
3265 3854 3345 3925 τῷ
3378 3853 3650 3924 πνεύματι
3694 3851 3905 3906 πλανώ-

2340 3964 2512 4013 μενοι,
2549 3946 2765 3999 σύνεσιν
2798 3946 2854 3999 ὲν
2884 3948 2997 4013 τοῖς
3018 3946 3198 4014 λόγοις
3226 3963 3319 3999 σου
3342 3962 3355 3978 ο
3384 3947 3433 3999 oi
3456 3945 3512 3999 δὲ
3547 3944 3906 4014 γογγύζοντες

2337 4040 2478 4091 κατὰ
2528 4037 2647 4100 σοῦ,
2706 4016 3042 4110 μαθήσονται
3095 4037 3394 4091 ὑπακούειν
3436 4038 3543 4091 τῶν
3595 4036 3770 4105 λόγων
3813 4036 3903 4089 τοῦ

2345 4128 2690 4197 Πνεύματος,
2723 4128 2820 4181 καὶ
2846 4129 3091 4197 γλῶσσαι
3125 4131 3181 4182 αί
3213 4128 3583 4198 ψελλίζουσαι,
3625 4128 3805 4183 λαλεῖν
3832 4130 3905 4181 si-

2342 4223 2507 4290 ρήνην
2542 4220 2899 4289 μαθήσονται.

2412 4312 2504 4365 v’)’.
2541 4314 2825 4382 Μακάριος
2870 4313 2927 4374 ii;
2961 4313 3072 4382 ἔχει
3098 4315 3167 4367 ἐν
3201 4314 3341 4368 Σιὼν
3369 4315 3432 4381 τῇ
3476 4312 3568 4365 τοῦ
3608 4312 3741 4365 Θεοῦ
3792 4312 3905 4382 Ἐκο

2344 4402 2539 4471 κλησίᾳ
2561 4442 2575 4466 ,
2612 4402 2834 4472 σπέρμα
2861 4403 3210 4467 διδασκαλίας
3238 4404 3347 4456 τῶν
3376 4404 3551 4471 λόγων
3585 4403 3773 4466 αὐτοῦ,
3804 4421 3903 4472 (pq-

2347 4498 2427 4546 σίν
2470 4496 2738 4557 Ἡσαΐας,
2793 4496 2883 4547 καὶ
2945 4497 3091 4557 υἱοὺς
3146 4497 3376 4558 οἰκείους
3429 4496 3634 4564 ἑαυτῷ,
3690 4497 3782 4549 καὶ
3833 4496 3905 4567 τῷ

2346 4586 2645 4655 Πηλεύματι,
2682 4588 2739 4637 ὲν
2764 4587 2829 4654 τῇ
2862 4586 2973 4639 ἀνω
3001 4586 3107 4637 τῶν
3139 4588 3500 4657 πρωτοτόκων
3543 4586 3901 4657 Ἰερουσαλήμ·

2344 4679 2493 4729 ἔσται
2523 4678 2630 4744 γὰρ
2664 4677 2693 4729 ό
2725 4676 3011 4745 ἄνθρωπος
3045 4679 3273 4740 ἐκεῖνος,
3303 4677 3559 4747 κρύπτων
3592 4681 3670 4741 εἰς
3702 4677 3902 4747 καιρὸν,

2344 4767 2512 4835 φησὶ,
2550 4767 2673 4829 τοὺς
2720 4765 2915 4834 λόγους
2962 4767 3165 4833 αὑτοῦ,
3207 4768 3301 4821 καὶ
3338 4768 3667 4837 κρυϐήσεται
3716 4768 3790 4831 ὼς
3819 4767 3905 4837 ἀφ’

2345 4858 2534 4920 ὓδατος
2560 4859 2861 4928 φερομένου
2886 4898 2901 4921 ,
2934 4861 3028 4911 καὶ
3068 4859 3315 4928 ἔσχατον,
3354 4862 3655 4930 φανήσεται
3689 4862 3746 4913 ὲν
3779 4859 3903 4913 Σιὼν

2343 4952 2407 5019 τῇ
2437 4950 2543 5003 τῶν
2578 4950 2787 5003 πιστῶν
2844 4950 3140 5021 Ἐκκλησία
3162 4992 3174 5014 ,
3219 4950 3293 5013 ὡς
3328 4952 3571 5021 ποταμὸς
3622 4951 3907 5022 φερόμενος

2345 5041 2572 5106 ἔνδοξος,
2606 5044 2675 5111 γῇ
2706 5042 2914 5114 διψώσῃ
2949 5044 3061 5103 τοῖς
3097 5042 3333 5112 ῥείθροις
3363 5043 3459 5110 τῆς
3501 5042 3685 5104 σοφίας
3726 5040 3897 5096 αὑτοῦ·

2343 5134 2439 5183 καὶ
2467 5132 2567 5182 οὐκ
2599 5130 2678 5182 ἔτι
2708 5129 2919 5181 ἔσονται
2948 5131 2996 5181 οί
3029 5130 3130 5182 ὑπὸ
3159 5130 3269 5183 τῶν
3311 5128 3649 5199 φθονούντων
3687 5132 3903 5200 ἀνατρι·

2344 5220 2567 5287 πόμενοι
2600 5219 2917 5282 πεποιθότες
2959 5221 3045 5271 ἐπ’
3089 5221 3291 5284 αὐτοῖς,
3324 5219 3459 5271 ἀλλά
3494 5218 3558 5271 τὰ
3588 5213 3700 5271 ὦτα
3739 5219 3904 5273 αὐτῶν

2342 5310 2602 5362 δώσουσιν
2634 5310 2854 5362 ἀκούειν
2884 5310 2992 5362 τῶν
3014 5310 3186 5378 λόγων
3226 5310 3319 5363 τοῦ
3360 5309 3644 5381 ἀνθρώπου
3685 5311 3901 5375 ἐκείνου,

2345 5399 2439 5453 καὶ
2480 5403 2512 5469 ή
2542 5401 2735 5470 καρδία
2762 5401 2868 5453 τῶν
2907 5402 3048 5471 κατὰ
3093 5401 3269 5471 ψυχὴν
3302 5401 3673 5454 ἀσθενούντων
3699 5441 3711 5464 ,
3750 5417 3903 5469 προσ-

695 5503 788 5565 sit,
828 5503 1151 5573 sapientiam
1186 5502 1469 5571 amplexus
1498 5513 1601 5567 est,
1647 5517 1745 5556 nec
1768 5502 2059 5557 stultorum
2090 5501 2229 5555 insta

2346 5493 2455 5558 ἐξει
2511 5493 2603 5544 τοῦ
2644 5493 2895 5545 ἀκούειν·
2939 5492 3033 5545 καὶ
3082 5495 3180 5545 οὐκ
3229 5491 3306 5543 ἔτι
3360 5492 3421 5544 οὐ
3476 5492 3548 5561 μὴ
3603 5494 3824 5544 είπωσιν
3858 5490 3901 5544 oi

696 5594 882 5647 mundi
942 5593 1272 5661 sapientium
1325 5593 1490 5648 stulta
1531 5602 1613 5648 est
1655 5594 1895 5658 locutus,
1932 5609 2034 5647 nec
2079 5594 2236 5645 animi

2345 5583 2618 5651 ὑπηρέται
2636 5582 2727 5633 τοῦ
2755 5582 2970 5649 φθόνου·
2991 5582 3145 5649 Σίγα’
3180 5582 3367 5652 ἐπειδὴ
3384 5581 3609 5652 εὐσεϐὴς
3633 5583 3708 5634 ὣν
3725 5580 3900 5635 συνετὰ

774 5775 815 5806 ⁸⁸
848 5775 947 5829 lsa.
986 5790 1083 5842 xu,
1116 5774 1170 5841 2,
1207 5774 1259 5828 5.
1342 5775 1379 5805 “
1414 5773 1521 5829 lsa.
1559 5788 1687 5838 xu,
1726 5773 1778 5827 8.
1860 5774 1901 5806 "
1937 5772 2068 5827 Iuid.
2106 5770 2191 5826 il.

2378 5768 2475 5824 Isa.
2526 5783 2679 5833 xxxi,
2711 5767 2744 5823 9
2777 5783 2888 5825 sec.
2916 5767 3081 5825 LXX.
