  <div class='ocr_page' id='page_1' title='image "/cluster/home/n/w/nwhite01/storage/ocr_20150623/120/pst.000005714353/500.png"; bbox 0 0 4124 6338; ppageno 0'>
   <div class='ocr_carea' id='block_1_1' title="bbox 255 361 361 427">
    <p class='ocr_par' dir='ltr' id='par_1_1' title="bbox 255 361 361 427">
     <span class='ocr_line' id='line_1_1' title="bbox 255 361 361 427; baseline 0.009 -1"><span class='ocrx_word' id='word_1_1' title='bbox 255 361 361 427; x_wconf 79' lang='lat'><strong>985</strong></span> 
     </span>
    </p>
   </div>
   <div class='ocr_carea' id='block_1_2' title="bbox 1104 368 2615 454">
    <p class='ocr_par' dir='ltr' id='par_1_2' title="bbox 1104 368 2615 454">
     <span class='ocr_line' id='line_1_2' title="bbox 1104 368 2615 454; baseline 0.016 -24"><span class='ocrx_word' id='word_1_2' title='bbox 1104 368 1652 433; x_wconf 76' lang='lat' dir='ltr'><strong>GNOSTICORUM</strong></span> <span class='ocrx_word' id='word_1_3' title='bbox 1686 369 2025 438; x_wconf 79' lang='lat' dir='ltr'><strong>CAPITUM</strong></span> <span class='ocrx_word' id='word_1_4' title='bbox 2064 380 2457 449; x_wconf 68' lang='lat' dir='ltr'><strong>CENTURIA</strong></span> <span class='ocrx_word' id='word_1_5' title='bbox 2490 386 2615 454; x_wconf 83' lang='grc' dir='ltr'><strong>Πῐ.</strong></span> 
     </span>
    </p>
   </div>
   <div class='ocr_carea' id='block_1_3' title="bbox 3394 403 3500 471">
    <p class='ocr_par' dir='ltr' id='par_1_3' title="bbox 3394 403 3500 471">
     <span class='ocr_line' id='line_1_3' title="bbox 3394 403 3500 471; baseline 0 -2"><span class='ocrx_word' id='word_1_6' title='bbox 3394 403 3500 471; x_wconf 69' lang='grc'><strong>986</strong></span> 
     </span>
    </p>
   </div>
   <div class='ocr_carea' id='block_1_4' title="bbox 254 446 1810 581">
    <p class='ocr_par' dir='ltr' id='par_1_4' title="bbox 254 446 1810 557">
     <span class='ocr_line' id='line_1_4' title="bbox 254 446 1810 557; baseline -0.001 -17"><span class='ocrx_word' id='word_1_7' title='bbox 254 446 638 553; x_wconf 67' lang='grc' dir='ltr'>ἕδουλεύσατο,</span> <span class='ocrx_word' id='word_1_8' title='bbox 677 486 771 539; x_wconf 73' lang='grc' dir='ltr'>καὶ</span> <span class='ocrx_word' id='word_1_9' title='bbox 813 487 911 556; x_wconf 83' lang='grc' dir='ltr'><strong>οὐχ</strong></span> <span class='ocrx_word' id='word_1_10' title='bbox 960 484 1149 557; x_wconf 74' lang='grc' dir='ltr'>ὥσπερ</span> <span class='ocrx_word' id='word_1_11' title='bbox 1183 487 1233 540; x_wconf 90' lang='grc' dir='ltr'><strong>οί</strong></span> <span class='ocrx_word' id='word_1_12' title='bbox 1282 486 1453 557; x_wconf 74' lang='grc' dir='ltr'>μωροὶ</span> <span class='ocrx_word' id='word_1_13' title='bbox 1482 484 1577 540; x_wconf 81' lang='grc' dir='ltr'>τοῦ</span> <span class='ocrx_word' id='word_1_14' title='bbox 1620 487 1810 557; x_wconf 81' lang='grc' dir='ltr'>κόσμοι</span> 
     </span>
    </p>
   </div>
   <div class='ocr_carea' id='block_1_5' title="bbox 1895 446 3497 581">
    <p class='ocr_par' dir='ltr' id='par_1_5' title="bbox 1895 446 3497 581">
     <span class='ocr_line' id='line_1_5' title="bbox 2383 446 3497 471; baseline 0.022 -24"><span class='ocrx_word' id='word_1_15' title='bbox 2383 446 2389 447; x_wconf 63' lang='lat'><strong><em>,</em></strong></span> <span class='ocrx_word' id='word_1_16' title='bbox 2434 446 2457 449; x_wconf 53' lang='grc' dir='ltr'>η</span> <span class='ocrx_word' id='word_1_17' title='bbox 2496 446 2554 451; x_wconf 83' lang='lat'>__</span> <span class='ocrx_word' id='word_1_18' title='bbox 2595 446 2615 454; x_wconf 85' lang='lat'><strong>-</strong></span> <span class='ocrx_word' id='word_1_19' title='bbox 3398 446 3497 471; x_wconf 61' lang='lat' dir='ltr'><strong>ww</strong></span> 
     </span>
     <span class='ocr_line' id='line_1_6' title="bbox 1895 497 3497 581; baseline 0.022 -38"><span class='ocrx_word' id='word_1_20' title='bbox 1895 505 2131 550; x_wconf 67' lang='lat' dir='ltr'><strong>.vanum</strong></span> <span class='ocrx_word' id='word_1_21' title='bbox 2187 497 2311 553; x_wconf 89' lang='lat' dir='ltr'><strong>iniit</strong></span> <span class='ocrx_word' id='word_1_22' title='bbox 2371 503 2667 559; x_wconf 75' lang='lat' dir='ltr'><strong>consilium</strong></span> <span class='ocrx_word' id='word_1_23' title='bbox 2716 523 2882 579; x_wconf 81' lang='lat' dir='ltr'><strong>prava</strong></span> <span class='ocrx_word' id='word_1_24' title='bbox 2939 510 3202 581; x_wconf 81' lang='lat' dir='ltr'><strong>faciendi,</strong></span> <span class='ocrx_word' id='word_1_25' title='bbox 3233 526 3287 572; x_wconf 88' lang='lat' dir='ltr'><strong>et</strong></span> <span class='ocrx_word' id='word_1_26' title='bbox 3356 519 3497 579; x_wconf 69' lang='lat' dir='ltr'><strong>falso</strong></span> 
     </span>
    </p>
   </div>
   <div class='ocr_carea' id='block_1_6' title="bbox 256 576 1826 649">
    <p class='ocr_par' dir='ltr' id='par_1_6' title="bbox 256 576 1826 649">
     <span class='ocr_line' id='line_1_7' title="bbox 256 576 1826 649; baseline 0.002 -20"><span class='ocrx_word' id='word_1_27' title='bbox 256 578 404 645; x_wconf 78' lang='grc' dir='ltr'>σοφοὶ</span> <span class='ocrx_word' id='word_1_28' title='bbox 438 577 601 647; x_wconf 79' lang='grc' dir='ltr'>μωρὰ</span> <span class='ocrx_word' id='word_1_29' title='bbox 619 576 879 647; x_wconf 70' lang='grc' dir='ltr'>ἐλάλησεν</span> <span class='ocrx_word' id='word_1_30' title='bbox 906 593 922 609; x_wconf 87' lang='grc'><strong>·</strong></span> <span class='ocrx_word' id='word_1_31' title='bbox 953 578 1072 630; x_wconf 76' lang='grc' dir='ltr'>οὐδὲ</span> <span class='ocrx_word' id='word_1_32' title='bbox 1099 580 1131 649; x_wconf 85' lang='grc' dir='ltr'><strong>ἡ</strong></span> <span class='ocrx_word' id='word_1_33' title='bbox 1162 577 1358 648; x_wconf 84' lang='grc' dir='ltr'>καρδία</span> <span class='ocrx_word' id='word_1_34' title='bbox 1389 577 1553 645; x_wconf 77' lang='grc' dir='ltr'>αὑτοῦ</span> <span class='ocrx_word' id='word_1_35' title='bbox 1605 578 1826 648; x_wconf 85' lang='grc' dir='ltr'>νενόηκε</span> 
     </span>
    </p>
   </div>
   <div class='ocr_carea' id='block_1_7' title="bbox 257 667 1825 742">
    <p class='ocr_par' dir='ltr' id='par_1_7' title="bbox 257 667 1825 742">
     <span class='ocr_line' id='line_1_8' title="bbox 257 667 1825 742; baseline 0.001 -20"><span class='ocrx_word' id='word_1_36' title='bbox 257 669 462 739; x_wconf 85' lang='grc' dir='ltr'>μάταια</span> <span class='ocrx_word' id='word_1_37' title='bbox 491 667 585 721; x_wconf 83' lang='grc' dir='ltr'>τοῦ</span> <span class='ocrx_word' id='word_1_38' title='bbox 628 669 903 723; x_wconf 71' lang='grc' dir='ltr'>συντελεῐν</span> <span class='ocrx_word' id='word_1_39' title='bbox 936 668 1146 739; x_wconf 77' lang='grc' dir='ltr'>ἄνομα,</span> <span class='ocrx_word' id='word_1_40' title='bbox 1199 670 1296 742; x_wconf 74' lang='grc' dir='ltr'>καὶ</span> <span class='ocrx_word' id='word_1_41' title='bbox 1341 668 1522 723; x_wconf 80' lang='grc' dir='ltr'>λαλεῖν</span> <span class='ocrx_word' id='word_1_42' title='bbox 1569 670 1703 741; x_wconf 81' lang='grc' dir='ltr'>πρὸς</span> <span class='ocrx_word' id='word_1_43' title='bbox 1737 673 1825 725; x_wconf 83' lang='grc' dir='ltr'><strong>τδν</strong></span> 
     </span>
    </p>
   </div>
   <div class='ocr_carea' id='block_1_8' title="bbox 254 757 1825 835">
    <p class='ocr_par' dir='ltr' id='par_1_8' title="bbox 254 757 1825 835">
     <span class='ocr_line' id='line_1_9' title="bbox 254 757 1825 835; baseline 0.001 -21"><span class='ocrx_word' id='word_1_44' title='bbox 254 760 385 814; x_wconf 72' lang='grc' dir='ltr'>Θεὸν</span> <span class='ocrx_word' id='word_1_45' title='bbox 438 757 704 830; x_wconf 77' lang='grc' dir='ltr'><strong>πλάνησιν</strong></span> <span class='ocrx_word' id='word_1_46' title='bbox 748 758 824 823; x_wconf 81' lang='grc' dir='ltr'>ὡς</span> <span class='ocrx_word' id='word_1_47' title='bbox 864 758 928 813; x_wconf 70' lang='grc' dir='ltr'>ἂν</span> <span class='ocrx_word' id='word_1_48' title='bbox 972 760 1265 835; x_wconf 66' lang='grc' dir='ltr'>διασπείρει</span> <span class='ocrx_word' id='word_1_49' title='bbox 1317 759 1495 831; x_wconf 71' lang='grc' dir='ltr'>ψυχὰς</span> <span class='ocrx_word' id='word_1_50' title='bbox 1528 760 1825 828; x_wconf 85' lang='grc' dir='ltr'>πεινώσας,</span> 
     </span>
    </p>
   </div>
   <div class='ocr_carea' id='block_1_9' title="bbox 253 848 1827 923">
    <p class='ocr_par' dir='ltr' id='par_1_9' title="bbox 253 848 1827 923">
     <span class='ocr_line' id='line_1_10' title="bbox 253 848 1827 923; baseline 0.001 -18"><span class='ocrx_word' id='word_1_51' title='bbox 253 852 348 905; x_wconf 79' lang='grc' dir='ltr'>καὶ</span> <span class='ocrx_word' id='word_1_52' title='bbox 376 849 555 921; x_wconf 69' lang='grc' dir='ltr'>ψυχὰς</span> <span class='ocrx_word' id='word_1_53' title='bbox 574 851 675 913; x_wconf 83' lang='grc' dir='ltr'>τὰς</span> <span class='ocrx_word' id='word_1_54' title='bbox 712 848 978 920; x_wconf 84' lang='grc' dir='ltr'>διψῶσας,</span> <span class='ocrx_word' id='word_1_55' title='bbox 1013 851 1178 921; x_wconf 78' lang='grc' dir='ltr'>κενάς</span> <span class='ocrx_word' id='word_1_56' title='bbox 1215 853 1436 923; x_wconf 75' lang='grc' dir='ltr'>ποιήσῃ.</span> <span class='ocrx_word' id='word_1_57' title='bbox 1465 851 1564 906; x_wconf 86' lang='grc' dir='ltr'>Διά</span> <span class='ocrx_word' id='word_1_58' title='bbox 1591 850 1749 908; x_wconf 77' lang='grc' dir='ltr'>τοῦτο</span> <span class='ocrx_word' id='word_1_59' title='bbox 1776 853 1827 907; x_wconf 79' lang='lat' dir='ltr'><strong>oi</strong></span> 
     </span>
    </p>
   </div>
   <div class='ocr_carea' id='block_1_10' title="bbox 252 942 1826 1016">
    <p class='ocr_par' dir='ltr' id='par_1_10' title="bbox 252 942 1826 1016">
     <span class='ocr_line' id='line_1_11' title="bbox 252 942 1826 1016; baseline 0.003 -21"><span class='ocrx_word' id='word_1_60' title='bbox 252 942 400 1011; x_wconf 83' lang='grc' dir='ltr'>λόγοι</span> <span class='ocrx_word' id='word_1_61' title='bbox 428 943 593 997; x_wconf 80' lang='grc' dir='ltr'>αὑτοῦ</span> <span class='ocrx_word' id='word_1_62' title='bbox 631 942 883 1015; x_wconf 74' lang='grc' dir='ltr'>μενοῦσιν</span> <span class='ocrx_word' id='word_1_63' title='bbox 919 945 999 1007; x_wconf 84' lang='grc' dir='ltr'><strong>εις</strong></span> <span class='ocrx_word' id='word_1_64' title='bbox 1030 942 1298 1014; x_wconf 67' lang='grc' dir='ltr'>ὠφέλειαν</span> <span class='ocrx_word' id='word_1_65' title='bbox 1336 943 1569 1009; x_wconf 80' lang='grc' dir='ltr'>πολλῶν,</span> <span class='ocrx_word' id='word_1_66' title='bbox 1598 944 1704 998; x_wconf 79' lang='grc' dir='ltr'>κᾶν</span> <span class='ocrx_word' id='word_1_67' title='bbox 1751 944 1826 1016; x_wconf 84' lang='grc' dir='ltr'>μὴ</span> 
     </span>
    </p>
   </div>
   <div class='ocr_carea' id='block_1_11' title="bbox 249 1031 1821 1113">
    <p class='ocr_par' dir='ltr' id='par_1_11' title="bbox 249 1031 1821 1113">
     <span class='ocr_line' id='line_1_12' title="bbox 249 1031 1821 1113; baseline 0.002 -27"><span class='ocrx_word' id='word_1_68' title='bbox 249 1031 382 1105; x_wconf 73' lang='grc' dir='ltr'>δοκῇ</span> <span class='ocrx_word' id='word_1_69' title='bbox 411 1036 525 1096; x_wconf 76' lang='grc' dir='ltr'>τοῖς</span> <span class='ocrx_word' id='word_1_70' title='bbox 558 1034 933 1104; x_wconf 79' lang='grc' dir='ltr'><strong>βασκαίνουσι.</strong></span> <span class='ocrx_word' id='word_1_71' title='bbox 1820 1110 1821 1113; x_wconf 13' lang='grc' dir='ltr'><strong>η</strong></span> 
     </span>
    </p>
   </div>
   <div class='ocr_carea' id='block_1_12' title="bbox 319 1123 1825 1196">
    <p class='ocr_par' dir='ltr' id='par_1_12' title="bbox 319 1123 1825 1196">
     <span class='ocr_line' id='line_1_13' title="bbox 319 1123 1825 1196; baseline 0.002 -20"><span class='ocrx_word' id='word_1_72' title='bbox 319 1123 384 1190; x_wconf 78' lang='grc' dir='ltr'><strong>ξ’.</strong></span> <span class='ocrx_word' id='word_1_73' title='bbox 410 1123 501 1193; x_wconf 84' lang='grc' dir='ltr'>Τῷ</span> <span class='ocrx_word' id='word_1_74' title='bbox 525 1126 581 1177; x_wconf 70' lang='grc' dir='ltr'>ιν</span> <span class='ocrx_word' id='word_1_75' title='bbox 603 1124 791 1195; x_wconf 81' lang='grc' dir='ltr'>ὑψηλῷ</span> <span class='ocrx_word' id='word_1_76' title='bbox 817 1123 1067 1194; x_wconf 79' lang='grc' dir='ltr'>σπηλαίῳ</span> <span class='ocrx_word' id='word_1_77' title='bbox 1090 1124 1296 1195; x_wconf 78' lang='grc' dir='ltr'><strong>πέτρας</strong></span> <span class='ocrx_word' id='word_1_78' title='bbox 1320 1124 1544 1196; x_wconf 70' lang='grc' dir='ltr'>ἰσχυρᾶς</span> <span class='ocrx_word' id='word_1_79' title='bbox 1568 1124 1825 1193; x_wconf 77' lang='grc' dir='ltr'>οἰκοῦντι,</span> 
     </span>
    </p>
   </div>
   <div class='ocr_carea' id='block_1_13' title="bbox 250 1210 1827 1290">
    <p class='ocr_par' dir='ltr' id='par_1_13' title="bbox 250 1210 1827 1290">
     <span class='ocr_line' id='line_1_14' title="bbox 250 1210 1827 1290; baseline 0.003 -24"><span class='ocrx_word' id='word_1_80' title='bbox 250 1210 413 1283; x_wconf 69' lang='grc' dir='ltr'>ἄρτος</span> <span class='ocrx_word' id='word_1_81' title='bbox 443 1214 523 1279; x_wconf 75' lang='grc' dir='ltr'>εἰς</span> <span class='ocrx_word' id='word_1_82' title='bbox 558 1214 722 1286; x_wconf 89' lang='grc' dir='ltr'>κόρον</span> <span class='ocrx_word' id='word_1_83' title='bbox 760 1214 1045 1285; x_wconf 81' lang='grc' dir='ltr'>δοθήσεται</span> <span class='ocrx_word' id='word_1_84' title='bbox 1081 1213 1370 1283; x_wconf 82' lang='grc' dir='ltr'>γνώσεως,</span> <span class='ocrx_word' id='word_1_85' title='bbox 1414 1217 1508 1270; x_wconf 78' lang='grc' dir='ltr'><strong>καὶ</strong></span> <span class='ocrx_word' id='word_1_86' title='bbox 1542 1216 1570 1270; x_wconf 87' lang='lat'><strong>6</strong></span> <span class='ocrx_word' id='word_1_87' title='bbox 1615 1218 1827 1290; x_wconf 80' lang='grc' dir='ltr'>κρατὴρ</span> 
     </span>
    </p>
   </div>
   <div class='ocr_carea' id='block_1_14' title="bbox 250 1304 1828 1378">
    <p class='ocr_par' dir='ltr' id='par_1_14' title="bbox 250 1304 1828 1378">
     <span class='ocr_line' id='line_1_15' title="bbox 250 1304 1828 1378; baseline 0.003 -19"><span class='ocrx_word' id='word_1_88' title='bbox 250 1306 349 1377; x_wconf 62' lang='grc' dir='ltr'>τῆς</span> <span class='ocrx_word' id='word_1_89' title='bbox 392 1305 584 1376; x_wconf 77' lang='grc' dir='ltr'>σοφίας</span> <span class='ocrx_word' id='word_1_90' title='bbox 629 1306 710 1370; x_wconf 83' lang='grc' dir='ltr'><strong>είς</strong></span> <span class='ocrx_word' id='word_1_91' title='bbox 757 1306 960 1378; x_wconf 84' lang='grc' dir='ltr'>μέθην·</span> <span class='ocrx_word' id='word_1_92' title='bbox 1004 1306 1100 1360; x_wconf 74' lang='lat' dir='ltr'><strong>xui.</strong></span> <span class='ocrx_word' id='word_1_93' title='bbox 1132 1304 1303 1372; x_wconf 77' lang='grc' dir='ltr'>οὕτως</span> <span class='ocrx_word' id='word_1_94' title='bbox 1350 1307 1507 1362; x_wconf 70' lang='grc' dir='ltr'>ἔσται</span> <span class='ocrx_word' id='word_1_95' title='bbox 1552 1310 1738 1365; x_wconf 81' lang='grc' dir='ltr'>πιστὸν</span> <span class='ocrx_word' id='word_1_96' title='bbox 1767 1310 1828 1364; x_wconf 82' lang='grc' dir='ltr'>τὸ</span> 
     </span>
    </p>
   </div>
   <div class='ocr_carea' id='block_1_15' title="bbox 251 1396 1825 1471">
    <p class='ocr_par' dir='ltr' id='par_1_15' title="bbox 251 1396 1825 1471">
     <span class='ocr_line' id='line_1_16' title="bbox 251 1396 1825 1471; baseline 0.004 -20"><span class='ocrx_word' id='word_1_97' title='bbox 251 1396 394 1469; x_wconf 75' lang='grc' dir='ltr'>ὕδωρ</span> <span class='ocrx_word' id='word_1_98' title='bbox 441 1397 640 1452; x_wconf 81' lang='grc' dir='ltr'>αὐτοῦ·</span> <span class='ocrx_word' id='word_1_99' title='bbox 693 1398 919 1469; x_wconf 81' lang='grc' dir='ltr'>βασιλέα</span> <span class='ocrx_word' id='word_1_100' title='bbox 972 1399 1123 1471; x_wconf 70' lang='grc' dir='ltr'>μετὰ</span> <span class='ocrx_word' id='word_1_101' title='bbox 1152 1399 1310 1471; x_wconf 81' lang='grc' dir='ltr'>δόξης</span> <span class='ocrx_word' id='word_1_102' title='bbox 1363 1401 1591 1471; x_wconf 76' lang='grc' dir='ltr'>δψεται,</span> <span class='ocrx_word' id='word_1_103' title='bbox 1644 1404 1740 1457; x_wconf 70' lang='grc' dir='ltr'>καὶ</span> <span class='ocrx_word' id='word_1_104' title='bbox 1775 1404 1825 1459; x_wconf 85' lang='lat' dir='ltr'><strong>oi</strong></span> 
     </span>
    </p>
   </div>
   <div class='ocr_carea' id='block_1_16' title="bbox 247 1486 1827 1565">
    <p class='ocr_par' dir='ltr' id='par_1_16' title="bbox 247 1486 1827 1565">
     <span class='ocr_line' id='line_1_17' title="bbox 247 1486 1827 1565; baseline 0.006 -26"><span class='ocrx_word' id='word_1_105' title='bbox 247 1486 519 1555; x_wconf 77' lang='grc' dir='ltr'>ὀφθαλμοὶ</span> <span class='ocrx_word' id='word_1_106' title='bbox 559 1488 723 1544; x_wconf 79' lang='grc' dir='ltr'>αὐτοῦ</span> <span class='ocrx_word' id='word_1_107' title='bbox 763 1490 867 1565; x_wconf 78' lang='grc' dir='ltr'>γῆν</span> <span class='ocrx_word' id='word_1_108' title='bbox 900 1490 1182 1562; x_wconf 75' lang='grc' dir='ltr'>πόρρωθεν</span> <span class='ocrx_word' id='word_1_109' title='bbox 1211 1491 1430 1561; x_wconf 74' lang='grc' dir='ltr'>δψονται</span> <span class='ocrx_word' id='word_1_110' title='bbox 1452 1508 1465 1522; x_wconf 90' lang='grc'><strong>·</strong></span> <span class='ocrx_word' id='word_1_111' title='bbox 1496 1492 1529 1565; x_wconf 74' lang='grc' dir='ltr'><strong>η</strong></span> <span class='ocrx_word' id='word_1_112' title='bbox 1555 1492 1699 1565; x_wconf 76' lang='grc' dir='ltr'>ψυχὴ</span> <span class='ocrx_word' id='word_1_113' title='bbox 1726 1494 1827 1549; x_wconf 81' lang='grc' dir='ltr'>αύ-</span> 
     </span>
    </p>
   </div>
   <div class='ocr_carea' id='block_1_17' title="bbox 246 1563 1827 1653">
    <p class='ocr_par' dir='ltr' id='par_1_17' title="bbox 246 1563 1827 1653">
     <span class='ocr_line' id='line_1_18' title="bbox 246 1563 1827 1653; baseline 0.008 -20"><span class='ocrx_word' id='word_1_114' title='bbox 246 1580 342 1635; x_wconf 83' lang='grc' dir='ltr'>τοῦ</span> <span class='ocrx_word' id='word_1_115' title='bbox 369 1582 653 1653; x_wconf 76' lang='grc' dir='ltr'>μελετήσει</span> <span class='ocrx_word' id='word_1_116' title='bbox 685 1563 899 1653; x_wconf 63' lang='grc' dir='ltr'>σοφίαν,</span> <span class='ocrx_word' id='word_1_117' title='bbox 934 1586 1030 1639; x_wconf 74' lang='grc' dir='ltr'>καὶ</span> <span class='ocrx_word' id='word_1_118' title='bbox 1060 1585 1348 1653; x_wconf 79' lang='grc' dir='ltr'>ἀναγγελεῖ</span> <span class='ocrx_word' id='word_1_119' title='bbox 1380 1563 1827 1645; x_wconf 12' lang='grc' dir='ltr'>πᾶσιήτδντόπον</span> 
     </span>
    </p>
   </div>
   <div class='ocr_carea' id='block_1_18' title="bbox 249 1669 1390 1747">
    <p class='ocr_par' dir='ltr' id='par_1_18' title="bbox 249 1669 1390 1747">
     <span class='ocr_line' id='line_1_19' title="bbox 249 1669 1390 1747; baseline 0.005 -20"><span class='ocrx_word' id='word_1_120' title='bbox 249 1673 343 1729; x_wconf 81' lang='grc' dir='ltr'>τὸν</span> <span class='ocrx_word' id='word_1_121' title='bbox 372 1674 615 1743; x_wconf 86' lang='grc' dir='ltr'>αίώνιον,</span> <span class='ocrx_word' id='word_1_122' title='bbox 646 1669 707 1729; x_wconf 74' lang='grc' dir='ltr'><strong>οὗ</strong></span> <span class='ocrx_word' id='word_1_123' title='bbox 738 1676 847 1731; x_wconf 89' lang='grc' dir='ltr'><strong>τῶν</strong></span> <span class='ocrx_word' id='word_1_124' title='bbox 880 1677 1019 1747; x_wconf 83' lang='grc' dir='ltr'>ὅρων</span> <span class='ocrx_word' id='word_1_125' title='bbox 1046 1677 1201 1742; x_wconf 82' lang='grc' dir='ltr'>ὲκτὺς</span> <span class='ocrx_word' id='word_1_126' title='bbox 1222 1678 1390 1733; x_wconf 79' lang='grc' dir='ltr'>οὐδέν.</span> 
     </span>
    </p>
   </div>
   <div class='ocr_carea' id='block_1_19' title="bbox 320 1780 1820 1855">
    <p class='ocr_par' dir='ltr' id='par_1_19' title="bbox 320 1780 1820 1855">
     <span class='ocr_line' id='line_1_20' title="bbox 320 1780 1820 1855; baseline 0.008 -22"><span class='ocrx_word' id='word_1_127' title='bbox 320 1781 423 1846; x_wconf 65' lang='grc' dir='ltr'><strong>ξω.</strong></span> <span class='ocrx_word' id='word_1_128' title='bbox 454 1780 514 1833; x_wconf 85' lang='lat' dir='ltr'><strong>Ei</strong></span> <span class='ocrx_word' id='word_1_129' title='bbox 542 1780 637 1835; x_wconf 78' lang='grc' dir='ltr'>οὖν</span> <span class='ocrx_word' id='word_1_130' title='bbox 665 1782 698 1852; x_wconf 81' lang='grc' dir='ltr'><strong>ὴ</strong></span> <span class='ocrx_word' id='word_1_131' title='bbox 734 1782 953 1837; x_wconf 84' lang='grc' dir='ltr'>παιδεία</span> <span class='ocrx_word' id='word_1_132' title='bbox 982 1784 1188 1855; x_wconf 78' lang='grc' dir='ltr'>Κυρίου</span> <span class='ocrx_word' id='word_1_133' title='bbox 1217 1786 1420 1855; x_wconf 90' lang='grc' dir='ltr'>ἀνοίγει</span> <span class='ocrx_word' id='word_1_134' title='bbox 1452 1786 1520 1841; x_wconf 87' lang='grc' dir='ltr'><strong>τά</strong></span> <span class='ocrx_word' id='word_1_135' title='bbox 1545 1783 1657 1843; x_wconf 79' lang='grc' dir='ltr'>ὦτα</span> <span class='ocrx_word' id='word_1_136' title='bbox 1686 1808 1820 1845; x_wconf 80' lang='grc' dir='ltr'>παν-</span> 
     </span>
    </p>
   </div>
   <div class='ocr_carea' id='block_1_20' title="bbox 248 1868 1822 1949">
    <p class='ocr_par' dir='ltr' id='par_1_20' title="bbox 248 1868 1822 1949">
     <span class='ocr_line' id='line_1_21' title="bbox 248 1868 1822 1949; baseline 0.008 -29"><span class='ocrx_word' id='word_1_137' title='bbox 248 1868 340 1934; x_wconf 70' lang='grc' dir='ltr'><strong>τὸς</strong></span> <span class='ocrx_word' id='word_1_138' title='bbox 371 1870 465 1923; x_wconf 83' lang='grc' dir='ltr'>τοῦ</span> <span class='ocrx_word' id='word_1_139' title='bbox 504 1872 839 1942; x_wconf 78' lang='grc' dir='ltr'>φοϐουμένου</span> <span class='ocrx_word' id='word_1_140' title='bbox 883 1873 1065 1941; x_wconf 78' lang='grc' dir='ltr'>αὐτὸν,</span> <span class='ocrx_word' id='word_1_141' title='bbox 1114 1877 1208 1930; x_wconf 79' lang='grc' dir='ltr'>καὶ</span> <span class='ocrx_word' id='word_1_142' title='bbox 1257 1870 1612 1949; x_wconf 83' lang='grc' dir='ltr'>προστίθησιν</span> <span class='ocrx_word' id='word_1_143' title='bbox 1664 1881 1822 1935; x_wconf 84' lang='grc' dir='ltr'>ὠτίον</span> 
     </span>
    </p>
   </div>
   <div class='ocr_carea' id='block_1_21' title="bbox 248 1962 1821 2036">
    <p class='ocr_par' dir='ltr' id='par_1_21' title="bbox 248 1962 1821 2036">
     <span class='ocr_line' id='line_1_22' title="bbox 248 1962 1821 2036; baseline 0.005 -19"><span class='ocrx_word' id='word_1_144' title='bbox 248 1962 396 2032; x_wconf 64' lang='grc' dir='ltr'><strong>αὒτῷ</strong></span> <span class='ocrx_word' id='word_1_145' title='bbox 423 1962 788 2034; x_wconf 65' lang='grc' dir='ltr'>τοῦἀκούειν,</span> <span class='ocrx_word' id='word_1_146' title='bbox 826 1968 921 2019; x_wconf 73' lang='grc' dir='ltr'><strong>καὶ</strong></span> <span class='ocrx_word' id='word_1_147' title='bbox 956 1968 1207 2036; x_wconf 82' lang='grc' dir='ltr'>γλῶσσαν</span> <span class='ocrx_word' id='word_1_148' title='bbox 1235 1969 1419 2023; x_wconf 83' lang='grc' dir='ltr'>δίδωσι</span> <span class='ocrx_word' id='word_1_149' title='bbox 1456 1971 1699 2035; x_wconf 81' lang='grc' dir='ltr'>παιδείας</span> <span class='ocrx_word' id='word_1_150' title='bbox 1728 1968 1821 2025; x_wconf 86' lang='grc' dir='ltr'>τοῦ</span> 
     </span>
    </p>
   </div>
   <div class='ocr_carea' id='block_1_22' title="bbox 248 2047 1824 2135">
    <p class='ocr_par' dir='ltr' id='par_1_22' title="bbox 248 2047 1824 2135">
     <span class='ocr_line' id='line_1_23' title="bbox 248 2047 1824 2135; baseline 0.007 -31"><span class='ocrx_word' id='word_1_151' title='bbox 248 2052 471 2122; x_wconf 84' lang='grc' dir='ltr'>γνῶναι,</span> <span class='ocrx_word' id='word_1_152' title='bbox 490 2053 652 2123; x_wconf 77' lang='grc' dir='ltr'>ἡνίκα</span> <span class='ocrx_word' id='word_1_153' title='bbox 681 2054 761 2109; x_wconf 75' lang='grc' dir='ltr'>δεῖ</span> <span class='ocrx_word' id='word_1_154' title='bbox 791 2057 965 2110; x_wconf 78' lang='grc' dir='ltr'>εἰπεῖν</span> <span class='ocrx_word' id='word_1_155' title='bbox 989 2057 1266 2125; x_wconf 86' lang='grc' dir='ltr'>λόγον,τίς</span> <span class='ocrx_word' id='word_1_156' title='bbox 1296 2060 1481 2131; x_wconf 77' lang='grc' dir='ltr'>ἔτερος</span> <span class='ocrx_word' id='word_1_157' title='bbox 1507 2047 1534 2115; x_wconf 85' lang='lat'><strong>6</strong></span> <span class='ocrx_word' id='word_1_158' title='bbox 1561 2062 1824 2135; x_wconf 82' lang='grc' dir='ltr'>ἀποστρὲ-</span> 
     </span>
    </p>
   </div>
   <div class='ocr_carea' id='block_1_23' title="bbox 250 2144 1819 2224">
    <p class='ocr_par' dir='ltr' id='par_1_23' title="bbox 250 2144 1819 2224">
     <span class='ocr_line' id='line_1_24' title="bbox 250 2144 1819 2224; baseline 0.01 -29"><span class='ocrx_word' id='word_1_159' title='bbox 250 2160 365 2211; x_wconf 87' lang='grc' dir='ltr'><strong>φων</strong></span> <span class='ocrx_word' id='word_1_160' title='bbox 398 2144 696 2217; x_wconf 74' lang='grc' dir='ltr'>φρονίμους</span> <span class='ocrx_word' id='word_1_161' title='bbox 722 2148 817 2202; x_wconf 72' lang='grc' dir='ltr'>καὶ</span> <span class='ocrx_word' id='word_1_162' title='bbox 845 2148 1044 2219; x_wconf 78' lang='grc' dir='ltr'>σοφοὺς</span> <span class='ocrx_word' id='word_1_163' title='bbox 1072 2148 1168 2205; x_wconf 84' lang='grc' dir='ltr'>τοῦ</span> <span class='ocrx_word' id='word_1_164' title='bbox 1196 2152 1399 2224; x_wconf 81' lang='grc' dir='ltr'>κόσμου</span> <span class='ocrx_word' id='word_1_165' title='bbox 1428 2155 1505 2217; x_wconf 83' lang='grc' dir='ltr'><strong>είς</strong></span> <span class='ocrx_word' id='word_1_166' title='bbox 1530 2155 1599 2209; x_wconf 85' lang='grc' dir='ltr'><strong>τά</strong></span> <span class='ocrx_word' id='word_1_167' title='bbox 1625 2155 1819 2222; x_wconf 85' lang='grc' dir='ltr'>ὀπίσω,</span> 
     </span>
    </p>
   </div>
   <div class='ocr_carea' id='block_1_24' title="bbox 248 2234 1823 2314">
    <p class='ocr_par' dir='ltr' id='par_1_24' title="bbox 248 2234 1823 2314">
     <span class='ocr_line' id='line_1_25' title="bbox 248 2234 1823 2314; baseline 0.011 -29"><span class='ocrx_word' id='word_1_168' title='bbox 248 2234 343 2287; x_wconf 84' lang='grc' dir='ltr'>καὶ</span> <span class='ocrx_word' id='word_1_169' title='bbox 370 2234 470 2306; x_wconf 79' lang='grc' dir='ltr'>τὴν</span> <span class='ocrx_word' id='word_1_170' title='bbox 494 2236 688 2306; x_wconf 76' lang='grc' dir='ltr'>σοφίαν</span> <span class='ocrx_word' id='word_1_171' title='bbox 722 2238 1010 2310; x_wconf 87' lang='grc' dir='ltr'>μωραίνων</span> <span class='ocrx_word' id='word_1_172' title='bbox 1043 2241 1223 2296; x_wconf 79' lang='grc' dir='ltr'>αὐτῶν</span> <span class='ocrx_word' id='word_1_173' title='bbox 1244 2281 1261 2309; x_wconf 95' lang='grc'><strong>,</strong></span> <span class='ocrx_word' id='word_1_174' title='bbox 1299 2245 1455 2314; x_wconf 89' lang='grc' dir='ltr'>μόνον</span> <span class='ocrx_word' id='word_1_175' title='bbox 1479 2246 1535 2299; x_wconf 73' lang='grc' dir='ltr'>δὲ</span> <span class='ocrx_word' id='word_1_176' title='bbox 1566 2246 1727 2301; x_wconf 80' lang='grc' dir='ltr'>ἱστῶν</span> <span class='ocrx_word' id='word_1_177' title='bbox 1752 2247 1823 2303; x_wconf 89' lang='grc' dir='ltr'><strong>τά</strong></span> 
     </span>
    </p>
   </div>
   <div class='ocr_carea' id='block_1_25' title="bbox 249 2324 1821 2406">
    <p class='ocr_par' dir='ltr' id='par_1_25' title="bbox 249 2324 1821 2406">
     <span class='ocr_line' id='line_1_26' title="bbox 249 2324 1821 2406; baseline 0.011 -29"><span class='ocrx_word' id='word_1_178' title='bbox 249 2324 473 2395; x_wconf 77' lang='grc' dir='ltr'>ῥήματα</span> <span class='ocrx_word' id='word_1_179' title='bbox 513 2327 624 2381; x_wconf 89' lang='grc' dir='ltr'><strong>τῶν</strong></span> <span class='ocrx_word' id='word_1_180' title='bbox 668 2328 867 2383; x_wconf 82' lang='grc' dir='ltr'>δούλων</span> <span class='ocrx_word' id='word_1_181' title='bbox 903 2331 1065 2389; x_wconf 78' lang='grc' dir='ltr'>αὐτοῦ</span> <span class='ocrx_word' id='word_1_182' title='bbox 1087 2371 1105 2401; x_wconf 85' lang='lat'><strong>,</strong></span> <span class='ocrx_word' id='word_1_183' title='bbox 1141 2333 1266 2388; x_wconf 82' lang='grc' dir='ltr'>,ἀλλ’</span> <span class='ocrx_word' id='word_1_184' title='bbox 1297 2334 1329 2406; x_wconf 72' lang='grc' dir='ltr'>ἢ</span> <span class='ocrx_word' id='word_1_185' title='bbox 1371 2336 1533 2402; x_wconf 76' lang='grc' dir='ltr'>αὐτὸς</span> <span class='ocrx_word' id='word_1_186' title='bbox 1576 2339 1606 2391; x_wconf 92' lang='lat'><strong>6</strong></span> <span class='ocrx_word' id='word_1_187' title='bbox 1652 2338 1821 2395; x_wconf 83' lang='grc' dir='ltr'>ποιῶν</span> 
     </span>
    </p>
   </div>
   <div class='ocr_carea' id='block_1_26' title="bbox 246 2416 1817 2506">
    <p class='ocr_par' dir='ltr' id='par_1_26' title="bbox 246 2416 1817 2506">
     <span class='ocr_line' id='line_1_27' title="bbox 246 2416 1817 2506; baseline 0.011 -37"><span class='ocrx_word' id='word_1_188' title='bbox 246 2416 413 2471; x_wconf 86' lang='grc' dir='ltr'>καινά</span> <span class='ocrx_word' id='word_1_189' title='bbox 437 2419 534 2473; x_wconf 81' lang='grc' dir='ltr'><strong>καὶ</strong></span> <span class='ocrx_word' id='word_1_190' title='bbox 571 2422 852 2492; x_wconf 81' lang='grc' dir='ltr'>παράδοξα</span> <span class='ocrx_word' id='word_1_191' title='bbox 885 2426 967 2489; x_wconf 82' lang='grc' dir='ltr'><strong>είς</strong></span> <span class='ocrx_word' id='word_1_192' title='bbox 1008 2426 1166 2495; x_wconf 82' lang='grc' dir='ltr'>δόξαν</span> <span class='ocrx_word' id='word_1_193' title='bbox 1193 2427 1379 2495; x_wconf 83' lang='grc' dir='ltr'>αὐτοῦ,</span> <span class='ocrx_word' id='word_1_194' title='bbox 1412 2431 1440 2483; x_wconf 88' lang='lat'><strong>6</strong></span> <span class='ocrx_word' id='word_1_195' title='bbox 1468 2432 1635 2486; x_wconf 89' lang='grc' dir='ltr'>ποιῶν</span> <span class='ocrx_word' id='word_1_196' title='bbox 1668 2425 1724 2486; x_wconf 75' lang='lat' dir='ltr'><strong>iv</strong></span> <span class='ocrx_word' id='word_1_197' title='bbox 1750 2436 1817 2506; x_wconf 80' lang='grc' dir='ltr'><strong>τῇ</strong></span> 
     </span>
    </p>
   </div>
   <div class='ocr_carea' id='block_1_27' title="bbox 248 2506 1819 2590">
    <p class='ocr_par' dir='ltr' id='par_1_27' title="bbox 248 2506 1819 2590">
     <span class='ocr_line' id='line_1_28' title="bbox 248 2506 1819 2590; baseline 0.011 -28"><span class='ocrx_word' id='word_1_198' title='bbox 248 2509 443 2581; x_wconf 64' lang='grc' dir='ltr'>ἐρήμῳ</span> <span class='ocrx_word' id='word_1_199' title='bbox 511 2511 604 2566; x_wconf 78' lang='grc' dir='ltr'>καὶ</span> <span class='ocrx_word' id='word_1_200' title='bbox 654 2513 795 2588; x_wconf 81' lang='grc' dir='ltr'>ξηρᾷ</span> <span class='ocrx_word' id='word_1_201' title='bbox 822 2514 1051 2590; x_wconf 73' lang='grc' dir='ltr'>,καρδίᾳ</span> <span class='ocrx_word' id='word_1_202' title='bbox 1115 2518 1235 2574; x_wconf 85' lang='grc' dir='ltr'>όδδν</span> <span class='ocrx_word' id='word_1_203' title='bbox 1291 2506 1670 2587; x_wconf 81' lang='grc' dir='ltr'>ταπεινώσεως</span> <span class='ocrx_word' id='word_1_204' title='bbox 1722 2524 1819 2578; x_wconf 79' lang='grc' dir='ltr'>καὶ</span> 
     </span>
    </p>
   </div>
   <div class='ocr_carea' id='block_1_28' title="bbox 247 2603 1816 2687">
    <p class='ocr_par' dir='ltr' id='par_1_28' title="bbox 247 2603 1816 2687">
     <span class='ocr_line' id='line_1_29' title="bbox 247 2603 1816 2687; baseline 0.009 -34"><span class='ocrx_word' id='word_1_205' title='bbox 247 2603 586 2673; x_wconf 82' lang='grc' dir='ltr'>πραότητος,</span> <span class='ocrx_word' id='word_1_206' title='bbox 621 2606 677 2682; x_wconf 70' lang='grc' dir='ltr'>ἐν</span> <span class='ocrx_word' id='word_1_207' title='bbox 704 2606 761 2659; x_wconf 83' lang='grc' dir='ltr'>δὲ</span> <span class='ocrx_word' id='word_1_208' title='bbox 811 2610 875 2677; x_wconf 80' lang='grc' dir='ltr'><strong>τῇ</strong></span> <span class='ocrx_word' id='word_1_209' title='bbox 902 2608 1136 2681; x_wconf 80' lang='grc' dir='ltr'><strong>¹ἀνίκμῳ</strong></span> <span class='ocrx_word' id='word_1_210' title='bbox 1160 2652 1173 2673; x_wconf 84' lang='grc'><strong>,</strong></span> <span class='ocrx_word' id='word_1_211' title='bbox 1207 2612 1300 2665; x_wconf 75' lang='grc' dir='ltr'>καὶ</span> <span class='ocrx_word' id='word_1_212' title='bbox 1338 2612 1550 2684; x_wconf 79' lang='grc' dir='ltr'>ἀνύδρῳ</span> <span class='ocrx_word' id='word_1_213' title='bbox 1590 2614 1816 2687; x_wconf 80' lang='grc' dir='ltr'>διανοίᾳ,</span> 
     </span>
    </p>
   </div>
   <div class='ocr_carea' id='block_1_29' title="bbox 245 2693 1817 2773">
    <p class='ocr_par' dir='ltr' id='par_1_29' title="bbox 245 2693 1817 2773">
     <span class='ocr_line' id='line_1_30' title="bbox 245 2693 1817 2773; baseline 0.01 -29"><span class='ocrx_word' id='word_1_214' title='bbox 245 2693 532 2763; x_wconf 80' lang='grc' dir='ltr'>ποταμοὺς</span> <span class='ocrx_word' id='word_1_215' title='bbox 564 2695 754 2763; x_wconf 80' lang='grc' dir='ltr'>σοφίας</span> <span class='ocrx_word' id='word_1_216' title='bbox 786 2697 1026 2769; x_wconf 80' lang='grc' dir='ltr'>ἀρῤήτου</span> <span class='ocrx_word' id='word_1_217' title='bbox 1051 2740 1064 2764; x_wconf 89' lang='grc'><strong>,</strong></span> <span class='ocrx_word' id='word_1_218' title='bbox 1102 2700 1183 2765; x_wconf 85' lang='grc' dir='ltr'><strong>είς</strong></span> <span class='ocrx_word' id='word_1_219' title='bbox 1212 2701 1285 2754; x_wconf 80' lang='grc' dir='ltr'><strong>’τὸ</strong></span> <span class='ocrx_word' id='word_1_220' title='bbox 1316 2702 1531 2758; x_wconf 79' lang='grc' dir='ltr'>ποτίσάι</span> <span class='ocrx_word' id='word_1_221' title='bbox 1565 2703 1627 2757; x_wconf 80' lang='grc' dir='ltr'><strong>τὸ</strong></span> <span class='ocrx_word' id='word_1_222' title='bbox 1662 2704 1817 2773; x_wconf 77' lang='grc' dir='ltr'>γένος</span> 
     </span>
    </p>
   </div>
   <div class='ocr_carea' id='block_1_30' title="bbox 245 2783 1817 2867">
    <p class='ocr_par' dir='ltr' id='par_1_30' title="bbox 245 2783 1817 2867">
     <span class='ocr_line' id='line_1_31' title="bbox 245 2783 1817 2867; baseline 0.01 -31"><span class='ocrx_word' id='word_1_223' title='bbox 245 2783 410 2838; x_wconf 76' lang='grc' dir='ltr'>αὐτοῦ</span> <span class='ocrx_word' id='word_1_224' title='bbox 449 2786 509 2838; x_wconf 85' lang='grc' dir='ltr'>τὸ</span> <span class='ocrx_word' id='word_1_225' title='bbox 556 2787 843 2853; x_wconf 73' lang='grc' dir='ltr'>ἐκλεκτὸν,</span> <span class='ocrx_word' id='word_1_226' title='bbox 892 2791 1018 2844; x_wconf 84' lang='grc' dir='ltr'>λαὸν</span> <span class='ocrx_word' id='word_1_227' title='bbox 1070 2783 1132 2846; x_wconf 66' lang='grc' dir='ltr'><strong>’ὃν</strong></span> <span class='ocrx_word' id='word_1_228' title='bbox 1208 2796 1664 2867; x_wconf 70' lang='grc' dir='ltr'>περιεποιήσατο.</span> <span class='ocrx_word' id='word_1_229' title='bbox 1718 2797 1817 2861; x_wconf 83' lang='grc' dir='ltr'><strong>τάς</strong></span> 
     </span>
    </p>
   </div>
   <div class='ocr_carea' id='block_1_31' title="bbox 244 2876 1814 2957">
    <p class='ocr_par' dir='ltr' id='par_1_31' title="bbox 244 2876 1814 2957">
     <span class='ocr_line' id='line_1_32' title="bbox 244 2876 1814 2957; baseline 0.008 -28"><span class='ocrx_word' id='word_1_230' title='bbox 244 2876 447 2943; x_wconf 81' lang='grc' dir='ltr'>ἀρετὰς</span> <span class='ocrx_word' id='word_1_231' title='bbox 472 2879 634 2932; x_wconf 82' lang='grc' dir='ltr'>αὐτοῦ</span> <span class='ocrx_word' id='word_1_232' title='bbox 664 2880 1002 2951; x_wconf 76' lang='grc' dir='ltr'>διηγεῖσθαις</span> <span class='ocrx_word' id='word_1_233' title='bbox 1040 2885 1386 2956; x_wconf 83' lang='grc' dir='ltr'>Ἐμπροσθεν</span> <span class='ocrx_word' id='word_1_234' title='bbox 1411 2887 1518 2957; x_wconf 91' lang='grc' dir='ltr'><strong>γάρ</strong></span> <span class='ocrx_word' id='word_1_235' title='bbox 1549 2888 1655 2941; x_wconf 93' lang='grc' dir='ltr'><strong>τῶν</strong></span> <span class='ocrx_word' id='word_1_236' title='bbox 1680 2889 1814 2956; x_wconf 87' lang='grc' dir='ltr'>ἀγα-</span> 
     </span>
    </p>
   </div>
   <div class='ocr_carea' id='block_1_32' title="bbox 243 2964 1812 3054">
    <p class='ocr_par' dir='ltr' id='par_1_32' title="bbox 243 2964 1812 3054">
     <span class='ocr_line' id='line_1_33' title="bbox 243 2964 1812 3054; baseline 0.01 -35"><span class='ocrx_word' id='word_1_237' title='bbox 243 2964 474 3023; x_wconf 82' lang='grc' dir='ltr'>πώντων</span> <span class='ocrx_word' id='word_1_238' title='bbox 506 2970 599 3023; x_wconf 78' lang='grc' dir='ltr'>καὶ</span> <span class='ocrx_word' id='word_1_239' title='bbox 637 2972 986 3043; x_wconf 73' lang='grc' dir='ltr'>φοϐουμένων</span> <span class='ocrx_word' id='word_1_240' title='bbox 1015 2977 1177 3029; x_wconf 81' lang='grc' dir='ltr'>αὐτὸν</span> <span class='ocrx_word' id='word_1_241' title='bbox 1227 2977 1541 3047; x_wconf 79' lang='grc' dir='ltr'>πορεύεται,</span> <span class='ocrx_word' id='word_1_242' title='bbox 1572 2981 1667 3035; x_wconf 74' lang='grc' dir='ltr'>καὶ</span> <span class='ocrx_word' id='word_1_243' title='bbox 1713 2980 1812 3054; x_wconf 77' lang='grc' dir='ltr'>ὄρη</span> 
     </span>
    </p>
   </div>
   <div class='ocr_carea' id='block_1_33' title="bbox 243 3058 1816 3139">
    <p class='ocr_par' dir='ltr' id='par_1_33' title="bbox 243 3058 1816 3139">
     <span class='ocr_line' id='line_1_34' title="bbox 243 3058 1816 3139; baseline 0.01 -28"><span class='ocrx_word' id='word_1_244' title='bbox 243 3058 434 3113; x_wconf 86' lang='grc' dir='ltr'>παθῶν</span> <span class='ocrx_word' id='word_1_245' title='bbox 473 3061 752 3131; x_wconf 80' lang='grc' dir='ltr'>όμαλίζει,</span> <span class='ocrx_word' id='word_1_246' title='bbox 792 3066 886 3117; x_wconf 76' lang='grc' dir='ltr'>καὶ</span> <span class='ocrx_word' id='word_1_247' title='bbox 922 3065 1088 3135; x_wconf 89' lang='grc' dir='ltr'>θύρας</span> <span class='ocrx_word' id='word_1_248' title='bbox 1128 3068 1337 3136; x_wconf 84' lang='grc' dir='ltr'>χαλκᾶς</span> <span class='ocrx_word' id='word_1_249' title='bbox 1375 3068 1649 3139; x_wconf 82' lang='grc' dir='ltr'>ἀγνωσίας</span> <span class='ocrx_word' id='word_1_250' title='bbox 1688 3064 1816 3126; x_wconf 18' lang='grc' dir='ltr'>συνν-</span> 
     </span>
    </p>
   </div>
   <div class='ocr_carea' id='block_1_34' title="bbox 1916 585 3492 670">
    <p class='ocr_par' dir='ltr' id='par_1_34' title="bbox 1916 585 3492 670">
     <span class='ocr_line' id='line_1_35' title="bbox 1916 585 3492 670; baseline 0.021 -32"><span class='ocrx_word' id='word_1_251' title='bbox 1916 585 2137 642; x_wconf 89' lang='lat' dir='ltr'><strong>dicendi</strong></span> <span class='ocrx_word' id='word_1_252' title='bbox 2182 588 2351 647; x_wconf 88' lang='lat' dir='ltr'><strong>Deum</strong></span> <span class='ocrx_word' id='word_1_253' title='bbox 2402 594 2718 669; x_wconf 85' lang='lat' dir='ltr'><strong>dispergere</strong></span> <span class='ocrx_word' id='word_1_254' title='bbox 2787 605 2997 660; x_wconf 88' lang='lat' dir='ltr'><strong>animas</strong></span> <span class='ocrx_word' id='word_1_255' title='bbox 3063 610 3374 668; x_wconf 75' lang='lat' dir='ltr'><strong>esurientes</strong></span> <span class='ocrx_word' id='word_1_256' title='bbox 3436 624 3492 670; x_wconf 82' lang='lat' dir='ltr'><strong>et</strong></span> 
     </span>
    </p>
   </div>
   <div class='ocr_carea' id='block_1_35' title="bbox 1915 680 3484 761">
    <p class='ocr_par' dir='ltr' id='par_1_35' title="bbox 1915 680 3484 761">
     <span class='ocr_line' id='line_1_36' title="bbox 1915 680 3484 761; baseline 0.018 -29"><span class='ocrx_word' id='word_1_257' title='bbox 1915 680 2129 737; x_wconf 82' lang='lat' dir='ltr'><strong>animas</strong></span> <span class='ocrx_word' id='word_1_258' title='bbox 2187 686 2436 744; x_wconf 72' lang='lat' dir='ltr'><strong>sitientes</strong></span> <span class='ocrx_word' id='word_1_259' title='bbox 2466 689 2742 748; x_wconf 70' lang='lat' dir='ltr'><strong>dimittere</strong></span> <span class='ocrx_word' id='word_1_260' title='bbox 2800 695 3012 758; x_wconf 82' lang='lat' dir='ltr'><strong>inanes.</strong></span> <span class='ocrx_word' id='word_1_261' title='bbox 3045 699 3259 757; x_wconf 85' lang='lat' dir='ltr'><strong>idcirco</strong></span> <span class='ocrx_word' id='word_1_262' title='bbox 3321 708 3484 761; x_wconf 81' lang='lat' dir='ltr'><strong>verba</strong></span> 
     </span>
    </p>
   </div>
   <div class='ocr_carea' id='block_1_36' title="bbox 1914 770 3495 866">
    <p class='ocr_par' dir='ltr' id='par_1_36' title="bbox 1914 770 3495 866">
     <span class='ocr_line' id='line_1_37' title="bbox 1914 770 3495 866; baseline 0.02 -43"><span class='ocrx_word' id='word_1_263' title='bbox 1914 770 2061 827; x_wconf 88' lang='lat' dir='ltr'><strong>illius</strong></span> <span class='ocrx_word' id='word_1_264' title='bbox 2121 776 2343 831; x_wconf 87' lang='lat' dir='ltr'><strong>stabunt</strong></span> <span class='ocrx_word' id='word_1_265' title='bbox 2396 780 2465 835; x_wconf 87' lang='lat' dir='ltr'><strong>ad</strong></span> <span class='ocrx_word' id='word_1_266' title='bbox 2529 784 2823 841; x_wconf 72' lang='lat' dir='ltr'><strong>utilitatem</strong></span> <span class='ocrx_word' id='word_1_267' title='bbox 2882 789 3203 858; x_wconf 89' lang='lat' dir='ltr'><strong>multorum,</strong></span> <span class='ocrx_word' id='word_1_268' title='bbox 3237 796 3495 866; x_wconf 82' lang='lat' dir='ltr'><strong>quamvis</strong></span> 
     </span>
    </p>
   </div>
   <div class='ocr_carea' id='block_1_37' title="bbox 1914 866 2775 945">
    <p class='ocr_par' dir='ltr' id='par_1_37' title="bbox 1914 866 2775 945">
     <span class='ocr_line' id='line_1_38' title="bbox 1914 866 2775 945; baseline 0.024 -29"><span class='ocrx_word' id='word_1_269' title='bbox 1914 878 2020 919; x_wconf 90' lang='lat' dir='ltr'><strong>non</strong></span> <span class='ocrx_word' id='word_1_270' title='bbox 2044 866 2294 936; x_wconf 85' lang='lat' dir='ltr'><strong>placeant</strong></span> <span class='ocrx_word' id='word_1_271' title='bbox 2328 874 2775 945; x_wconf 87' lang='lat' dir='ltr'><strong>malignantibus.</strong></span> 
     </span>
    </p>
   </div>
   <div class='ocr_carea' id='block_1_38' title="bbox 1986 1135 3488 1217">
    <p class='ocr_par' dir='ltr' id='par_1_38' title="bbox 1986 1135 3488 1217">
     <span class='ocr_line' id='line_1_39' title="bbox 1986 1135 3488 1217; baseline 0.012 -25"><span class='ocrx_word' id='word_1_272' title='bbox 1986 1135 2078 1194; x_wconf 87' lang='lat'><strong>60.</strong></span> <span class='ocrx_word' id='word_1_273' title='bbox 2121 1138 2201 1194; x_wconf 89' lang='lat' dir='ltr'><strong>llli</strong></span> <span class='ocrx_word' id='word_1_274' title='bbox 2246 1142 2338 1211; x_wconf 86' lang='lat' dir='ltr'><strong>qui</strong></span> <span class='ocrx_word' id='word_1_275' title='bbox 2368 1141 2422 1198; x_wconf 92' lang='lat' dir='ltr'><strong>in</strong></span> <span class='ocrx_word' id='word_1_276' title='bbox 2457 1145 2673 1200; x_wconf 75' lang='lat' dir='ltr'><strong>excelsa</strong></span> <span class='ocrx_word' id='word_1_277' title='bbox 2704 1156 2871 1217; x_wconf 76' lang='lat' dir='ltr'><strong>petra:</strong></span> <span class='ocrx_word' id='word_1_278' title='bbox 2900 1150 3089 1208; x_wconf 65' lang='lat' dir='ltr'><strong>solidas</strong></span> <span class='ocrx_word' id='word_1_279' title='bbox 3128 1164 3356 1208; x_wconf 77' lang='lat' dir='ltr'><strong>caverna</strong></span> <span class='ocrx_word' id='word_1_280' title='bbox 3397 1155 3488 1210; x_wconf 85' lang='lat' dir='ltr'><strong>in-</strong></span> 
     </span>
    </p>
   </div>
   <div class='ocr_carea' id='block_1_39' title="bbox 1904 1230 3485 1310">
    <p class='ocr_par' dir='ltr' id='par_1_39' title="bbox 1904 1230 3485 1310">
     <span class='ocr_line' id='line_1_40' title="bbox 1904 1230 3485 1310; baseline 0.011 -25"><span class='ocrx_word' id='word_1_281' title='bbox 1904 1230 2143 1295; x_wconf 78' lang='lat' dir='ltr'><strong>habitat,</strong></span> <span class='ocrx_word' id='word_1_282' title='bbox 2175 1232 2394 1289; x_wconf 84' lang='lat' dir='ltr'><strong>dabitur</strong></span> <span class='ocrx_word' id='word_1_283' title='bbox 2456 1238 2625 1305; x_wconf 66' lang='lat' dir='ltr'><strong>panis,</strong></span> <span class='ocrx_word' id='word_1_284' title='bbox 2659 1240 2897 1297; x_wconf 52' lang='lat' dir='ltr'><strong>scienti-ac</strong></span> <span class='ocrx_word' id='word_1_285' title='bbox 2944 1245 3012 1298; x_wconf 84' lang='lat' dir='ltr'><strong>ad</strong></span> <span class='ocrx_word' id='word_1_286' title='bbox 3054 1245 3381 1310; x_wconf 83' lang='lat' dir='ltr'><strong>satietatem,</strong></span> <span class='ocrx_word' id='word_1_287' title='bbox 3428 1258 3485 1302; x_wconf 83' lang='lat' dir='ltr'><strong>et</strong></span> 
     </span>
    </p>
   </div>
   <div class='ocr_carea' id='block_1_40' title="bbox 1908 1327 3486 1410">
    <p class='ocr_par' dir='ltr' id='par_1_40' title="bbox 1908 1327 3486 1410">
     <span class='ocr_line' id='line_1_41' title="bbox 1908 1327 3486 1410; baseline 0.011 -30"><span class='ocrx_word' id='word_1_288' title='bbox 1908 1327 2049 1380; x_wconf 81' lang='lat' dir='ltr'><strong>calix</strong></span> <span class='ocrx_word' id='word_1_289' title='bbox 2104 1328 2387 1397; x_wconf 64' lang='lat' dir='ltr'><strong>sapientiae</strong></span> <span class='ocrx_word' id='word_1_290' title='bbox 2437 1330 2503 1383; x_wconf 84' lang='lat' dir='ltr'><strong>ad</strong></span> <span class='ocrx_word' id='word_1_291' title='bbox 2554 1331 2875 1389; x_wconf 86' lang='lat' dir='ltr'><strong>ebrietatem</strong></span> <span class='ocrx_word' id='word_1_292' title='bbox 2927 1353 2942 1391; x_wconf 90' lang='lat'><strong>:</strong></span> <span class='ocrx_word' id='word_1_293' title='bbox 2990 1348 3042 1393; x_wconf 91' lang='lat' dir='ltr'><strong>et</strong></span> <span class='ocrx_word' id='word_1_294' title='bbox 3095 1340 3177 1392; x_wconf 87' lang='lat' dir='ltr'><strong>sic</strong></span> <span class='ocrx_word' id='word_1_295' title='bbox 3227 1340 3486 1410; x_wconf 74' lang='lat' dir='ltr'><strong>potabilis</strong></span> 
     </span>
    </p>
   </div>
   <div class='ocr_carea' id='block_1_41' title="bbox 1909 1420 3479 1500">
    <p class='ocr_par' dir='ltr' id='par_1_41' title="bbox 1909 1420 3479 1500">
     <span class='ocr_line' id='line_1_42' title="bbox 1909 1420 3479 1500; baseline 0.008 -26"><span class='ocrx_word' id='word_1_296' title='bbox 1909 1422 2013 1474; x_wconf 91' lang='lat' dir='ltr'><strong>erit</strong></span> <span class='ocrx_word' id='word_1_297' title='bbox 2052 1433 2192 1489; x_wconf 87' lang='lat' dir='ltr'><strong>aqua</strong></span> <span class='ocrx_word' id='word_1_298' title='bbox 2228 1420 2407 1488; x_wconf 86' lang='lat' dir='ltr'><strong>illius;</strong></span> <span class='ocrx_word' id='word_1_299' title='bbox 2448 1437 2627 1491; x_wconf 88' lang='lat' dir='ltr'><strong>regem</strong></span> <span class='ocrx_word' id='word_1_300' title='bbox 2658 1425 2710 1479; x_wconf 88' lang='lat' dir='ltr'><strong>in</strong></span> <span class='ocrx_word' id='word_1_301' title='bbox 2771 1442 2867 1482; x_wconf 84' lang='lat' dir='ltr'><strong>sua</strong></span> <span class='ocrx_word' id='word_1_302' title='bbox 2916 1430 3203 1498; x_wconf 71' lang='lat' dir='ltr'><strong>majestate</strong></span> <span class='ocrx_word' id='word_1_303' title='bbox 3235 1432 3479 1500; x_wconf 77' lang='lat' dir='ltr'><strong>videbit,</strong></span> 
     </span>
    </p>
   </div>
   <div class='ocr_carea' id='block_1_42' title="bbox 1906 1516 3480 1594">
    <p class='ocr_par' dir='ltr' id='par_1_42' title="bbox 1906 1516 3480 1594">
     <span class='ocr_line' id='line_1_43' title="bbox 1906 1516 3480 1594; baseline 0.008 -25"><span class='ocrx_word' id='word_1_304' title='bbox 1906 1521 1960 1577; x_wconf 86' lang='lat' dir='ltr'><strong>et</strong></span> <span class='ocrx_word' id='word_1_305' title='bbox 1982 1516 2104 1583; x_wconf 87' lang='lat' dir='ltr'><strong>ejus</strong></span> <span class='ocrx_word' id='word_1_306' title='bbox 2124 1516 2270 1589; x_wconf 86' lang='lat' dir='ltr'><strong>oculi</strong></span> <span class='ocrx_word' id='word_1_307' title='bbox 2316 1524 2517 1572; x_wconf 74' lang='lat' dir='ltr'><strong>terram</strong></span> <span class='ocrx_word' id='word_1_308' title='bbox 2558 1519 2628 1573; x_wconf 90' lang='lat' dir='ltr'><strong>de</strong></span> <span class='ocrx_word' id='word_1_309' title='bbox 2681 1521 2841 1592; x_wconf 85' lang='lat' dir='ltr'><strong>longe</strong></span> <span class='ocrx_word' id='word_1_310' title='bbox 2888 1525 3245 1594; x_wconf 80' lang='lat' dir='ltr'><strong>prospicient,</strong></span> <span class='ocrx_word' id='word_1_311' title='bbox 3300 1529 3480 1583; x_wconf 80' lang='lat' dir='ltr'><strong>anima</strong></span> 
     </span>
    </p>
   </div>
   <div class='ocr_carea' id='block_1_43' title="bbox 1905 1607 3478 1682">
    <p class='ocr_par' dir='ltr' id='par_1_43' title="bbox 1905 1607 3478 1682">
     <span class='ocr_line' id='line_1_44' title="bbox 1905 1607 3478 1682; baseline 0.008 -20"><span class='ocrx_word' id='word_1_312' title='bbox 1905 1607 2025 1679; x_wconf 88' lang='lat' dir='ltr'><strong>ejus</strong></span> <span class='ocrx_word' id='word_1_313' title='bbox 2061 1608 2416 1665; x_wconf 78' lang='lat' dir='ltr'><strong>meditabitur</strong></span> <span class='ocrx_word' id='word_1_314' title='bbox 2462 1612 2810 1682; x_wconf 84' lang='lat' dir='ltr'><strong>sapientiam,</strong></span> <span class='ocrx_word' id='word_1_315' title='bbox 2845 1622 2899 1668; x_wconf 86' lang='lat' dir='ltr'><strong>et</strong></span> <span class='ocrx_word' id='word_1_316' title='bbox 2958 1616 3214 1675; x_wconf 82' lang='lat' dir='ltr'><strong>omnibus</strong></span> <span class='ocrx_word' id='word_1_317' title='bbox 3260 1633 3478 1675; x_wconf 71' lang='lat' dir='ltr'><strong>arumn-</strong></span> 
     </span>
    </p>
   </div>
   <div class='ocr_carea' id='block_1_44' title="bbox 1885 1700 3480 1777">
    <p class='ocr_par' dir='ltr' id='par_1_44' title="bbox 1885 1700 3480 1777">
     <span class='ocr_line' id='line_1_45' title="bbox 1885 1700 3480 1777; baseline 0.007 -22"><span class='ocrx_word' id='word_1_318' title='bbox 1885 1700 2060 1756; x_wconf 79' lang='lat' dir='ltr'><strong>-tiabit</strong></span> <span class='ocrx_word' id='word_1_319' title='bbox 2089 1701 2264 1757; x_wconf 90' lang='lat' dir='ltr'><strong>locum</strong></span> <span class='ocrx_word' id='word_1_320' title='bbox 2293 1703 2633 1770; x_wconf 83' lang='lat' dir='ltr'><strong>aeternitatis,</strong></span> <span class='ocrx_word' id='word_1_321' title='bbox 2657 1713 2812 1761; x_wconf 78' lang='lat' dir='ltr'><strong>extra</strong></span> <span class='ocrx_word' id='word_1_322' title='bbox 2836 1705 2998 1777; x_wconf 80' lang='lat' dir='ltr'><strong>cujus</strong></span> <span class='ocrx_word' id='word_1_323' title='bbox 3038 1706 3173 1764; x_wconf 84' lang='lat' dir='ltr'><strong>ﬂues</strong></span> <span class='ocrx_word' id='word_1_324' title='bbox 3206 1708 3342 1765; x_wconf 81' lang='lat' dir='ltr'><strong>nihil</strong></span> <span class='ocrx_word' id='word_1_325' title='bbox 3371 1718 3480 1766; x_wconf 86' lang='lat' dir='ltr'><strong>est.</strong></span> 
     </span>
    </p>
   </div>
   <div class='ocr_carea' id='block_1_45' title="bbox 1976 1788 3479 1870">
    <p class='ocr_par' dir='ltr' id='par_1_45' title="bbox 1976 1788 3479 1870">
     <span class='ocr_line' id='line_1_46' title="bbox 1976 1788 3479 1870; baseline 0.008 -25"><span class='ocrx_word' id='word_1_326' title='bbox 1976 1788 2067 1845; x_wconf 82' lang='lat' dir='ltr'><strong>6i.</strong></span> <span class='ocrx_word' id='word_1_327' title='bbox 2136 1789 2193 1847; x_wconf 90' lang='lat' dir='ltr'><strong>Si</strong></span> <span class='ocrx_word' id='word_1_328' title='bbox 2254 1793 2421 1864; x_wconf 87' lang='lat' dir='ltr'><strong>igitur</strong></span> <span class='ocrx_word' id='word_1_329' title='bbox 2483 1794 2771 1866; x_wconf 81' lang='lat' dir='ltr'><strong>disciplina</strong></span> <span class='ocrx_word' id='word_1_330' title='bbox 2827 1796 3041 1853; x_wconf 85' lang='lat' dir='ltr'><strong>Domini</strong></span> <span class='ocrx_word' id='word_1_331' title='bbox 3099 1801 3268 1870; x_wconf 79' lang='lat' dir='ltr'><strong>aperit</strong></span> <span class='ocrx_word' id='word_1_332' title='bbox 3319 1815 3479 1857; x_wconf 79' lang='lat' dir='ltr'><strong>sum</strong></span> 
     </span>
    </p>
   </div>
   <div class='ocr_carea' id='block_1_46' title="bbox 1902 1872 3477 1963">
    <p class='ocr_par' dir='ltr' id='par_1_46' title="bbox 1902 1872 3477 1963">
     <span class='ocr_line' id='line_1_47' title="bbox 1902 1872 3477 1963; baseline 0.004 -23"><span class='ocrx_word' id='word_1_333' title='bbox 1902 1872 2148 1940; x_wconf 84' lang='lat' dir='ltr'><strong>omnium</strong></span> <span class='ocrx_word' id='word_1_334' title='bbox 2183 1886 2277 1956; x_wconf 90' lang='lat' dir='ltr'><strong>qui</strong></span> <span class='ocrx_word' id='word_1_335' title='bbox 2309 1888 2501 1941; x_wconf 84' lang='lat' dir='ltr'><strong>timent</strong></span> <span class='ocrx_word' id='word_1_336' title='bbox 2531 1903 2678 1960; x_wconf 85' lang='lat' dir='ltr'><strong>eum,</strong></span> <span class='ocrx_word' id='word_1_337' title='bbox 2720 1890 2915 1959; x_wconf 85' lang='lat' dir='ltr'><strong>eisque</strong></span> <span class='ocrx_word' id='word_1_338' title='bbox 2957 1904 3120 1946; x_wconf 83' lang='lat' dir='ltr'><strong>aures</strong></span> <span class='ocrx_word' id='word_1_339' title='bbox 3167 1892 3477 1963; x_wconf 76' lang='lat' dir='ltr'><strong>suppeditat</strong></span> 
     </span>
    </p>
   </div>
   <div class='ocr_carea' id='block_1_47' title="bbox 1904 1976 3472 2052">
    <p class='ocr_par' dir='ltr' id='par_1_47' title="bbox 1904 1976 3472 2052">
     <span class='ocr_line' id='line_1_48' title="bbox 1904 1976 3472 2052; baseline 0.007 -23"><span class='ocrx_word' id='word_1_340' title='bbox 1904 1976 1969 2029; x_wconf 79' lang='lat' dir='ltr'><strong>sd</strong></span> <span class='ocrx_word' id='word_1_341' title='bbox 2001 1977 2359 2045; x_wconf 89' lang='lat' dir='ltr'><strong>audiendum,</strong></span> <span class='ocrx_word' id='word_1_342' title='bbox 2397 1988 2452 2033; x_wconf 87' lang='lat' dir='ltr'><strong>et</strong></span> <span class='ocrx_word' id='word_1_343' title='bbox 2477 1979 2716 2050; x_wconf 87' lang='lat' dir='ltr'><strong>linguam</strong></span> <span class='ocrx_word' id='word_1_344' title='bbox 2747 1981 3052 2052; x_wconf 72' lang='lat' dir='ltr'><strong>disciplina:</strong></span> <span class='ocrx_word' id='word_1_345' title='bbox 3092 1984 3158 2036; x_wconf 86' lang='lat' dir='ltr'><strong>ad</strong></span> <span class='ocrx_word' id='word_1_346' title='bbox 3190 1985 3472 2040; x_wconf 79' lang='lat' dir='ltr'><strong>sciendum</strong></span> 
     </span>
    </p>
   </div>
   <div class='ocr_carea' id='block_1_48' title="bbox 1902 2069 3474 2147">
    <p class='ocr_par' dir='ltr' id='par_1_48' title="bbox 1902 2069 3474 2147">
     <span class='ocr_line' id='line_1_49' title="bbox 1902 2069 3474 2147; baseline 0.008 -25"><span class='ocrx_word' id='word_1_347' title='bbox 1902 2069 2123 2139; x_wconf 81' lang='lat' dir='ltr'><strong>quando</strong></span> <span class='ocrx_word' id='word_1_348' title='bbox 2162 2078 2413 2140; x_wconf 83' lang='lat' dir='ltr'><strong>oporteat</strong></span> <span class='ocrx_word' id='word_1_349' title='bbox 2461 2072 2607 2143; x_wconf 89' lang='lat' dir='ltr'><strong>loqui</strong></span> <span class='ocrx_word' id='word_1_350' title='bbox 2650 2075 2913 2139; x_wconf 81' lang='lat' dir='ltr'><strong>verbum;</strong></span> <span class='ocrx_word' id='word_1_351' title='bbox 2949 2076 3074 2146; x_wconf 84' lang='lat' dir='ltr'><strong>quis</strong></span> <span class='ocrx_word' id='word_1_352' title='bbox 3119 2069 3271 2147; x_wconf 74' lang='lat' dir='ltr'><strong>alius</strong></span> <span class='ocrx_word' id='word_1_353' title='bbox 3324 2086 3474 2134; x_wconf 77' lang='lat' dir='ltr'><strong>retro</strong></span> 
     </span>
    </p>
   </div>
   <div class='ocr_carea' id='block_1_49' title="bbox 1903 2157 3474 2241">
    <p class='ocr_par' dir='ltr' id='par_1_49' title="bbox 1903 2157 3474 2241">
     <span class='ocr_line' id='line_1_50' title="bbox 1903 2157 3474 2241; baseline 0.006 -24"><span class='ocrx_word' id='word_1_354' title='bbox 1903 2160 2091 2233; x_wconf 90' lang='lat' dir='ltr'><strong>dejicit</strong></span> <span class='ocrx_word' id='word_1_355' title='bbox 2138 2164 2433 2233; x_wconf 85' lang='lat' dir='ltr'><strong>prudentes</strong></span> <span class='ocrx_word' id='word_1_356' title='bbox 2474 2175 2529 2222; x_wconf 86' lang='lat' dir='ltr'><strong>et</strong></span> <span class='ocrx_word' id='word_1_357' title='bbox 2573 2159 2855 2238; x_wconf 82' lang='lat' dir='ltr'><strong>sapientes</strong></span> <span class='ocrx_word' id='word_1_358' title='bbox 2902 2168 3110 2235; x_wconf 88' lang='lat' dir='ltr'><strong>mundi,</strong></span> <span class='ocrx_word' id='word_1_359' title='bbox 3139 2157 3474 2241; x_wconf 74' lang='lat' dir='ltr'><strong>stultamque</strong></span> 
     </span>
    </p>
   </div>
   <div class='ocr_carea' id='block_1_50' title="bbox 1904 2250 3473 2325">
    <p class='ocr_par' dir='ltr' id='par_1_50' title="bbox 1904 2250 3473 2325">
     <span class='ocr_line' id='line_1_51' title="bbox 1904 2250 3473 2325; baseline 0.008 -21"><span class='ocrx_word' id='word_1_360' title='bbox 1904 2250 2032 2307; x_wconf 80' lang='lat' dir='ltr'><strong>facit</strong></span> <span class='ocrx_word' id='word_1_361' title='bbox 2058 2269 2247 2309; x_wconf 87' lang='lat' dir='ltr'><strong>eorum</strong></span> <span class='ocrx_word' id='word_1_362' title='bbox 2278 2258 2627 2325; x_wconf 81' lang='lat' dir='ltr'><strong>sapientiam,</strong></span> <span class='ocrx_word' id='word_1_363' title='bbox 2653 2258 2942 2313; x_wconf 79' lang='lat' dir='ltr'><strong>confirmat</strong></span> <span class='ocrx_word' id='word_1_364' title='bbox 2959 2274 3183 2316; x_wconf 83' lang='lat' dir='ltr'><strong>suorum</strong></span> <span class='ocrx_word' id='word_1_365' title='bbox 3207 2260 3473 2316; x_wconf 73' lang='lat' dir='ltr'><strong>duntaxat</strong></span> 
     </span>
    </p>
   </div>
   <div class='ocr_carea' id='block_1_51' title="bbox 1903 2343 3473 2424">
    <p class='ocr_par' dir='ltr' id='par_1_51' title="bbox 1903 2343 3473 2424">
     <span class='ocr_line' id='line_1_52' title="bbox 1903 2343 3473 2424; baseline 0.008 -29"><span class='ocrx_word' id='word_1_366' title='bbox 1903 2344 2066 2397; x_wconf 88' lang='lat' dir='ltr'><strong>verba</strong></span> <span class='ocrx_word' id='word_1_367' title='bbox 2100 2343 2453 2413; x_wconf 86' lang='lat' dir='ltr'><strong>famulorum,</strong></span> <span class='ocrx_word' id='word_1_368' title='bbox 2478 2346 2583 2402; x_wconf 87' lang='lat' dir='ltr'><strong>nisi</strong></span> <span class='ocrx_word' id='word_1_369' title='bbox 2614 2347 2701 2403; x_wconf 90' lang='lat' dir='ltr'><strong>ille</strong></span> <span class='ocrx_word' id='word_1_370' title='bbox 2725 2349 2816 2417; x_wconf 89' lang='lat' dir='ltr'><strong>qui</strong></span> <span class='ocrx_word' id='word_1_371' title='bbox 2853 2348 2983 2424; x_wconf 83' lang='lat' dir='ltr'><strong>facit</strong></span> <span class='ocrx_word' id='word_1_372' title='bbox 3028 2365 3167 2405; x_wconf 84' lang='lat' dir='ltr'><strong>nova</strong></span> <span class='ocrx_word' id='word_1_373' title='bbox 3190 2358 3244 2406; x_wconf 87' lang='lat' dir='ltr'><strong>et</strong></span> <span class='ocrx_word' id='word_1_374' title='bbox 3294 2351 3473 2423; x_wconf 85' lang='lat' dir='ltr'><strong>incre-</strong></span> 
     </span>
    </p>
   </div>
   <div class='ocr_carea' id='block_1_52' title="bbox 1901 2434 3471 2509">
    <p class='ocr_par' dir='ltr' id='par_1_52' title="bbox 1901 2434 3471 2509">
     <span class='ocr_line' id='line_1_53' title="bbox 1901 2434 3471 2509; baseline 0.006 -20"><span class='ocrx_word' id='word_1_375' title='bbox 1901 2434 2090 2491; x_wconf 81' lang='lat' dir='ltr'><strong>dibilia</strong></span> <span class='ocrx_word' id='word_1_376' title='bbox 2126 2436 2192 2490; x_wconf 89' lang='lat' dir='ltr'><strong>ad</strong></span> <span class='ocrx_word' id='word_1_377' title='bbox 2240 2452 2393 2491; x_wconf 88' lang='lat' dir='ltr'><strong>suam</strong></span> <span class='ocrx_word' id='word_1_378' title='bbox 2420 2438 2694 2509; x_wconf 72' lang='lat' dir='ltr'><strong>gloriam,</strong></span> <span class='ocrx_word' id='word_1_379' title='bbox 2739 2441 2828 2509; x_wconf 89' lang='lat' dir='ltr'><strong>qui</strong></span> <span class='ocrx_word' id='word_1_380' title='bbox 2859 2441 2990 2496; x_wconf 78' lang='lat' dir='ltr'><strong>facit</strong></span> <span class='ocrx_word' id='word_1_381' title='bbox 3055 2443 3110 2497; x_wconf 93' lang='lat' dir='ltr'><strong>in</strong></span> <span class='ocrx_word' id='word_1_382' title='bbox 3166 2443 3387 2497; x_wconf 76' lang='lat' dir='ltr'><strong>deserto</strong></span> <span class='ocrx_word' id='word_1_383' title='bbox 3417 2451 3471 2499; x_wconf 81' lang='lat' dir='ltr'><strong>at</strong></span> 
     </span>
    </p>
   </div>
   <div class='ocr_carea' id='block_1_53' title="bbox 1900 2527 3468 2597">
    <p class='ocr_par' dir='ltr' id='par_1_53' title="bbox 1900 2527 3468 2597">
     <span class='ocr_line' id='line_1_54' title="bbox 1900 2527 3468 2597; baseline 0.005 -13"><span class='ocrx_word' id='word_1_384' title='bbox 1900 2527 2058 2584; x_wconf 85' lang='lat' dir='ltr'><strong>arido</strong></span> <span class='ocrx_word' id='word_1_385' title='bbox 2086 2532 2251 2585; x_wconf 83' lang='lat' dir='ltr'><strong>corde</strong></span> <span class='ocrx_word' id='word_1_386' title='bbox 2284 2531 2426 2584; x_wconf 85' lang='lat' dir='ltr'><strong>viam</strong></span> <span class='ocrx_word' id='word_1_387' title='bbox 2453 2532 2781 2587; x_wconf 81' lang='lat' dir='ltr'><strong>humilitatis</strong></span> <span class='ocrx_word' id='word_1_388' title='bbox 2810 2543 2865 2587; x_wconf 90' lang='lat' dir='ltr'><strong>et</strong></span> <span class='ocrx_word' id='word_1_389' title='bbox 2894 2534 3355 2597; x_wconf 78' lang='lat' dir='ltr'><strong>mansuetudinis,</strong></span> <span class='ocrx_word' id='word_1_390' title='bbox 3413 2538 3468 2592; x_wconf 87' lang='lat' dir='ltr'><strong>in</strong></span> 
     </span>
    </p>
   </div>
   <div class='ocr_carea' id='block_1_54' title="bbox 1902 2621 3469 2697">
    <p class='ocr_par' dir='ltr' id='par_1_54' title="bbox 1902 2621 3469 2697">
     <span class='ocr_line' id='line_1_55' title="bbox 1902 2621 3469 2697; baseline 0.004 -22"><span class='ocrx_word' id='word_1_391' title='bbox 1902 2621 2046 2675; x_wconf 85' lang='lat' dir='ltr'><strong>sicca</strong></span> <span class='ocrx_word' id='word_1_392' title='bbox 2083 2629 2265 2676; x_wconf 83' lang='lat' dir='ltr'><strong>autem</strong></span> <span class='ocrx_word' id='word_1_393' title='bbox 2295 2630 2348 2677; x_wconf 88' lang='lat' dir='ltr'><strong>et</strong></span> <span class='ocrx_word' id='word_1_394' title='bbox 2384 2622 2644 2694; x_wconf 84' lang='lat' dir='ltr'><strong>inaquosa</strong></span> <span class='ocrx_word' id='word_1_395' title='bbox 2702 2634 2881 2691; x_wconf 81' lang='lat' dir='ltr'><strong>mente</strong></span> <span class='ocrx_word' id='word_1_396' title='bbox 2937 2624 3135 2682; x_wconf 84' lang='lat' dir='ltr'><strong>fluvios</strong></span> <span class='ocrx_word' id='word_1_397' title='bbox 3185 2627 3469 2697; x_wconf 69' lang='lat' dir='ltr'><strong>sapientiae</strong></span> 
     </span>
    </p>
   </div>
   <div class='ocr_carea' id='block_1_55' title="bbox 1901 2712 3467 2789">
    <p class='ocr_par' dir='ltr' id='par_1_55' title="bbox 1901 2712 3467 2789">
     <span class='ocr_line' id='line_1_56' title="bbox 1901 2712 3467 2789; baseline 0.004 -22"><span class='ocrx_word' id='word_1_398' title='bbox 1901 2712 2223 2779; x_wconf 71' lang='lat' dir='ltr'><strong>ineffabiles,</strong></span> <span class='ocrx_word' id='word_1_399' title='bbox 2252 2716 2317 2771; x_wconf 89' lang='lat' dir='ltr'><strong>ad</strong></span> <span class='ocrx_word' id='word_1_400' title='bbox 2351 2716 2647 2787; x_wconf 87' lang='lat' dir='ltr'><strong>potandum</strong></span> <span class='ocrx_word' id='word_1_401' title='bbox 2670 2733 2854 2789; x_wconf 79' lang='lat' dir='ltr'><strong>genus</strong></span> <span class='ocrx_word' id='word_1_402' title='bbox 2880 2734 3039 2775; x_wconf 88' lang='lat' dir='ltr'><strong>suum</strong></span> <span class='ocrx_word' id='word_1_403' title='bbox 3080 2721 3335 2782; x_wconf 84' lang='lat' dir='ltr'><strong>electum,</strong></span> <span class='ocrx_word' id='word_1_404' title='bbox 3366 2734 3467 2788; x_wconf 88' lang='lat' dir='ltr'><strong>po-</strong></span> 
     </span>
    </p>
   </div>
   <div class='ocr_carea' id='block_1_56' title="bbox 1902 2804 3471 2882">
    <p class='ocr_par' dir='ltr' id='par_1_56' title="bbox 1902 2804 3471 2882">
     <span class='ocr_line' id='line_1_57' title="bbox 1902 2804 3471 2882; baseline 0.005 -25"><span class='ocrx_word' id='word_1_405' title='bbox 1902 2804 2087 2872; x_wconf 82' lang='lat' dir='ltr'><strong>pulum</strong></span> <span class='ocrx_word' id='word_1_406' title='bbox 2114 2806 2202 2860; x_wconf 91' lang='lat' dir='ltr'><strong>cui</strong></span> <span class='ocrx_word' id='word_1_407' title='bbox 2227 2821 2413 2861; x_wconf 82' lang='lat' dir='ltr'><strong>curam</strong></span> <span class='ocrx_word' id='word_1_408' title='bbox 2442 2808 2674 2864; x_wconf 89' lang='lat' dir='ltr'><strong>credidit</strong></span> <span class='ocrx_word' id='word_1_409' title='bbox 2696 2824 2822 2866; x_wconf 81' lang='lat' dir='ltr'><strong>suas</strong></span> <span class='ocrx_word' id='word_1_410' title='bbox 2849 2810 3176 2882; x_wconf 68' lang='lat' dir='ltr'><strong>praedicandi</strong></span> <span class='ocrx_word' id='word_1_411' title='bbox 3203 2811 3471 2866; x_wconf 72' lang='lat' dir='ltr'><strong>virtutes?</strong></span> 
     </span>
    </p>
   </div>
   <div class='ocr_carea' id='block_1_57' title="bbox 1898 2895 3464 2972">
    <p class='ocr_par' dir='ltr' id='par_1_57' title="bbox 1898 2895 3464 2972">
     <span class='ocr_line' id='line_1_58' title="bbox 1898 2895 3464 2972; baseline 0.005 -22"><span class='ocrx_word' id='word_1_412' title='bbox 1898 2895 2145 2967; x_wconf 84' lang='lat' dir='ltr'><strong>Namque</strong></span> <span class='ocrx_word' id='word_1_413' title='bbox 2185 2911 2433 2956; x_wconf 84' lang='lat' dir='ltr'><strong>amantes</strong></span> <span class='ocrx_word' id='word_1_414' title='bbox 2464 2915 2527 2955; x_wconf 87' lang='lat' dir='ltr'><strong>ac</strong></span> <span class='ocrx_word' id='word_1_415' title='bbox 2574 2901 2831 2958; x_wconf 78' lang='lat' dir='ltr'><strong>timentes</strong></span> <span class='ocrx_word' id='word_1_416' title='bbox 2856 2917 2938 2957; x_wconf 39' lang='lat' dir='ltr'><strong>,se</strong></span> <span class='ocrx_word' id='word_1_417' title='bbox 2984 2903 3266 2972; x_wconf 60' lang='lat' dir='ltr'><strong>praecedit,</strong></span> <span class='ocrx_word' id='word_1_418' title='bbox 3304 2918 3464 2958; x_wconf 84' lang='lat' dir='ltr'><strong>mon-</strong></span> 
     </span>
    </p>
   </div>
   <div class='ocr_carea' id='block_1_58' title="bbox 1900 2976 3461 3066">
    <p class='ocr_par' dir='ltr' id='par_1_58' title="bbox 1900 2976 3461 3066">
     <span class='ocr_line' id='line_1_59' title="bbox 1900 2976 3461 3066; baseline 0.004 -21"><span class='ocrx_word' id='word_1_419' title='bbox 1900 2976 2359 3058; x_wconf 84' lang='lat' dir='ltr'><strong>tescupiditatum</strong></span> <span class='ocrx_word' id='word_1_420' title='bbox 2387 2990 2661 3063; x_wconf 84' lang='lat' dir='ltr'><strong>deprimit,</strong></span> <span class='ocrx_word' id='word_1_421' title='bbox 2707 3008 2875 3060; x_wconf 69' lang='lat' dir='ltr'><strong>aereas</strong></span> <span class='ocrx_word' id='word_1_422' title='bbox 2926 2994 3228 3064; x_wconf 79' lang='lat' dir='ltr'><strong>confringit</strong></span> <span class='ocrx_word' id='word_1_423' title='bbox 3274 3003 3461 3066; x_wconf 83' lang='lat' dir='ltr'><strong>portas</strong></span> 
     </span>
    </p>
   </div>
   <div class='ocr_carea' id='block_1_59' title="bbox 1904 3082 3465 3169">
    <p class='ocr_par' dir='ltr' id='par_1_59' title="bbox 1904 3082 3465 3169">
     <span class='ocr_line' id='line_1_60' title="bbox 1904 3082 3465 3169; baseline 0.006 -37"><span class='ocrx_word' id='word_1_424' title='bbox 1904 3083 2243 3169; x_wconf 59' lang='lat' dir='ltr'><strong>ignorantiae,</strong></span> <span class='ocrx_word' id='word_1_425' title='bbox 2274 3082 2477 3153; x_wconf 85' lang='lat' dir='ltr'><strong>januas</strong></span> <span class='ocrx_word' id='word_1_426' title='bbox 2508 3086 2683 3155; x_wconf 88' lang='lat' dir='ltr'><strong>aperit</strong></span> <span class='ocrx_word' id='word_1_427' title='bbox 2722 3087 2968 3142; x_wconf 68' lang='lat' dir='ltr'><strong>scientiae</strong></span> <span class='ocrx_word' id='word_1_428' title='bbox 2997 3086 3260 3157; x_wconf 87' lang='lat' dir='ltr'><strong>suipsius,</strong></span> <span class='ocrx_word' id='word_1_429' title='bbox 3295 3096 3349 3143; x_wconf 88' lang='lat' dir='ltr'><strong>et</strong></span> <span class='ocrx_word' id='word_1_430' title='bbox 3384 3086 3465 3142; x_wconf 90' lang='lat' dir='ltr'><strong>eis</strong></span> 
     </span>
    </p>
   </div>
   <div class='ocr_carea' id='block_1_60' title="bbox 239 3147 1810 3248">
    <p class='ocr_par' dir='ltr' id='par_1_60' title="bbox 239 3147 1808 3230">
     <span class='ocr_line' id='line_1_61' title="bbox 239 3147 1808 3230; baseline 0.01 -32"><span class='ocrx_word' id='word_1_431' title='bbox 239 3147 439 3217; x_wconf 78' lang='grc' dir='ltr'>τρίὸει,</span> <span class='ocrx_word' id='word_1_432' title='bbox 476 3150 571 3204; x_wconf 57' lang='grc' dir='ltr'><strong>καὶ⁵</strong></span> <span class='ocrx_word' id='word_1_433' title='bbox 610 3152 816 3221; x_wconf 87' lang='grc' dir='ltr'>ἀνοίγει</span> <span class='ocrx_word' id='word_1_434' title='bbox 854 3154 952 3223; x_wconf 78' lang='grc' dir='ltr'>τῆς</span> <span class='ocrx_word' id='word_1_435' title='bbox 986 3154 1154 3209; x_wconf 76' lang='grc' dir='ltr'>αὑτοῦ</span> <span class='ocrx_word' id='word_1_436' title='bbox 1189 3155 1445 3225; x_wconf 84' lang='grc' dir='ltr'>γνώσεως</span> <span class='ocrx_word' id='word_1_437' title='bbox 1492 3160 1589 3224; x_wconf 83' lang='grc' dir='ltr'>τὰς</span> <span class='ocrx_word' id='word_1_438' title='bbox 1622 3160 1808 3230; x_wconf 85' lang='grc' dir='ltr'>θύρας,</span> 
     </span>
    </p>
   </div>
   <div class='ocr_carea' id='block_1_61' title="bbox 1895 3147 3461 3248">
    <p class='ocr_par' dir='ltr' id='par_1_61' title="bbox 1903 3147 3461 3248">
     <span class='ocr_line' id='line_1_62' title="bbox 1903 3147 3461 3248; baseline 0.004 -20"><span class='ocrx_word' id='word_1_439' title='bbox 1903 3177 2102 3232; x_wconf 80' lang='lat' dir='ltr'><strong>revelat</strong></span> <span class='ocrx_word' id='word_1_440' title='bbox 2134 3147 2431 3234; x_wconf 50' lang='lat' dir='ltr'><strong>\thcsauros</strong></span> <span class='ocrx_word' id='word_1_441' title='bbox 2470 3178 2589 3247; x_wconf 84' lang='lat' dir='ltr'><strong>ejus</strong></span> <span class='ocrx_word' id='word_1_442' title='bbox 2630 3178 2896 3235; x_wconf 84' lang='lat' dir='ltr'><strong>obscuros</strong></span> <span class='ocrx_word' id='word_1_443' title='bbox 2951 3180 3371 3248; x_wconf 89' lang='lat' dir='ltr'><strong>reconditosque</strong></span> <span class='ocrx_word' id='word_1_444' title='bbox 3407 3188 3461 3234; x_wconf 90' lang='lat' dir='ltr'><strong>et</strong></span> 
     </span>
    </p>
   </div>
   <div class='ocr_carea' id='block_1_62' title="bbox 240 3239 1809 3320">
    <p class='ocr_par' dir='ltr' id='par_1_62' title="bbox 240 3239 1809 3320">
     <span class='ocr_line' id='line_1_63' title="bbox 240 3239 1809 3320; baseline 0.008 -28"><span class='ocrx_word' id='word_1_445' title='bbox 240 3239 335 3292; x_wconf 74' lang='grc' dir='ltr'>καὶ</span> <span class='ocrx_word' id='word_1_446' title='bbox 365 3240 741 3296; x_wconf 87' lang='grc' dir='ltr'>ἀνακαλύπτει</span> <span class='ocrx_word' id='word_1_447' title='bbox 766 3246 1274 3318; x_wconf 71' lang='grc' dir='ltr'>αὑτοίςὶθησαυροὺς</span> <span class='ocrx_word' id='word_1_448' title='bbox 1299 3248 1465 3320; x_wconf 84' lang='grc' dir='ltr'>αὐτῆς</span> <span class='ocrx_word' id='word_1_449' title='bbox 1486 3252 1809 3317; x_wconf 82' lang='grc' dir='ltr'>σκοτιινοὺς,</span> 
     </span>
    </p>
   </div>
   <div class='ocr_carea' id='block_1_63' title="bbox 241 3332 1812 3421">
    <p class='ocr_par' dir='ltr' id='par_1_63' title="bbox 241 3332 1812 3421">
     <span class='ocr_line' id='line_1_64' title="bbox 241 3332 1812 3421; baseline 0.009 -38"><span class='ocrx_word' id='word_1_450' title='bbox 241 3332 591 3402; x_wconf 81' lang='grc' dir='ltr'>ἀποκρύφους</span> <span class='ocrx_word' id='word_1_451' title='bbox 617 3352 675 3389; x_wconf 88' lang='grc' dir='ltr'><strong>τε</strong></span> <span class='ocrx_word' id='word_1_452' title='bbox 700 3338 797 3389; x_wconf 79' lang='grc' dir='ltr'>καὶ</span> <span class='ocrx_word' id='word_1_453' title='bbox 836 3339 1121 3408; x_wconf 85' lang='grc' dir='ltr'>ἀοράτους,</span> <span class='ocrx_word' id='word_1_454' title='bbox 1153 3340 1241 3393; x_wconf 82' lang='grc' dir='ltr'><strong>ῐνα</strong></span> <span class='ocrx_word' id='word_1_455' title='bbox 1271 3341 1467 3408; x_wconf 89' lang='grc' dir='ltr'>γνῶσιν</span> <span class='ocrx_word' id='word_1_456' title='bbox 1488 3384 1502 3409; x_wconf 93' lang='grc'><strong>,</strong></span> <span class='ocrx_word' id='word_1_457' title='bbox 1529 3343 1611 3421; x_wconf 77' lang='grc' dir='ltr'>ὅτι</span> <span class='ocrx_word' id='word_1_458' title='bbox 1651 3343 1812 3409; x_wconf 84' lang='grc' dir='ltr'>αὑτός</span> 
     </span>
    </p>
   </div>
   <div class='ocr_carea' id='block_1_64' title="bbox 240 3424 1807 3508">
    <p class='ocr_par' dir='ltr' id='par_1_64' title="bbox 240 3424 1807 3508">
     <span class='ocr_line' id='line_1_65' title="bbox 240 3424 1807 3508; baseline 0.011 -34"><span class='ocrx_word' id='word_1_459' title='bbox 240 3425 353 3475; x_wconf 67' lang='grc' dir='ltr'>ἐστι</span> <span class='ocrx_word' id='word_1_460' title='bbox 374 3424 580 3495; x_wconf 80' lang='grc' dir='ltr'>Κύριος</span> <span class='ocrx_word' id='word_1_461' title='bbox 606 3426 633 3477; x_wconf 98' lang='lat'><strong>6</strong></span> <span class='ocrx_word' id='word_1_462' title='bbox 651 3427 802 3491; x_wconf 78' lang='grc' dir='ltr'>Θεὸς,</span> <span class='ocrx_word' id='word_1_463' title='bbox 827 3428 854 3480; x_wconf 93' lang='lat'><strong>6</strong></span> <span class='ocrx_word' id='word_1_464' title='bbox 876 3429 1053 3483; x_wconf 88' lang='grc' dir='ltr'>καλῶν</span> <span class='ocrx_word' id='word_1_465' title='bbox 1077 3432 1135 3484; x_wconf 80' lang='grc' dir='ltr'>τὸ</span> <span class='ocrx_word' id='word_1_466' title='bbox 1156 3431 1326 3502; x_wconf 74' lang='grc' dir='ltr'>ὄνομα</span> <span class='ocrx_word' id='word_1_467' title='bbox 1355 3434 1534 3489; x_wconf 82' lang='grc' dir='ltr'>αὐτῶν</span> <span class='ocrx_word' id='word_1_468' title='bbox 1571 3436 1807 3508; x_wconf 80' lang='grc' dir='ltr'>Ἰσραήλ.</span> 
     </span>
    </p>
   </div>
   <div class='ocr_carea' id='block_1_65' title="bbox 307 3523 1811 3603">
    <p class='ocr_par' dir='ltr' id='par_1_65' title="bbox 307 3523 1811 3603">
     <span class='ocr_line' id='line_1_66' title="bbox 307 3523 1811 3603; baseline 0.01 -25"><span class='ocrx_word' id='word_1_469' title='bbox 307 3523 408 3593; x_wconf 71' lang='grc' dir='ltr'><strong>ξβο.</strong></span> <span class='ocrx_word' id='word_1_470' title='bbox 444 3528 539 3589; x_wconf 89' lang='grc' dir='ltr'>Τίς</span> <span class='ocrx_word' id='word_1_471' title='bbox 569 3529 595 3581; x_wconf 92' lang='lat'><strong>6</strong></span> <span class='ocrx_word' id='word_1_472' title='bbox 621 3530 907 3600; x_wconf 80' lang='grc' dir='ltr'>ταράσσων</span> <span class='ocrx_word' id='word_1_473' title='bbox 936 3532 1034 3603; x_wconf 83' lang='grc' dir='ltr'>τὴν</span> <span class='ocrx_word' id='word_1_474' title='bbox 1052 3534 1323 3588; x_wconf 86' lang='grc' dir='ltr'>θάλασσαν</span> <span class='ocrx_word' id='word_1_475' title='bbox 1348 3537 1454 3593; x_wconf 88' lang='grc' dir='ltr'><strong>τῶν</strong></span> <span class='ocrx_word' id='word_1_476' title='bbox 1476 3539 1683 3603; x_wconf 87' lang='grc' dir='ltr'>παθῶν,</span> <span class='ocrx_word' id='word_1_477' title='bbox 1716 3526 1811 3595; x_wconf 81' lang='grc' dir='ltr'><strong>καὶ</strong></span> 
     </span>
    </p>
   </div>
   <div class='ocr_carea' id='block_1_66' title="bbox 242 3614 1805 3701">
    <p class='ocr_par' dir='ltr' id='par_1_66' title="bbox 242 3614 1805 3701">
     <span class='ocr_line' id='line_1_67' title="bbox 242 3614 1805 3701; baseline 0.014 -35"><span class='ocrx_word' id='word_1_478' title='bbox 242 3614 403 3670; x_wconf 81' lang='grc' dir='ltr'>ἱστῶν</span> <span class='ocrx_word' id='word_1_479' title='bbox 464 3618 532 3670; x_wconf 89' lang='grc' dir='ltr'><strong>τά</strong></span> <span class='ocrx_word' id='word_1_480' title='bbox 572 3619 793 3689; x_wconf 87' lang='grc' dir='ltr'>κύματα</span> <span class='ocrx_word' id='word_1_481' title='bbox 836 3622 1037 3692; x_wconf 82' lang='grc' dir='ltr'>αύτῆς;</span> <span class='ocrx_word' id='word_1_482' title='bbox 1092 3625 1151 3678; x_wconf 85' lang='grc' dir='ltr'>Ὀ</span> <span class='ocrx_word' id='word_1_483' title='bbox 1199 3628 1458 3697; x_wconf 80' lang='grc' dir='ltr'>ῥυόμενος</span> <span class='ocrx_word' id='word_1_484' title='bbox 1510 3634 1633 3695; x_wconf 83' lang='grc' dir='ltr'>τοὺς</span> <span class='ocrx_word' id='word_1_485' title='bbox 1670 3635 1805 3701; x_wconf 79' lang='grc' dir='ltr'>ἀγα·</span> 
     </span>
    </p>
   </div>
   <div class='ocr_carea' id='block_1_67' title="bbox 238 3704 1809 3796">
    <p class='ocr_par' dir='ltr' id='par_1_67' title="bbox 238 3704 1809 3796">
     <span class='ocr_line' id='line_1_68' title="bbox 238 3704 1809 3796; baseline 0.013 -39"><span class='ocrx_word' id='word_1_486' title='bbox 238 3704 461 3771; x_wconf 85' lang='grc' dir='ltr'>πῶντας</span> <span class='ocrx_word' id='word_1_487' title='bbox 508 3710 679 3763; x_wconf 76' lang='grc' dir='ltr'>αὑτὸν</span> <span class='ocrx_word' id='word_1_488' title='bbox 706 3711 800 3765; x_wconf 80' lang='grc' dir='ltr'><strong>τοῦ</strong></span> <span class='ocrx_word' id='word_1_489' title='bbox 836 3714 1080 3767; x_wconf 84' lang='grc' dir='ltr'>κινδύνου</span> <span class='ocrx_word' id='word_1_490' title='bbox 1113 3716 1211 3784; x_wconf 80' lang='grc' dir='ltr'>τῆς</span> <span class='ocrx_word' id='word_1_491' title='bbox 1244 3719 1553 3789; x_wconf 77' lang='grc' dir='ltr'>ἁμαρτίας,</span> <span class='ocrx_word' id='word_1_492' title='bbox 1586 3726 1678 3776; x_wconf 77' lang='grc' dir='ltr'>καὶ</span> <span class='ocrx_word' id='word_1_493' title='bbox 1711 3724 1809 3796; x_wconf 80' lang='grc' dir='ltr'>τὴν</span> 
     </span>
    </p>
   </div>
   <div class='ocr_carea' id='block_1_68' title="bbox 240 3796 1804 3884">
    <p class='ocr_par' dir='ltr' id='par_1_68' title="bbox 240 3796 1804 3884">
     <span class='ocr_line' id='line_1_69' title="bbox 240 3796 1804 3884; baseline 0.012 -32"><span class='ocrx_word' id='word_1_494' title='bbox 240 3796 409 3869; x_wconf 81' lang='grc' dir='ltr'>ζάλην</span> <span class='ocrx_word' id='word_1_495' title='bbox 435 3802 543 3856; x_wconf 86' lang='grc' dir='ltr'><strong>τῶν</strong></span> <span class='ocrx_word' id='word_1_496' title='bbox 589 3802 862 3876; x_wconf 82' lang='grc' dir='ltr'>λογισμῶν</span> <span class='ocrx_word' id='word_1_497' title='bbox 890 3806 966 3868; x_wconf 81' lang='grc' dir='ltr'><strong>είς</strong></span> <span class='ocrx_word' id='word_1_498' title='bbox 994 3807 1236 3878; x_wconf 81' lang='grc' dir='ltr'>γαλήνην</span> <span class='ocrx_word' id='word_1_499' title='bbox 1269 3810 1436 3864; x_wconf 82' lang='grc' dir='ltr'>ποιῶν</span> <span class='ocrx_word' id='word_1_500' title='bbox 1460 3813 1669 3884; x_wconf 67' lang='grc' dir='ltr'>’Κύριος</span> <span class='ocrx_word' id='word_1_501' title='bbox 1702 3818 1804 3869; x_wconf 74' lang='grc' dir='ltr'><strong>Σαο</strong></span> 
     </span>
    </p>
   </div>
   <div class='ocr_carea' id='block_1_69' title="bbox 237 3889 1805 3975">
    <p class='ocr_par' dir='ltr' id='par_1_69' title="bbox 237 3889 1805 3975">
     <span class='ocr_line' id='line_1_70' title="bbox 237 3889 1805 3975; baseline 0.014 -35"><span class='ocrx_word' id='word_1_502' title='bbox 237 3889 407 3975; x_wconf 67' lang='grc' dir='ltr'>σαώθ·</span> <span class='ocrx_word' id='word_1_503' title='bbox 443 3893 472 3943; x_wconf 88' lang='lat'><strong>6</strong></span> <span class='ocrx_word' id='word_1_504' title='bbox 506 3892 630 3956; x_wconf 83' lang='grc' dir='ltr'>τοὺς</span> <span class='ocrx_word' id='word_1_505' title='bbox 662 3894 853 3962; x_wconf 78' lang='grc' dir='ltr'>λόγους</span> <span class='ocrx_word' id='word_1_506' title='bbox 882 3897 1046 3950; x_wconf 83' lang='grc' dir='ltr'>αὐτοῦ</span> <span class='ocrx_word' id='word_1_507' title='bbox 1073 3899 1242 3963; x_wconf 71' lang='grc' dir='ltr'>τιθεὶς</span> <span class='ocrx_word' id='word_1_508' title='bbox 1280 3902 1361 3965; x_wconf 77' lang='grc' dir='ltr'><strong>είς</strong></span> <span class='ocrx_word' id='word_1_509' title='bbox 1389 3902 1449 3955; x_wconf 87' lang='grc' dir='ltr'>τὸ</span> <span class='ocrx_word' id='word_1_510' title='bbox 1489 3906 1661 3975; x_wconf 83' lang='grc' dir='ltr'>στόμα</span> <span class='ocrx_word' id='word_1_511' title='bbox 1706 3908 1805 3962; x_wconf 86' lang='grc' dir='ltr'>αύ-</span> 
     </span>
    </p>
   </div>
   <div class='ocr_carea' id='block_1_70' title="bbox 236 3970 1806 4062">
    <p class='ocr_par' dir='ltr' id='par_1_70' title="bbox 236 3970 1806 4062">
     <span class='ocr_line' id='line_1_71' title="bbox 236 3970 1806 4062; baseline 0.018 -42"><span class='ocrx_word' id='word_1_512' title='bbox 236 3970 364 4036; x_wconf 84' lang='grc' dir='ltr'>τῶν,</span> <span class='ocrx_word' id='word_1_513' title='bbox 398 3975 493 4027; x_wconf 74' lang='grc' dir='ltr'>καὶ</span> <span class='ocrx_word' id='word_1_514' title='bbox 520 3975 734 4029; x_wconf 75' lang='grc' dir='ltr'>σκέπων</span> <span class='ocrx_word' id='word_1_515' title='bbox 768 3978 965 4041; x_wconf 84' lang='grc' dir='ltr'>αὐτοὺς</span> <span class='ocrx_word' id='word_1_516' title='bbox 993 3980 1097 4033; x_wconf 83' lang='grc' dir='ltr'><strong>ὑπὸ</strong></span> <span class='ocrx_word' id='word_1_517' title='bbox 1142 3982 1239 4052; x_wconf 80' lang='grc' dir='ltr'>τὴν</span> <span class='ocrx_word' id='word_1_518' title='bbox 1280 3986 1440 4039; x_wconf 90' lang='grc' dir='ltr'>σκιάν</span> <span class='ocrx_word' id='word_1_519' title='bbox 1472 3970 1806 4062; x_wconf 38' lang='grc' dir='ltr'>τῶν-χειρῶν</span> 
     </span>
    </p>
   </div>
   <div class='ocr_carea' id='block_1_71' title="bbox 235 4057 1803 4150">
    <p class='ocr_par' dir='ltr' id='par_1_71' title="bbox 235 4057 1803 4150">
     <span class='ocr_line' id='line_1_72' title="bbox 235 4057 1803 4150; baseline 0.015 -38"><span class='ocrx_word' id='word_1_520' title='bbox 235 4060 423 4126; x_wconf 79' lang='grc' dir='ltr'>αὐτοῦ,</span> <span class='ocrx_word' id='word_1_521' title='bbox 455 4064 514 4115; x_wconf 82' lang='grc' dir='ltr'>ὲν</span> <span class='ocrx_word' id='word_1_522' title='bbox 604 4064 796 4134; x_wconf 80' lang='grc' dir='ltr'>ἔστησε</span> <span class='ocrx_word' id='word_1_523' title='bbox 826 4066 918 4120; x_wconf 84' lang='grc' dir='ltr'>τὸν</span> <span class='ocrx_word' id='word_1_524' title='bbox 947 4070 1193 4139; x_wconf 80' lang='grc' dir='ltr'>οὐρανὸν,</span> <span class='ocrx_word' id='word_1_525' title='bbox 1227 4074 1319 4125; x_wconf 76' lang='grc' dir='ltr'><strong>καὶ</strong></span> <span class='ocrx_word' id='word_1_526' title='bbox 1350 4074 1446 4143; x_wconf 81' lang='grc' dir='ltr'>τὴν</span> <span class='ocrx_word' id='word_1_527' title='bbox 1476 4079 1577 4146; x_wconf 82' lang='grc' dir='ltr'>γῆν</span> <span class='ocrx_word' id='word_1_528' title='bbox 1607 4057 1803 4150; x_wconf 54' lang='grc' dir='ltr'>ἔθεμε-</span> 
     </span>
    </p>
   </div>
   <div class='ocr_carea' id='block_1_72' title="bbox 234 4153 1800 4242">
    <p class='ocr_par' dir='ltr' id='par_1_72' title="bbox 234 4153 1800 4242">
     <span class='ocr_line' id='line_1_73' title="bbox 234 4153 1800 4242; baseline 0.014 -36"><span class='ocrx_word' id='word_1_529' title='bbox 234 4153 451 4209; x_wconf 83' lang='grc' dir='ltr'>λίωσεν.</span> <span class='ocrx_word' id='word_1_530' title='bbox 490 4157 663 4221; x_wconf 79' lang='grc' dir='ltr'>Αὐτὸς</span> <span class='ocrx_word' id='word_1_531' title='bbox 694 4161 806 4223; x_wconf 85' lang='grc' dir='ltr'>τοῖς</span> <span class='ocrx_word' id='word_1_532' title='bbox 841 4160 1196 4232; x_wconf 77' lang='grc' dir='ltr'>φοϐουμένοις</span> <span class='ocrx_word' id='word_1_533' title='bbox 1226 4166 1386 4222; x_wconf 78' lang='grc' dir='ltr'>αὐτὸν</span> <span class='ocrx_word' id='word_1_534' title='bbox 1417 4168 1597 4225; x_wconf 83' lang='grc' dir='ltr'>δίδωσι</span> <span class='ocrx_word' id='word_1_535' title='bbox 1624 4174 1800 4242; x_wconf 87' lang='grc' dir='ltr'>γλῶσ-</span> 
     </span>
    </p>
   </div>
   <div class='ocr_carea' id='block_1_73' title="bbox 234 4247 1802 4321">
    <p class='ocr_par' dir='ltr' id='par_1_73' title="bbox 234 4247 1802 4321">
     <span class='ocr_line' id='line_1_74' title="bbox 234 4247 1802 4321; baseline 0.014 -24"><span class='ocrx_word' id='word_1_536' title='bbox 234 4262 331 4299; x_wconf 87' lang='grc' dir='ltr'><strong>σαν</strong></span> <span class='ocrx_word' id='word_1_537' title='bbox 362 4248 638 4311; x_wconf 87' lang='grc' dir='ltr'>παιδείας,</span> <span class='ocrx_word' id='word_1_538' title='bbox 674 4251 769 4301; x_wconf 74' lang='grc' dir='ltr'><strong>καὶ</strong></span> <span class='ocrx_word' id='word_1_539' title='bbox 793 4247 886 4313; x_wconf 78' lang='grc' dir='ltr'>οὖς</span> <span class='ocrx_word' id='word_1_540' title='bbox 919 4255 1187 4319; x_wconf 84' lang='grc' dir='ltr'>συνέσεως</span> <span class='ocrx_word' id='word_1_541' title='bbox 1219 4259 1298 4321; x_wconf 77' lang='grc' dir='ltr'><strong>εἰς</strong></span> <span class='ocrx_word' id='word_1_542' title='bbox 1328 4259 1387 4312; x_wconf 83' lang='grc' dir='ltr'>τὸ</span> <span class='ocrx_word' id='word_1_543' title='bbox 1428 4261 1643 4316; x_wconf 85' lang='grc' dir='ltr'>ἀκούειν</span> <span class='ocrx_word' id='word_1_544' title='bbox 1670 4266 1802 4319; x_wconf 79' lang='grc' dir='ltr'>ἀνω-</span> 
     </span>
    </p>
   </div>
   <div class='ocr_carea' id='block_1_74' title="bbox 231 4335 1801 4417">
    <p class='ocr_par' dir='ltr' id='par_1_74' title="bbox 231 4335 1801 4417">
     <span class='ocr_line' id='line_1_75' title="bbox 231 4335 1801 4417; baseline 0.015 -30"><span class='ocrx_word' id='word_1_545' title='bbox 231 4335 322 4388; x_wconf 90' lang='grc' dir='ltr'><strong>θεν</strong></span> <span class='ocrx_word' id='word_1_546' title='bbox 346 4337 449 4407; x_wconf 86' lang='grc' dir='ltr'><strong>τῆς</strong></span> <span class='ocrx_word' id='word_1_547' title='bbox 490 4342 675 4411; x_wconf 80' lang='grc' dir='ltr'>φωνῆς</span> <span class='ocrx_word' id='word_1_548' title='bbox 704 4342 888 4407; x_wconf 77' lang='grc' dir='ltr'>αὑτοῦ,</span> <span class='ocrx_word' id='word_1_549' title='bbox 921 4349 1015 4396; x_wconf 81' lang='grc' dir='ltr'>καὶ</span> <span class='ocrx_word' id='word_1_550' title='bbox 1041 4347 1403 4415; x_wconf 85' lang='grc' dir='ltr'>ἀπαγγέλλειν</span> <span class='ocrx_word' id='word_1_551' title='bbox 1433 4355 1513 4417; x_wconf 86' lang='grc' dir='ltr'><strong>είς</strong></span> <span class='ocrx_word' id='word_1_552' title='bbox 1542 4356 1631 4407; x_wconf 83' lang='grc' dir='ltr'>τὸν</span> <span class='ocrx_word' id='word_1_553' title='bbox 1655 4352 1801 4412; x_wconf 85' lang='grc' dir='ltr'>οἷκον</span> 
     </span>
    </p>
   </div>
   <div class='ocr_carea' id='block_1_75' title="bbox 242 4427 1800 4518">
    <p class='ocr_par' dir='ltr' id='par_1_75' title="bbox 242 4427 1800 4518">
     <span class='ocr_line' id='line_1_76' title="bbox 242 4427 1800 4518; baseline 0.014 -37"><span class='ocrx_word' id='word_1_554' title='bbox 242 4427 478 4494; x_wconf 76' lang='grc' dir='ltr'>Ἰακὼϐ,</span> <span class='ocrx_word' id='word_1_555' title='bbox 509 4432 608 4501; x_wconf 83' lang='grc' dir='ltr'>τὴν</span> <span class='ocrx_word' id='word_1_556' title='bbox 648 4431 755 4486; x_wconf 84' lang='grc' dir='ltr'><strong>τῶν</strong></span> <span class='ocrx_word' id='word_1_557' title='bbox 807 4436 1012 4489; x_wconf 85' lang='grc' dir='ltr'>πιστῶν</span> <span class='ocrx_word' id='word_1_558' title='bbox 1058 4439 1404 4509; x_wconf 84' lang='grc' dir='ltr'>Ἐκκλησίαν,</span> <span class='ocrx_word' id='word_1_559' title='bbox 1445 4445 1512 4497; x_wconf 86' lang='grc' dir='ltr'>τὰ</span> <span class='ocrx_word' id='word_1_560' title='bbox 1563 4451 1800 4518; x_wconf 85' lang='grc' dir='ltr'>προστά-</span> 
     </span>
    </p>
   </div>
   <div class='ocr_carea' id='block_1_76' title="bbox 1897 3265 3463 3339">
    <p class='ocr_par' dir='ltr' id='par_1_76' title="bbox 1897 3265 3463 3339">
     <span class='ocr_line' id='line_1_77' title="bbox 1897 3265 3463 3339; baseline 0.003 -18"><span class='ocrx_word' id='word_1_561' title='bbox 1897 3265 2224 3333; x_wconf 81' lang='lat' dir='ltr'><strong>invisibiles,</strong></span> <span class='ocrx_word' id='word_1_562' title='bbox 2250 3278 2311 3324; x_wconf 91' lang='lat' dir='ltr'><strong>ut</strong></span> <span class='ocrx_word' id='word_1_563' title='bbox 2343 3269 2521 3324; x_wconf 86' lang='lat' dir='ltr'><strong>sciant</strong></span> <span class='ocrx_word' id='word_1_564' title='bbox 2573 3267 2752 3339; x_wconf 88' lang='lat' dir='ltr'><strong>ipsum</strong></span> <span class='ocrx_word' id='word_1_565' title='bbox 2792 3284 2919 3325; x_wconf 83' lang='lat' dir='ltr'><strong>esse</strong></span> <span class='ocrx_word' id='word_1_566' title='bbox 2947 3266 3235 3324; x_wconf 84' lang='lat' dir='ltr'><strong>Dominum</strong></span> <span class='ocrx_word' id='word_1_567' title='bbox 3271 3269 3463 3337; x_wconf 83' lang='lat' dir='ltr'><strong>Deum,</strong></span> 
     </span>
    </p>
   </div>
   <div class='ocr_carea' id='block_1_77' title="bbox 1898 3360 2843 3434">
    <p class='ocr_par' dir='ltr' id='par_1_77' title="bbox 1898 3360 2843 3434">
     <span class='ocr_line' id='line_1_78' title="bbox 1898 3360 2843 3434; baseline 0.001 -19"><span class='ocrx_word' id='word_1_568' title='bbox 1898 3364 1991 3434; x_wconf 90' lang='lat' dir='ltr'><strong>qui</strong></span> <span class='ocrx_word' id='word_1_569' title='bbox 2023 3371 2178 3417; x_wconf 85' lang='lat' dir='ltr'><strong>vocat</strong></span> <span class='ocrx_word' id='word_1_570' title='bbox 2208 3376 2402 3416; x_wconf 90' lang='lat' dir='ltr'><strong>nomen</strong></span> <span class='ocrx_word' id='word_1_571' title='bbox 2430 3376 2619 3419; x_wconf 87' lang='lat' dir='ltr'><strong>eorum</strong></span> <span class='ocrx_word' id='word_1_572' title='bbox 2656 3360 2843 3417; x_wconf 87' lang='lat' dir='ltr'><strong>Israel.</strong></span> 
     </span>
    </p>
   </div>
   <div class='ocr_carea' id='block_1_78' title="bbox 1967 3538 3463 3611">
    <p class='ocr_par' dir='ltr' id='par_1_78' title="bbox 1967 3538 3463 3611">
     <span class='ocr_line' id='line_1_79' title="bbox 1967 3538 3463 3611; baseline 0.003 -18"><span class='ocrx_word' id='word_1_573' title='bbox 1967 3538 2054 3595; x_wconf 70' lang='lat'><strong>62.</strong></span> <span class='ocrx_word' id='word_1_574' title='bbox 2091 3538 2225 3605; x_wconf 83' lang='lat' dir='ltr'><strong>Quis</strong></span> <span class='ocrx_word' id='word_1_575' title='bbox 2260 3539 2552 3594; x_wconf 89' lang='lat' dir='ltr'><strong>conturbat</strong></span> <span class='ocrx_word' id='word_1_576' title='bbox 2581 3554 2730 3595; x_wconf 90' lang='lat' dir='ltr'><strong>mare</strong></span> <span class='ocrx_word' id='word_1_577' title='bbox 2757 3539 3118 3610; x_wconf 74' lang='lat' dir='ltr'><strong>cupiditatum</strong></span> <span class='ocrx_word' id='word_1_578' title='bbox 3159 3539 3463 3611; x_wconf 78' lang='lat' dir='ltr'><strong>ﬂuctusque</strong></span> 
     </span>
    </p>
   </div>
   <div class='ocr_carea' id='block_1_79' title="bbox 1892 3632 3459 3705">
    <p class='ocr_par' dir='ltr' id='par_1_79' title="bbox 1892 3632 3459 3705">
     <span class='ocr_line' id='line_1_80' title="bbox 1892 3632 3459 3705; baseline 0.001 -16"><span class='ocrx_word' id='word_1_579' title='bbox 1892 3633 2013 3703; x_wconf 89' lang='lat' dir='ltr'><strong>ejus</strong></span> <span class='ocrx_word' id='word_1_580' title='bbox 2047 3633 2363 3704; x_wconf 80' lang='lat' dir='ltr'><strong>componit?</strong></span> <span class='ocrx_word' id='word_1_581' title='bbox 2397 3632 2498 3699; x_wconf 89' lang='lat' dir='ltr'><strong>Qui</strong></span> <span class='ocrx_word' id='word_1_582' title='bbox 2534 3634 2673 3689; x_wconf 88' lang='lat' dir='ltr'><strong>eruit</strong></span> <span class='ocrx_word' id='word_1_583' title='bbox 2717 3633 3004 3703; x_wconf 83' lang='lat' dir='ltr'><strong>diligentes</strong></span> <span class='ocrx_word' id='word_1_584' title='bbox 3052 3650 3112 3690; x_wconf 90' lang='lat' dir='ltr'><strong>se</strong></span> <span class='ocrx_word' id='word_1_585' title='bbox 3154 3649 3183 3688; x_wconf 85' lang='lat' dir='ltr'><strong>a</strong></span> <span class='ocrx_word' id='word_1_586' title='bbox 3214 3637 3459 3705; x_wconf 84' lang='lat' dir='ltr'><strong>periculo</strong></span> 
     </span>
    </p>
   </div>
   <div class='ocr_carea' id='block_1_80' title="bbox 1892 3714 3462 3796">
    <p class='ocr_par' dir='ltr' id='par_1_80' title="bbox 1892 3714 3462 3796">
     <span class='ocr_line' id='line_1_81' title="bbox 1892 3714 3462 3796; baseline 0.003 -16"><span class='ocrx_word' id='word_1_587' title='bbox 1892 3725 2122 3795; x_wconf 78' lang='lat' dir='ltr'><strong>peccati,|</strong></span> <span class='ocrx_word' id='word_1_588' title='bbox 2164 3735 2217 3780; x_wconf 93' lang='lat' dir='ltr'><strong>et</strong></span> <span class='ocrx_word' id='word_1_589' title='bbox 2249 3726 2343 3794; x_wconf 91' lang='lat' dir='ltr'><strong>qui</strong></span> <span class='ocrx_word' id='word_1_590' title='bbox 2382 3714 2773 3795; x_wconf 84' lang='lat' dir='ltr'><strong>cogitationum</strong></span> <span class='ocrx_word' id='word_1_591' title='bbox 2818 3736 3187 3796; x_wconf 81' lang='lat' dir='ltr'><strong>tempestatem</strong></span> <span class='ocrx_word' id='word_1_592' title='bbox 3228 3727 3281 3781; x_wconf 91' lang='lat' dir='ltr'><strong>in</strong></span> <span class='ocrx_word' id='word_1_593' title='bbox 3313 3742 3462 3784; x_wconf 81' lang='lat' dir='ltr'><strong>sere-</strong></span> 
     </span>
    </p>
   </div>
   <div class='ocr_carea' id='block_1_81' title="bbox 1891 3817 3456 3889">
    <p class='ocr_par' dir='ltr' id='par_1_81' title="bbox 1891 3817 3456 3889">
     <span class='ocr_line' id='line_1_82' title="bbox 1891 3817 3456 3889; baseline 0.002 -18"><span class='ocrx_word' id='word_1_594' title='bbox 1891 3833 2022 3871; x_wconf 89' lang='lat' dir='ltr'><strong>num</strong></span> <span class='ocrx_word' id='word_1_595' title='bbox 2072 3820 2344 3872; x_wconf 82' lang='lat' dir='ltr'><strong>convertit</strong></span> <span class='ocrx_word' id='word_1_596' title='bbox 2399 3817 2661 3874; x_wconf 85' lang='lat' dir='ltr'><strong>Dominus</strong></span> <span class='ocrx_word' id='word_1_597' title='bbox 2694 3817 2955 3884; x_wconf 86' lang='lat' dir='ltr'><strong>Sabaoth,</strong></span> <span class='ocrx_word' id='word_1_598' title='bbox 2999 3819 3089 3889; x_wconf 90' lang='lat' dir='ltr'><strong>qui</strong></span> <span class='ocrx_word' id='word_1_599' title='bbox 3142 3821 3299 3873; x_wconf 88' lang='lat' dir='ltr'><strong>verba</strong></span> <span class='ocrx_word' id='word_1_600' title='bbox 3358 3835 3456 3874; x_wconf 80' lang='lat' dir='ltr'><strong>sua</strong></span> 
     </span>
    </p>
   </div>
   <div class='ocr_carea' id='block_1_82' title="bbox 1892 3907 3454 3980">
    <p class='ocr_par' dir='ltr' id='par_1_82' title="bbox 1892 3907 3454 3980">
     <span class='ocr_line' id='line_1_83' title="bbox 1892 3907 3454 3980; baseline -0.002 -15"><span class='ocrx_word' id='word_1_601' title='bbox 1892 3907 2045 3980; x_wconf 79' lang='lat' dir='ltr'><strong>ponit</strong></span> <span class='ocrx_word' id='word_1_602' title='bbox 2075 3908 2131 3962; x_wconf 93' lang='lat' dir='ltr'><strong>in</strong></span> <span class='ocrx_word' id='word_1_603' title='bbox 2168 3923 2263 3963; x_wconf 83' lang='lat' dir='ltr'><strong>ore</strong></span> <span class='ocrx_word' id='word_1_604' title='bbox 2312 3923 2526 3975; x_wconf 89' lang='lat' dir='ltr'><strong>eorum,</strong></span> <span class='ocrx_word' id='word_1_605' title='bbox 2571 3925 2774 3979; x_wconf 77' lang='lat' dir='ltr'><strong>eosque</strong></span> <span class='ocrx_word' id='word_1_606' title='bbox 2823 3910 3056 3979; x_wconf 87' lang='lat' dir='ltr'><strong>protegit</strong></span> <span class='ocrx_word' id='word_1_607' title='bbox 3105 3909 3208 3964; x_wconf 90' lang='lat' dir='ltr'><strong>sub</strong></span> <span class='ocrx_word' id='word_1_608' title='bbox 3261 3910 3454 3963; x_wconf 84' lang='lat' dir='ltr'><strong>umbra</strong></span> 
     </span>
    </p>
   </div>
   <div class='ocr_carea' id='block_1_83' title="bbox 1890 4000 3455 4071">
    <p class='ocr_par' dir='ltr' id='par_1_83' title="bbox 1890 4000 3455 4071">
     <span class='ocr_line' id='line_1_84' title="bbox 1890 4000 3455 4071; baseline 0.001 -18"><span class='ocrx_word' id='word_1_609' title='bbox 1890 4015 2146 4053; x_wconf 86' lang='lat' dir='ltr'><strong>manuum</strong></span> <span class='ocrx_word' id='word_1_610' title='bbox 2172 4014 2394 4054; x_wconf 84' lang='lat' dir='ltr'><strong>suarum</strong></span> <span class='ocrx_word' id='word_1_611' title='bbox 2420 4000 2616 4071; x_wconf 83' lang='lat' dir='ltr'><strong>quibus</strong></span> <span class='ocrx_word' id='word_1_612' title='bbox 2640 4000 2836 4054; x_wconf 68' lang='lat' dir='ltr'><strong>caelum</strong></span> <span class='ocrx_word' id='word_1_613' title='bbox 2864 4001 3125 4059; x_wconf 84' lang='lat' dir='ltr'><strong>stabilivit</strong></span> <span class='ocrx_word' id='word_1_614' title='bbox 3149 4010 3455 4066; x_wconf 76' lang='lat' dir='ltr'><strong>terramque</strong></span> 
     </span>
    </p>
   </div>
   <div class='ocr_carea' id='block_1_84' title="bbox 1890 4091 3457 4162">
    <p class='ocr_par' dir='ltr' id='par_1_84' title="bbox 1890 4091 3457 4162">
     <span class='ocr_line' id='line_1_85' title="bbox 1890 4091 3457 4162; baseline -0.001 -15"><span class='ocrx_word' id='word_1_615' title='bbox 1890 4092 2159 4147; x_wconf 85' lang='lat' dir='ltr'><strong>fundavit.</strong></span> <span class='ocrx_word' id='word_1_616' title='bbox 2195 4092 2312 4162; x_wconf 87' lang='lat' dir='ltr'><strong>Ipse</strong></span> <span class='ocrx_word' id='word_1_617' title='bbox 2350 4092 2669 4146; x_wconf 87' lang='lat' dir='ltr'><strong>timentibus</strong></span> <span class='ocrx_word' id='word_1_618' title='bbox 2707 4108 2765 4146; x_wconf 91' lang='lat' dir='ltr'><strong>se</strong></span> <span class='ocrx_word' id='word_1_619' title='bbox 2809 4092 2954 4146; x_wconf 83' lang='lat' dir='ltr'><strong>dedit</strong></span> <span class='ocrx_word' id='word_1_620' title='bbox 3000 4093 3236 4161; x_wconf 83' lang='lat' dir='ltr'><strong>linguam</strong></span> <span class='ocrx_word' id='word_1_621' title='bbox 3286 4091 3457 4145; x_wconf 82' lang='lat' dir='ltr'><strong>disci-</strong></span> 
     </span>
    </p>
   </div>
   <div class='ocr_carea' id='block_1_85' title="bbox 1889 4183 3454 4255">
    <p class='ocr_par' dir='ltr' id='par_1_85' title="bbox 1889 4183 3454 4255">
     <span class='ocr_line' id='line_1_86' title="bbox 1889 4183 3454 4255; baseline -0.001 -16"><span class='ocrx_word' id='word_1_622' title='bbox 1889 4185 2050 4255; x_wconf 58' lang='lat' dir='ltr'><strong>plinas</strong></span> <span class='ocrx_word' id='word_1_623' title='bbox 2071 4194 2125 4238; x_wconf 86' lang='lat' dir='ltr'><strong>et</strong></span> <span class='ocrx_word' id='word_1_624' title='bbox 2146 4199 2332 4239; x_wconf 86' lang='lat' dir='ltr'><strong>aurem</strong></span> <span class='ocrx_word' id='word_1_625' title='bbox 2360 4184 2751 4254; x_wconf 61' lang='lat' dir='ltr'><strong>intelligentia,</strong></span> <span class='ocrx_word' id='word_1_626' title='bbox 2777 4186 2842 4238; x_wconf 89' lang='lat' dir='ltr'><strong>ad</strong></span> <span class='ocrx_word' id='word_1_627' title='bbox 2865 4185 3188 4238; x_wconf 87' lang='lat' dir='ltr'><strong>audiendam</strong></span> <span class='ocrx_word' id='word_1_628' title='bbox 3217 4183 3454 4252; x_wconf 88' lang='lat' dir='ltr'><strong>desuper</strong></span> 
     </span>
    </p>
   </div>
   <div class='ocr_carea' id='block_1_86' title="bbox 1885 4273 3452 4341">
    <p class='ocr_par' dir='ltr' id='par_1_86' title="bbox 1885 4273 3452 4341">
     <span class='ocr_line' id='line_1_87' title="bbox 1885 4273 3452 4341; baseline 0 -13"><span class='ocrx_word' id='word_1_629' title='bbox 1885 4290 2069 4331; x_wconf 89' lang='lat' dir='ltr'><strong>vocem</strong></span> <span class='ocrx_word' id='word_1_630' title='bbox 2098 4292 2274 4341; x_wconf 86' lang='lat' dir='ltr'><strong>suam,</strong></span> <span class='ocrx_word' id='word_1_631' title='bbox 2306 4283 2358 4331; x_wconf 88' lang='lat' dir='ltr'><strong>et</strong></span> <span class='ocrx_word' id='word_1_632' title='bbox 2388 4276 2763 4331; x_wconf 84' lang='lat' dir='ltr'><strong>annuntianda</strong></span> <span class='ocrx_word' id='word_1_633' title='bbox 2810 4275 2863 4329; x_wconf 89' lang='lat' dir='ltr'><strong>in</strong></span> <span class='ocrx_word' id='word_1_634' title='bbox 2912 4276 3073 4329; x_wconf 89' lang='lat' dir='ltr'><strong>domo</strong></span> <span class='ocrx_word' id='word_1_635' title='bbox 3115 4273 3303 4339; x_wconf 69' lang='lat' dir='ltr'><strong>Iacob,</strong></span> <span class='ocrx_word' id='word_1_636' title='bbox 3354 4289 3452 4329; x_wconf 90' lang='lat' dir='ltr'><strong>seu</strong></span> 
     </span>
    </p>
   </div>
   <div class='ocr_carea' id='block_1_87' title="bbox 1887 4363 3448 4430">
    <p class='ocr_par' dir='ltr' id='par_1_87' title="bbox 1887 4363 3448 4430">
     <span class='ocr_line' id='line_1_88' title="bbox 1887 4363 3448 4430; baseline -0.001 -12"><span class='ocrx_word' id='word_1_637' title='bbox 1887 4363 2124 4418; x_wconf 89' lang='lat' dir='ltr'><strong>ildclium</strong></span> <span class='ocrx_word' id='word_1_638' title='bbox 2162 4364 2429 4430; x_wconf 85' lang='lat' dir='ltr'><strong>Ecclesia,</strong></span> <span class='ocrx_word' id='word_1_639' title='bbox 2465 4382 2564 4421; x_wconf 89' lang='lat' dir='ltr'><strong>sua</strong></span> <span class='ocrx_word' id='word_1_640' title='bbox 2596 4366 2870 4421; x_wconf 86' lang='lat' dir='ltr'><strong>mandata.</strong></span> <span class='ocrx_word' id='word_1_641' title='bbox 2907 4365 3116 4430; x_wconf 87' lang='lat' dir='ltr'><strong>Quibus</strong></span> <span class='ocrx_word' id='word_1_642' title='bbox 3164 4379 3290 4418; x_wconf 86' lang='lat' dir='ltr'><strong>vero</strong></span> <span class='ocrx_word' id='word_1_643' title='bbox 3342 4378 3448 4417; x_wconf 88' lang='lat' dir='ltr'><strong>non</strong></span> 
     </span>
    </p>
   </div>
   <div class='ocr_carea' id='block_1_88' title="bbox 1884 4454 3449 4522">
    <p class='ocr_par' dir='ltr' id='par_1_88' title="bbox 1884 4454 3449 4522">
     <span class='ocr_line' id='line_1_89' title="bbox 1884 4454 3449 4522; baseline -0.002 -11"><span class='ocrx_word' id='word_1_644' title='bbox 1884 4465 1967 4512; x_wconf 90' lang='lat' dir='ltr'><strong>est</strong></span> <span class='ocrx_word' id='word_1_645' title='bbox 2001 4458 2195 4511; x_wconf 83' lang='lat' dir='ltr'><strong>oculus</strong></span> <span class='ocrx_word' id='word_1_646' title='bbox 2256 4456 2322 4510; x_wconf 90' lang='lat' dir='ltr'><strong>ad</strong></span> <span class='ocrx_word' id='word_1_647' title='bbox 2375 4456 2637 4511; x_wconf 84' lang='lat' dir='ltr'><strong>videndos</strong></span> <span class='ocrx_word' id='word_1_648' title='bbox 2696 4457 2876 4512; x_wconf 88' lang='lat' dir='ltr'><strong>radios</strong></span> <span class='ocrx_word' id='word_1_649' title='bbox 2924 4455 3055 4510; x_wconf 86' lang='lat' dir='ltr'><strong>solis</strong></span> <span class='ocrx_word' id='word_1_650' title='bbox 3116 4454 3343 4522; x_wconf 69' lang='lat' dir='ltr'><strong>iustitia:</strong></span> <span class='ocrx_word' id='word_1_651' title='bbox 3394 4461 3449 4508; x_wconf 89' lang='lat' dir='ltr'><strong>et</strong></span> 
     </span>
    </p>
   </div>
   <div class='ocr_carea' id='block_1_89' title="bbox 226 4523 1810 4629">
    <p class='ocr_par' dir='ltr' id='par_1_89' title="bbox 226 4523 1799 4611">
     <span class='ocr_line' id='line_1_90' title="bbox 226 4523 1799 4611; baseline 0.016 -37"><span class='ocrx_word' id='word_1_652' title='bbox 226 4538 413 4589; x_wconf 87' lang='grc' dir='ltr'>γματα</span> <span class='ocrx_word' id='word_1_653' title='bbox 446 4524 652 4579; x_wconf 82' lang='grc' dir='ltr'>αὐτοῦ·</span> <span class='ocrx_word' id='word_1_654' title='bbox 700 4523 780 4592; x_wconf 75' lang='grc' dir='ltr'>οἷς</span> <span class='ocrx_word' id='word_1_655' title='bbox 824 4526 885 4583; x_wconf 79' lang='grc' dir='ltr'>δὲ</span> <span class='ocrx_word' id='word_1_656' title='bbox 910 4533 982 4603; x_wconf 86' lang='grc' dir='ltr'><strong>μὴ</strong></span> <span class='ocrx_word' id='word_1_657' title='bbox 1017 4533 1249 4606; x_wconf 81' lang='grc' dir='ltr'>ὑπάρχει</span> <span class='ocrx_word' id='word_1_658' title='bbox 1289 4538 1563 4611; x_wconf 81' lang='grc' dir='ltr'>ὀφθαλμὸς</span> <span class='ocrx_word' id='word_1_659' title='bbox 1614 4546 1693 4610; x_wconf 87' lang='grc' dir='ltr'><strong>είς</strong></span> <span class='ocrx_word' id='word_1_660' title='bbox 1738 4547 1799 4599; x_wconf 82' lang='grc' dir='ltr'>τὸ</span> 
     </span>
    </p>
   </div>
   <div class='ocr_carea' id='block_1_90' title="bbox 1895 4523 3449 4629">
    <p class='ocr_par' dir='ltr' id='par_1_90' title="bbox 1895 4545 3449 4617">
     <span class='ocr_line' id='line_1_91' title="bbox 1895 4545 3449 4617; baseline -0.002 -16"><span class='ocrx_word' id='word_1_661' title='bbox 1895 4551 2032 4604; x_wconf 66' lang='lat' dir='ltr'><strong>auris</strong></span> <span class='ocrx_word' id='word_1_662' title='bbox 2065 4549 2129 4603; x_wconf 92' lang='lat' dir='ltr'><strong>ad</strong></span> <span class='ocrx_word' id='word_1_663' title='bbox 2163 4549 2483 4603; x_wconf 84' lang='lat' dir='ltr'><strong>audiendam</strong></span> <span class='ocrx_word' id='word_1_664' title='bbox 2516 4548 2743 4617; x_wconf 85' lang='lat' dir='ltr'><strong>gloriam</strong></span> <span class='ocrx_word' id='word_1_665' title='bbox 2776 4546 2889 4608; x_wconf 79' lang='lat' dir='ltr'><strong>Dei,</strong></span> <span class='ocrx_word' id='word_1_666' title='bbox 2924 4547 2999 4600; x_wconf 90' lang='lat' dir='ltr'><strong>illi</strong></span> <span class='ocrx_word' id='word_1_667' title='bbox 3032 4545 3269 4599; x_wconf 87' lang='lat' dir='ltr'><strong>tenebris</strong></span> <span class='ocrx_word' id='word_1_668' title='bbox 3295 4546 3449 4614; x_wconf 84' lang='lat' dir='ltr'><strong>igno-</strong></span> 
     </span>
    </p>
   </div>
   <div class='ocr_carea' id='block_1_91' title="bbox 224 4614 1810 4709">
    <p class='ocr_par' dir='ltr' id='par_1_91' title="bbox 224 4614 1797 4703">
     <span class='ocr_line' id='line_1_92' title="bbox 224 4614 1797 4703; baseline 0.017 -37"><span class='ocrx_word' id='word_1_669' title='bbox 224 4614 359 4685; x_wconf 81' lang='grc' dir='ltr'>ὁρᾷν</span> <span class='ocrx_word' id='word_1_670' title='bbox 386 4615 490 4679; x_wconf 82' lang='grc' dir='ltr'>τὰς</span> <span class='ocrx_word' id='word_1_671' title='bbox 515 4619 741 4682; x_wconf 79' lang='grc' dir='ltr'>ἀκτῖνας</span> <span class='ocrx_word' id='word_1_672' title='bbox 766 4621 857 4675; x_wconf 83' lang='grc' dir='ltr'>τοῦ</span> <span class='ocrx_word' id='word_1_673' title='bbox 886 4624 1035 4693; x_wconf 76' lang='grc' dir='ltr'>ἡλίου</span> <span class='ocrx_word' id='word_1_674' title='bbox 1068 4627 1163 4696; x_wconf 83' lang='grc' dir='ltr'>τῆς</span> <span class='ocrx_word' id='word_1_675' title='bbox 1188 4627 1551 4703; x_wconf 82' lang='grc' dir='ltr'>δικαιοσύνης,</span> <span class='ocrx_word' id='word_1_676' title='bbox 1585 4638 1677 4689; x_wconf 69' lang='grc' dir='ltr'>καὶ</span> <span class='ocrx_word' id='word_1_677' title='bbox 1704 4633 1797 4702; x_wconf 80' lang='grc' dir='ltr'>οὖς</span> 
     </span>
    </p>
   </div>
   <div class='ocr_carea' id='block_1_92' title="bbox 1895 4614 3443 4709">
    <p class='ocr_par' dir='ltr' id='par_1_92' title="bbox 1895 4639 3443 4709">
     <span class='ocr_line' id='line_1_93' title="bbox 1895 4639 3443 4709; baseline -0.004 -14"><span class='ocrx_word' id='word_1_678' title='bbox 1895 4641 2073 4695; x_wconf 47' lang='lat' dir='ltr'><strong>cautim:</strong></span> <span class='ocrx_word' id='word_1_679' title='bbox 2128 4642 2428 4709; x_wconf 83' lang='lat' dir='ltr'><strong>replentur,</strong></span> <span class='ocrx_word' id='word_1_680' title='bbox 2482 4650 2536 4694; x_wconf 92' lang='lat' dir='ltr'><strong>et</strong></span> <span class='ocrx_word' id='word_1_681' title='bbox 2600 4655 2723 4706; x_wconf 86' lang='lat' dir='ltr'><strong>spes</strong></span> <span class='ocrx_word' id='word_1_682' title='bbox 2770 4641 2911 4694; x_wconf 90' lang='lat' dir='ltr'><strong>sicut</strong></span> <span class='ocrx_word' id='word_1_683' title='bbox 2958 4649 3008 4692; x_wconf 88' lang='lat' dir='ltr'><strong>et</strong></span> <span class='ocrx_word' id='word_1_684' title='bbox 3042 4639 3204 4691; x_wconf 88' lang='lat' dir='ltr'><strong>verba</strong></span> <span class='ocrx_word' id='word_1_685' title='bbox 3256 4652 3443 4691; x_wconf 90' lang='lat' dir='ltr'><strong>eorum</strong></span> 
     </span>
    </p>
   </div>
   <div class='ocr_carea' id='block_1_93' title="bbox 225 4708 1793 4799">
    <p class='ocr_par' dir='ltr' id='par_1_93' title="bbox 225 4708 1793 4799">
     <span class='ocr_line' id='line_1_94' title="bbox 225 4708 1793 4799; baseline 0.016 -40"><span class='ocrx_word' id='word_1_686' title='bbox 225 4708 302 4770; x_wconf 78' lang='grc' dir='ltr'>εἰς</span> <span class='ocrx_word' id='word_1_687' title='bbox 332 4708 395 4762; x_wconf 74' lang='grc' dir='ltr'><strong>τὸ</strong></span> <span class='ocrx_word' id='word_1_688' title='bbox 425 4709 644 4765; x_wconf 78' lang='grc' dir='ltr'>ἀκούειν</span> <span class='ocrx_word' id='word_1_689' title='bbox 671 4713 740 4767; x_wconf 88' lang='grc' dir='ltr'><strong>τά</strong></span> <span class='ocrx_word' id='word_1_690' title='bbox 768 4713 957 4781; x_wconf 77' lang='grc' dir='ltr'>ἔνδοξα</span> <span class='ocrx_word' id='word_1_691' title='bbox 987 4718 1081 4771; x_wconf 82' lang='grc' dir='ltr'>τοῦ</span> <span class='ocrx_word' id='word_1_692' title='bbox 1124 4720 1259 4774; x_wconf 80' lang='grc' dir='ltr'>Θεοῦ</span> <span class='ocrx_word' id='word_1_693' title='bbox 1285 4762 1300 4785; x_wconf 90' lang='grc'><strong>,</strong></span> <span class='ocrx_word' id='word_1_694' title='bbox 1347 4726 1535 4790; x_wconf 87' lang='grc' dir='ltr'>σκότος</span> <span class='ocrx_word' id='word_1_695' title='bbox 1572 4730 1719 4783; x_wconf 79' lang='grc' dir='ltr'>ἐστὶν</span> <span class='ocrx_word' id='word_1_696' title='bbox 1762 4734 1793 4799; x_wconf 82' lang='grc' dir='ltr'><strong>ἠ</strong></span> 
     </span>
    </p>
   </div>
   <div class='ocr_carea' id='block_1_94' title="bbox 222 4800 1789 4890">
    <p class='ocr_par' dir='ltr' id='par_1_94' title="bbox 222 4800 1789 4890">
     <span class='ocr_line' id='line_1_95' title="bbox 222 4800 1789 4890; baseline 0.015 -38"><span class='ocrx_word' id='word_1_697' title='bbox 222 4800 614 4872; x_wconf 85' lang='grc' dir='ltr'>ἀποκλήρωσις</span> <span class='ocrx_word' id='word_1_698' title='bbox 645 4804 735 4875; x_wconf 82' lang='grc' dir='ltr'><strong>[ἐν</strong></span> <span class='ocrx_word' id='word_1_699' title='bbox 764 4806 906 4862; x_wconf 74' lang='grc' dir='ltr'>ἄλλ.</span> <span class='ocrx_word' id='word_1_700' title='bbox 930 4812 1343 4888; x_wconf 87' lang='grc' dir='ltr'>ἀποπλήρωσις]</span> <span class='ocrx_word' id='word_1_701' title='bbox 1371 4820 1469 4887; x_wconf 84' lang='grc' dir='ltr'>τῆς</span> <span class='ocrx_word' id='word_1_702' title='bbox 1501 4820 1789 4890; x_wconf 84' lang='grc' dir='ltr'>ἀγνωσίας,</span> 
     </span>
    </p>
   </div>
   <div class='ocr_carea' id='block_1_95' title="bbox 222 4892 1794 4980">
    <p class='ocr_par' dir='ltr' id='par_1_95' title="bbox 222 4892 1794 4980">
     <span class='ocr_line' id='line_1_96' title="bbox 222 4892 1794 4980; baseline 0.018 -38"><span class='ocrx_word' id='word_1_703' title='bbox 222 4892 313 4980; x_wconf 80' lang='grc' dir='ltr'><strong>καὶ</strong></span> <span class='ocrx_word' id='word_1_704' title='bbox 347 4894 380 4963; x_wconf 76' lang='grc' dir='ltr'>ἡ</span> <span class='ocrx_word' id='word_1_705' title='bbox 414 4894 574 4957; x_wconf 78' lang='grc' dir='ltr'>ἐλπὶς</span> <span class='ocrx_word' id='word_1_706' title='bbox 603 4898 739 4967; x_wconf 86' lang='grc' dir='ltr'><strong>μετά</strong></span> <span class='ocrx_word' id='word_1_707' title='bbox 769 4900 877 4952; x_wconf 91' lang='grc' dir='ltr'><strong>τῶν</strong></span> <span class='ocrx_word' id='word_1_708' title='bbox 919 4901 1089 4970; x_wconf 87' lang='grc' dir='ltr'>λόγων</span> <span class='ocrx_word' id='word_1_709' title='bbox 1121 4908 1341 4975; x_wconf 86' lang='grc' dir='ltr'>ματαία.</span> <span class='ocrx_word' id='word_1_710' title='bbox 1376 4911 1593 4966; x_wconf 86' lang='grc' dir='ltr'>Τούτων</span> <span class='ocrx_word' id='word_1_711' title='bbox 1620 4914 1794 4980; x_wconf 81' lang='grc' dir='ltr'>οὐδεὶς</span> 
     </span>
    </p>
   </div>
   <div class='ocr_carea' id='block_1_96' title="bbox 220 4978 1791 5072">
    <p class='ocr_par' dir='ltr' id='par_1_96' title="bbox 220 4978 1791 5072">
     <span class='ocr_line' id='line_1_97' title="bbox 220 4978 1791 5072; baseline 0.018 -41"><span class='ocrx_word' id='word_1_712' title='bbox 220 4978 370 5035; x_wconf 77' lang='grc' dir='ltr'>λαλεῖ</span> <span class='ocrx_word' id='word_1_713' title='bbox 399 4984 586 5038; x_wconf 87' lang='grc' dir='ltr'>δίκαια</span> <span class='ocrx_word' id='word_1_714' title='bbox 610 5027 625 5051; x_wconf 94' lang='grc'><strong>,</strong></span> <span class='ocrx_word' id='word_1_715' title='bbox 661 4989 779 5041; x_wconf 81' lang='grc' dir='ltr'>οὐδὲ</span> <span class='ocrx_word' id='word_1_716' title='bbox 810 4989 925 5045; x_wconf 78' lang='grc' dir='ltr'>ἐστι</span> <span class='ocrx_word' id='word_1_717' title='bbox 958 4994 1139 5064; x_wconf 88' lang='grc' dir='ltr'>κρίσις</span> <span class='ocrx_word' id='word_1_718' title='bbox 1178 5000 1235 5050; x_wconf 81' lang='grc' dir='ltr'>ἐν</span> <span class='ocrx_word' id='word_1_719' title='bbox 1278 5000 1461 5065; x_wconf 85' lang='grc' dir='ltr'>αὐτοῖς</span> <span class='ocrx_word' id='word_1_720' title='bbox 1492 4978 1791 5072; x_wconf 44' lang='grc' dir='ltr'>-ἀληθείαςτ</span> 
     </span>
    </p>
   </div>
   <div class='ocr_carea' id='block_1_97' title="bbox 221 5074 1789 5154">
    <p class='ocr_par' dir='ltr' id='par_1_97' title="bbox 221 5074 1789 5154">
     <span class='ocr_line' id='line_1_98' title="bbox 221 5074 1789 5154; baseline 0.02 -31"><span class='ocrx_word' id='word_1_721' title='bbox 221 5074 515 5127; x_wconf 87' lang='grc' dir='ltr'>πεποίθασι</span> <span class='ocrx_word' id='word_1_722' title='bbox 542 5076 650 5147; x_wconf 85' lang='grc' dir='ltr'><strong>γὰρ</strong></span> <span class='ocrx_word' id='word_1_723' title='bbox 674 5079 1062 5150; x_wconf 38' lang='grc' dir='ltr'>ὲπὶαματαίοις,</span> <span class='ocrx_word' id='word_1_724' title='bbox 1082 5088 1176 5141; x_wconf 77' lang='grc' dir='ltr'>καὶ</span> <span class='ocrx_word' id='word_1_725' title='bbox 1195 5090 1411 5145; x_wconf 86' lang='grc' dir='ltr'>λαλοῦσι</span> <span class='ocrx_word' id='word_1_726' title='bbox 1430 5096 1579 5148; x_wconf 78' lang='grc' dir='ltr'>κενά³</span> <span class='ocrx_word' id='word_1_727' title='bbox 1602 5097 1789 5154; x_wconf 87' lang='grc' dir='ltr'>κύουσι</span> 
     </span>
    </p>
   </div>
   <div class='ocr_carea' id='block_1_98' title="bbox 220 5162 1786 5257">
    <p class='ocr_par' dir='ltr' id='par_1_98' title="bbox 220 5162 1786 5257">
     <span class='ocr_line' id='line_1_99' title="bbox 220 5162 1786 5257; baseline 0.021 -45"><span class='ocrx_word' id='word_1_728' title='bbox 220 5162 435 5257; x_wconf 59' lang='grc' dir='ltr'>φθόνον,</span> <span class='ocrx_word' id='word_1_729' title='bbox 470 5168 569 5257; x_wconf 9' lang='grc' dir='ltr'>καὶ,</span> <span class='ocrx_word' id='word_1_730' title='bbox 590 5171 833 5226; x_wconf 88' lang='grc' dir='ltr'>τίκτουσι</span> <span class='ocrx_word' id='word_1_731' title='bbox 864 5176 1182 5243; x_wconf 84' lang='grc' dir='ltr'>βασκανίαν,</span> <span class='ocrx_word' id='word_1_732' title='bbox 1206 5182 1285 5235; x_wconf 85' lang='grc' dir='ltr'><strong>δτι</strong></span> <span class='ocrx_word' id='word_1_733' title='bbox 1310 5184 1654 5257; x_wconf 88' lang='grc' dir='ltr'>ἀπερίτμητά</span> <span class='ocrx_word' id='word_1_734' title='bbox 1681 5194 1786 5245; x_wconf 76' lang='lat' dir='ltr'><strong>sict</strong></span> 
     </span>
    </p>
   </div>
   <div class='ocr_carea' id='block_1_99' title="bbox 213 5248 1787 5337">
    <p class='ocr_par' dir='ltr' id='par_1_99' title="bbox 213 5248 1787 5337">
     <span class='ocr_line' id='line_1_100' title="bbox 213 5248 1787 5337; baseline 0.022 -35"><span class='ocrx_word' id='word_1_735' title='bbox 213 5252 278 5304; x_wconf 81' lang='grc' dir='ltr'><strong>τά</strong></span> <span class='ocrx_word' id='word_1_736' title='bbox 301 5248 415 5307; x_wconf 82' lang='grc' dir='ltr'>ὦτα</span> <span class='ocrx_word' id='word_1_737' title='bbox 444 5256 645 5323; x_wconf 82' lang='grc' dir='ltr'>αὐτῶν,</span> <span class='ocrx_word' id='word_1_738' title='bbox 666 5261 758 5313; x_wconf 78' lang='grc' dir='ltr'>καὶ</span> <span class='ocrx_word' id='word_1_739' title='bbox 783 5263 842 5315; x_wconf 85' lang='grc' dir='ltr'><strong>ού</strong></span> <span class='ocrx_word' id='word_1_740' title='bbox 869 5264 1117 5320; x_wconf 87' lang='grc' dir='ltr'>δύνανται</span> <span class='ocrx_word' id='word_1_741' title='bbox 1144 5270 1384 5337; x_wconf 88' lang='grc' dir='ltr'>ἀκούειν,</span> <span class='ocrx_word' id='word_1_742' title='bbox 1410 5278 1501 5329; x_wconf 83' lang='grc' dir='ltr'>καὶ</span> <span class='ocrx_word' id='word_1_743' title='bbox 1522 5279 1609 5331; x_wconf 88' lang='grc' dir='ltr'><strong>διὰ</strong></span> <span class='ocrx_word' id='word_1_744' title='bbox 1632 5280 1787 5337; x_wconf 81' lang='grc' dir='ltr'>τοῦτο</span> 
     </span>
    </p>
   </div>
   <div class='ocr_carea' id='block_1_100' title="bbox 213 5342 1785 5438">
    <p class='ocr_par' dir='ltr' id='par_1_100' title="bbox 213 5342 1785 5438">
     <span class='ocr_line' id='line_1_101' title="bbox 213 5342 1785 5438; baseline 0.02 -44"><span class='ocrx_word' id='word_1_745' title='bbox 213 5342 668 5438; x_wconf 14' lang='grc' dir='ltr'>εγενήθηλαύτοῖς</span> <span class='ocrx_word' id='word_1_746' title='bbox 696 5354 793 5423; x_wconf 83' lang='grc' dir='ltr'>τῆς</span> <span class='ocrx_word' id='word_1_747' title='bbox 829 5354 1081 5421; x_wconf 85' lang='grc' dir='ltr'>γνώσεως</span> <span class='ocrx_word' id='word_1_748' title='bbox 1115 5360 1207 5413; x_wconf 84' lang='grc' dir='ltr'>τοῦ</span> <span class='ocrx_word' id='word_1_749' title='bbox 1272 5363 1406 5418; x_wconf 82' lang='grc' dir='ltr'>Θεοῦ</span> <span class='ocrx_word' id='word_1_750' title='bbox 1450 5368 1479 5419; x_wconf 86' lang='lat'><strong>6</strong></span> <span class='ocrx_word' id='word_1_751' title='bbox 1511 5368 1667 5438; x_wconf 90' lang='grc' dir='ltr'>λόγος</span> <span class='ocrx_word' id='word_1_752' title='bbox 1707 5375 1785 5437; x_wconf 87' lang='grc' dir='ltr'><strong>είς</strong></span> 
     </span>
    </p>
   </div>
   <div class='ocr_carea' id='block_1_101' title="bbox 212 5432 1681 5517">
    <p class='ocr_par' dir='ltr' id='par_1_101' title="bbox 212 5432 1681 5517">
     <span class='ocr_line' id='line_1_102' title="bbox 212 5432 1681 5517; baseline 0.022 -35"><span class='ocrx_word' id='word_1_753' title='bbox 212 5432 535 5503; x_wconf 73' lang='grc' dir='ltr'>ὀνειδισμὸν,</span> <span class='ocrx_word' id='word_1_754' title='bbox 568 5442 659 5492; x_wconf 79' lang='grc' dir='ltr'><strong>καὶ</strong></span> <span class='ocrx_word' id='word_1_755' title='bbox 687 5441 745 5493; x_wconf 83' lang='grc' dir='ltr'><strong>ού</strong></span> <span class='ocrx_word' id='word_1_756' title='bbox 780 5443 854 5511; x_wconf 85' lang='grc' dir='ltr'>μὴ</span> <span class='ocrx_word' id='word_1_757' title='bbox 881 5444 1211 5513; x_wconf 84' lang='grc' dir='ltr'>βουληθῶσιν</span> <span class='ocrx_word' id='word_1_758' title='bbox 1238 5453 1401 5507; x_wconf 82' lang='grc' dir='ltr'>αὐτοῦ</span> <span class='ocrx_word' id='word_1_759' title='bbox 1428 5432 1681 5517; x_wconf 74' lang='grc' dir='ltr'>ἀκοῦσαι.</span> 
     </span>
    </p>
   </div>
   <div class='ocr_carea' id='block_1_102' title="bbox 281 5528 1782 5613">
    <p class='ocr_par' dir='ltr' id='par_1_102' title="bbox 281 5528 1782 5613">
     <span class='ocr_line' id='line_1_103' title="bbox 281 5528 1782 5613; baseline 0.015 -31"><span class='ocrx_word' id='word_1_760' title='bbox 281 5528 379 5596; x_wconf 71' lang='grc' dir='ltr'><strong>ξγῖ</strong></span> <span class='ocrx_word' id='word_1_761' title='bbox 422 5530 595 5600; x_wconf 87' lang='grc' dir='ltr'>Σοφία</span> <span class='ocrx_word' id='word_1_762' title='bbox 630 5531 713 5593; x_wconf 87' lang='grc' dir='ltr'><strong>τίς</strong></span> <span class='ocrx_word' id='word_1_763' title='bbox 755 5535 900 5587; x_wconf 76' lang='grc' dir='ltr'>ἐστιν</span> <span class='ocrx_word' id='word_1_764' title='bbox 944 5538 1001 5590; x_wconf 81' lang='grc' dir='ltr'>ὲν</span> <span class='ocrx_word' id='word_1_765' title='bbox 1033 5542 1143 5601; x_wconf 79' lang='grc' dir='ltr'>τοῖς</span> <span class='ocrx_word' id='word_1_766' title='bbox 1181 5541 1270 5594; x_wconf 82' lang='grc' dir='ltr'>τὸν</span> <span class='ocrx_word' id='word_1_767' title='bbox 1302 5544 1493 5613; x_wconf 81' lang='grc' dir='ltr'>φθόνον</span> <span class='ocrx_word' id='word_1_768' title='bbox 1538 5548 1782 5605; x_wconf 84' lang='grc' dir='ltr'>ὠδίνουσι</span> 
     </span>
    </p>
   </div>
   <div class='ocr_carea' id='block_1_103' title="bbox 1879 4727 3441 4799">
    <p class='ocr_par' dir='ltr' id='par_1_103' title="bbox 1879 4727 3441 4799">
     <span class='ocr_line' id='line_1_104' title="bbox 1879 4727 3441 4799; baseline -0.004 -14"><span class='ocrx_word' id='word_1_769' title='bbox 1879 4749 2015 4786; x_wconf 81' lang='lat' dir='ltr'><strong>vana</strong></span> <span class='ocrx_word' id='word_1_770' title='bbox 2047 4742 2150 4788; x_wconf 90' lang='lat' dir='ltr'><strong>est.</strong></span> <span class='ocrx_word' id='word_1_771' title='bbox 2180 4731 2381 4785; x_wconf 85' lang='lat' dir='ltr'><strong>Horum</strong></span> <span class='ocrx_word' id='word_1_772' title='bbox 2418 4733 2604 4787; x_wconf 86' lang='lat' dir='ltr'><strong>nullus</strong></span> <span class='ocrx_word' id='word_1_773' title='bbox 2634 4732 2880 4797; x_wconf 90' lang='lat' dir='ltr'><strong>loquitur</strong></span> <span class='ocrx_word' id='word_1_774' title='bbox 2918 4730 3211 4799; x_wconf 90' lang='lat' dir='ltr'><strong>justitiam,</strong></span> <span class='ocrx_word' id='word_1_775' title='bbox 3253 4743 3353 4783; x_wconf 91' lang='lat' dir='ltr'><strong>nec</strong></span> <span class='ocrx_word' id='word_1_776' title='bbox 3390 4727 3441 4780; x_wconf 89' lang='lat' dir='ltr'><strong>in</strong></span> 
     </span>
    </p>
   </div>
   <div class='ocr_carea' id='block_1_104' title="bbox 1876 4814 3442 4895">
    <p class='ocr_par' dir='ltr' id='par_1_104' title="bbox 1876 4814 3442 4895">
     <span class='ocr_line' id='line_1_105' title="bbox 1876 4814 3442 4895; baseline -0.006 -13"><span class='ocrx_word' id='word_1_777' title='bbox 1876 4827 1956 4882; x_wconf 84' lang='lat' dir='ltr'><strong>eis</strong></span> <span class='ocrx_word' id='word_1_778' title='bbox 2000 4834 2083 4882; x_wconf 88' lang='lat' dir='ltr'><strong>est</strong></span> <span class='ocrx_word' id='word_1_779' title='bbox 2138 4825 2404 4895; x_wconf 69' lang='lat' dir='ltr'><strong>judicium</strong></span> <span class='ocrx_word' id='word_1_780' title='bbox 2465 4823 2845 4879; x_wconf 87' lang='lat' dir='ltr'><strong>veritatis:in</strong></span> <span class='ocrx_word' id='word_1_781' title='bbox 2907 4822 3240 4875; x_wconf 82' lang='lat' dir='ltr'><strong>vanitatibus</strong></span> <span class='ocrx_word' id='word_1_782' title='bbox 3297 4814 3442 4873; x_wconf 85' lang='lat' dir='ltr'><strong>enim</strong></span> 
     </span>
    </p>
   </div>
   <div class='ocr_carea' id='block_1_105' title="bbox 1879 4914 3445 4982">
    <p class='ocr_par' dir='ltr' id='par_1_105' title="bbox 1879 4914 3445 4982">
     <span class='ocr_line' id='line_1_106' title="bbox 1879 4914 3445 4982; baseline -0.007 -9"><span class='ocrx_word' id='word_1_783' title='bbox 1879 4919 2130 4974; x_wconf 88' lang='lat' dir='ltr'><strong>fiduciam</strong></span> <span class='ocrx_word' id='word_1_784' title='bbox 2185 4917 2493 4972; x_wconf 81' lang='lat' dir='ltr'><strong>habuerunt</strong></span> <span class='ocrx_word' id='word_1_785' title='bbox 2526 4924 2577 4970; x_wconf 90' lang='lat' dir='ltr'><strong>et</strong></span> <span class='ocrx_word' id='word_1_786' title='bbox 2610 4916 2778 4970; x_wconf 86' lang='lat' dir='ltr'><strong>locuti</strong></span> <span class='ocrx_word' id='word_1_787' title='bbox 2826 4925 2954 4971; x_wconf 90' lang='lat' dir='ltr'><strong>sunt</strong></span> <span class='ocrx_word' id='word_1_788' title='bbox 2984 4914 3206 4979; x_wconf 88' lang='lat' dir='ltr'><strong>inania;</strong></span> <span class='ocrx_word' id='word_1_789' title='bbox 3259 4921 3445 4982; x_wconf 88' lang='lat' dir='ltr'><strong>partu-</strong></span> 
     </span>
    </p>
   </div>
   <div class='ocr_carea' id='block_1_106' title="bbox 1876 5004 3440 5078">
    <p class='ocr_par' dir='ltr' id='par_1_106' title="bbox 1876 5004 3440 5078">
     <span class='ocr_line' id='line_1_107' title="bbox 1876 5004 3440 5078; baseline -0.004 -11"><span class='ocrx_word' id='word_1_790' title='bbox 1876 5014 2023 5067; x_wconf 84' lang='lat' dir='ltr'><strong>riunt</strong></span> <span class='ocrx_word' id='word_1_791' title='bbox 2060 5010 2342 5075; x_wconf 80' lang='lat' dir='ltr'><strong>invidiam,</strong></span> <span class='ocrx_word' id='word_1_792' title='bbox 2376 5021 2428 5065; x_wconf 89' lang='lat' dir='ltr'><strong>et</strong></span> <span class='ocrx_word' id='word_1_793' title='bbox 2451 5004 2768 5078; x_wconf 86' lang='lat' dir='ltr'><strong>parturiunt</strong></span> <span class='ocrx_word' id='word_1_794' title='bbox 2822 5006 3249 5075; x_wconf 83' lang='lat' dir='ltr'><strong>malignitatem,</strong></span> <span class='ocrx_word' id='word_1_795' title='bbox 3311 5004 3440 5073; x_wconf 81' lang='lat' dir='ltr'><strong>quia</strong></span> 
     </span>
    </p>
   </div>
   <div class='ocr_carea' id='block_1_107' title="bbox 1874 5096 3441 5166">
    <p class='ocr_par' dir='ltr' id='par_1_107' title="bbox 1874 5096 3441 5166">
     <span class='ocr_line' id='line_1_108' title="bbox 1874 5096 3441 5166; baseline -0.008 -5"><span class='ocrx_word' id='word_1_796' title='bbox 1874 5104 2273 5161; x_wconf 68' lang='lat' dir='ltr'><strong>incircumcisze</strong></span> <span class='ocrx_word' id='word_1_797' title='bbox 2326 5111 2455 5157; x_wconf 90' lang='lat' dir='ltr'><strong>sunt</strong></span> <span class='ocrx_word' id='word_1_798' title='bbox 2502 5102 2715 5156; x_wconf 91' lang='lat' dir='ltr'><strong>illorum</strong></span> <span class='ocrx_word' id='word_1_799' title='bbox 2749 5114 2910 5153; x_wconf 84' lang='lat' dir='ltr'><strong>aures</strong></span> <span class='ocrx_word' id='word_1_800' title='bbox 2936 5113 3037 5152; x_wconf 90' lang='lat' dir='ltr'><strong>nec</strong></span> <span class='ocrx_word' id='word_1_801' title='bbox 3076 5096 3304 5166; x_wconf 86' lang='lat' dir='ltr'><strong>possunt</strong></span> <span class='ocrx_word' id='word_1_802' title='bbox 3342 5110 3441 5149; x_wconf 87' lang='lat' dir='ltr'><strong>au-</strong></span> 
     </span>
    </p>
   </div>
   <div class='ocr_carea' id='block_1_108' title="bbox 1874 5191 3429 5260">
    <p class='ocr_par' dir='ltr' id='par_1_108' title="bbox 1874 5191 3429 5260">
     <span class='ocr_line' id='line_1_109' title="bbox 1874 5191 3429 5260; baseline -0.008 -7"><span class='ocrx_word' id='word_1_803' title='bbox 1874 5198 2011 5260; x_wconf 85' lang='lat' dir='ltr'><strong>dire,</strong></span> <span class='ocrx_word' id='word_1_804' title='bbox 2039 5209 2090 5252; x_wconf 89' lang='lat' dir='ltr'><strong>et</strong></span> <span class='ocrx_word' id='word_1_805' title='bbox 2115 5197 2320 5251; x_wconf 73' lang='lat' dir='ltr'><strong>idcirco</strong></span> <span class='ocrx_word' id='word_1_806' title='bbox 2353 5196 2552 5250; x_wconf 82' lang='lat' dir='ltr'><strong>factum</strong></span> <span class='ocrx_word' id='word_1_807' title='bbox 2577 5201 2659 5248; x_wconf 90' lang='lat' dir='ltr'><strong>est</strong></span> <span class='ocrx_word' id='word_1_808' title='bbox 2683 5192 2790 5248; x_wconf 91' lang='lat' dir='ltr'><strong>illis</strong></span> <span class='ocrx_word' id='word_1_809' title='bbox 2817 5192 3059 5247; x_wconf 77' lang='lat' dir='ltr'><strong>scientize</strong></span> <span class='ocrx_word' id='word_1_810' title='bbox 3090 5191 3185 5244; x_wconf 87' lang='lat' dir='ltr'><strong>Dei</strong></span> <span class='ocrx_word' id='word_1_811' title='bbox 3207 5191 3429 5244; x_wconf 88' lang='lat' dir='ltr'><strong>verbum</strong></span> 
     </span>
    </p>
   </div>
   <div class='ocr_carea' id='block_1_109' title="bbox 1870 5281 3113 5359">
    <p class='ocr_par' dir='ltr' id='par_1_109' title="bbox 1870 5281 3113 5359">
     <span class='ocr_line' id='line_1_110' title="bbox 1870 5281 3113 5359; baseline -0.004 -16"><span class='ocrx_word' id='word_1_812' title='bbox 1870 5289 1925 5343; x_wconf 91' lang='lat' dir='ltr'><strong>in</strong></span> <span class='ocrx_word' id='word_1_813' title='bbox 1958 5281 2302 5359; x_wconf 75' lang='lat' dir='ltr'><strong>Oppobrium,</strong></span> <span class='ocrx_word' id='word_1_814' title='bbox 2337 5297 2389 5343; x_wconf 89' lang='lat' dir='ltr'><strong>et</strong></span> <span class='ocrx_word' id='word_1_815' title='bbox 2418 5287 2709 5341; x_wconf 87' lang='lat' dir='ltr'><strong>noluerunt</strong></span> <span class='ocrx_word' id='word_1_816' title='bbox 2742 5285 2871 5339; x_wconf 90' lang='lat' dir='ltr'><strong>illud</strong></span> <span class='ocrx_word' id='word_1_817' title='bbox 2903 5284 3113 5338; x_wconf 86' lang='lat' dir='ltr'><strong>audire.</strong></span> 
     </span>
    </p>
   </div>
   <div class='ocr_carea' id='block_1_110' title="bbox 1940 5548 3429 5620">
    <p class='ocr_par' dir='ltr' id='par_1_110' title="bbox 1940 5548 3429 5620">
     <span class='ocr_line' id='line_1_111' title="bbox 1940 5548 3429 5620; baseline -0.003 -13"><span class='ocrx_word' id='word_1_818' title='bbox 1940 5554 2029 5608; x_wconf 76' lang='lat'><strong>65.</strong></span> <span class='ocrx_word' id='word_1_819' title='bbox 2064 5553 2194 5620; x_wconf 67' lang='lat' dir='ltr'><strong>Qum</strong></span> <span class='ocrx_word' id='word_1_820' title='bbox 2224 5553 2487 5620; x_wconf 88' lang='lat' dir='ltr'><strong>sapientia</strong></span> <span class='ocrx_word' id='word_1_821' title='bbox 2526 5561 2607 5607; x_wconf 90' lang='lat' dir='ltr'><strong>est</strong></span> <span class='ocrx_word' id='word_1_822' title='bbox 2638 5550 2693 5605; x_wconf 89' lang='lat' dir='ltr'><strong>in</strong></span> <span class='ocrx_word' id='word_1_823' title='bbox 2722 5551 2787 5605; x_wconf 90' lang='lat' dir='ltr'><strong>iis</strong></span> <span class='ocrx_word' id='word_1_824' title='bbox 2817 5549 2907 5620; x_wconf 90' lang='lat' dir='ltr'><strong>qui</strong></span> <span class='ocrx_word' id='word_1_825' title='bbox 2947 5549 3147 5605; x_wconf 86' lang='lat' dir='ltr'><strong>invidia</strong></span> <span class='ocrx_word' id='word_1_826' title='bbox 3181 5548 3429 5603; x_wconf 81' lang='lat' dir='ltr'><strong>laborant</strong></span> 
     </span>
    </p>
   </div>
   <div class='ocr_carea' id='block_1_111' title="bbox 213 5621 1810 5712">
    <p class='ocr_par' dir='ltr' id='par_1_111' title="bbox 213 5621 1779 5712">
     <span class='ocr_line' id='line_1_112' title="bbox 213 5621 1779 5712; baseline 0.016 -41"><span class='ocrx_word' id='word_1_827' title='bbox 213 5622 350 5673; x_wconf 84' lang='grc' dir='ltr'><strong>κατά</strong></span> <span class='ocrx_word' id='word_1_828' title='bbox 381 5621 477 5712; x_wconf 77' lang='grc' dir='ltr'>τοῦ</span> <span class='ocrx_word' id='word_1_829' title='bbox 530 5621 778 5712; x_wconf 86' lang='grc' dir='ltr'>πλησίον.</span> <span class='ocrx_word' id='word_1_830' title='bbox 826 5627 949 5691; x_wconf 84' lang='grc' dir='ltr'>Πῶς</span> <span class='ocrx_word' id='word_1_831' title='bbox 992 5630 1097 5700; x_wconf 85' lang='grc' dir='ltr'>γὰρ</span> <span class='ocrx_word' id='word_1_832' title='bbox 1147 5633 1363 5701; x_wconf 74' lang='grc' dir='ltr'>ἐροῦσιν</span> <span class='ocrx_word' id='word_1_833' title='bbox 1402 5639 1449 5689; x_wconf 90' lang='grc' dir='ltr'><strong>οί</strong></span> <span class='ocrx_word' id='word_1_834' title='bbox 1491 5638 1779 5709; x_wconf 87' lang='grc' dir='ltr'>βάσκανοι,</span> 
     </span>
    </p>
   </div>
   <div class='ocr_carea' id='block_1_112' title="bbox 1895 5621 3427 5712">
    <p class='ocr_par' dir='ltr' id='par_1_112' title="bbox 1900 5642 3427 5712">
     <span class='ocr_line' id='line_1_113' title="bbox 1900 5642 3427 5712; baseline -0.001 -15"><span class='ocrx_word' id='word_1_835' title='bbox 1900 5644 2128 5698; x_wconf 91' lang='lat' dir='ltr'><strong>dversus</strong></span> <span class='ocrx_word' id='word_1_836' title='bbox 2160 5642 2505 5712; x_wconf 84' lang='lat' dir='ltr'><strong>proximum?</strong></span> <span class='ocrx_word' id='word_1_837' title='bbox 2542 5662 2559 5695; x_wconf 80' lang='grc' dir='ltr'><strong>ι</strong></span> <span class='ocrx_word' id='word_1_838' title='bbox 2594 5642 2876 5708; x_wconf 89' lang='lat' dir='ltr'><strong>Quomodo</strong></span> <span class='ocrx_word' id='word_1_839' title='bbox 2915 5642 3060 5697; x_wconf 87' lang='lat' dir='ltr'><strong>enim</strong></span> <span class='ocrx_word' id='word_1_840' title='bbox 3092 5642 3279 5695; x_wconf 87' lang='lat' dir='ltr'><strong>dicunt</strong></span> <span class='ocrx_word' id='word_1_841' title='bbox 3310 5656 3427 5696; x_wconf 87' lang='lat' dir='ltr'><strong>ma-</strong></span> 
     </span>
    </p>
   </div>
   <div class='ocr_carea' id='block_1_113' title="bbox 212 5711 1781 5795">
    <p class='ocr_par' dir='ltr' id='par_1_113' title="bbox 212 5711 1781 5795">
     <span class='ocr_line' id='line_1_114' title="bbox 212 5711 1781 5795; baseline 0.016 -34"><span class='ocrx_word' id='word_1_842' title='bbox 212 5714 375 5778; x_wconf 75' lang='grc' dir='ltr'>φησὶν</span> <span class='ocrx_word' id='word_1_843' title='bbox 420 5711 723 5781; x_wconf 78' lang='grc' dir='ltr'>Ἱερεμίας,</span> <span class='ocrx_word' id='word_1_844' title='bbox 756 5716 837 5769; x_wconf 84' lang='grc' dir='ltr'>ὅτι</span> <span class='ocrx_word' id='word_1_845' title='bbox 880 5719 1038 5786; x_wconf 76' lang='grc' dir='ltr'>Σοφοί</span> <span class='ocrx_word' id='word_1_846' title='bbox 1100 5723 1269 5793; x_wconf 74' lang='grc' dir='ltr'>ἐσμεν</span> <span class='ocrx_word' id='word_1_847' title='bbox 1324 5729 1486 5795; x_wconf 83' lang='grc' dir='ltr'>ἡμεῖς</span> <span class='ocrx_word' id='word_1_848' title='bbox 1512 5769 1526 5792; x_wconf 91' lang='grc'><strong>,</strong></span> <span class='ocrx_word' id='word_1_849' title='bbox 1560 5731 1653 5783; x_wconf 66' lang='grc' dir='ltr'><strong>καὶ</strong></span> <span class='ocrx_word' id='word_1_850' title='bbox 1693 5733 1781 5785; x_wconf 83' lang='grc' dir='ltr'>νό-</span> 
     </span>
    </p>
   </div>
   <div class='ocr_carea' id='block_1_114' title="bbox 268 5845 759 5911">
    <p class='ocr_par' dir='ltr' id='par_1_114' title="bbox 268 5845 759 5911">
     <span class='ocr_line' id='line_1_115' title="bbox 268 5845 759 5911; baseline 0.014 -15"><span class='ocrx_word' id='word_1_851' title='bbox 268 5849 311 5878; x_wconf 75' lang='lat'>“</span> <span class='ocrx_word' id='word_1_852' title='bbox 337 5845 536 5903; x_wconf 81' lang='lat' dir='ltr'><strong>Jercm.</strong></span> <span class='ocrx_word' id='word_1_853' title='bbox 560 5860 676 5911; x_wconf 73' lang='lat' dir='ltr'><strong>vni,</strong></span> <span class='ocrx_word' id='word_1_854' title='bbox 707 5845 759 5903; x_wconf 90' lang='lat'><strong>8.</strong></span> 
     </span>
    </p>
   </div>
   <div class='ocr_carea' id='block_1_115' title="bbox 1867 5735 3425 5807">
    <p class='ocr_par' dir='ltr' id='par_1_115' title="bbox 1867 5735 3425 5807">
     <span class='ocr_line' id='line_1_116' title="bbox 1867 5735 3425 5807; baseline -0.001 -16"><span class='ocrx_word' id='word_1_855' title='bbox 1867 5737 2161 5807; x_wconf 85' lang='lat' dir='ltr'><strong>lignantes,</strong></span> <span class='ocrx_word' id='word_1_856' title='bbox 2199 5737 2272 5790; x_wconf 91' lang='lat' dir='ltr'><strong>ait</strong></span> <span class='ocrx_word' id='word_1_857' title='bbox 2302 5735 2567 5792; x_wconf 78' lang='lat' dir='ltr'><strong>Jercmias</strong></span> <span class='ocrx_word' id='word_1_858' title='bbox 2606 5754 2618 5790; x_wconf 93' lang='lat'><strong>:</strong></span> <span class='ocrx_word' id='word_1_859' title='bbox 2657 5735 2943 5806; x_wconf 83' lang='lat' dir='ltr'><strong>Sapientes</strong></span> <span class='ocrx_word' id='word_1_860' title='bbox 2979 5753 3076 5791; x_wconf 92' lang='lat' dir='ltr'><strong>nos</strong></span> <span class='ocrx_word' id='word_1_861' title='bbox 3125 5750 3336 5800; x_wconf 82' lang='lat' dir='ltr'><strong>sumus,</strong></span> <span class='ocrx_word' id='word_1_862' title='bbox 3369 5747 3425 5797; x_wconf 76' lang='lat' dir='ltr'><strong>et</strong></span> 
     </span>
    </p>
   </div>
  </div>
