4124 6338
608 389 716 457 937

1826 395 2121 457 NICETJE
2155 391 2576 452 PECTORATI

3726 384 3834 449 988

608 512 691 566 lex
745 510 955 564 Domini
997 511 1277 565 nobiscum
1307 511 1464 565 est“.
1494 512 1687 565 i'Cum
1731 512 2013 563 tabescunt
2050 507 2164 561 zelo

2265 532 2361 584 μος
2394 513 2595 582 Κυρίου
2633 513 2752 580 μεθ’
2783 511 2936 580 ἡμῶν
2980 513 3161 576 estw;
3208 510 3338 564 ὅταν
3381 512 3703 581 ὲκτήκονται
3755 513 3836 582 τῷ

607 609 798 655 contra
831 617 925 656 eos
956 605 1046 669 qui
1081 611 1441 673 susceperunt
1485 603 1715 671 gratiam
1775 601 2014 672 Spiritus
2076 615 2169 668 per

611 691 934 760 sapientiam
962 701 1015 746 et
1043 693 1324 745 scientiam
1356 690 1471 745 Dei.
1503 693 1570 744 At
1608 691 1809 747 frustra
1852 689 2167 744 mendacem

612 784 787 852 adepti
819 793 947 838 sunt
972 783 1257 837 scientiam
1303 783 1496 836 scriba:
1543 790 1596 836 et
1643 783 1918 852 sapientes
1960 781 2168 843 mundi,

612 875 808 941 quippe
865 874 955 942 qui
1025 888 1202 926 veram
1266 889 1372 926 non
1429 874 1800 942 acquisierunt
1862 872 2168 926 scientiam.

614 963 797 1030 Itaque
853 980 871 1013 ‹
906 962 1119 1016 confusi
1169 971 1295 1016 sunt
1354 963 1627 1031 sapientes
1653 965 1716 1029 ”,
1753 983 1771 1015 ›
1837 978 1866 1015 a
1903 975 2026 1014 vera
2076 961 2171 1014 de-

613 1055 745 1122 lapsi
785 1055 1072 1122 sapientia,
1107 1069 1266 1121 quam
1299 1054 1351 1108 in
1388 1054 1513 1109 ﬁliis
1564 1056 1897 1124 piscatorum
1955 1063 2167 1105 auctam

612 1145 886 1209 viderunt,
914 1153 967 1200 et
987 1163 1014 1196 -ι
1045 1147 1314 1212 perterriti
1357 1165 1373 1196 ι
1422 1155 1551 1199 sunt
1601 1155 1879 1214 stupentes
1902 1145 2011 1198 vim
2043 1158 2170 1197 ser-

2263 606 2410 675 ζήλῳ
2446 603 2582 665 κατά
2614 601 2718 654 τῶν
2765 600 3037 652 λαϐόντων
3062 600 3159 667 τὴν
3189 591 3349 667 χάριν
3377 599 3469 651 τοῦ
3511 598 3832 667 Πνεύματος

2261 696 2347 747 διὰ
2392 694 2581 762 σοφίας
2620 694 2710 744 καὶ
2743 691 2995 756 γνώσεως
3024 689 3116 741 τοῦ
3155 688 3313 741 Θεοῦ.
3361 690 3499 740 Ἀλλ’
3533 693 3617 751 εἰς
3655 691 3834 758 μάτην

2264 771 2490 854 ἐγενήθη
2523 784 2720 850 γνῶσις
2747 781 2946 848 ψευδὴς
2979 777 3363 848 γραμματεῦσι
3399 779 3493 830 καὶ
3524 782 3705 845 σοφοῖς
3738 777 3833 831 τοῦ

2262 878 2486 944 κόσμου,
2525 874 2631 941 τῆς
2671 872 2929 941 ἀληθινῆς
2970 870 3381 939 ἐξαμαρτήσασι
3430 870 3699 934 γνώσεως.
3734 870 3834 920 Διὰ

2261 965 2416 1016 τοῦτο
2439 961 2782 1032 ᾐσχύνθησαν
2807 963 2956 1028 σοφοὶ
2982 960 3396 1020 ἐκπεπτωκότες
3419 958 3516 1026 τῆς
3537 958 3626 1011 τοῦ
3655 960 3838 1028 Παρει-

2262 1055 2458 1124 κλήτου
2483 1053 2690 1119 σοφίας,
2727 1051 2924 1119 ταύτην
2951 1053 3006 1102 ὲν
3027 1051 3161 1111 υἱοῖς
3195 1049 3391 1100 ἁλιέων
3419 1049 3823 1117 πληθυνομένηκ

2260 1147 2511 1216 ὁρῶντες,
2547 1145 2639 1196 καὶ
2665 1142 3003 1211 ὲπτοὴθησαν
3030 1141 3127 1209 τὴν
3154 1140 3379 1218 δύιναμιν
3415 1138 3519 1189 τῶν
3549 1138 3717 1206 λόγων
3744 1139 3811 1189 αὖ

615 1249 836 1289 monum
861 1250 1072 1299 eorum,
1109 1253 1128 1287 ι
1169 1245 1221 1290 et
1261 1238 1399 1306 capti
1429 1244 1556 1291 sunt
1581 1237 1624 1268 "
1663 1255 1680 1288 ι
1719 1237 1770 1290 in
1823 1236 2030 1289 retibus
2079 1247 2167 1288 co-

2255 1238 2387 1300 τῶν,
2440 1237 2534 1289 καὶ
2568 1237 2813 1289 ἑάλωσαν
2851 1236 2907 1285 ὲν
2957 1235 3070 1295 τοῖς
3105 1232 3343 1291 δικτύοις
3389 1231 3495 1283 τῶν
3538 1230 3816 1300 νοημάτωι.

612 1325 931 1393 gitationum
997 1327 1261 1394 ipsorum,
1299 1329 1426 1394 quia
1489 1341 1670 1378 veram
1736 1323 2053 1393 sapientiam
2116 1332 2167 1378 et

2253 1323 2672 1393 αὐτῶν,’ὲπειδὴ
2703 1323 2802 1392 τὴν
2825 1322 2991 1384 ὅντως
3024 1320 3215 1389 σοφίαν
3246 1319 3339 1372 καὶ
3361 1319 3458 1390 τὴν
3488 1317 3687 1386 γνῶσιν
3714 1319 3821 1370 Κυ-

610 1416 893 1470 scientiam
929 1417 1141 1470 Domini
1173 1418 1619 1484 reprobaverunt.

2253 1418 2376 1489 θρίου
2412 1415 2839 1484 ἀπεδοκίμασαν.
3211 1489 3214 1492 Α

679 1506 766 1561 64.
804 1508 916 1561 Cur
951 1509 1067 1562 zelo
1095 1508 1446 1562 intabnerunt
1501 1509 1720 1578 maligni
1763 1508 2025 1564 adversus
2074 1524 2167 1563 eo

2332 1503 2421 1568 ξδ’.
2458 1504 2519 1556 Τί
2555 1502 2631 1571 τῷ
2668 1501 2811 1570 ζήλῳ
2851 1500 3177 1567 ἐκτετήκασι
3211 1497 3504 1568 βάσκανοι,
3543 1499 3678 1551 κατὰ
3720 1497 3834 1548 τῶν

610 1600 700 1665 qui
729 1598 898 1668 gratia
948 1597 1186 1667 Spiritus
1221 1601 1373 1652 ditati
1414 1602 1704 1655 sunt?cur
1757 1604 2020 1658 adversus
2075 1619 2167 1658 eos

2262 1593 2715 1660 πεπλουτηκότων
2742 1591 2841 1659 τὴν
2859 1591 3025 1660 χάριν
3057 1589 3150 1641 τοῦ
3186 1587 3532 1657 11νεύματος;
3561 1588 3700 1642 κατὰ
3722 1586 3837 1639 τῶν

610 1693 699 1759 qui
747 1701 1074 1760 acceperunt
1116 1692 1356 1760 linguam
1404 1694 1612 1759 igneam
1662 1694 1828 1747 veluti
1897 1694 2166 1750 calamum

2259 1686 2527 1736 λαϐόντων
2555 1682 2801 1751 γλῶσσαν
2834 1682 3002 1750 πυρὸς
3032 1680 3162 1732 ὡσεὶ
3189 1679 3433 1748 κάλαμον
3460 1678 3833 1747 γραμματέως

611 1782 804 1835 scribae
834 1782 1094 1835 velociter
1117 1783 1428 1845 scribentis,
1477 1783 1919 1850 insurrexerunt,
1953 1785 2167 1840 deserto

2258 1776 2587 1843 ὀξυγράερου,
2623 1771 2719 1842 τὴν
2751 1772 2929 1840 πηγὴν
2959 1770 3415 1838 ἐγκαταλιπόντες
3454 1768 3550 1837 τῆς
3580 1769 3671 1820 τοῦ
3697 1765 3832 1819 Θεοῦ

612 1870 757 1924 fonte
783 1871 1057 1938 sapientia:
1085 1871 1217 1925 Dei?
1268 1872 1324 1927 Si
1375 1874 1517 1927 enim
1548 1876 1686 1928 viam
1739 1877 1827 1929 Dei
1870 1879 2167 1945 percurris-

2260 1865 2482 1933 σοφίας;
2510 1863 2569 1914 Ei
2600 1862 2707 1933 γάρ
2748 1866 2811 1934 τῇ
2845 1861 2946 1929 ὀδῷ
2978 1860 3070 1913 τοῦ
3097 1860 3230 1912 Θεοῦ
3273 1859 3662 1930 ἐπορεύθησαν,
3704 1875 3836 1911 κατ-

612 1971 754 2025 sent,
790 1964 1117 2016 mansissent
1163 1966 1213 2015 in
1247 1974 1507 2017 aeternum
1559 1967 1611 2018 in
1650 1981 1779 2033 pace
1820 1967 2167 2034 impassibili-

2253 1955 2476 2026 ᾠκήσαν
2500 1955 2564 2010 ἂν
2584 1957 2638 2006 ὲν
2672 1957 2859 2025 είρήνῃ
2881 1953 3145 2016 ἀπαθείας
3178 1955 3256 2014 εἰς
3290 1952 3380 2004 τὸν
3412 1953 3579 2003 αἰῶνα
3615 1950 3828 2021 χρό.ον⁶

613 2054 756 2114 tatis,
805 2055 1085 2107 novissent
1124 2055 1208 2106 ubi
1269 2055 1339 2108 sit
1386 2058 1694 2122 prudentia,
1741 2058 1830 2110 ubi
1874 2058 2167 2123 fortitudo,

2257 2047 2456 2115 ἔμαθον
2502 2046 2602 2097 ποῦ
2643 2047 2758 2097 ἐστι
2802 2046 3097 2115 φρόνησις,
3160 2044 3261 2099 ποῦ
3308 2047 3454 2098 ἐστιν
3504 2044 3653 2112 ἰσχὺς
3681 2082 3694 2105 ,
3725 2039 3828 2094 ποῦ

611 2139 702 2190 uhi
748 2140 1123 2208 intelligentia,
1171 2142 1261 2195 ubi
1316 2144 1548 2198 scientia
1603 2161 1810 2210 rerum,
1846 2148 1934 2200 ubi
1975 2148 2167 2218 longa-

2256 2140 2371 2192 ἐστι
2407 2137 2653 2202 σύνεσις,
2688 2139 2780 2189 καὶ
2822 2137 3018 2206 γνῶσις
3046 2138 3152 2189 τῶν
3193 2137 3393 2198 ὄντων,
3421 2135 3538 2202 ποῦ,
3574 2137 3689 2187 ἐστι
3725 2151 3830 2203 μα-

611 2231 749 2282 vitas
778 2239 830 2281 et
861 2231 989 2296 vita,
1022 2230 1113 2285 ubi
1136 2233 1316 2286 lumen
1349 2235 1630 2288 oculorum
1669 2245 1723 2290 et
1757 2237 2019 2308 sapientia
2044 2254 2167 2293 cum

2256 2229 2548 2298 κροδίωσις
2589 2229 2680 2280 καὶ
2723 2227 2870 2296 ζωὴ,
2909 2227 3010 2280 ποῦ
3056 2229 3168 2282 ἐστι
3222 2226 3335 2294 φῶς
3387 2225 3701 2294 ὀφθαλμῶν,
3739 2241 3832 2279 και

610 2335 776 2388 νοτες
809 2319 1132 2377 didicissent
1183 2324 1305 2392 quis
1358 2325 1598 2381 inveniat
1635 2328 1810 2382 locum
1846 2330 1991 2399 ejus,
2048 2331 2167 2400 quis

2257 2321 2414 2388 σοφία
2449 2318 2584 2388 μετὰ
2614 2319 2833 2387 εἰρήνης
2861 2333 2876 2348 ·
2914 2316 3114 2386 ἔμαθον
3143 2317 3225 2378 τίς
3269 2316 3515 2387 εὑρίσκει
3549 2315 3636 2366 τὸν
3665 2313 3827 2366 τόπον

611 2412 902 2466 thesauros
940 2412 1058 2482 ejus
1095 2414 1453 2484 ingrediatur,
1482 2428 1538 2472 et
1567 2421 1840 2489 quomodo
1871 2420 2016 2477 Deus
2039 2437 2167 2492 pra-

2253 2412 2442 2482 αὐτῆς,
2478 2413 2570 2464 καὶ
2602 2411 2683 2474 τίς
2713 2414 2792 2472 εἰς
2815 2411 2942 2474 τοὺς
2972 2410 3246 2479 θησαυρὺς
3278 2408 3446 2478 αὐτῆς
3485 2407 3826 2476 εἰσέρχεται⁴

602 2500 948 2557 κάῖυαιοτίὺιια
989 2504 1140 2558 verbi
1201 2507 1312 2562 haec
1348 2510 1629 2579 prmcipiat
1678 2526 1774 2580 per
1807 2514 2167 2580 prophetam:

2253 2506 2347 2554 καὶ
2379 2504 2525 2564 ὅπως
2547 2502 2865 2554 ἐντέλλεται
2894 2504 2927 2554 6
2977 2502 3107 2563 Θεὸς
3152 2500 3239 2552 διὰ
3272 2501 3364 2552 τοῦ
3401 2501 3678 2577 προφήτου
3713 2497 3825 2559 τοῖς

617 2610 635 2642 ι
677 2590 941 2662 Pmpheta
971 2596 1061 2660 qui
1099 2597 1260 2676 habet
1291 2600 1560 2654 somnium
1594 2604 1959 2667 revelationis,
1989 2614 2167 2661 narret

2253 2592 2342 2645 τοῦ
2395 2593 2551 2659 λόγου
2602 2593 2831 2662 μύσταις
2882 2592 3052 2659 λέγων
3099 2592 3126 2642 6
3171 2592 3471 2682 προφήτης·
3533 2580 3724 2682 Ἐνίὶ)
3766 2587 3826 2682 τί)

611 2685 882 2738 somnium
932 2685 1159 2743 visionis
1203 2704 1338 2755 suae,
1384 2697 1438 2745 et
1492 2693 1591 2762 qui.
1645 2694 1808 2748 habet
1865 2710 2167 2749 sermonem

2253 2683 2502 2762 ἐνύπνιόν
2561 2687 2678 2736 ἐστι
2727 2683 2826 2753 τῆς
2900 2681 3316 2752 ἀποκαλύψεως,
3370 2680 3724 2751 διηγησάσθω
3768 2680 3827 2737 τὸ

610 2787 812 2838 meum.
869 2776 1124 2845 loquatur
1182 2796 1484 2836 sermonem
1536 2799 1713 2837 meum
1763 2801 1890 2841 vere
1929 2789 2006 2850 ‘7;
2047 2806 2065 2838 ι
2119 2797 2167 2840 et

2256 2773 2504 2828 ἐνύπνιον
2533 2776 2627 2844 τῆς
2655 2775 2923 2840 ὀπτασίας
2958 2775 3120 2828 αὐτοῦ
3143 2815 3157 2838 ,
3191 2776 3281 2827 καὶ
3310 2776 3363 2826 ὲν
3398 2768 3442 2841 ᾧ
3478 2775 3506 2824 6
3536 2773 3692 2841 λόγος
3723 2790 3824 2843 μου

610 2867 803 2917 iterum
853 2882 869 2919 :
928 2884 946 2916 σ
986 2866 1174 2923 Scribe
1219 2871 1313 2924 tibi
1356 2873 1534 2926 omnia
1578 2874 1740 2929 verba
1797 2892 1918 2944 qua}
1961 2878 2167 2934 locutus

2256 2865 2389 2934 πρὸς
2418 2866 2600 2928 αὑτὸν,
2629 2866 2982 2933 διηγησάσθω
3009 2866 3096 2918 τὸν
3121 2866 3274 2931 λόγον
3307 2881 3408 2933 μου
3433 2851 3517 2916 sit“
3545 2864 3822 2933 ἀληθείας·

609 2970 728 3006 sum
758 2953 823 3007 ad
856 2964 908 3011 te
938 2956 991 3011 in
1031 2960 1272 3027 libro“;
1310 2980 1328 3012 ι
1366 2971 1419 3016 et
1441 2979 1716 3036 nunquam
1750 2965 1952 3022 invidia
1982 2981 2167 3025 contra

2255 2955 2348 3006 καὶ
2388 2951 2543 3017 αὖθις
2572 2966 2584 2984 ³
2616 2954 2827 3025 Γράψον
2853 2953 3063 3024 σεαυτῷ
3094 2955 3298 3016 πάντας
3331 2955 3457 3015 τοὺς
3494 2953 3682 3019 λόγους
3730 2951 3822 3015 οὓς

609 3045 745 3100 tales
775 3045 1026 3104 homines
1058 3050 1438 3107 intabuissent.

2254 3047 2594 3115 ἐχρημάτισα
2618 3046 2752 3113 πρὸς
2778 3046 2836 3097 σὲ
2867 3047 2956 3098 ὲπὶ
2983 3045 3208 3114 βιϐλίου·
3244 3047 3337 3098 καὶ
3372 3045 3625 3098 οὐδέποτε
3658 3044 3722 3098 ἂν
3749 3043 3821 3118 τῷ

2253 3138 2431 3207 φθόνῳ
2460 3138 2600 3193 κατά
2625 3139 2731 3190 τῶν
2750 3137 3008 3191 τοιούτων
3039 3138 3314 3208 ὲτήκοντο,

679 3225 768 3280 65.
804 3243 823 3278 ι
863 3225 920 3282 Si
975 3238 1183 3285 mutare
1236 3239 1414 3300 potest
1446 3210 1699 3305 EthiOps
1746 3236 1935 3306 pellem
1989 3253 2166 3302 suam,

2323 3228 2417 3293 ξε¹.
2458 3229 2521 3281 EI
2572 3229 2862 3292 ἀλλάξεται
2913 3228 3104 3298 Αἰθίοψ
3141 3228 3202 3281 τὸ
3255 3228 3427 3301 δέρμα
3477 3226 3679 3290 αὐτοῦ,
3731 3227 3822 3285 καὶ

611 3330 702 3370 aut
746 3319 946 3388 pardus
999 3310 1290 3378 varietates
1346 3326 1557 3390 suas“,
1596 3347 1613 3379 ι
1678 3328 1902 3399 maligni
1954 3344 2170 3398 quoque

614 3417 865 3472 poterunt
909 3409 1046 3464 bene
1075 3411 1258 3468 dicere
1291 3421 1342 3468 et
1385 3417 1687 3482 consiliari,
1739 3419 1979 3473 meditati
2009 3422 2166 3473 mala.

613 3497 822 3553 Etenim
852 3501 1002 3555 calce
1034 3505 1435 3561 conculcabunt
1467 3509 1773 3573 proximum
1818 3527 1999 3576 suum,
2044 3527 2167 3566 cum

610 3588 799 3646 dolose
832 3592 1131 3658 incedant,
1166 3603 1219 3649 et
1265 3611 1396 3653 suos
1438 3599 1722 3654 derideant
1764 3601 1989 3668 amicos,
2028 3607 2169 3660 veri-

609 3689 778 3736 tatem
824 3698 929 3737 non
971 3674 1288 3755 loquentes,
1317 3691 1440 3758 quia
1489 3676 1680 3747 didicit
1754 3695 1934 3765 lingua
1979 3712 2167 3751 eorum

613 3772 758 3840 loqui
791 3781 928 3828 vana
961 3784 1014 3829 et
1058 3780 1338 3834 mendacia
1376 3782 1556 3844 verba.
1594 3782 1853 3855 :lntellige
1883 3787 2067 3856 igitur,
2112 3796 2164 3840 tn

611 3862 697 3913 cui
721 3872 944 3934 propter
978 3864 1071 3921 Dei
1097 3868 1381 3924 scientiam
1430 3880 1484 3926 et
1519 3873 1755 3930 Verbum
1802 3857 1893 3932 isti
1933 3878 2168 3935 insident

611 3960 666 4006 et
697 3952 880 4008 iucnnt
931 3955 1164 4021 faciunt.
1218 3977 1627 4030 perseveranter
1678 3984 1921 4038 precare,
1981 3972 2167 4029 dicens

610 4057 732 4096 cum
766 4043 998 4103 Ieremia
1025 4066 1097 4103 ελ
1145 4052 1384 4120 Domine,
1419 4058 1704 4114 recordare
1736 4065 1859 4129 mei,
1913 4074 1965 4118 et
2009 4065 2166 4122 visita

613 4149 719 4200 me,
752 4147 805 4191 et
845 4148 996 4195 tuere
1029 4157 1112 4197 me
1137 4145 1205 4198 ab
1237 4146 1322 4200 his
1353 4150 1447 4216 qui
1487 4165 1886 4221 persequuntur
1915 4171 2021 4220 me,
2058 4160 2167 4215 noli

2251 3321 2518 3391 πάρδαλις
2560 3321 2628 3374 τὰ
2685 3326 2829 3373 stole
2873 3339 2909 3390 ρ
2930 3338 3014 3373 ιτα
3065 3321 3273 3390 αὐτῆς,
3317 3320 3406 3374 καὶ
3462 3322 3509 3372 οἱ
3563 3319 3820 3387 βάσκανοι

2241 3412 2563 3482 δυνήσονται
2581 3408 2638 3466 εὖ
2663 3414 2834 3464 εἰπεῖν
2852 3415 2951 3481 καὶ¹
2964 3412 3373 3481 βουλεύσασθαι,
3392 3410 3821 3481 μεμελετηκότες

2250 3505 2414 3559 κακά.
2455 3504 2664 3575 Πτέρνῃ
2704 3505 2811 3574 γὰρ
2854 3493 3162 3575 πτερνιοῦσι
3192 3506 3316 3567 τοὺς
3357 3503 3582 3574 πλησίον
3618 3503 3815 3567 αὐτῶν,

2247 3597 2436 3668 ἐπειδὴ
2473 3597 2659 3661 δολίως
2708 3598 3057 3667 πορεύονται,
3119 3600 3210 3650 καὶ
3249 3594 3644 3659 καταπαίζουσι
3693 3595 3818 3657 τοὺς

2247 3691 2432 3760 φίλους
2462 3689 2670 3754 αὐτῶν,
2700 3689 2956 3759 ἀλήθειαν
2991 3690 3072 3758 μὴ
3104 3689 3409 3752 λαλοῦντες,
3456 3688 3590 3740 διότι
3640 3686 3814 3756 μεμάο

2248 3783 2478 3854 θηκενῂ
2512 3769 2746 3852 ’γλῶσσα
2791 3782 2970 3836 αὐτῶν
3013 3782 3191 3834 λαλεῖν
3238 3783 3437 3850 μάταια
3487 3780 3582 3832 καὶ
3618 3776 3812 3848 ψευδῆ,

2247 3873 2410 3935 Σύνες
2440 3868 2532 3927 οὖν
2555 3875 2582 3926 6
2608 3873 2694 3925 διὰ
2736 3873 2827 3943 τὴν
2857 3872 2947 3924 τοῦ
2981 3872 3113 3925 Θεοῦ
3150 3871 3348 3939 γνῶσιν
3383 3870 3475 3923 καὶ
3517 3863 3808 3940 τὸνλόγον,

2240 3966 2334 4018 ὑπ’
2379 3967 2559 4020 αὐτῶν
2608 3966 2968 4035 φθονούμενός
3014 3983 3071 4019 τε
3112 3971 3201 4019 καὶ
3250 3967 3623 4035 ὲμπαιζόμενο
3658 4006 3675 4030 ,
3724 3974 3814 4019 καὶ

2253 4051 2483 4114 ἐκτενῶς
2509 4051 2748 4121 δεήθητι,
2770 4053 2910 4110 κατὰ
2936 4053 3025 4106 τὸν
3051 4052 3344 4122 Ἰερεμίαν,
3371 4056 3461 4106 καὶ
3493 4056 3667 4106 εἰπέπ
3705 4058 3815 4109 Κύ-

2252 4161 2355 4215 ριε,
2382 4145 2646 4214 μνήσθητί
2668 4163 2786 4212 μου,
2809 4145 2900 4197 καὶ
2921 4143 3209 4213 ὲπίσκεψαί
3237 4161 3325 4214 με,
3355 4146 3444 4198 καὶ
3469 4145 3724 4200 άθὼωσόν
3752 4165 3814 4216 με

695 4225 949 4290 patientia
974 4236 1065 4283 tua
1095 4233 1319 4301 rejicere
1352 4253 1456 4302 me,
1483 4256 1566 4294 me
1583 4242 1672 4295 diu
1702 4246 1927 4310 probare
1958 4249 2164 4305 volens.

2253 4235 2357 4289 ἀπὸ
2393 4236 2498 4290 τῶν
2521 4237 2962 4290 καταδιωκὸντων
2997 4254 3062 4307 με
3099 4237 3381 4306 βασκάνων
3415 4239 3650 4308 ἀνδρῶν·
3692 4260 3706 4281 ν
3747 4243 3816 4313 μὴ

615 4311 764 4408 Scito
798 4320 1056 4408 quoniam
1088 4325 1323 4378 sustinui
1357 4331 1706 4396 opprobrium
1758 4333 1940 4392 abhis
1977 4354 2070 4407 qut
2097 4342 2167 4394 ir-

2253 4331 2327 4396 είς
2355 4331 2731 4402 μακροθυμίαν
2760 4348 2851 4381 σου
2879 4330 3043 4402 βάλῃς
3079 4348 3144 4399 με
3177 4369 3192 4396 ,
3223 4331 3515 4402 δοκιμάσαι
3553 4351 3619 4403 με
3652 4311 3816 4391 θέλων

614 4402 770 4453 ritam
802 4402 1009 4460 faciunt
1041 4411 1326 4466 scientiam
1373 4424 1545 4481 tuam,
1598 4435 1916 4491 consumma
1963 4402 2082 4482 illos
2115 4431 2165 4483 in

2253 4427 2342 4475 ἐπί
2397 4422 2530 4475 πολύ
2564 4438 2575 4450 ·
2632 4422 2799 4489 γνῶθι
2854 4423 2929 4484 ὡς
2975 4423 3162 4475 ἔλαϐον
3218 4402 3671 4494 ὲμπαιγμὺννὺπὸ
3715 4427 3820 4481 τῶν

614 4490 730 4543 zelo
759 4506 969 4560 eorum,
1004 4507 1058 4550 et
1082 4502 1186 4554 erit
1220 4505 1351 4558 mihi
1391 4509 1611 4563 verbum
1644 4490 1897 4568 scientia:
1949 4526 2052 4571 tua:
2110 4521 2162 4573 in

2253 4513 2582 4566 άθετούντων
2604 4515 2700 4581 τὴν
2730 4513 2924 4573 γνῶσίν
2957 4531 3068 4580 σου,
3103 4514 3419 4568 συντέλεσον
3444 4516 3639 4578 αὐτοὺς
3663 4517 3720 4568 ὲν
3746 4516 3821 4585 τῷ

611 4583 868 4648 gaudium
898 4595 950 4642 et
987 4590 1223 4647 laetitiam
1258 4599 1442 4654 cordis
1480 4601 1603 4656 mei.
1648 4602 1763 4658 Non
1789 4609 1932 4660 enim
1967 4612 2079 4664 sedi
2113 4613 2163 4666 in

2253 4606 2392 4674 ζήλῳ
2417 4605 2620 4667 αὐτῶν,
2644 4607 2736 4657 καὶ
2764 4605 2912 4657 ἔσται
2938 4608 2964 4658 ὁ
2988 4606 3142 4672 λόγος
3165 4608 3286 4674 ἐμοὶ
3316 4607 3410 4673 τῆς
3442 4605 3694 4672 γνώσεώς
3730 4624 3819 4663 σου

612 4674 842 4728 consilio
889 4677 1188 4736 ludentium
1246 4687 1530 4743 scientiam
1587 4701 1753 4760 tuam,
1798 4700 1888 4750 sed
1944 4700 2094 4754 timui
2138 4719 2164 4754 a

2253 4701 2326 4760 εἰς
2364 4696 2720 4765 εὐφροσύνην,
2772 4700 2864 4748 καὶ
2902 4682 2982 4759 είς
3015 4697 3188 4768 χαρὰν
3232 4699 3456 4768 καρδίας
3505 4715 3606 4768 μου
3641 4713 3654 4729 ⁸
3704 4700 3822 4761 οὐδὲ

615 4760 749 4815 facie
781 4780 974 4823 manus
1006 4777 1130 4838 tum,
1159 4785 1210 4828 et
1234 4777 1487 4834 sedebam
1531 4784 1702 4848 solus,
1737 4787 1991 4854 quoniam
2021 4805 2166 4845 ama-

2253 4789 2354 4856 γάρ
2388 4760 2615 4841 ἐκάθισα
2655 4760 2712 4839 έν
2749 4760 3192 4857 συνεδρίῳημετὰ
3220 4760 3330 4841 τῶν
3377 4760 3682 4853 παιζόντων
3727 4791 3822 4860 τὴν

614 4854 852 4910 ritndine
884 4875 969 4914 me
1023 4868 1250 4933 replevit
1287 4885 1474 4925 eorum
1521 4875 1722 4935 invidia
1759 4897 1772 4932 ε
1802 4890 1867 4933 ειν
1887 4884 2166 4949 exaudies,

2253 4854 2445 4946 γνῷσίν
2481 4895 2574 4929 σου
2598 4918 2612 4939 ,
2649 4878 2762 4930 ἀλλ’
2791 4854 3133 4948 εὐλαϐο-ύμην
3169 4880 3274 4932 ἀπὸ
3316 4881 3607 4949 προσώπου
3640 4854 3822 4951 χειρός

615 4945 752 4999 bene
805 4951 950 5014 novi,
1020 4954 1289 5024 siquidem
1355 4967 1630 5020 convertis
1681 4982 1949 5024 errantem
2004 4989 2031 5025 a
2088 4977 2166 5028 via

2253 4945 2366 5032 σου,
2398 4971 2489 5020 καὶ
2523 4968 2808 5037 ἐκαθήμην
2839 4969 2977 5027 κατὰ
2999 4945 3195 5038 μόνας,
3231 4971 3312 5022 ὃτι
3346 4972 3567 5038 πικρίας
3594 4972 3703 5024 ἀπὸ
3733 4971 3823 5024 τοῦ

616 5050 714 5137 sua
737 5038 804 5092 ’°.
846 5059 863 5092 ι
895 5073 965 5084 -
999 5063 1016 5096 ι
1052 5046 1333 5111 Stahiliam
1364 5063 1416 5106 te
1444 5055 1584 5109 inter
1608 5059 1814 5113 amicos
1848 5077 2016 5126 meos,
2048 5077 2167 5120 ante

2253 5060 2446 5128 φθόνου
2503 5059 2680 5111 αὐτῶν
2724 5061 3095 5129 ἐνεπλήσθην,
3129 5061 3220 5115 καὶ
3267 5063 3540 5129 ἀκούσεις,
3591 5063 3652 5117 εὖ
3687 5060 3823 5128 οἴδα,

619 5127 809 5182 faciem
849 5148 1018 5187 meam
1053 5139 1244 5203 stabis,
1273 5150 1326 5194 et
1375 5145 1419 5197 si
1459 5149 1829 5216 segregaveri’s
1874 5153 2167 5221 pretiosum

2253 5127 2344 5202 ἐὰν
2370 5151 2700 5220 ὲπιστρεψῃς
2736 5127 3148 5220 πεπλανημένον
3180 5152 3286 5204 ἀπὸ
3318 5152 3417 5220 τῆς
3456 5127 3576 5204 ὁδοῦ
3617 5152 3782 5208 αὑτοῦ
3808 5127 3822 5182 έ

621 5236 648 5270 a
687 5221 798 5284 vili,
829 5227 983 5291 quasi
1023 5243 1087 5282 os
1135 5246 1315 5284 meum
1365 5235 1497 5299 eris,
1536 5236 1776 5292 liberabo
1811 5249 1861 5293 te
1901 5242 1966 5296 de
2009 5260 2167 5297 manu

2262 5245 2314 5293 ’Λ
2329 5245 2726 5311 ποκαταστήσω
2753 5259 2807 5294 σε
2835 5244 2891 5295 ἐν
2920 5245 3031 5303 τοῖς
3062 5243 3233 5310 φίλοις
3261 5261 3382 5312 μου,
3407 5243 3510 5313 πρὸ
3532 5245 3824 5314 προσώπου

618 5313 1005 5380 pessimorum,
1044 5321 1116 5374 ait
1150 5321 1410 5380 Dominus
1441 5325 1580 5383 Deus
1625 5328 1874 5387 Israel“.
1912 5351 1930 5382 ι

2253 5350 2348 5400 μου
2402 5333 2571 5402 στήσῃ
2596 5370 2608 5393 ,
2641 5333 2734 5384 καὶ
2766 5332 2857 5383 ἐὰν
2908 5332 3182 5403 ἑξαγάγῃς
3216 5334 3395 5402 τίμιον
3430 5337 3534 5386 ἀπὸ
3575 5313 3811 5401 άναξίου,

2244 5423 2517 5491 ὼ,’στόμα
2550 5441 2651 5491 μου
2685 5423 2801 5492 ἔσῃ.
2832 5409 3192 5492 Λυτρέῦσομαί
3223 5441 3278 5475 σε
3313 5427 3376 5476 ὲκ
3407 5427 3588 5496 χειρὸς
3621 5427 3819 5493 βασκά-

2194 5533 2196 5535 ·
2243 5533 2344 5565 νων
2378 5514 2597 5578 λοιμῶν,
2633 5513 2779 5580 λέγει
2812 5515 3014 5582 Κύριος
3049 5517 3076 5566 ὁ
3106 5516 3236 5578 Θεὸς
3275 5516 3512 5586 Ἰσραήλ.

690 5578 777 5636 66.
806 5581 998 5638 Totum
1045 5591 1313 5646 sermonis
1367 5594 1526 5647 tinem
1575 5596 1797 5652 audiant
1833 5601 2050 5671 maligni
2082 5621 2166 5659 sa-

2321 5604 2424 5667 ξς’,
2449 5604 2612 5666 Τέλος
2643 5606 2799 5668 λόγου
2832 5605 2890 5656 τὸ
2923 5607 3048 5668 πᾶν,
3080 5608 3128 5659 οἱ
3159 5604 3416 5676 βάσκανοι
3442 5612 3599 5677 σοφοὶ
3625 5613 3793 5663 ἀδιουί

696 5701 736 5731 ’⁸
759 5698 953 5760 Jerem.
994 5722 1106 5769 vui,
1153 5707 1203 5760 9.

662 5714 1263 5786 ~".ierep.l.l_‘fl_ll,_?.__
1316 5714 1510 5766 |‘Ibid.
1574 5715 1834 5769 "Jeretn.
1880 5719 2142 5779 “111,28.
2255 5718 2523 5772 H‘.icrem.
2555 5717 2754 5779 xxx,‘2.
2835 5715 3216 5770 "Jcrem.xm
3268 5715 3356 5768 2'5.
3435 5714 3817 5773 ’Περδίκκαν

625 5769 790 5822 15·ίὸ
884 5775 924 5806 ³⁸
953 5776 1078 5831 ibid.
1116 5778 1179 5830 19
1206 5779 1291 5832 2|.

1316 5711 1357 5741 ¹⁶
1381 5711 1510 5766 Ibid.
1574 5715 1611 5744 ¹⁷
1642 5715 1834 5769 Jeretn.
1880 5719 2142 5779 “111,28.
2255 5719 2295 5749 “‘
2325 5718 2523 5772 Jerem.
2555 5731 2677 5779 xxx,
2700 5717 2754 5770 ‘2.
