4126 6338
251 409 350 472 989

1087 420 1623 485 GNOSTICORUM
1662 427 1996 492 CAPITUM
2033 433 2428 498 CENTUBIA
2459 440 2577 504 III.

3345 453 3450 516 990

242 541 415 576 τωσαν
438 541 450 554 ·
483 524 958 602 ἐκαθκριεύθησαν
987 523 1273 595 Ναζιραῐοι
1325 528 1461 581 Θευῦ
1491 535 1601 594 τοῖς
1627 535 1830 601 πόνοις⁴

1912 545 2101 601 )ieutes
2136 551 2528 608 :Candidiores
2561 555 2680 610 nive
2700 556 2946 614 Nazaraei
2979 558 3072 614 Dei
3111 561 3288 617 effecti
3324 580 3450 622 sunt

246 616 381 686 ὑπὲρ
405 617 582 684 χιόνα·
612 615 858 686 ἔλαμψαν
886 615 963 687 τῷ
1002 616 1101 686 βίῳ
1126 618 1264 688 ὑπὲρ
1291 620 1451 686 γάλα,
1487 622 1625 692 ὑπὲρ
1666 625 1812 681 λίθον

247 707 544 775 σάπφειρον
572 707 633 760 τὸ
648 703 792 771 είδος
815 707 913 777 τῆς
945 708 1134 777 σοφίας
1161 709 1362 775 αὐτῶν,
1387 712 1481 763 καὶ
1501 712 1642 783 ὑπὲρ
1677 717 1813 787 μάρ-

245 815 408 868 γαρον
435 797 672 869 καθαρὸν
696 800 723 852 6
747 800 1033 871 χαρακτὴρ
1053 801 1162 854 τῶν
1179 801 1351 870 λόγων
1375 802 1578 856 αὐτῶν·
1603 806 1728 858 σι’δέ
1749 824 1812 874 γε

248 889 516 953 ἐσθίοντες
533 894 745 962 τρυφάς
761 893 860 961 τῆς
878 894 1144 963 κοσμικῆς
1159 894 1430 961 γνώσεως,
1443 898 1709 968 ἠφανίσθη
1719 916 1814 952 σαν

248 984 303 1035 ἐν
331 984 452 1043 ταῖς
483 983 681 1048 ἐξόδοις
702 983 795 1036 τοῦ
843 983 983 1037 Πνεύ
993 1002 1160 1054 ματος
1182 1026 1197 1050 ,
1225 987 1276 1039 οι
1309 987 1686 1058 τιθηνούμενοι
1721 993 1815 1044 ἐπὶ

251 1074 481 1158 κοκκίνῳ
521 1076 711 1142 σοφίας
749 1076 1018 1145 Ἑλλήνων
1039 1118 1055 1143 ,
1088 1080 1322 1147 κοπρίαν
1353 1081 1630 1148 ἀγνωσίας
1663 1100 1816 1153 περι-

251 1164 522 1229 ιΰάλοντο,
564 1164 658 1218 καὶ
691 1164 949 1234 ἐδόθησαν
981 1169 1068 1218 ἐπ’
1107 1169 1290 1232 αὐτοῖς
1332 1170 1539 1240 δεσμοὶ,
1575 1173 1666 1226 καὶ
1704 1174 1816 1226 ἐδέ-

252 1257 420 1325 θησαν
473 1258 530 1310 ἐν
579 1256 783 1319 αὐτοῖς·
834 1258 1089 1326 συνεδέθη
1145 1259 1254 1330 γὰρ
1306 1261 1592 1330 ήγλῶσσα
1640 1264 1816 1318 αὐτῶν

248 1346 381 1416 πρὸς
408 1346 500 1399 τὸν
528 1345 777 1416 λάρυγγα
806 1347 1006 1413 αὐτῶν,
1038 1351 1132 1402 καὶ
1176 1351 1658 1422 ἁπεκωφώθησαν,
1691 1356 1811 1407 ἐπεὶ¹

248 1438 343 1506 τὴν
372 1436 536 1500 ὅντως
572 1437 764 1504 σοφίαν
797 1441 890 1491 καὶ
919 1439 1120 1507 γνῶσιν
1159 1441 1253 1493 τοῦ
1306 1441 1812 1513 θείουάπεδοκίμα-

249 1545 345 1581 σαν
376 1527 716 1598 Πνεύματος,
751 1529 824 1598 μὴ
846 1529 933 1582 διὰ
964 1531 1140 1584 πόνων
1166 1533 1369 1601 ταύτην
1413 1533 1596 1586 λαϐεῖν
1627 1537 1811 1606 ἐθελήο

247 1633 457 1681 σαντες.

318 1707 414 1774 ξε.
468 1709 526 1762 '0
555 1708 688 1772 Θεὸς
716 1710 743 1761 6
767 1709 1046 1762 ιταπεινῶν
1084 1708 1237 1773 ξύλον
1280 1711 1502 1781 ὑψηλὺν,
1523 1714 1630 1766 ,καὶ
1653 1715 1812 1785 Διέιψῶν

253 1798 407 1864 ξύλον
442 1799 696 1852 ταπεινὸν
715 1801 781 1864 ,6
810 1799 1078 1870 ξηραίνων
1113 1799 1269 1865 ξύλον
1300 1801 1528 1870 χλωρὸν,
1565 1803 1654 1855 καὶ
1685 1805 1815 1855 ἀνα-

250 1889 457 1943 ϐάλλων
502 1889 661 1954 ξύλον
703 1864 893 1961 ξηρόν-,⁷
945 1864 1380 1951 αὑτόςέστινηὸ
1410 1864 1584 1954 διδοὺς
1643 1864 1878 1960 στόμαΒ

247 1981 611 2049 ἀνεῳγμένον,
653 1982 708 2034 ἐν
763 1980 910 2050 μέσῳ
954 1978 1282 2049 Συναγωγῆς
1315 1981 1534 2049 πολλῆς,
1564 1985 1674 2043 τοῖς
1704 1983 1815 2034 δούο

246 2070 357 2136 λοις
387 2072 571 2138 αὑτοῦ,
607 2074 698 2126 καὶ
731 2073 882 2143 ῥῆμα
914 2074 1023 2135 τοῖς
1054 2071 1558 2142 εὑαγγελιζομένοις
1588 2074 1815 2142 δυνάμει

249 2165 436 2238 πολλῇ,
466 2168 547 2220 ὅτι
572 2168 604 2238 ἡ
627 2167 810 2234 σοφία,
837 2168 930 2220 καὶ
957 2169 989 2236 ἠ
1021 2167 1257 2230 σύνεσις,
1292 2169 1384 2220 καὶ
1410 2169 1441 2238 ἡ
1476 2167 1814 2237 ίσχὺςαὺτοῦ

249 2261 384 2324 ἐστι,
415 2262 508 2313 καὶ
538 2260 702 2323 αὐτὸς
731 2260 934 2313 ἀλλοιοῖ
965 2261 1151 2332 ὥσπερ
1191 2262 1413 2331 καιροὺς
1446 2261 1537 2314 καὶ
1569 2261 1812 2330 χρόνους,

248 2351 390 2405 οὕτω
421 2353 513 2406 καί
540 2352 718 2423 ψυχὰς
743 2352 1011 2422 ζητούσας
1064 2354 1158 2405 καὶ
1191 2351 1459 2414 ποθούσας
1497 2353 1656 2405 αὐτὸν
1684 2352 1816 2403 καθ-

248 2447 374 2515 ιττᾷ
395 2446 532 2498 κατά
554 2446 739 2498 παθῶν
771 2444 1026 2515 βασιλεῖς,
1056 2445 1150 2498 καὶ
1176 2445 1404 2514 μεθιστᾷ
1434 2443 1541 2496 ἀπὸ
1568 2442 1709 2514 ζωῆς
1739 2445 1816 2506 είς

250 2536 395 2606 ζωὴν
420 2575 434 2598 ,
462 2537 636 2600 διδοὺς
678 2535 871 2604 σοφίαν
921 2537 1031 2597 τοῖς
1075 2537 1257 2602 σοφοῖς
1286 2533 1362 2602 τῷ
1393 2532 1696 2599 πνεύματι,
1728 2535 1819 2584 καὶ

250 2627 512 2698 φρόνησιν
567 2631 679 2691 τοῖς
728 2627 893 2681 εἰδόσι
935 2627 1185 2680 σύνεσινο
1236 2625 1397 2688 αὐτὸς
1441 2625 1816 2678 ἀποκαλύπτει

252 2717 425 2784 βαθέα
468 2719 560 2772 καὶ
598 2719 892 2788 ἀπόκρυφα
935 2721 1046 2780 τοῖς
1102 2717 1361 2787 ἐρευνῶσι
1413 2715 1482 2767 τὰ
1543 2714 1680 2784 βάθη
1726 2715 1818 2768 τοῦ

253 2808 416 2873 Θεοῦ,
449 2811 540 2863 καὶ
574 2809 861 2879 γινώσκειν
897 2809 1108 2863 δίδωσιν
1139 2808 1319 2871 αὐτοῖς
1343 2810 1410 2861 τά
1447 2809 1502 2860 ἐν
1539 2806 1615 2876 τῷ
1644 2808 1822 2860 σκότει

247 2901 360 2955 τῶν
389 2904 742 2972 αἰνιγμάτων,
769 2902 934 2956 ὅτιτὸ
963 2903 1077 2970 φῶς
1105 2902 1202 2971 τῆς
1234 2902 1423 2971 σοφίας
1455 2903 1547 2954 καὶ
1573 2902 1822 2970 γνώσεως

253 2995 372 3062 μετ’
397 2994 560 3047 αὑτοῦ
592 2999 726 3060 ἐστι,
749 2995 842 3047 καὶ
871 2988 914 3062 ᾧ
948 2994 1194 3064 βούλεται
1215 2993 1430 3047 δίδωσιν
1460 2995 1610 3049 αύτό.

328 3085 428 3157 ξη’.
471 3087 641 3140 Παντὶ
669 3086 746 3157 τῷ
777 3086 896 3140 καθ’
931 3085 1204 3157 ὑπομονὴν
1234 3085 1588 3158 ἐργαζομένῳ
1617 3087 1713 3151 τὰς
1745 3089 1827 3140 ὲν..

250 3180 420 3242 ηολάς
442 3180 584 3234 κατὰ
620 3181 712 3234 τὸν
737 3182 890 3244 ἐκτὸς
918 3181 1012 3234 καὶ
1043 3182 1191 3244 ἐντὸς
1219 3179 1521 3246 ἄνθρωπον,
1557 3181 1652 3233 καὶ
1689 3179 1826 3249 προς

255 3272 428 3342 μόνην
457 3273 731 3344 ἀφορῶντι
775 3273 872 3343 τὴν
904 3273 1058 3337 δόξαν
1104 3271 1197 3325 τοῦ
1247 3271 1404 3335 Θεοῦ,
1449 3270 1581 3342 τιμὴ
1628 3271 1829 3324 δίδοται

256 3363 515 3432 γνώσεως
544 3365 821 3435 οὐρανίου,
851 3364 1038 3434 εἰρήνη
1070 3363 1248 3432 ψυχῆς
1270 3362 1376 3416 ικαὶ
1414 3363 1688 3431 ἀφθαρσία
1714 3402 1726 3424 ,
1756 3362 1830 3425 ὼς

254 3459 360 3512 οὐκ
387 3459 651 3528 ἀκροατῇ,
681 3457 816 3510 ἀλλά
848 3458 1044 3525 ποιητῇ
1068 3454 1160 3508 τοῦ
1191 3455 1357 3523 νόμου
1378 3456 1475 3525 τῆς
1505 3455 1746 3525 χάριτος·
1771 3449 1830 3507 οὗ

258 3553 357 3606 καὶ
409 3552 505 3621 τὴν
546 3551 749 3617 γνῶσιν
795 3551 1146 3621 ἐμμάρτυρον
1187 3545 1352 3602 οὖσαν
1395 3547 1453 3613 ἐξ
1495 3548 1696 3618 ἔργων,
1737 3549 1834 3601 οὐκ

258 3641 516 3712 ἀτιμάζει
549 3642 701 3704 Θεὸς,
731 3642 867 3695 ἀλλά
894 3639 1200 3704 συνδοξάζει
1227 3641 1337 3702 τοῖς
1368 3639 1545 3707 λόγοις
1572 3639 1672 3707 τῆς
1693 3639 1835 3707 γνὼἀ

265 3750 408 3795 σεως
449 3733 554 3786 τῶν
605 3734 693 3786 διά
741 3735 931 3800 σοφίας
965 3732 1134 3785 αὐτοῦ
1179 3731 1505 3802 λαμψάντων
1541 3733 1597 3783 ἐν
1634 3734 1698 3801 τῇ
1731 3731 1836 3784 τῶν

265 3825 475 3878 πιστῶν
519 3825 813 3894 Ἐκκλησία
839 3867 850 3887 ,
895 3825 1080 3893 ἐπειδὴ
1119 3823 1548 3893 προσωποληψία
1580 3825 1678 3876 οὐκ
1723 3823 1836 3876 ἔστι

268 3920 403 3990 παρ’
450 3917 620 3988 αὐτῷ.
674 3917 763 3986 Τῷ
806 3919 861 3970 δὲ
911 3917 969 3980 ἐξ
1018 3918 1252 3986 ἐριθείας
1302 3915 1708 3984 ἀγωνιζομένῳ.
1747 3916 1841 3968 καὶ

264 4006 583 4062 ἀπειθοῦντι
627 4008 724 4075 μὲν
757 4008 867 4068 τοῖς
906 4005 1080 4072 λόγοις
1131 4004 1241 4058 τῶν
1278 4003 1557 4072 ἀγομένων
1599 4001 1702 4055 ὑπὸ
1744 3998 1838 4052 τοῦ

272 4095 625 4166 Πνεύματος,
679 4094 981 4164 πειθομένῳ
1009 4094 1063 4147 δὲ
1115 4096 1179 4163 τῇ
1238 4091 1430 4146 ἑαυτοῦ
1462 4090 1707 4152 συνέσει,
1744 4089 1836 4142 καὶ

258 4193 390 4252 τοῖς
415 4187 707 4254 ἀπατηλοῖς
738 4186 914 4254 λόγοις
945 4185 1051 4238 τῶν
1079 4184 1176 4254 τὴν
1204 4184 1481 4254 μόρφωσιν
1515 4199 1577 4234 πε
1589 4180 1834 4250 ρικειμέ-

266 4303 380 4338 νων
415 4283 580 4354 μόνην
610 4283 708 4352 τῆς
745 4280 1056 4344 εὐσεϐείας,
1106 4279 1201 4332 καὶ
1245 4278 1528 4348 ἀγομένων
1567 4279 1671 4331 ὑπὸ
1695 4277 1842 4344 φιλο-

267 4376 450 4440 δόξου,
475 4377 567 4428 καὶ
597 4376 878 4446 φιληδόνου
904 4374 1232 4443 πνεύματος,
1263 4373 1437 4442 θλίψις
1469 4372 1561 4424 καὶ
1585 4388 1844 4440 στενοχω-

272 4462 368 4533 ρία
397 4462 616 4526 δίδοται,
663 4462 851 4528 φθόνος
880 4501 894 4524 ,
924 4463 1016 4515 καὶ
1056 4461 1253 4530 θυμὸς,
1291 4463 1382 4514 καὶ
1415 4461 1548 4530 ὀργὴ
1569 4503 1582 4525 ,
1613 4461 1705 4513 νῦν
1746 4459 1844 4530 μὲν

1897 638 2207 707 laboribus,
2237 657 2348 710 pra:
2379 646 2515 700 lacte
2541 646 2646 699 vita
2673 649 3150 720 nitent,-sappliiro
3172 655 3451 722 pulchrior

1897 727 2161 794 sapientia
2200 744 2409 797 eorum,
2445 740 2516 787 ‘et
2559 734 2923 802 splendidiora
2967 741 3277 809 margaritis
3306 745 3452 810 ipso-

1899 832 2018 870 rum
2047 820 2231 874 verba.
2253 820 2354 886 Qui
2388 838 2519 878 vero
2540 826 2728 879 nutriti
2760 835 2886 880 sunt
2909 829 3122 885 deliciis
3164 833 3450 888 mundanae

1896 911 2158 974 scientiae,
2181 912 2513 969 obtenebrati
2536 927 2665 970 sunt
2691 912 3199 989 recedente‘Spiritu
3224 933 3448 991 sancto;

1898 1008 1952 1053 et
1980 1001 2070 1068 qui
2098 1002 2280 1057 iactati
2312 1015 2438 1059 sunt
2469 1006 2524 1060 in
2576 1021 2815 1077 purpura
2855 1012 3150 1080 sapientiae
3202 1014 3454 1073 ethnico-

1898 1108 2043 1156 rum,
2078 1104 2316 1150 stercore
2341 1098 2662 1168 ignorantia:
2690 1101 3010 1158 circumfusi
3050 1115 3195 1173 sunt,
3221 1119 3276 1164 et
3324 1110 3450 1164 data

1900 1192 2026 1237 sunt
2088 1186 2196 1240 illis
2227 1188 2463 1253 vincula,
2519 1193 2719 1260 quibus
2773 1194 2975 1265 alligati
3031 1206 3178 1263 sunt,
3225 1200 3453 1256 adhaesit

1899 1277 2039 1328 enim
2096 1277 2276 1345 lingua
2317 1295 2502 1335 eorum
2554 1286 2782 1350 gutturi,
2832 1275 2886 1340 et
2940 1286 3067 1342 facti
3109 1298 3237 1344 sunt
3295 1294 3451 1356 muti,

1901 1380 2023 1419 eum
2054 1381 2236 1437 veram
2265 1372 2578 1436 sapientiam
2611 1382 2663 1427 et
2694 1377 2974 1430 scientiam
3015 1378 3185 1432 divini
3208 1381 3453 1449 Spiritus

1900 1455 2213 1523 rejecerint,
2251 1459 2496 1514 nolentes
2529 1476 2643 1515 eam
2675 1464 2971 1523 laboribus
3005 1471 3288 1540 consequi.

1970 1720 2059 1774 67.
2093 1721 2186 1776 llie
2242 1722 2387 1779 Dens
2417 1727 2506 1792 qui
2563 1727 2812 1782 humiliat
2869 1728 3074 1799 lignum
3125 1732 3457 1797 sublime,et

1903 1812 2104 1864 exaltat
2142 1813 2347 1882 lignum
2399 1817 2621 1878 humile,
2669 1827 2722 1871 et
2769 1818 2910 1874 sicut
2951 1821 3153 1890 lignum
3183 1821 3372 1887 viride,
3406 1835 3460 1878 et

1910 1902 2165 1956 frondere
2200 1902 2328 1957 facit
2355 1905 2558 1973 lignum
2587 1908 2821 1973 aridum,
2859 1909 2975 1978 ipse
3021 1921 3102 1964 est
3139 1914 3237 1979 qui
3274 1913 3366 1965 dat
3397 1929 3460 1969 os

1915 1999 2158 2058 apertum
2189 1993 2242 2044 in
2274 1995 2452 2048 medio
2498 2010 2784 2064 synagoga
2831 2003 3013 2051 multa:
3063 2001 3277 2056 famulis
3322 2005 3456 2069 suis,

1915 2090 1969 2133 et
1991 2083 2210 2135 verbum
2239 2084 2732 2152 evangelizantibus
2762 2087 2958 2140 virtute
3000 2090 3186 2154 multa,
3217 2092 3342 2158 quia
3373 2108 3462 2146 sa-

1916 2172 2135 2241 pientia,
2171 2174 2455 2239 prudentia
2493 2181 2545 2228 et
2570 2175 2743 2229 virtus
2775 2178 2848 2229 ab
2890 2178 3007 2246 ipso
3049 2181 3367 2247 procedunt,
3408 2191 3459 2235 et

1914 2266 2030 2334 ipse
2088 2274 2143 2317 ut
2209 2273 2382 2317 mutat
2448 2273 2686 2333 tempora
2718 2275 2770 2320 et
2818 2278 3110 2332 momenta,
3144 2271 3223 2322 sic
3255 2272 3462 2326 animas

1915 2359 2085 2424 ipsum
2138 2365 2439 2425 quaerentes
2471 2365 2525 2410 et
2571 2365 2883 2425 appetentes
2901 2360 3071 2412 reddit
3103 2361 3460 2430 cupiditatum

1916 2450 2131 2518 reginas
2158 2454 2210 2503 et
2241 2447 2496 2502 transfert
2532 2448 2598 2500 de
2623 2449 2731 2502 vita
2773 2449 2826 2501 in
2863 2449 3046 2514 vitam,
3083 2450 3218 2504 dans
3248 2452 3464 2520 sapien-

1915 2541 2042 2592 tiam
2083 2538 2415 2606 sapientibus
2453 2536 2644 2604 spiritu
2677 2548 2729 2590 et
2773 2538 3109 2604 prudentiam
3171 2539 3464 2592 scientibus

1914 2631 2259 2701 intelligere:
2295 2631 2408 2698 ipse
2458 2629 2658 2683 revelat
2723 2627 2990 2697 profunda
3045 2636 3099 2682 et
3142 2629 3460 2683 -absc0ndita

1916 2723 2288 2778 scrutantibus
2319 2721 2584 2791 profunda
2616 2719 2726 2786 Dei,
2763 2719 3288 2787 eisque'manifestat
3328 2733 3463 2773 con-

1915 2818 2102 2872 stituta
2143 2816 2196 2869 in
2226 2813 2854 2883 tenebris‘aanigmatum,
2888 2811 3011 2880 quia
3056 2811 3141 2864 lux
3186 2810 3467 2880 sapientiae

1915 2919 1968 2965 et
2019 2910 2258 2966 scientiae
2303 2924 2425 2962 cum
2463 2921 2527 2961 eo
2556 2913 2658 2970 est,
2693 2913 2746 2960 et
2793 2904 2882 2959 cui
2914 2903 3027 2958 vnit
3073 2904 3219 2957 illam
3266 2903 3465 2974 imper-

1916 3006 2064 3057 titur.

1987 3097 2076 3153 68.
2116 3095 2350 3151 Cuilibet
2397 3092 2707 3162 adimplenti
2741 3097 3151 3160 perseveranter
3191 3089 3284 3143 Dei
3315 3103 3468 3142 man-

1838 3210 1880 3268 ο
1913 3190 2034 3245 data
2065 3187 2361 3242 secundum
2387 3185 2696 3239 interiorem
2729 3192 2780 3235 et.
2811 3181 3132 3235 exteriorem
3168 3178 3465 3240 hominem,

1913 3289 1966 3335 et
2016 3281 2187 3334 solam
2257 3276 2484 3330 intuenti
2537 3274 2762 3343 gloriam
2818 3271 2929 3334 Dei,
2984 3271 3158 3324 honor
3193 3267 3468 3321 tribuitur

1915 3370 2153 3423 caelestis
2208 3367 2510 3438 sapientize,
2565 3380 2664 3433 pax
2735 3363 2926 3416 animae
2983 3371 3035 3415 et
3096 3358 3465 3427 incorruptio'.

1916 3464 2112 3534 quippe
2139 3461 2232 3530 qui
2267 3473 2371 3512 non
2412 3437 2628 3510 auditor
2649 3453 2742 3516 sit,
2769 3452 2861 3506 seti
2898 3449 3068 3504 factor
3096 3447 3229 3516 legis
3256 3445 3463 3515 gratia.

1915 3553 2066 3607 illius
2097 3549 2380 3605 scientiam
2414 3561 2478 3600 ex
2523 3544 2781 3614 operibus
2807 3541 3091 3611 probatam
3149 3550 3256 3592 non
3308 3537 3466 3588 inito-

1921 3641 2326 3705 norabitDeus,
2365 3639 2456 3694 sed
2491 3633 2922 3706 congloriiicabit
2948 3646 3072 3687 eum
3117 3627 3468 3686 sermonibus

1917 3737 2158 3793 scientiae
2199 3747 2385 3790 eorum
2421 3730 2514 3799 qui
2557 3728 2887 3784 refulserunt
2941 3725 2995 3778 in
3043 3720 3287 3777 Ecclesia
3343 3717 3473 3771 title.

1917 3831 2068 3892 lium,
2093 3825 2219 3895 quia
2250 3839 2355 3877 non
2388 3829 2469 3874 est
2498 3817 2637 3888 apud
2664 3825 2794 3871 eum
2815 3826 3169 3884 personarum
3209 3809 3468 3877 acceptio.

1917 3922 1988 3975 iis
2018 3927 2195 3973 autem
2228 3915 2322 3983 qui
2355 3923 2570 3968 suntex
2609 3908 2977 3969 contentione,
3017 3911 3069 3958 et
3102 3917 3205 3955 non
3255 3898 3472 3966 acquie-

1920 4019 2078 4067 scunt
2107 4006 2289 4062 verbis
2319 4017 2506 4057 eorum
2534 4001 2623 4070 qui
2653 4014 2679 4052 a
2715 3996 2917 4064 Spiritu
2949 4000 3203 4062 aguntur,
3243 3989 3472 4043 credunt

1919 4117 2046 4158 vero
2064 4097 2292 4169 proprie
2317 4087 2886 4164 prudentiaaet-verbis
2911 4083 3261 4138 mendacibus
3282 4093 3469 4133 eorum

1919 4195 2009 4264 qui
2036 4192 2207 4246 solam
2260 4186 2478 4258 pietatis
2524 4193 2814 4254 personam
2869 4186 3034 4247 agunt
3084 4185 3136 4228 et
3201 4172 3473 4225 ducuntur

1921 4263 2112 4358 spiritu
2144 4279 2413 4351 superbiae
2445 4285 2496 4332 et
2521 4271 2843 4342 voluptatis,
2893 4266 3170 4321 tribulatio
3205 4263 3384 4320 datur.
3419 4269 3472 4314 et

1921 4380 2192 4451 angustia,
2228 4374 2448 4437 invidia,
2481 4379 2660 4424 tumor
2693 4376 2746 4420 et
2775 4362 3072 4424 iracundia,
3095 4375 3239 4413 nunc
3256 4358 3471 4426 quidem

1925 4475 1978 4528 in
2000 4448 2312 4534 mercedem
2355 4461 2556 4520 erroris
2580 4473 2792 4521 eorum,
2846 4454 3137 4509 novissime
3190 4461 3368 4504 autem
3404 4448 3472 4501 ad

268 4554 354 4618 ιίς
385 4554 725 4624 ἀντιμισθίαν
761 4555 857 4624 τῆς
891 4553 1095 4621 πλάνης
1129 4552 1291 4605 αὑτοῦ
1315 4592 1327 4615 ,
1380 4551 1602 4618 ἔσχατον
1639 4552 1695 4604 δὲ
1718 4593 1731 4617 ,
1766 4553 1830 4614 είς

1927 4559 2271 4618 accusandas
2305 4568 2490 4610 eorum
2527 4551 2878 4620 cogitationes
2905 4561 3024 4602 sese
3061 4543 3287 4597 invicem
3336 4541 3474 4592 insi-

268 4646 607 4714 κατηγορίαν
643 4645 748 4697 τῶν
791 4645 992 4714 μεταξὺ
1033 4645 1275 4711 ἀλλήλων
1308 4647 1775 4714 κατηγορούντων,
1811 4643 1843 4713 ἢ

269 4737 372 4790 καὶ
411 4738 858 4807 ἀπολογουμένων
903 4737 1067 4790 αὑτοῦ
1113 4738 1419 4806 λογισμῶν·
1475 4741 1531 4790 ἐν
1587 4739 1766 4808 ἡμέρᾳ

271 4830 459 4898 κρινεῖ
481 4829 507 4880 6
531 4828 662 4892 Θεὸς
691 4828 759 4896 τά
776 4831 1003 4898 κρυπτὰ
1031 4830 1137 4882 τῶν
1164 4829 1481 4900 ἀνθρώπων,
1514 4831 1604 4882 καὶ
1638 4828 1846 4882 ἀποδώ-

273 4935 365 4974 σει
391 4919 603 4990 ἐκάστῳ
629 4919 768 4972 κατὰ
801 4919 860 4970 τὸ
885 4918 1042 4987 ἔργον
1071 4919 1254 4974 αὑτοῦ.

347 5010 449 5075 ιξθυ.
478 5012 686 5079 Ὠσπερ
716 5012 814 5064 οὐκ
847 5010 991 5063 ἐστιν
1037 5013 1284 5076 Ἰουδαῖος
1319 5016 1345 5066 6
1390 5015 1446 5066 ἐν
1484 5013 1561 5081 τῷ
1610 5013 1847 5082 φανερῷ,

274 5103 425 5157 κατά
463 5103 554 5155 τὸν
593 5103 814 5155 εἰπόντα
841 5140 856 5166 ,
888 5103 1006 5156 οὐδὲ
1039 5105 1070 5173 ἡ
1113 5107 1170 5156 ἐν
1221 5105 1295 5175 τῷ
1329 5105 1546 5175 φανερῷ
1583 5106 1638 5157 ἑν
1691 5105 1853 5174 σαρκὶ

273 5194 574 5266 περιτομὴ,
610 5195 722 5249 ἀλλ’
751 5198 776 5249 6
805 5198 860 5248 ἐν
890 5201 1114 5267 κρυπτῷ
1149 5198 1427 5259 Ἰουδαῖος,
1465 5199 1554 5251 καὶ
1585 5197 1851 5267 περιτομὴ

277 5287 513 5358 καρδίας
544 5289 600 5342 ἐν
642 5288 942 5353 πνεύματι,
974 5290 1072 5341 οὐκ
1100 5292 1157 5341 ἐν
1188 5290 1503 5360 γράμματι,
1537 5289 1707 5352 οὕτως
1735 5291 1855 5343 ούδέ

273 5383 488 5444 τέλειος
521 5381 657 5452 ἀνὴρ
693 5382 747 5435 ἐν
783 5381 978 5449 γνώσει
1020 5383 1111 5434 καὶ¹
1151 5383 1345 5452 σοφίᾳ,
1375 5386 1402 5435 6
1437 5385 1492 5434 ἐν
1524 5383 1601 5452 τῷ
1637 5383 1855 5454 φανερῷ

284 5472 439 5542 μόνῳ
468 5472 560 5524 καὶ
592 5471 1112 5544 κατεγλωττισμένῳ
1142 5473 1286 5544 λόγῳ
1319 5473 1503 5536 πολὺς,
1540 5474 1658 5526 οὑδέ
1693 5491 1856 5526 σπου-

268 5565 428 5626 δαῖος
457 5564 662 5634 ἄκρως,
691 5566 718 5618 6
741 5566 797 5616 ἐν
821 5567 885 5635 τῇ
915 5568 1197 5635 σωματικῇ
1228 5568 1322 5619 καὶ
1348 5568 1557 5636 φανερᾴ
1583 5567 1856 5637 γυμνασίᾳ

274 5657 392 5711 τῶν
417 5657 623 5721 πόνων,
659 5657 772 5710 ἀλλ’
809 5661 835 5712 6
870 5660 926 5710 ἐν
959 5660 1022 5710 cii
1059 5662 1273 5728 κρυπτῇ
1315 5659 1411 5711 καὶ
1436 5661 1599 5730 νοερᾷ
1629 5661 1856 5729 ἐργασίᾳ

357 5838 398 5868 ³¹
426 5834 576 5892 Rom.
617 5852 672 5894 ll.
715 5833 867 5888 6-l6.
944 5834 988 5866 "
1016 5832 1148 5886 ibitl.
1192 5830 1278 5883 28.
1324 5830 1414 5878 Q9.

1921 4653 2186 4704 mulantes
2211 4663 2274 4701 ac
2305 4643 2672 4701 defendentes.
2702 4640 2754 4692 in
2786 4640 2872 4693 die
2903 4650 3006 4702 qua
3027 4631 3292 4702 judicabit
3333 4629 3473 4682 Deus

1921 4741 2235 4797 abscondita
2266 4737 2542 4792 hominum
2567 4740 2619 4786 et
2645 4730 2834 4786 reddet
2857 4725 3150 4792 unicuique
3174 4716 3471 4773 secundum

1922 4848 2084 4902 opera
2116 4830 2235 4899 ejus
2263 4829 2329 4880 ".

1994 5015 2078 5067 69.
2114 5010 2266 5064 Sicut
2310 5023 2327 5056 ι
2367 5020 2474 5058 non
2505 5010 2588 5058 est
2609 4997 2826 5053 Judaaus
2864 4993 2953 5064 qui
2984 4992 3040 5045 in
3075 4984 3390 5051 manifesto,
3416 4993 3476 5037 ut

1928 5109 2000 5160 ait
2029 5103 2224 5156 Paulus
2245 5100 2312 5164 “,
2345 5109 2516 5166 neque
2539 5107 2657 5163 qua:
2681 5091 2734 5143 in
2771 5084 3058 5141 manifesto
3109 5083 3159 5132 in
3191 5093 3356 5132 carne
3395 5088 3478 5129 est

1927 5191 2292 5250 circumcisio.
2327 5187 2418 5242 sed
2445 5185 2535 5254 qui
2577 5183 2628 5234 in
2654 5173 2977 5232 abscondito
3013 5168 3232 5223 Judaeus
3272 5170 3378 5225 est,
3425 5168 3476 5214 et

1928 5285 2274 5341 circumcisio
2305 5277 2484 5334 cordis
2536 5276 2589 5328 in
2638 5270 2852 5342 spiritu,
2906 5279 3013 5318 non
3069 5261 3245 5314 littera
3275 5273 3292 5308 ι
3332 5273 3350 5306 ι
3405 5253 3478 5307 ita

1935 5394 2032 5433 nec
2063 5378 2336 5445 perfectus
2369 5371 2448 5423 vir
2478 5370 2530 5421 in
2585 5363 2814 5421 scientia
2851 5366 2906 5413 et
2953 5352 3237 5421 sapientia,
3282 5348 3387 5445 qui
3421 5345 3479 5398 in
3541 5423 3549 5431 ἱ

1936 5439 2219 5524 manifesto
2263 5465 2524 5519 duntaxat
2572 5458 2927 5526 linguosoque
2987 5458 3234 5504 sermone
3281 5439 3480 5494 multus

1934 5569 2037 5625 est,
2067 5573 2166 5612 nec
2195 5571 2405 5612 summe
2444 5553 2655 5607 fervens
2687 5549 2775 5618 qui
2803 5546 2855 5599 in
2889 5553 3144 5612 corporeo
3169 5534 3482 5592 manifesto-

1934 5666 2042 5721 que
2075 5651 2317 5704 laborum
2357 5644 2636 5707 exercitio,
2681 5640 2790 5695 sed
2816 5637 2907 5707 qui
2955 5636 3009 5689 in
3065 5627 3378 5688 absConilita
3425 5641 3472 5680 ct
