4124 6338
616 403 716 467 991

1798 395 2094 456 NICET/E
2129 392 2543 452 PECTUBATI

3729 394 3835 457 sne

613 513 885 586 spirituali
917 511 1237 583 operatione
1281 510 1582 575 studiosus,
1630 517 1683 565 et
1715 510 1807 578 qui
1852 525 1916 563 ex
1957 524 2090 575 pum
2124 514 2211 563 et.

2296 503 2564 567 πουδαῖος,
2593 502 2687 556 καὶ
2714 505 2741 555 ὁ
2772 506 2832 555 ἐκ
2861 503 3107 575 καθαρᾶς
3138 506 3228 557 καὶ
3258 505 3465 576 ἀγαθῆς
3499 508 3721 578 καρδίας
3752 510 3842 562 διὰ

615 608 819 677 optimo
839 604 1003 660 corde
1032 604 1275 673 loquitur
1302 619 1397 673 per
1431 602 1809 671 SpiritumjDei
1831 617 1927 656 nec
1960 617 2052 669 per
2089 601 2177 663 Iit.

617 708 914 755 teratursm
930 698 1145 766 sapiens
1167 699 1217 750 in
1245 696 1875 765 scientialperfectusquc
1891 704 1994 757 est,
2017 694 2179 761 cujus

622 788 742 845 laus
776 802 882 843 non
929 804 993 843 ex
1056 787 1390 847 hominibus.
1434 787 1526 841 sed
1568 801 1631 840 ex
1679 786 1785 840 Deo
1826 795 1929 850 est,
1980 786 2189 864 quippe

626 882 713 950 qui
743 881 960 950 ignotus
985 890 1067 935 est
1098 880 1503 951 iuvidiosusque
1524 879 1859 949 hominibus,
1887 879 1976 933 uni
2004 884 2182 931 autem

630 974 734 1028 "eo
760 972 993 1029 dilectus
1015 982 1071 1027 et
1098 981 1302 1027 notus.~

695 1151 784 1209 70.
836 1150 893 1207 Si
946 1168 1055 1209 non
1102 1166 1167 1207 ex
1203 1153 1460 1222 operibus
1486 1152 1616 1224 legis
1651 1155 1981 1224 ju~titieatur
2009 1155 2187 1210 omnis

627 1246 816 1301 caro"
833 1260 1015 1301 coram
1034 1232 1363 1315 Deo.‘quise
1387 1247 1516 1301 solis
1539 1248 1803 1316 agonibus
1828 1260 1873 1302 et
1910 1249 2189 1304 laboribus

628 1337 837 1393 nscesis
857 1338 1168 1407 perficiatur
1186 1357 1369 1397 coram
1394 1339 1525 1396 Deo?
1538 1340 1742 1396 Revera
1758 1358 1847 1409 pra
1860 1343 1907 1394 xi
1930 1343 1991 1394 ad
2010 1342 2187 1396 virtu-

630 1437 741 1482 tum
764 1429 1001 1485 habitum
1035 1447 1419 1503 promovemur
1449 1434 1813 1502 impetumque
1832 1434 2185 1503 cupiditatum

2263 593 2581 664 Πνεύματος
2610 594 2745 648 Θεοῦ
2776 595 2969 663 λέγων,
2994 597 3087 650 καί
3124 598 3185 649 οὐ
3226 597 3314 650 διά
3350 599 3711 668 γραμμάτων.
3752 616 3843 652 σο-

2261 687 2358 758 φὺς
2388 690 2446 741 ἐν
2486 686 2683 757 γνώσει
2715 690 2808 741 καὶ
2836 688 3041 753 τέλειος
3066 732 3079 755 ,
3110 684 3171 745 οὗ
3202 691 3294 744 καὶ
3323 693 3350 744 ὁ
3390 691 3609 753 ἔπαινος
3644 693 3743 745 οὐκ
3784 691 3843 756 ἐξ

2261 779 2593 852 ἀνθρώπων,
2622 780 2738 835 ἀλλ’
2774 784 2839 835 ὲκ
2873 782 2962 835 τοῦ
2995 782 3153 845 Θεοῦ,
3188 784 3263 853 ὡς
3294 784 3661 855 ἀγνοουμένου
3717 783 3841 855 μὲν,

2262 875 2294 947 ἢ
2332 873 2696 943 φθονουμένου
2740 876 2851 937 τοῖς
2879 873 3223 945 ἀνθρώποις,
3278 877 3422 947 μόνῳ
3462 876 3517 930 δὲ
3548 877 3698 945 Θεῷ,
3748 879 3845 930 καὶ

2262 970 2374 1031 τοῖς
2407 964 2485 1037 τῷ
2513 965 2680 1020 αὑτοῦ
2717 967 2995 1037 Πνεύματι
3019 967 3359 1038 κινουμένοις
3378 1009 3393 1035 ,
3420 968 3742 1039 φιλουμένου
3783 984 3845 1021 τε

2263 1060 2357 1116 καὶ
2390 1058 2813 1129 γινωσκομένου.

2335 1152 2397 1207 o'.
2434 1153 2495 1207 Ei
2525 1152 2582 1219 ἐξ
2610 1152 2784 1223 ἔργων
2808 1152 2973 1224 νόμου
3001 1152 3060 1207 οὐ
3084 1152 3508 1223 δικαιωθήσεται
3530 1154 3679 1206 πᾶσα
3706 1152 3848 1224 σὰρξ

2268 1244 2496 1299 ἐνώπιον
2524 1244 2619 1298 τοῦ
2650 1244 2808 1311 Θεοῦ,
2845 1246 2987 1319 κατά
3017 1246 3111 1299 τὸν
3141 1244 3363 1299 εἰπόντα
3385 1287 3398 1309 ,
3423 1245 3507 1307 τίς
3535 1244 3594 1312 ἐξ
3619 1237 3849 1313 ἀγώνῶν

2268 1341 2363 1392 καὶ
2407 1338 2585 1403 πόνων
2626 1338 2912 1407 ἀσκήσεως
2942 1338 3124 1408 μόνων
3160 1338 3575 1409 τελειωθήσεται
3618 1336 3849 1389 ἐνώπιον

2267 1430 2363 1485 τοῦ
2404 1429 2575 1498 Θεοῦ;
2610 1429 2696 1485 διὰ
2730 1431 2837 1502 γὰρ
2868 1418 3268 1502 πράξεως,δείς
3310 1429 3434 1497 ἕξιν
3469 1431 3669 1500 ἀρετῆς
3704 1446 3850 1481 στοι-

631 1519 1001 1589 reprimimns,
1051 1540 1158 1577 nun
1193 1536 1366 1580 tamen
1405 1540 1466 1579 ea
1503 1525 1619 1579 sola
1652 1524 1964 1605 perficiuntur
1988 1526 2040 1579 in
2073 1525 2189 1595 ple-

2293 1524 2591 1596 [ειούμεθα.
2622 1529 2715 1578 καί¹
2749 1525 2983 1597 ἱστῶμεν
3023 1526 3122 1595 τὴν
3155 1525 3437 1595 ἐνέργειαν
3476 1523 3581 1576 τῶν
3621 1522 3847 1585 παθῶν,

632 1610 885 1667 nitudine
912 1614 1140 1669 Christi.
1171 1614 1309 1680 Quid
1330 1632 1460 1686 ergo
1492 1631 1594 1670 nos
1625 1615 1778 1670 ducit
1802 1616 1865 1669 ad
1898 1614 2192 1683 perfectio-

2293 1616 2330 1669 νύ
2362 1617 2544 1687 μέντοι
2568 1616 2623 1670 δὲ
2649 1617 3004 1688 τελειούμεθα
3033 1618 3118 1670 διὰ
3149 1616 3313 1687 μόνης
3336 1617 3503 1685 αὐτῆς
3531 1618 3587 1669 ὲν
3606 1614 3683 1687 τῷ
3712 1614 3853 1681 πλη-

631 1704 790 1758 nem?
821 1703 1051 1761 Sincera
1087 1710 1139 1761 in
1175 1706 1341 1762 Deum
1374 1709 1524 1771 fidas,
1554 1723 1673 1777 quae
1689 1716 1771 1762 est
1802 1710 2190 1777 sperandarum

2293 1709 2485 1779 κῦματι
2514 1709 2607 1763 τοῦ
2637 1710 2891 1779 Χριστοῦ.
2928 1710 2992 1762 Τί
3022 1709 3115 1762 οὖν
3142 1711 3263 1761 ἐστι·
3282 1708 3341 1761 τὸ
3372 1709 3570 1776 ἀνάγον
3596 1709 3743 1777 ἡμᾶς
3769 1708 3852 1770 εἰς

632 1795 941 1850 substantia
970 1812 1151 1851 rerum
1171 1800 1255 1863 ";
1300 1815 1405 1868 qua
1440 1799 1733 1869 plurimam
1785 1798 2016 1854 hostiam
2061 1800 2193 1853 Abel

2293 1804 2621 1873 ιε).ειότητα;
2659 1803 2721 1856 Ἦ
2745 1800 3042 1865 ἐνδιάθετος
3068 1804 3148 1863 εἰς
3171 1800 3303 1853 Θεὸν
3333 1801 3533 1863 πίστις,
3550 1800 3673 1871 ἥτις
3701 1798 3854 1853 ἐστὶν

631 1894 795 1949 quam
846 1883 1239 1963 Cain'obtulit
1286 1887 1424 1951 Deo,
1477 1902 1574 1955 per
1607 1902 1770 1958 quam
1821 1890 2193 1943 testimonium

2293 1892 2642 1962 ιλπιζομένων
2676 1893 2990 1955 ὑπόστασις,
3022 1894 3087 1945 δι’
3116 1885 3182 1964 ἧς
3212 1890 3379 1945 Ἀὀελ
3410 1890 3631 1945 πλείονα
3660 1890 3855 1945 θυσίαν

632 1970 956 2030 consecutus
979 1988 1064 2045 est
1086 1994 1160 2034 es:
1179 1994 1211 2035 e
1229 1978 1440 2047 justus,
1460 1988 1513 2035 et
1542 1982 1633 2051 qui
1671 1990 1898 2036 vocatur
1921 1980 2194 2036 Abraham

2293 1987 2427 2057 ταρά
2478 1986 2617 2040 Κάῖν
2654 1986 2995 2057 προσήνεγκε
3034 1985 3140 2057 aq);
3167 1983 3319 2055 Θεῷ,
3357 1984 3451 2037 καὶ
3493 1982 3854 2054 ἐμαρτυρήθη

634 2064 1047 2122 obedivitexire
1073 2078 1127 2123 et
1150 2070 1424 2124 demorari
1458 2070 1514 2124 in
1557 2080 1700 2127 terra
1733 2073 2197 2143 repromissionis.

2293 2072 2417 2131 εἶναι
2451 2077 2691 2141 δίκαιος,
2748 2078 2842 2131 καὶ
2894 2077 3145 2149 Ἀϐραὰμ
3177 2077 3507 2147 καλούμενος
3546 2078 3855 2145 ὑπήκουσεν

637 2156 765 2212 llaec
793 2160 1037 2216 veritatis
1068 2161 1346 2217 studiosos
1375 2162 1523 2216 ducit
1547 2163 1606 2217 in
1640 2179 1791 2233 spem
1828 2179 2076 2235 magnam
2105 2180 2199 2220 su-

2293 2170 2538 2237 ἐξελθεῖν,
2564 2174 2655 2225 καὶ
2673 2158 3008 2241 παροικῆσαι
3036 2172 3113 2233 εἰς
3142 2171 3237 2240 τὴν
3258 2170 3362 2239 γῆν
3382 2170 3477 2240 τῆς
3502 2170 3853 2239 ἐπαγγελίας.

637 2247 883 2304 bli'mium
922 2249 1011 2305 Dei
1033 2252 1303 2306 donorum
1332 2254 1567 2323 indeque
1590 2253 1645 2308 in
1679 2241 1961 2309 scientiam
1992 2272 2199 2324 rerum,

2293 2263 2427 2333 Αὕτη
2469 2262 2658 2330 ἀνάγει
2684 2264 2810 2326 τοὺς
2838 2264 2895 2314 ὲν
2928 2260 3154 2332 ἀληθείᾳ
3187 2261 3586 2325 σπουδάζοντας
3612 2304 3624 2327 ,
3659 2264 3738 2325 εἰς
3766 2263 3857 2313 ὲλ-

638 2351 694 2394 ει
740 2340 795 2393 ίιι
827 2355 1015 2396 eorum
1065 2343 1325 2399 cordibus
1380 2344 1622 2400 infundit
1668 2347 2021 2402 inexhaustus
2076 2347 2200 2417 Spi-

2293 2355 2443 2418 πίδας
2461 2353 2702 2425 μεγάλας
2719 2372 2826 2408 των
2845 2354 3065 2425 ὑψηλῶν
3082 2354 3172 2407 τοῦ
3187 2354 3322 2407 Θεοῦ
3340 2354 3413 2408 δω
3423 2355 3577 2423 ρεῶν,
3602 2354 3859 2407 κάκεῖθεν

640 2431 779 2495 ritus
807 2433 1119 2501 thesauros,
1176 2437 1242 2490 ad
1289 2436 1674 2507 effundendum
1719 2440 1916 2496 exinde
1980 2456 2116 2495 nova
2148 2451 2203 2496 et

2293 2448 2360 2511 tl;
2401 2449 2500 2516 τὴν
2535 2446 2735 2515 γνῶσιν
2778 2448 2885 2501 τῶν
2917 2446 3085 2501 ὄντων
3107 2489 3120 2511 ,
3164 2447 3256 2499 καὶ
3297 2446 3515 2500 δίδωσιν
3548 2446 3731 2507 αὐτοῖς
3763 2446 3859 2517 θη·

640 2532 825 2578 vetera
874 2526 965 2580 Dei
999 2528 1253 2597 mysteria
1303 2538 1357 2582 et
1410 2530 1778 2600 indigentibus
1836 2530 2199 2602 largiendum.

2293 2540 2520 2609 σαυροὺς
2552 2538 2855 2602 ἀκενώτους
2883 2537 2941 2590 ὲν
2968 2536 3166 2609 καρδίᾳ
3194 2534 3287 2590 τοῦ
3322 2535 3633 2605 πνεύματος
3654 2577 3667 2599 ,
3694 2537 3773 2600 εἰς
3796 2536 3859 2589 τδ

642 2614 743 2681 Qui
778 2631 905 2688 ergo
933 2616 1078 2673 illam
1106 2621 1331 2677 sortitus
1375 2630 1476 2687 est.
1524 2624 1773 2678 ascendit
1822 2634 1875 2679 et
1928 2626 2203 2693 perlectus
2286 2632 2570 2687 ἐκϐάλλειν
2604 2631 2816 2685 ἐκεῖθεν
2864 2630 3028 2685 καινά
3072 2631 3164 2683 καὶ
3204 2629 3408 2684 παλαιά
3459 2629 3734 2698 μυστήρια
3765 2626 3859 2680 τοῦ

642 2714 724 2761 est
743 2722 837 2777 per
865 2708 1188 2766 charitatem
1219 2713 1272 2767 in
1319 2714 1549 2770 scientia
1578 2715 1691 2779 Dei,
1724 2725 1778 2770 et
1810 2717 2000 2771 introit
2040 2718 2093 2773 in
2119 2733 2205 2772 re-

2293 2724 2442 2791 Θιοῦ,
2474 2727 2568 2777 καὶ
2590 2724 2787 2777 διδόναι
2820 2725 2933 2787 τοῖς
2959 2722 3273 2794 χρῄζουσιν.
3315 2722 3375 2776 ⁸0
3413 2717 3506 2775 οὖν
3542 2721 3743 2791 ταύτης
3769 2722 3858 2773 εὑ-

646 2798 825 2867 quiem
853 2798 944 2854 Dei
962 2801 1029 2866 ",
1058 2802 1406 2873 requiescens
1428 2814 1481 2859 et
1528 2805 1644 2876 ipse
1673 2809 1741 2863 ab
1770 2808 2027 2864 omnibus
2077 2824 2205 2878 ope-

2293 2816 2581 2886 μοιρήσας,
2605 2814 2822 2885 ἀνῆλθε,
2852 2804 2948 2869 καί
2977 2814 3266 2880 ἐτελειώθη
3290 2813 3355 2867 δι’
3382 2815 3603 2882 ἀγάπης
3624 2815 3703 2877 εἰς
3730 2813 3863 2882 γνῶ-

647 2889 798 2947 mn"
829 2891 966 2958 δαῖε.
995 2893 1138 2949 “cm
1163 2908 1193 2947 8
1220 2896 1337 2951 δαῖε
1370 2894 1535 2951 υευε-
2283 2925 2367 2961 σιν
2394 2906 2553 2970 Θεοῦ,
2598 2906 2692 2959 καὶ⁷
2732 2905 2982 2974 εἰσῆλθεν
3029 2906 3108 2968 εἰς
3150 2906 3248 2976 τὴν
3296 2904 3638 2959 κατάπαυσιν
3671 2902 3860 2965 αὑτοῦ,

2282 2997 2637 3061 καταπαύσας
2664 2998 2755 3051 καί
2775 2998 2935 3060 αὐτὸς
2964 2998 3071 3051 ἀπὸ
3104 3000 3320 3051 πάντων
3336 2998 3445 3053 τῶν
3475 2998 3651 3068 ἔργων
3673 2997 3859 3062 αὑτοῦ,

2284 3090 2473 3163 ὥσπερ
2502 3092 2608 3145 ἀπὸ
2638 3090 2746 3144 τῶν
2783 3092 2929 3146 ἰδίων
2957 3092 2984 3143 ό
3012 3092 3163 3155 Θεὸς.

717 3185 806 3240 7i.
840 3185 893 3240 Si
925 3182 1232 3240 incredulos
1259 3181 1465 3255 iuravit
1495 3182 1624 3243 olim
1659 3181 1798 3235 Deus
1840 3196 1945 3234 non
2002 3180 2199 3233 introi-

2356 3182 2455 3237 οα¹.
2480 3184 2539 3236 Εἰ
2567 3184 2692 3245 τοὺς
2713 3181 3115 3253 ἀπειθήσαντας
3144 3183 3356 3253 ὤμοσεν
3382 3182 3409 3235 ὁ
3438 3183 3569 3247 Θεὸς
3589 3184 3757 3237 πάλαι
3789 3184 3865 3256 μὴ

647 3287 801 3333 turos
865 3277 917 3332 in
971 3277 1218 3346 requiem
1271 3288 1466 3338 suam,
1528 3274 1673 3327 unde
1740 3287 1849 3327 non
1906 3279 2202 3341 potuerunt

2293 3276 2691 3331 εἰσελεύσεσθαι
2736 3277 2815 3339 εἰς
2843 3273 2941 3346 τὴν
2984 3276 3326 3337 κατάπαυσιν
3355 3275 3547 3341 αὑτοῦ,
3589 3276 3711 3329 ὅθεν
3745 3274 3868 3332 om

649 3376 870 3438 propter
915 3366 1349 3423 incredulitatem
1401 3362 1669 3425 introire.
1712 3362 1987 3431 quomodo
2037 3362 2201 3426 aliqui

2293 3364 2630 3435 ἠδυνήθησαν
2660 3363 2727 3416 δι’
2763 3364 3022 3417 ἀπιστίαν
3051 3364 3335 3429 εἰσελθεῖν,
3369 3364 3486 3427 πῶς
3519 3365 3583 3419 ἀν
3610 3378 3754 3428 τινες
3780 3365 3870 3420 διὰ

654 3476 749 3530 per
800 3459 971 3513 solam
1030 3456 1477 3513 exercitationem
1536 3453 1883 3523 corporalem
1937 3453 2057 3507 sine
2106 3452 2207 3507 [ide

2296 3457 2461 3526 μόνης
2485 3452 2790 3525 γυμνασίας
2814 3456 3153 3526 σωματικῆς,
3179 3456 3317 3507 ἀνευ.
3338 3456 3592 3522 πίστεως,
3621 3455 3867 3525 δυνηθῶ-

648 3561 874 3625 possent
930 3550 1161 3605 introire
1210 3550 1264 3603 in
1328 3535 1818 3619 impassibilitatis'
1857 3546 2100 3616 requiem
2155 3554 2210 3621 et

2294 3565 2380 3601 σιν
2416 3546 2676 3601 εἰσελθεῖν
2709 3548 2788 3610 εἰς
2820 3547 2919 3618 τήν
2951 3548 3049 3617 τῆς
3080 3548 3350 3611 ἀπαθείας
3382 3549 3741 3613 κατάπαυσιν,
3772 3550 3873 3603 καὶ

658 3647 905 3703 scientia
936 3644 1345 3714 perfectionem,
1372 3657 1495 3697 cum
1544 3641 1747 3696 multos
1777 3638 2060 3694 videamus
2103 3651 2208 3691 non

2294 3638 2392 3709 τὴν
2430 3638 2527 3709 τῆς
2555 3637 2808 3706 γνώσεως
2837 3638 3169 3709 τελειότητα,
3204 3641 3364 3692 ὁπότε
3394 3640 3619 3703 πολλοὺς
3652 3641 3873 3711 ὁρῶμεν

653 3740 898 3810 potuisse
924 3737 1004 3793 sic
1036 3736 1243 3791 intrare
1272 3744 1325 3791 et
1364 3736 1713 3804 requiescere
1740 3733 1812 3803 ab
1845 3732 2102 3786 omnibus
2127 3730 2211 3784 ia-

2301 3730 2375 3800 μὴ
2409 3728 2736 3798 δυνηθέντας
2766 3728 2938 3792 οὕτως
2982 3729 3243 3782 εἰσελθεῖν
3264 3772 3278 3796 ,
3309 3731 3405 3783 καί⁸
3449 3729 3873 3797 ἑγκαταπαῦσαι

655 3836 881 3890 boribus
926 3834 1082 3888 suis?
1112 3832 1321 3888 Cavere
1357 3832 1525 3903 igitur
1548 3830 1786 3900 quisque
1813 3827 1975 3883 debet
2003 3841 2072 3882 ne
2110 3841 2211 3879 uu-

2299 3822 2406 3875 ἀπὸ
2431 3821 2647 3875 πάντων
2676 3822 2782 3875 τῶν
2813 3822 2990 3875 πόνων
3023 3823 3233 3887 αὑτῶνς
3266 3825 3497 3876 Σκοπεῖν
3526 3819 3616 3877 οὖν
3641 3824 3874 3877 ἕκαστον

658 3943 819 3996 quam
851 3926 1044 3980 habeat
1079 3939 1174 3980 cor
1220 3939 1454 3993 nequam
1496 3919 1923 3981 incredulitatis.
1976 3920 2211 3989 ideoque

2301 3913 2427 3984 χρὴ,
2453 3912 2662 3982 μήποτέ
2694 3914 2840 3965 ἐστιν
2870 3914 2929 3966 ἐν
2958 3912 3106 3984 αὒτῷ
3130 3914 3325 3983 καρδία
3357 3915 3872 3985 πονηράἀπιστίας,

658 4020 892 4073 multum
919 4016 1177 4071 laborans
1220 4014 1519 4070 frustretur
1547 4012 1736 4082 requie
1782 4019 1839 4067 et
1882 4009 2211 4082 perfectione

2302 4004 2397 4057 καὶ
2429 4003 2519 4055 διά
2548 4000 2704 4055 τοῦτο
2722 4002 3035 4073 ’ὑστερεῖται
3062 4043 3076 4067 ,
3110 4004 3167 4055 ἐν
3194 4004 3372 4065 πόνοις
3406 4006 3616 4067 πολλοῖς
3647 4002 3740 4068 ὢν,
3775 4005 3877 4075 τῆς

662 4123 790 4170 sua,
818 4107 883 4161 ad
916 4121 1053 4175 quas
1078 4104 1491 4173 consequendas
1520 4104 1779 4173 operibus
1814 4102 2020 4157 laborat
2056 4116 2220 4171 prac-

632 4188 800 4255 ‘liccs
825 4210 878 4254 et
912 4214 1105 4269 panem
1136 4197 1339 4253 doloris
1370 4198 1692 4263 manducat;
1722 4207 1774 4251 et
1809 4197 1853 4252 si
1882 4196 2215 4265 relinquitur

666 4295 714 4346 ei
765 4291 1157 4353 sabbatisntus,
1203 4288 1459 4344 festinare
1492 4290 1697 4359 ingredi
1733 4304 1826 4357 per
1854 4288 2011 4343 fidem
2036 4289 2087 4341 in
2121 4290 2223 4343 itu-

667 4383 1045 4451 passibilitatis
1074 4383 1312 4451 requiem
1346 4392 1397 4435 et
1433 4382 1677 4437 scientiae
1708 4380 2119 4451 perfectionem,
2152 4396 2221 4435 ne

670 4476 722 4528 in
772 4474 1007 4542 idipsum
1065 4474 1267 4527 incidat
1347 4472 1747 4528 incredulitatis
1805 4474 2109 4543 exemplum
2170 4480 2223 4527 et

673 4568 861 4622 eadem
901 4582 1019 4637 qua:
1050 4574 1267 4621 veteres
1292 4566 1557 4621 increduli
1593 4570 1851 4638 patiatur.

741 4833 825 4887 72.
856 4831 990 4888 Cum
1012 4834 1183 4889 simus
1209 4834 1516 4898 sensibiies,
1561 4834 1853 4888 rationales
1889 4842 1942 4887 et
1983 4830 2223 4887 intellec-

674 4924 875 4991 tuales,
936 4925 1199 4997 decimam
1254 4929 1544 4996 quamdam
1585 4937 1635 4981 et
1689 4943 1788 4982 nos
1835 4943 1899 4981 ex
1925 4927 2224 4981 nobismet-

671 5016 803 5083 ipsis
832 5015 1092 5073 debemus
1142 5017 1336 5073 offerre
1363 5018 1490 5073 Deo.
1530 5019 1595 5071 Et
1628 5019 1802 5084 primo
1834 5026 1889 5071 ut
1918 5019 2224 5079 sensibilcs,

670 5106 811 5160 bene
838 5107 1043 5162 sentire
1077 5124 1162 5164 res
1190 5110 1501 5174 sensibiles,
1546 5126 1730 5165 earum
1766 5110 2228 5179 pulchritudinem

672 5196 1006 5265 perlustrare
1041 5213 1103 5253 ac
1145 5216 1239 5267 per
1272 5212 1476 5255 certam
1514 5217 1703 5257 earum
1737 5203 1988 5255 notitiam
2040 5214 2231 5254 ascen-

676 5287 805 5342 dere
856 5288 921 5341 ad
980 5288 1333 5357 Creatorem;
1375 5300 1432 5344 ttt
1483 5292 1776 5345 rationales
1823 5302 2028 5353 autem,
2085 5297 2233 5343 recte

673 5380 819 5447 inqui
856 5380 921 5433 de
956 5380 1158 5435 divinis
1192 5382 1551 5449 humanisque
1590 5382 1798 5448 rebus;
1842 5391 2009 5449 atque
2040 5393 2097 5433 ut
2140 5383 2225 5433 in-

675 5467 1038 5535 tellectuales,
1076 5482 1209 5521 sane
1240 5469 1483 5537 cogitare
1514 5469 1580 5523 de
1612 5469 1740 5530 Deo,
1767 5469 1835 5521 de
1865 5468 1975 5520 vita
2002 5479 2224 5531 :eterua,

677 5559 745 5612 de
772 5572 939 5628 regno
968 5560 1257 5620 ctelorum.
1284 5569 1336 5613 et
1372 5562 1437 5614 dc
1474 5560 1812 5615 absconditis
1838 5562 1890 5614 in
1915 5576 1981 5613 en
2028 5567 2229 5627 myste-

677 5648 776 5704 riis
836 5650 1074 5719 Spiritus
1128 5652 1344 5715 sauctig
1384 5660 1442 5704 ut
1506 5652 1824 5713 sentientes.
1882 5650 2125 5703 dicentes
2178 5658 2231 5701 et

730 5836 771 5867 ³³
814 5833 962 5887 Rom.
996 5849 1074 5897 ιιι,
1130 5835 1219 5887 20.

1334 5836 1377 5865 ⁸⁵
1412 5834 1572 5890 llebr.
1605 5852 1678 5898 XI,
1716 5837 1764 5890 ί.
1843 5838 1883 5866 ’⁸
1915 5836 2073 5890 liebr.
2108 5851 2176 5897 tv,
2210 5835 2261 5889 '5.

2310 4094 2706 4155 καταπαύσεως
2739 4093 2841 4146 καὶ
2860 4086 3191 4156 τελὲιώσεως
3220 4093 3405 4161 αὑτοῦ,
3438 4089 3498 4148 οῦ
3524 4096 3751 4159 εἵνεκεν,
3782 4096 3881 4149 καὶ

2308 4188 2394 4239 ἀεὶ
2426 4188 2538 4248 τοῖς
2563 4184 2745 4253 ἔργοις
2780 4185 3111 4237 διαπονεῖται
3148 4184 3244 4252 τῆς
3275 4187 3603 4255 πρακτικῆς,
3650 4186 3744 4247 καὶ
3787 4184 3882 4237 τὸν

2307 4280 2469 4349 ἀρτον
2498 4279 2595 4347 τῆς
2626 4277 2817 4346 ὀδύνης
2848 4277 3038 4343 ἐσθίει,
3075 4278 3169 4330 καὶ
3214 4280 3260 4329 εἰ
3293 4278 3642 4331 ἀπολείπεται
3679 4276 3882 4331 6:564-

2305 4369 2497 4437 τισμδς
2544 4367 2711 4434 αὐτῷ,
2764 4366 3063 4420 σπουδάσαι
3117 4366 3378 4418 εἰσελθεῖν
3415 4366 3499 4418 διὰ
3544 4367 3772 4424 πίστεως
3804 4364 3883 4423 εἰς

2304 4461 2402 4522 τήν
2435 4450 2534 4519 τῆς
2559 4449 2829 4510 ἀπαθείας
2866 4448 3229 4509 κατάπαυσιν,
3263 4448 3357 4498 καὶ
3387 4446 3465 4508 εἰς
3494 4448 3590 4514 τὴν
3623 4446 3719 4515 τῆς
3746 4447 3888 4512 γνώο

2256 4552 2445 4609 υσεως
2474 4542 2808 4610 τελειότητα,
2852 4542 2939 4594 ἵνα
2973 4536 3047 4611 μή
3080 4542 3136 4593 ὲν
3166 4540 3240 4609 τῷ
3274 4539 3485 4609 παλαιῴ
3506 4539 3887 4607 ’ὑποδείγματι

2310 4639 2451 4711 πέσῃ
2477 4637 2572 4706 τῆς
2596 4632 2902 4696 ἀπειθείας,
2936 4632 3031 4687 καὶ
3059 4632 3126 4686 τά
3160 4633 3298 4684 αὑτά
3322 4635 3432 4694 τοῖς
3460 4632 3626 4684 πάλαι
3649 4629 3887 4698 ἀπειθή-

2310 4748 2435 4785 σασι
2455 4728 2721 4782 πείσεται.

2388 4824 2487 4894 οβ’.
2516 4821 2771 4891 Αἰσθητοὶ
2796 4820 2971 4881 ὄντες,
3002 4816 3211 4885 λογικοί
3231 4834 3288 4869 τε
3308 4816 3402 4869 καὶ
3419 4815 3620 4884 νοητοὶ,
3653 4815 3888 4884 δεκάτην

2309 4917 2430 4969 τινὰ
2450 4916 2543 4967 καί
2569 4915 2728 4983 ἡμεῖς
2754 4912 2810 4978 ἐξ
2840 4910 3046 4965 ἑαυτῶν
3066 4909 3352 4978 ὀφείλομεν
3377 4909 3711 4978 προσφέρειν
3740 4908 3882 4979 Θεῷ,

2311 5005 2407 5059 καὶ
2432 5005 2507 5067 ὡς
2538 5006 2633 5073 μὲν
2658 5001 2908 5073 αἰσθητοὶ
2931 5042 2946 5065 ,
2975 4999 3155 5062 καλῶς
3186 4998 3541 5051 αἰσθάνεσθαι
3565 4999 3669 5051 τῶν
3698 4999 3888 5068 αἰσθη-

2312 5097 2421 5149 τῶν
2448 5096 2806 5164 πραγμάτων,
2835 5095 2925 5147 καὶ
2945 5092 3031 5147 διὰ
3058 5092 3157 5161 τῆς
3183 5091 3445 5161 καλλονῆς
3475 5093 3585 5145 τῶν
3606 5094 3886 5159 τοιούτων,

2314 5188 2630 5257 ἀνατρέχειν
2658 5189 2747 5237 καὶ
2769 5184 2992 5251 ἀνάγειν
3018 5186 3222 5236 τούτων
3246 5182 3340 5253 τὴν
3364 5183 3662 5237 ἄπταιστον
3686 5185 3888 5251 γνῶσιν

2316 5280 2449 5347 πρὸς
2469 5280 2559 5330 τὸν
2582 5278 2923 5347 Δημιουργόν
2943 5293 2955 5306 ο
2979 5277 3053 5340 ὡς
3073 5277 3127 5329 δὲ
3151 5278 3376 5342 λογικοὶ,
3403 5276 3462 5328 τδ
3483 5275 3539 5328 εῦ
3558 5277 3735 5344 λέγειν
3759 5280 3886 5347 περὶ

2317 5370 2473 5424 θείων
2502 5373 2593 5421 καὶ
2625 5369 2977 5439 ἀνθρωπίνων
3010 5368 3349 5439 πραγμάτων
3368 5384 3380 5397 ’
3403 5352 3475 5430 ὼς
3508 5366 3562 5420 δὲ
3596 5352 3797 5439 νοητοὶ,
3825 5369 3889 5422 τὸ

2317 5461 2629 5524 ἀπταίστως
2653 5464 2792 5513 νοεῖν
2816 5460 2943 5530 περί
2964 5460 3119 5523 Θεοῦ,
3150 5463 3275 5531 περί
3306 5459 3451 5529 ζωῆς
3477 5457 3723 5523 αἰωνίου,
3758 5460 3887 5530 περὶ

2318 5553 2557 5623 οὐρανῶν
2590 5551 2886 5621 βασιλείας,
2939 5552 3031 5605 καί
3062 5553 3191 5621 περὶ
3225 5553 3333 5605 τῶν
3372 5554 3428 5605 ἐν
3459 5554 3595 5622 αὐτῇ
3633 5570 3883 5621 κεκρυμ-

2322 5646 2496 5713 μένων
2528 5644 2836 5716 μυστηρίων
2868 5644 2959 5698 τοῦ
2997 5644 3336 5715 Πνεύματος,
3368 5646 3456 5700 ἵνα
3488 5648 3578 5699 καί
3607 5648 3665 5698 τὸ
3696 5645 3883 5698 αἰσθάο
