4126 6338
648 427 758 488 995

1862 397 2155 464 NlCETfE
2193 389 2605 454 PECTORATl

3754 366 3860 430 sui

652 536 770 603 lege
793 530 999 594 carnis,
1015 526 1107 598 qui
1134 542 1200 582 ex
1228 523 1457 578 mortuis
1479 519 1734 589 operibus
1756 510 2203 569 consurreximus
2237 521 2249 564 Α

2332 493 2815 565 εαρποφορήσαμεν
2861 486 2934 553 τῷ
2980 483 3227 551 θανάτοιν
3277 478 3708 550 κατηργήθημεν
3757 478 3868 544 γὰρ

2374 587 2388 603 ε
2498 583 2520 593 ·
2600 583 2617 603 ι
2648 598 2724 603 .-η
2762 580 2928 603 -.ν.-ει-
2954 578 3023 603 .~.-
3058 579 3116 603 ι..
3161 573 3367 603 ..-υηῇη
3423 572 3596 603 βλυμε..
3631 585 3864 603 πωπω.-

655 623 876 678 Christo
899 635 996 691 per
1019 619 1328 674 libertatem
1364 613 1612 684 Spiritus
1630 609 1802 665 sancti
1827 609 1892 657 η.

726 795 816 848 77.
850 793 952 859 Qui
985 791 1255 861 primitias
1279 787 1519 858 Spiritus
1550 798 1648 854 per
1677 785 1950 837 lavacrum
1987 794 2210 847 regene-

2292 587 2399 640 ἀπὸ
2431 583 2526 636 τοῦ
2562 583 2726 648 νόμου
2759 580 2928 647 αὐτῆς
2953 578 3024 638 ῶς
3057 579 3120 627 ἐκ
3161 573 3367 641 νεκρῶν
3422 572 3596 642 ἔργων
3631 585 3864 620 συνανα-

2295 680 2519 739 στάντες
2552 672 2794 746 Χριστῷ,
2816 672 2904 726 διά
2934 671 3030 740 τῆς
3061 667 3372 737 ἐλευθερίας
3408 662 3500 717 τοῦ
3528 663 3868 732 Πνεῦματος.

2362 768 2458 834 οξ.
2487 770 2548 821 Ol
2573 767 2666 837 τὴν
2696 763 2948 834 ἀπαρχὴν
2978 761 3071 813 τοῦ
3105 760 3415 828 πνεύματος
3442 757 3529 809 διά
3552 757 3651 824 τῆς
3680 755 3870 820 παλιγ-

659 884 886 939 rationis
923 882 1248 942 habuerunt,
1305 891 1510 943 easque
1559 881 1914 927 servaverunt
1949 870 2213 935 integras.

2335 862 2542 922 ενεσίας
2591 859 2684 912 τοῦ
2725 855 2950 927 λουτροῦ
3001 852 3317 923 ἐσχηκότες,
3377 849 3471 902 καὶ
3510 849 3873 917 τετηρηκότες

661 975 760 1038 illi,
795 976 937 1029 mole
959 973 1216 1041 corporis.
1238 969 1412 1039 pressi
1485 968 1628 1020 intra
1674 981 1733 1019 se
1785 969 2008 1031 gemunt
2053 960 2220 1026 adOp-

2338 955 2464 1024 ὑτὴν
2493 953 2773 1017 ἄσϐεστον,
2810 948 2964 1003 αὑτοὶ
3001 946 3076 1016 τῷ
3114 945 3268 1015 βάρει
3301 943 3401 1012 τῆς
3450 940 3650 1010 σαρκὸς
3685 939 3869 1003 πιεζό-

661 1064 866 1120 tionem
897 1063 1129 1118 ﬁliorum
1155 1076 1248 1132 per
1272 1059 1668 1128 plenitudinem
1702 1029 1967 1109 Paracleti
1993 1067 2217 1118 exspec-

2332 1064 2473 1112 ιενοι,
2505 1047 2563 1100 ὲν
2596 1044 2810 1105 ἑαυτοῖς
2853 1039 3191 1101 στενάζουσι,
3227 1035 3325 1102 τὴν
3359 1032 3630 1085 υἱοθεσίαν
3659 1030 3744 1082 διὰ
3772 1029 3874 1096 τῆς

661 1148 862 1220 tantes,
897 1156 1025 1210 dum
1055 1169 1213 1208 suum
1251 1166 1450 1220 corpus
1492 1165 1521 1202 a
1546 1147 1806 1203 servitute
1850 1143 2221 1212 corruptionis

2332 1138 2630 1210 ιληρώσεως
2658 1135 2750 1188 τοῦ
2780 1132 3136 1202 Παρακλήτου
3169 1126 3625 1194 ἀπεκδεχόμενοι,
3656 1122 3741 1175 ἴνα
3773 1123 3874 1189 τὴν

675 1250 917 1303 solutum
945 1246 1186 1300 videant.
1219 1243 1454 1312 Adiuvat
1496 1241 1639 1293 enim
1685 1238 1991 1292 naturalem
2030 1251 2217 1290 eorum

2332 1229 2677 1300 ,πολύτρωσιν
2707 1225 2800 1286 τοῦ
2833 1224 2962 1277 ίδίου
2994 1219 3172 1275 αὐτῶν
3202 1218 3454 1287 σώματος
3494 1215 3602 1267 ἀπὸ
3631 1214 3727 1281 τῆς
3757 1213 3876 1264 δου-

665 1341 1036 1395 inﬂrmitalem
1071 1336 1330 1407 Spiritus,
1355 1344 1410 1389 et
1435 1331 1670 1402 postulat
1704 1346 1799 1400 pro
1828 1330 1906 1382 eis
1931 1326 2222 1397 gemitibus

2332 1323 2454 1385 είας
2485 1321 2582 1390 τῆς
2610 1315 3013 1387 φθορᾶςῐδωσιο
3046 1307 3606 1378 συναντιλαμϐάνεται
3633 1303 3739 1374 γὰρ
3759 1305 3876 1366 ταῖς

667 1429 1128 1486 inenarrabilihus
1153 1428 1219 1490 ³⁸,
1257 1426 1385 1495 quia
1417 1423 1719 1478 secundum
1768 1420 1934 1474 Deum
1985 1420 2226 1488 c0gitant

2332 1415 2562 1475 ›υσικαίς
2582 1409 2764 1464 αὐτῶν
2783 1405 3089 1467 ἀσθενείαις
3111 1403 3170 1455 τὸ
3185 1400 3432 1469 Πνεῦμα,
3455 1396 3546 1450 καὶ
3566 1392 3878 1463 ἐντυγχάνει

663 1531 722 1578 et
753 1537 848 1590 spe
876 1536 975 1575 sua
1017 1525 1337 1590 exspectant
1378 1517 1550 1570 donec
1585 1515 1635 1568 in
1665 1529 1832 1567 carne
1873 1527 1970 1567 sua
2011 1512 2223 1564 mortali

2332 1508 2447 1575 νπὲρ
2472 1503 2648 1557 αὐτῶν
2675 1499 2994 1568 στεναγμοῖς
3015 1495 3321 1562 ἀλαλήτοις,
3343 1491 3425 1542 ὅτι
3453 1488 3593 1541 κατά
3613 1485 3745 1538 Θεόν
3763 1487 3880 1537 ἐστι

671 1613 889 1667 videant
923 1611 1157 1664 ﬁliorum
1193 1607 1282 1661 Dei
1310 1606 1722 1665 revelationem,
1763 1619 1882 1672 quae
1913 1611 2005 1657 est.
2042 1603 2227 1655 vivifi-

2332 1596 2368 1648 πὸ
2394 1573 2646 1664 φρόνημα
2680 1590 2880 1668 αὐτῶν,
2915 1589 3007 1640 καὶ
3038 1588 3070 1656 ή
3099 1585 3304 1638 τούτων
3337 1581 3512 1643 ἐλπὶς,
3546 1579 3644 1648 τήν
3671 1573 3881 1630 ἀποκά-

669 1718 802 1758 cans
849 1699 977 1756 Jesu
1030 1699 1401 1760 mortiﬁcatio,
1459 1708 1514 1749 ut
1561 1705 1615 1748 et
1663 1666 1940 1764 ipsi-ﬁant
1979 1693 2071 1746 lilii
2112 1694 2225 1754 Dei,

2332 1687 2468 1756 ιυψιν
2498 1685 2779 1752 ἐκδέχεται
2812 1666 2935 1732 ἰδεῖν
2964 1682 3019 1732 ἐν
3051 1680 3122 1749 τῇ·
3141 1677 3308 1746 θνητῇ
3340 1672 3549 1727 ἑαυτῶν
3585 1668 3746 1739 σαρκὶ
3774 1666 3884 1718 τῶν

674 1796 875 1864 quippe
905 1792 995 1862 qui
1028 1792 1222 1861 spiritu
1251 1790 1342 1842 Dei
1370 1797 1603 1857 aguntur
1625 1786 1690 1849 “,
1721 1797 1890 1853 utque
1927 1785 2231 1845 liberentur

2314 1755 2447 1833 υίῶν
2489 1775 2581 1828 τοῦ
2613 1772 2778 1836 Θεοῦ,
2821 1771 2942 1840 ἥτις
2983 1770 3128 1820 ἐστὶν
3179 1767 3212 1835 ή
3263 1762 3524 1828 ζωοποιδς
3563 1757 3655 1812 τοῦ
3711 1755 3884 1826 Ἰησοῦ

675 1901 703 1938 a
743 1884 1005 1938 servitute
1035 1885 1238 1944 carnis,
1279 1889 1330 1934 et
1359 1887 1655 1934 occurrant
1686 1879 1736 1931 in
1765 1879 2069 1931 libertatem
2111 1878 2229 1945 glo-

2332 1870 2607 1940 νέκρωσις·
2643 1866 2729 1918 ἵνα
2769 1861 2874 1914 υἱοὶ
2924 1859 3059 1913 Θεοῦ
3111 1857 3185 1920 ὼς
3220 1855 3324 1909 ὑπὸ
3381 1852 3694 1922 Πνεῦματος
3727 1847 3884 1914 ἁγίου

673 1979 770 2030 ria:
807 1976 1038 2030 filiorum
1077 1974 1198 2034 Dei,
1223 1972 1422 2041 quibus
1448 1979 1638 2039 utpote
1679 1968 1846 2024 Deum
1876 1967 2230 2038 diligentibus

673 2068 853 2121 omnia
889 2071 1257 2132 cooperantur
1290 2063 1344 2116 in
1376 2064 1580 2116 bonum
1608 2061 1674 2114 “.

743 2335 832 2390 78.
862 2336 996 2388 Cum
1031 2332 1396 2403 spiritualiter
1420 2329 1759 2399 intelligatur
1795 2327 1980 2383 divina
2029 2329 2222 2398 Sci-ip.

677 2435 799 2481 tura
842 2436 895 2479 et
936 2424 1312 2494 spiritualibus
1336 2421 1646 2478 revelentur
1681 2421 1801 2489 ejus
1849 2421 2092 2474 thesauri
2143 2437 2236 2489 per

685 2519 946 2589 Spiritum
981 2527 1254 2581 sanctum,
1293 2530 1398 2569 non
1435 2521 1614 2585 potest
1651 2512 1905 2566 animalis
1942 2513 2105 2568 homo
2147 2527 2239 2567 eo-

635 2676 641 2686 .
682 2625 802 2662 rum
835 2609 1222 2662 revelationem
1255 2618 1469 2674 capere,
1506 2602 1772 2672 siquidem
1806 2610 2006 2669 praeter
2032 2603 2234 2672 cogita-

683 2702 891 2753 tionum
925 2715 1149 2754 suarum
1181 2698 1376 2751 seriem
1414 2696 1549 2748 nihil
1581 2693 1727 2748 aliud
1764 2695 1908 2748 valet
1934 2693 2124 2749 videre
2156 2695 2239 2748 vel

682 2790 874 2844 audire
909 2790 976 2842 ab
1020 2789 1127 2842 alio
1176 2789 1405 2850 dictum,
1461 2801 1636 2855 neque
1673 2785 1817 2838 enim
1861 2783 1915 2837 in
1967 2799 2025 2838 se
2079 2785 2240 2839 habet

685 2881 776 2936 Dei
811 2881 1078 2951 Spiritum
1123 2887 1460 2935 scrutantem
1497 2878 1767 2946 profunda
1801 2876 1893 2931 Dei
1925 2878 1988 2941 ³³,
2042 2888 2096 2931 et
2146 2894 2239 2932 co-

684 2984 1036 3044 gnoscentem
1067 2988 1158 3027 res
1190 2974 1427 3034 divinas,
1459 2971 1552 3025 sed
1588 2969 1843 3039 spiritum
1887 2969 2075 3022 mundi
2127 2971 2243 3022 zelo

682 3073 737 3119 et
778 3064 985 3118 invidia
1039 3062 1500 3129 contentioneque
1562 3070 1615 3113 et
1664 3060 1940 3114 discordia
2000 3063 2247 3130 plenum,

683 3167 1018 3226 quapropter
1049 3155 1250 3208 stultus
1279 3163 1358 3208 est
1385 3155 1438 3206 in
1476 3152 1776 3207 scrutando
1811 3168 2035 3208 sensum
2091 3163 2145 3208 et
2187 3155 2238 3207 in

685 3246 1065 3316 investigando
1105 3255 1337 3298 mentem
1389 3244 1702 3312 Scriptum.
1738 3243 1872 3297 Cum
1914 3246 2057 3298 enim
2101 3247 2242 3300 scire

696 3343 934 3406 nequeat
1010 3336 1369 3405 spiritualiter
1432 3335 1719 3403 dijudicari
1788 3351 2127 3404 quaecunque
2191 3338 2244 3390 in

633 3504 636 3506 γ
693 3425 982 3496 Scriptura
1025 3425 1205 3479 divina
1243 3426 1590 3494 reperiuntur
1629 3426 1776 3479 circa
1821 3441 1908 3480 res
1940 3428 2154 3482 divinas
2195 3441 2246 3482 et

696 3515 986 3581 humanas,
1024 3517 1235 3572 deridet
1264 3533 1360 3571 eos
1395 3518 1486 3584 qui
1520 3517 1638 3571 illas
1686 3517 2043 3585 spiritualiter
2078 3519 2248 3573 inter-

700 3620 1008 3677 pretantur,
1054 3624 1257 3678 eosque
1294 3625 1401 3663 non
1447 3611 1757 3679 spiritualvs
1808 3625 1905 3663 nec
1960 3625 1987 3662 a
2043 3611 2247 3678 Spiritu

703 3700 911 3763 .inctos,
946 3700 1038 3754 sed
1067 3702 1396 3770 anagogicos
1435 3716 1659 3764 vocans,
1690 3713 1952 3769 quantum
1993 3702 2046 3755 in
2075 3718 2133 3756 se
2169 3711 2253 3756 est

700 3789 981 3860 detorquet
1021 3806 1085 3846 ac
1138 3792 1421 3860 pervertit,
1469 3792 1610 3845 sicut
1664 3793 1857 3848 Demas
1909 3793 2018 3857 ille,
2061 3810 2250 3849 eorum

695 3880 859 3934 verba
895 3879 1219 3949 divinasque
1255 3882 1580 3936 sententias.
1617 3880 1732 3937 Non
1766 3883 1893 3935 item
1928 3883 2250 3951 spiritualis,

709 3970 801 4024 sed
829 3971 1039 4036 judicat
1074 3971 1254 4024 omnia
1279 3971 1460 4024 divino
1489 3972 1784 4027 instinctus
1815 3974 2032 4042 spiritu,
2057 3983 2110 4029 et
2141 3977 2256 4042 ipse

697 4077 724 4114 a
777 4063 995 4116 nemine
1046 4062 1283 4131 iudicari
1315 4071 1510 4133 potest,
1548 4072 1734 4133 utpote
1784 4080 2001 4120 sensum
2036 4066 2242 4123 Christi

696 4153 931 4220 habens,
973 4169 1134 4224 quem
1166 4169 1328 4210 nemo
1366 4155 1638 4210 instruere
1665 4165 1866 4224 potest.

2317 1939 2590 2031 ἀγόμενοι,
2618 1953 2995 2028 χρηματίσωσι
3023 1950 3116 2005 καὶ
3137 1945 3432 2014 absonam.
3449 1939 3888 2012 ἐλευθερωθῶσιν

2316 2030 2429 2108 ἁπδί
2451 2052 2547 2120 τῆς
2586 2046 2827 2104 δουλείας
2853 2042 2955 2111 τῆς
3001 2039 3202 2111 σαρκὸς
3243 2036 3337 2091 καὶ
3366 2035 3776 2103 καταντήσωσιν
3805 2030 3890 2090 εἰς

2317 2145 2413 2215 τὴν
2441 2113 2747 2207 ἐλευθερίαν
2779 2137 2877 2202 τῆς
2906 2133 3061 2202 δόξης
3094 2129 3200 2182 τῶν
3228 2129 3435 2182 τέκνων
3477 2123 3571 2178 τοῦ
3603 2121 3738 2175 Θεοῦ
3761 2159 3776 2185 ,
3807 2113 3889 2182 οἷς

2319 2211 2390 2297 ὡς
2425 2231 2678 2300 ἀγαπῶσι
2704 2228 2796 2280 τὸν
2821 2225 2973 2289 Θεὸν,
2997 2225 3173 2277 πάντα
3203 2220 3456 2290 συνεργεῖ
3479 2218 3558 2278 είς
3585 2215 3643 2267 τὸ
3665 2211 3885 2280 ἀγαθόν.

2388 2332 2487 2394 οη’.
2524 2316 2917 2389 Πνευματικῶς
2960 2311 3390 2383 συγκρινομένης
3421 2308 3520 2376 τῆς
3561 2304 3709 2366 θείας
3744 2303 3888 2373 Γρα-

2322 2418 2456 2484 (pag.
2507 2416 2600 2468 καὶ
2647 2408 3041 2480 πνευματικοῖς
3086 2399 3615 2469 ἀνακαλυπτομένων
3670 2395 3776 2447 τῶν
3836 2397 3895 2446 ἐν

2321 2508 2454 2575 αὐτῇ
2506 2501 2794 2574 θησαυρῶν
2843 2499 2932 2552 διά
2970 2496 3065 2549 τοῦ
3106 2493 3422 2561 Πνεύματος
3468 2487 3561 2542 τοῦ
3611 2487 3802 2554 ἀγίου,
3831 2485 3898 2536 οὐ

2321 2601 2540 2653 δύναται
2583 2593 2810 2665 ψυχικὸς
2856 2590 3141 2659 ἄνθρωπος
3170 2587 3268 2656 τὴν
3313 2583 3518 2636 τούτων
3561 2575 3898 2643 ἀνακάλυψιν

2322 2689 2595 2755 δέξασθαι.
2624 2686 2790 2738 Πλέον
2817 2683 2912 2748 τῆς
2935 2678 3251 2738 ἀκολουθίας
3273 2675 3381 2727 τῶν
3403 2671 3568 2726 αὑτοῦ
3590 2667 3895 2737 λογισμῶν,

2326 2781 2401 2852 μὴ
2436 2776 2862 2845 καταδεχόμενος
2885 2770 3161 2838 ἕτερόνξτι
3208 2765 3401 2834 νοῆσαι
3445 2764 3478 2833 ἢ
3509 2759 3738 2815 ἀκοῦσαι
3769 2774 3884 2825 παρ

2325 2847 2509 2942 ἐτέρου
2544 2853 2853 2937 λεγόμενονλ
2878 2861 2996 2916 οὐδὲ
3021 2861 3127 2929 γὰρ
3151 2859 3262 2928 ἔχει
3307 2857 3365 2909 τὸ
3390 2852 3618 2922 Πνεῦμα
3645 2849 3736 2903 τοῦ
3762 2847 3901 2902 Θεοῦ

2329 2965 2384 3015 ἐν
2407 2941 2570 3029 αὐτῷ,
2597 2959 2655 3011 τὸ
2679 2955 2913 3026 ἐρευνῶν
2942 2953 3011 3005 τά
3059 2949 3195 3020 βάθη
3220 2947 3311 3000 τοῦ
3333 2946 3488 3010 Θεοῦ,
3515 2945 3606 2998 καὶ
3633 2941 3902 3010 γινῶσκον

2330 3056 2396 3106 τὰ
2427 3051 2518 3105 τοῦ
2551 3047 2685 3102 Θεοῦ
2705 3087 2719 3110 ,
2752 3045 2884 3100 ἀλλά
2915 3045 2976 3097 τὸ
3005 3041 3224 3111 πνεῦμα
3245 3038 3338 3092 τοῦ
3367 3038 3573 3105 κόσμου
3601 3035 3662 3086 τὸ
3697 3029 3902 3088 ὑλικὸν.

2295 3145 2386 3211 ,τὸ
2419 3144 2578 3211 ζήλου
2612 3142 2705 3193 καὶ
2743 3138 2937 3206 φθόνου
2966 3134 3160 3206 μεστὸν
3181 3173 3194 3194 ,
3226 3131 3398 3201 ἕριδός
3426 3145 3485 3180 τε
3528 3126 3624 3178 καὶ
3651 3125 3905 3192 διχοσταο

2335 3237 2450 3297 σίας
2479 3235 2761 3287 ἀνάπλεων
2782 3269 2799 3296 ,
2829 3221 2888 3282 οῦ
2934 3230 3094 3298 χάριν
3125 3226 3216 3279 καὶ
3253 3223 3429 3293 μωρία
3460 3218 3606 3288 αὐτῷ
3655 3221 3768 3268 ἐστι
3789 3256 3805 3279 ,
3841 3215 3905 3266 τὸ

2331 3329 2427 3397 τὴν
2470 3325 2704 3378 διάνοιαν
2746 3321 3008 3392 ὲρευνᾷν,
3051 3319 3145 3371 καὶ
3187 3315 3276 3368 τὸν
3304 3312 3440 3366 νοῦνκ
3476 3308 3775 3378 ἀνιχνεύειν
3809 3304 3904 3357 τοῦ

2333 3423 2677 3491 γράμματος.
2711 3415 2916 3468 Γνῶναι
2939 3413 3047 3480 γὰρ
3071 3411 3145 3480 μὴ
3175 3408 3469 3475 δυνάμενος
3496 3406 3575 3456 ὅτι
3609 3415 3909 3470 πνευματι-

2336 3515 2446 3578 κῶς
2467 3511 2814 3581 ἀνακρίνεται
2849 3506 3028 3559 πάντα
3061 3502 3130 3556 τὰ
3155 3503 3252 3567 τῆς
3284 3497 3432 3562 θείας
3473 3493 3725 3566 Γραφῆς,
3767 3491 3910 3544 κατὰ

2334 3608 2441 3660 τῶν
2473 3603 2631 3656 θείων
2664 3602 2754 3653 καὶ
2783 3597 3136 3666 ἀνθρωπίνων
3177 3591 3538 3660 πραγμάτων,
3573 3584 3912 3653 καταμωκᾶ-

2336 3719 2422 3753 ται
2456 3699 2560 3750 τῶν
2606 3692 3005 3763 συγκρινόνντων
3057 3686 3226 3739 ταῦτα.
3277 3677 3674 3750 πνευματικῶς,
3717 3674 3807 3726 καί⁵
3845 3673 3910 3725 οὐ

2338 3793 2759 3858 πνευματικοὺς,
2789 3785 2909 3838 οὐδὲ
2940 3783 3043 3836 ὑπὸ
3077 3781 3220 3833 θείου
3248 3774 3565 3843 Πνεύματος
3592 3767 3910 3838 ἀγομένους,

2339 3885 2451 3937 ἀλλ’
2473 3879 2848 3948 ἀναγωγικοῦς
2869 3876 2996 3936 τοὺς
3022 3872 3293 3930 τοιούτους
3317 3865 3517 3927 καλῶν,
3546 3863 3669 3915 ὅσον
3700 3860 3759 3909 τό
3789 3857 3913 3908 κατ’

2339 3977 2518 4038 αὐτὸν,
2553 3972 2881 4040 διαστρέφει,
2916 3968 3010 4020 καὶ
3044 3963 3363 4032 ἀνατρέπει,
3394 3958 3467 4020 ῶς
3498 3958 3524 4008 ὁ
3558 3951 3747 4023 Δημᾶς
3772 3950 3918 4001 sta?-

2342 4087 2450 4132 νος,
2486 4069 2610 4128 τοὺς
2651 4066 2841 4132 λόγους
2873 4060 3071 4123 αὐτῶν,
3106 4056 3202 4109 καὶ
3232 4056 3299 4105 τά
3334 4053 3452 4103 θεῖα
3498 4047 3744 4114 νοήματα
3770 4059 3783 4070 ο
3814 4040 3916 4108 οὐχ

2340 4161 2511 4222 οὓτως
2538 4159 2593 4210 δὲ
2629 4160 2654 4210 ὁ
2687 4150 3080 4224 πνευματικὸς,
3109 4147 3244 4201 ἀλλά
3272 4141 3551 4212 ἀνακρίνει
3583 4137 3679 4206 μὲν
3711 4133 3913 4224 πάντα,

2344 4221 2902 4320 θείῳὲνεργούμενος
2945 4243 3248 4311 Πνεῦματι,
3293 4235 3454 4294 αὐτὸς
3485 4231 3541 4283 δὲ
3579 4221 3917 4320 ὑπ’ᾼοῦδενδς

2343 4312 2701 4412 ἀνακριθῆναι
2742 4312 3001 4398 δύναται,
3051 4330 3238 4397 ἐπειδὴ
3273 4325 3398 4388 νοῦς
3437 4325 3585 4375 ἐστιν
3629 4315 3780 4382 αὒτῷ
3819 4312 3916 4366 τοῦ

2344 4434 2602 4507 Χριστοῦ,
2631 4432 2686 4483 ὃν
2707 4430 2878 4491 οὐδεὶς
2904 4425 3235 4496 συμϐιὸάσαι
3266 4417 3493 4489 ίσχύσει.

768 4529 853 4585 79.
894 4528 952 4583 In
981 4531 1105 4598 igne
1127 4529 1294 4583 semel
1326 4527 1563 4582 revelata
1588 4527 1674 4580 die
1699 4526 2024 4588 novissima,
2051 4533 2104 4579 et
2133 4526 2249 4594 igne

2332 4519 2333 4526 “
2396 4491 2507 4580 .00'.
2559 4491 2644 4574 Ἔν
2679 4520 2810 4589 πυρὶ
2833 4491 3356 4581 ἀποκαλυπτομένης
3386 4507 3484 4576 τῆς
3512 4501 3744 4572 ἐσχάτης
3778 4497 3921 4570 ήμέ-

698 4622 922 4690 probata
953 4619 1384 4687 uniuscujusque
1403 4620 1639 4680 actione,
1677 4617 1957 4671 aitbeatus
1979 4615 2250 4678 Paulus“,

701 4716 746 4767 si
779 4714 935 4782 cujus
958 4727 1097 4782 Opus
1121 4729 1188 4767 ex
1214 4711 1613 4780 incorruptibili
1642 4710 1950 4765 substantia
1977 4718 2080 4771 est,
2110 4710 2253 4777 quod

702 4805 807 4858 sibi
834 4803 898 4857 ad
920 4802 1332 4858 aediﬁcationem
1371 4803 1740 4863 conservavit,
1777 4807 1962 4854 manet
1998 4800 2050 4852 in
2077 4800 2254 4851 lllCle

705 4899 829 4967 igue
855 4895 1230 4963 incorruptum
1259 4931 1276 4955 ,
1305 4901 1360 4947 et
1387 4908 1494 4947 non
1521 4893 1694 4947 solum
1727 4908 1833 4946 non
1886 4893 2256 4954 comburetur,

707 4987 804 5044 sed
843 4991 1006 5042 etiam
1046 4985 1372 5055 splendebit,
1407 5000 1436 5038 a
1464 4986 1647 5052 parvis
1677 4993 1854 5038 tamen
1886 4985 2111 5036 maculis
2147 4998 2264 5050 per-

710 5079 849 5134 fecte
884 5076 1250 5149 puriﬁcatum.
1276 5077 1333 5130 Si
1362 5076 1519 5146 cujus
1550 5085 1728 5130 autem
1760 5091 1896 5145 opus
1921 5090 1984 5129 ex
2033 5089 2266 5143 corrup-

710 5171 848 5226 tibili
876 5171 1100 5224 materia
1153 5180 1257 5232 est,
1310 5184 1451 5224 onus
1508 5169 1651 5237 quod
1703 5168 1792 5222 ille
1847 5166 1950 5221 sibi
2008 5167 2265 5235 alligavit,

710 5263 942 5317 ﬂammis
975 5262 1322 5316 comburetur
1345 5270 1399 5315 et
1425 5261 1638 5314 inanem
1677 5261 1826 5312 illum
1854 5261 1906 5312 in
1939 5259 2118 5311 mmedio
2147 5262 2266 5326 igne

716 5359 1014 5436 relinquet.
1039 5353 1186 5423 Opus
1216 5363 1394 5407 autem
1431 5353 1802 5421 incorruptum
1856 5359 1907 5405 et
1941 5365 2264 5418 permanens

723 5457 849 5502 sunt
890 5450 1138 5517 lacrymze
1165 5444 1508 5515 paenitentiaa,
1551 5445 1914 5512 eleemosyna,
1962 5440 2267 5494 inisericor.

723 5539 836 5600 die,
891 5541 1090 5603 oratio,
1141 5537 1442 5598 humilitas,
1493 5535 1643 5595 ﬁdes,
1697 5551 1848 5601 Spes,
1901 5535 2161 5594 eharitas,
2220 5540 2272 5582 et

723 5631 903 5699 quivis
933 5630 1080 5684 alius
1110 5638 1264 5682 actus
1297 5629 1361 5682 all
1396 5628 1644 5696 pietatem
1676 5628 1914 5679 intentus
1948 5639 1960 5674 :
1992 5637 2109 5690 quze
2141 5623 2270 5688 qni-

2348 4633 2465 4684 ρας,
2523 4613 2625 4666 καὶ
2681 4611 2784 4664 ὑπὸ
2844 4609 3014 4678 πυρὸς
3076 4601 3378 4675 τηνικαῦτα
3437 4591 3919 4684 δοκιμαζομέκξὶςι

2346 4676 2572 4758 ἐκάστου
2607 4699 2705 4767 τῆς
2745 4676 3015 4764 πράξεως,
3051 4688 3185 4757 φησὶ
3215 4684 3423 4745 Παῦλος
3453 4679 3725 4750 δηλονότι,
3760 4676 3812 4728 εί
3841 4691 3927 4725 τι-

2344 4811 2433 4857 νος
2464 4793 2522 4846 τὸ
2558 4765 2718 4862 ἔργον
2744 4789 2842 4857 τῆς
2867 4783 3142 4852 ἀφθάρτου
3178 4777 3362 4838 οὐσίας
3387 4774 3552 4833 ἐστὶν,
3577 4771 3605 4823 ὃ
3634 4766 3811 4835 ἐαυτῷ
3843 4765 3926 4826 εἰς

2344 4860 2628 4954 οἰκοδομήν
2661 4879 2986 4940 ἐναπέθετο,
3023 4873 3176 4944 μενεῖ
3209 4871 3372 4941 μέσον
3398 4865 3491 4918 τοῦ
3522 4863 3691 4932 πυρὸς
3717 4860 3930 4928 ἄφθαρο

2345 4998 2454 5043 τον,
2488 4953 2581 5029 καὶ
2607 4978 2667 5028 οὐ
2705 4972 2866 5043 μόνον
2906 4969 2966 5021 οὑ
3016 4963 3457 5033 κατακαήσεται,
3487 4956 3624 5011 ἀλλά
3655 4957 3748 5008 καὶ
3779 4953 3925 5021 λαμ-

2347 5070 2713 5141 πρυνθήσεται
2760 5064 2860 5132 τῆς
2905 5059 3109 5131 μικρᾶς
3158 5057 3287 5116 ἴσως
3326 5049 3719 5120 καθαιρόμενον
3758 5046 3837 5106 είς
3865 5044 3932 5102 τὸ

2347 5139 2608 5225 παντελὲς
2633 5159 2795 5220 ἰλύος·
2828 5156 2880 5209 εῐ
2905 5170 3047 5216 τινος
3071 5152 3129 5204 δὲ
3152 5150 3212 5202 τδ
3237 5148 3417 5218 ἔργον,
3445 5142 3545 5212 τῆς
3562 5139 3932 5209 φθειρομένης

2349 5258 2480 5326 ὕλης
2504 5255 2639 5314 ἐστὶ,
2658 5251 2685 5304 ὃ
2706 5247 2882 5318 ἐαυτῷ
2908 5248 2987 5309 είς
3009 5239 3574 5314 φόρτονέδὲσμευσεν,
3602 5227 3931 5302 ἐμπρησθὲν

2350 5348 2791 5417 κατακαήσεται,
2839 5342 2934 5394 καὶ
2979 5338 3133 5391 κενὸν
3182 5331 3343 5388 αὑτὸν
3402 5327 3562 5398 μέσον
3611 5323 3706 5377 τοῦ
3753 5324 3933 5394 πυρὸς

2349 5438 2683 5509 καταλείψει.
2731 5437 2930 5506 Ἔργον
2959 5432 3015 5485 δὲ
3047 5429 3322 5500 ἄφθαρτον
3361 5422 3455 5477 καὶ
3487 5418 3741 5490 διαμένον
3787 5417 3934 5479 ἐστὶ,

2351 5535 2561 5602 δάκρυα
2600 5525 2908 5599 μετανοίας,
2943 5518 3316 5593 ἐλεημοσύνη,
3360 5509 3695 5581 συμπάθεια,
3749 5523 3933 5576 προσ-

2353 5623 2511 5694 ευχὴ,
2561 5619 2911 5683 ταπείνωσις,
2964 5615 3166 5677 πίστις,
3207 5608 3383 5669 ἐλπὶς,
3418 5604 3624 5672 ἀγάπη,
3667 5599 3762 5653 καὶ
3798 5598 3939 5652 εἴτι

783 5797 1003 5861 “Rom.
1063 5819 1138 5859 in:
1194 5805 1283 5860 ill.
1362 5804 1403 5833 ³⁸
1442 5801 1570 5855 ibid.
1605 5799 1697 5854 ‘26.
1771 5799 1812 5831 ³¹
1843 5797 1973 5852 ibid.
2019 5795 2105 5847 li.
2182 5795 2223 5826 “
2271 5789 2512 5847 ibid.28.
2593 5785 2837 5841 "lCor.
2896 5799 2952 5847 ιι,
2999 5780 3077 5834 10.
3157 5779 3242 5830 ³⁵1
3276 5776 3400 5831 Cor.
3460 5773 3648 5840 tn,l5.'
