4126 6338
279 385 392 447 9⁸37

1150 383 1688 446 GNOSTICORUM
1736 385 2058 447 CiPlTUM
2089 384 2464 446 CENTURIA
2494 385 2607 445 III.

3386 385 3488 450 998

281 498 469 564 ἓτερον
499 495 556 546 ἐν
595 494 781 562 σκοπῷ
815 495 1094 558 εὐσεϐείας
1127 497 1450 565 πράττεται’
1485 499 1518 554 ἀ
1565 499 1657 552 καὶ
1697 499 1851 563 ζῶντι

1940 501 2057 553 dem
2106 511 2158 554 et
2187 500 2388 554 viventi
2430 499 2634 554 homini
2681 500 3088 556 comdiﬁcantur
3137 502 3193 556 in
3235 515 3486 557 sanctum

280 586 360 655 τῷ
428 586 703 656 ἀνθρώπῳ
755 587 1215 656 συνοικοδομεῖται
1264 591 1343 652 εἰς
1405 593 1527 644 ναὸν
1570 593 1721 661 ἅγιον
1758 591 1851 644 τοῦ

279 677 440 738 θεοῦ.
473 680 566 730 καὶ
615 678 920 731 ὲκλείποντι
975 681 1401 751 συναπέρχεται,
1453 686 1544 736 καὶ
1591 686 1851 756 συμμένει

279 769 536 837 ἄφθαρτα
572 770 652 831 είς
695 770 921 834 αἰῶνας.
961 771 1034 824 Τὸ
1070 773 1130 824 δὲ
1159 773 1263 826 ὑπὸ
1289 775 1382 826 τοῦ
1434 776 1605 846 πυρὸς
1639 779 1851 832 ἐκείνου

281 861 640 930 φθειρόμενον
665 861 846 944 ἔργον,
870 863 1034 944 δῆλον1
1057 867 1170 927 τοῖς
1203 868 1370 919 πᾶσίν
1398 871 1533 932 ἐστι,
1559 867 1851 939 φιληδονία,

281 949 577 1017 φιλοδοξῖα,
612 939 972 1023 φιλαργυρία,
1011 939 1184 1023 μῖσος,
1221 955 1432 1024 φθόνος.
1467 958 1658 1029 κλοπὴ,
1695 960 1853 1030 μέθη,

280 1040 544 1109 λοιδορία,
584 1043 931 1113 κατάκρισις,
965 1045 1061 1099 καὶ
1096 1048 1147 1100 εἴ
1177 1064 1227 1099 τι
1257 1047 1458 1122 φαῦλον
1487 1050 1573 1104 διὰ
1607 1051 1858 1122 σώματος

279 1130 426 1184 κατὰ
448 1132 766 1202 ἐπιθυμίαν,
801 1135 833 1204 ἢ
866 1134 1036 1206 θυμὸν
1066 1138 1367 1208 ἐνεργεῖται
1391 1158 1402 1170 ’
1432 1143 1606 1197 ταῦτα
1633 1145 1726 1198 καὶ
1757 1149 1864 1201 πε-“

281 1222 453 1293 ριόντι
492 1222 572 1293 τῷ
606 1224 879 1296 ἀνθρώπῳ
920 1228 1346 1299 συμφθείρεται,
1383 1233 1725 1309 ἐκκαιομένῳ
1754 1239 1857 1292 ὑπὸ

278 1315 377 1366 τοῦ
402 1315 571 1385 πυρὸς
609 1316 708 1386 τῆς
748 1317 1081 1389 ἐπιθυμίας,
1118 1321 1210 1374 καὶ
1252 1324 1721 1397 ἀπορῤηγνυμένρ
1760 1331 1855 1384 τοῦ

279 1403 557 1475 σώματος,
592 1409 1011 1480 συναπέρχεται,
1041 1413 1102 1464 οὐ
1133 1414 1397 1483 συμμένει
1421 1415 1496 1481 δὲ,
1524 1418 1659 1472 ἀλλὰ
1691 1437 1856 1473 καται

279 1497 584 1568 φθαρέντα,
645 1501 738 1554 τὸν
794 1503 1033 1571 ἐργάτην
1086 1505 1264 1557 αὐτῶν
1322 1508 1482 1575 μέσον
1544 1512 1636 1564 τοῦ
1690 1515 1856 1584 πυρὸς

277 1593 578 1661 ἐπαφίησιν
609 1595 686 1655 εἰς
723 1593 928 1659 αίῶνας
956 1595 1169 1650 αίώνων
1208 1597 1446 1652 ἀθάνατα
1478 1601 1852 1674 κολαζόμενονζ

355 1684 431 1739 π’;
481 1686 547 1740 Ἡ
575 1687 775 1756 γνῶσις
809 1689 842 1759 ἡ
873 1688 966 1742 τοῦ
997 1688 1158 1754 Θεοῦ,
1192 1690 1252 1743 τὸ
1282 1692 1548 1758 ἐγνῶσθαι
1588 1694 1692 1748 ὑπὸ
1723 1697 1857 1751 Θεοῦ

279 1777 536 1844 σημαίνει
581 1777 672 1832 τὸν
720 1779 800 1841 είς
845 1779 1051 1850 ταύτην
1097 1780 1184 1833 διὰ
1222 1785 1718 1856 ταπεινοφροσύνης
1766 1789 1856 1840 καὶ

1937 593 2029 645 Dei
2067 592 2358 662 templum,
2394 607 2516 645 cum
2547 601 2716 660 coque
2740 604 2951 647 mortuo
2978 593 3182 647 abeunt
3212 604 3264 648 et
3311 593 3489 650 incor-

1935 692 2089 752 rupta
2144 693 2366 738 manent
2408 696 2504 753 per
2537 683 2754 736 saecula.
2809 684 3039 738 Econtra
3072 694 3381 754 corruptum
3415 687 3484 742 ab

1934 775 2026 828 illo
2060 777 2179 842 igne
2225 790 2360 845 Opus
2417 782 2562 837 sunt,
2620 787 2678 829 ut
2722 775 2974 830 omnibus
3008 777 3197 846 liquet,
3249 779 3484 845 luxuria,

1931 869 2176 930 ambitio,
2207 869 2454 930 avaritia,
2482 869 2688 932 odimn,
2715 867 2938 931 invidia,
2967 867 3192 934 furtum,
3220 870 3482 937 ebrietas,

1930 956 2198 1018 convicia,
2230 972 2454 1025 pravum
2487 956 2776 1024 judicium,
2805 965 2857 1010 et
2897 957 3161 1028 quidquid
3193 961 3320 1012 mali
3356 976 3481 1028 per-

1933 1065 1964 1118 p
1987 1055 2109 1100 ~trat
2145 1063 2344 1117 corpus
2373 1040 2816 1118 concupiscentia
2850 1049 2935 1103 vel
2971 1050 3048 1103 ira
3094 1059 3342 1106 molam:
3379 1053 3481 1105 is'a

1931 1140 2092 1193 simul
2151 1154 2276 1193 cum
2331 1139 2539 1192 vivente
2587 1139 2827 1203 homine,
2859 1153 3019 1208 quem
3060 1140 3240 1198 exedit
3275 1155 3484 1194 concu-

1933 1235 2215 1305 piscentiae
2245 1232 2406 1303 ignis,
2440 1243 2887 1302 corrumpuntur,
2918 1249 3156 1302 eumque
3195 1248 3224 1287 a
3257 1248 3486 1302 corpore

1937 1328 2183 1380 avulsum
2219 1325 2574 1389 comitantur,
2621 1339 2726 1378 non
2765 1339 2895 1379 vero
2939 1334 3183 1389 manent,
3225 1325 3315 1378 sed
3368 1340 3488 1378 cor-

1935 1430 2105 1486 rupta:
2131 1426 2408 1471 aut-torem
2451 1430 2609 1468 suum
2640 1415 2692 1468 in
2727 1416 2904 1469 medio
2934 1415 3056 1484 igne
3088 1415 3398 1484 relinquunt
3434 1416 3485 1467 in

1933 1511 2126 1564 saecula
2160 1507 2480 1562 seculorum
2509 1515 2712 1562 aeterno
2738 1507 3085 1576 plectendum
3121 1505 3404 1576 supplicio.

2000 1690 2086 1744 80.
2123 1689 2360 1745 Scientta
2386 1690 2478 1745 Dei
2512 1706 2634 1744 eum
2666 1707 2758 1761 qui
2791 1706 2929 1745 mea
2960 1689 3259 1745 aediﬁcatus
3287 1696 3369 1744 est
3392 1701 3491 1757 per

1934 1784 2296 1839 humilitatem
2328 1792 2381 1838 et
2411 1786 2735 1846 orationem,
2773 1783 2975 1837 indicat
3003 1791 3187 1837 notum
3220 1798 3345 1838 esse
3381 1782 3490 1837 De»

276 1866 594 1936 προσευχῆς
644 1868 1107 1941 οἰκοδομηθέντα,
1149 1871 1244 1924 καὶ
1297 1871 1359 1924 τὸ
1407 1876 1604 1940 γνῶσιν
1651 1877 1851 1952 ἀψευδῆ

1939 1884 1992 1929 et
2031 1891 2059 1928 a
2093 1875 2206 1931 Deo
2233 1876 2460 1936 ditatum
2487 1890 2608 1931 esse
2637 1875 2833 1929 notitia
2873 1877 3374 1943 supernaturalium
3406 1874 3490 1940 ip-

277 1956 583 2028 πλουτῆσαι
619 1961 769 2032 παρά
813 1961 947 2014 Θεοῦ
978 1962 1088 2014 τῶν
1131 1963 1424 2033 ὑπερφυῶν
1457 1965 1621 2019 αὐτοῦ
1654 1986 1857 2040 μυστη-

278 2048 439 2119 ρίωνο
463 2051 511 2103 εί
543 2051 598 2104 δὲ
632 2053 898 2120 φυσίωσις
926 2055 1120 2125 ὁρᾶται
1159 2057 1288 2124 περὶ
1316 2056 1496 2120 αὑτὸν,
1527 2059 1628 2112 οὐκ
1658 2060 1855 2130 ᾠκοδο-

277 2141 429 2212 μήθη
453 2141 539 2195 διὰ
568 2145 775 2220 τούτων
815 2147 872 2198 ἐν
918 2148 1054 2218 αὐτῇ
1079 2185 1093 2210 ,
1125 2147 1241 2200 ἀλλ’
1281 2149 1385 2203 ὑπὸ
1419 2150 1513 2204 τοῦ
1555 2151 1859 2222 πνεύματος

273 2231 380 2286 τοῦ
411 2234 615 2304 κόσμου
646 2237 836 2291 τούτου
869 2239 960 2291 τοῦ
993 2241 1174 2294 ὑλικοῦ
1206 2241 1418 2311 ἄγεται.
1455 2244 1554 2298 Διά
1580 2246 1737 2299 τοῦτο
1763 2249 1856 2304 καὶ

274 2326 477 2381 εἰδέναι
504 2347 555 2382 τι
586 2329 733 2383 δοκεῖ
758 2334 784 2384 ὁ
812 2333 1071 2398 τοιοῦτος,
1104 2335 1268 2405 μηδὲν
1293 2336 1544 2403 ἐγνωκὼς
1572 2339 1677 2391 τῶν
1699 2340 1855 2395 θείων

277 2420 626 2489 πραγμάτων
667 2422 847 2486 καθὼς
899 2425 1101 2492 γνῶναι
1151 2428 1250 2480 δεῖ.
1307 2429 1366 2482 Ὀ
1403 2430 1458 2483 δέ
1496 2448 1558 2498 γε
1590 2434 1679 2486 τὸν
1723 2435 1852 2488 Θεὸν

274 2512 546 2579 ἀγαπῶν,
596 2515 687 2567 καὶ
727 2517 894 2586 μηδὲν
942 2519 1244 2589 ἡγούμενος
1305 2527 1698 2597 προτιμότερον
1755 2530 1852 2596 τῆς

273 2604 498 2674 ἀγάπης
543 2608 728 2673 αὑτοῦ,
766 2611 860 2662 καὶ
901 2611 994 2663 τοῦ
1033 2612 1298 2677 πλησίονι,
1350 2617 1554 2679 ἐκεῖνος
1591 2617 1729 2685 ἔγνω
1761 2622 1852 2672 καὶ

271 2696 348 2748 τὰ
374 2696 508 2767 βάθη
543 2698 636 2750 τοῦ
676 2699 809 2753 Θεοῦ
831 2739 845 2767 ,
878 2703 972 2754 καὶ
1004 2702 1076 2756 τὰ
1107 2705 1381 2774 μυστήρια
1427 2707 1525 2776 τῆς
1564 2709 1728 2760 αὑτοῦ
1759 2710 1852 2779 βοι-

275 2789 507 2853 σιλείας,
541 2792 850 2865 καθὼς-χρὴ
875 2794 1101 2862 γνῶναι,
1126 2796 1218 2847 τὸν
1241 2797 1341 2848 ὑπὸ
1368 2798 1509 2851 θείου
1537 2802 1852 2872 κινούμενον

287 2879 641 2949 Ιινεύματος,
689 2883 781 2936 καὶ
834 2883 1099 2951 ἔγνωσται
1139 2887 1242 2940 ὑπὸ
1271 2887 1363 2940 τοῦ
1411 2887 1578 2950 Θεοῦ,
1614 2893 1850 2962 ἐργάτης

268 2971 482 3041 ἀληθὴς
523 2973 614 3025 τοῦ
664 2975 996 3044 Παραδείσου
1030 2978 1128 3047 τῆς
1189 2979 1514 3049 Ἐκκλησίας
1547 2983 1748 3047 αὐτοῦ,
1792 2986 1851 3048 ὃς

269 3061 574 3130 ἐργάσεται
602 3061 670 3113 δι’
691 3063 909 3133 ἀγάπης
942 3065 1002 3117 τὸ
1034 3067 1157 3140 θέλη
1171 3085 1248 3136 μα
1277 3068 1370 3122 τοῦ
1404 3070 1570 3123 Θεοῦ·
1599 3074 1849 3146 ἐπιστρέ-

1932 1969 2048 2022 sius
2078 1967 2502 2036 mysteriorum;
2530 1967 2578 2021 si
2612 1981 2738 2021 vero
2759 1967 3015 2036 superbia
3051 1967 3104 2019 in
3134 1981 3198 2020 eo
3221 1966 3486 2032 videatur,

1931 2074 2042 2111 non
2076 2072 2177 2126 per
2202 2057 2323 2110 illas
2353 2059 2584 2110 virtutes
2612 2058 2666 2110 in
2709 2061 2823 2125 ipsa
2864 2057 3162 2111 mdilisatus
3193 2067 3298 2119 est,
3331 2059 3423 2113 sed
3455 2074 3504 2112 at

1933 2149 2140 2220 spiritu»
2185 2147 2385 2202 mundi.
2424 2147 2587 2217 hujus
2634 2148 2929 2202 materialis
2978 2149 3182 2216 agitur.
3218 2147 3484 2214 Quocirca

1936 2241 2256 2312 huiusmodi
2291 2240 2375 2293 vir
2404 2238 2611 2307 aliquid
2649 2239 2791 2294 scire
2816 2238 3052 2302 videtur,
3091 2248 3143 2293 et
3177 2242 3309 2294 nihil
3341 2241 3485 2295 divi-

1930 2349 2122 2389 narum
2160 2347 2340 2388 rerum
2368 2331 2473 2387 scit
2503 2333 2646 2386 sicut
2672 2332 2814 2386 scire
2847 2339 3086 2399 oportet.
3121 2332 3223 2397 Qui
3261 2317 3482 2387 econtra

1930 2428 2100 2482 Deum
2151 2433 2320 2488 amat,
2364 2432 2418 2478 et
2455 2424 2601 2477 nihil
2635 2422 2945 2493 pretiosius
2973 2423 3253 2477 existimat
3303 2439 3483 2477 amore

1934 2520 2022 2572 Dei
2059 2525 2110 2570 et
2147 2515 2402 2584 proximi,
2443 2516 2532 2575 ille
2558 2515 2663 2570 scit
2689 2513 2956 2583 profunda
2996 2513 3086 2569 Dei
3123 2523 3177 2568 et
3228 2519 3480 2586 mysteria

1928 2610 2077 2680 regni
2110 2609 2252 2679 ejus,
2287 2608 2427 2664 sicut
2463 2608 2606 2663 scire
2635 2614 2844 2677 oportet
2868 2621 3028 2675 quem
3061 2605 3280 2661 divinus
3305 2617 3483 2661 movet

1933 2703 2191 2772 Spiritus,
2229 2710 2280 2756 et
2309 2700 2659 2770 cognoscitur
2691 2714 2719 2752 a
2752 2697 2883 2761 Deo,
2917 2706 3172 2762 tanquam
3203 2713 3361 2753 νειυε
3392 2715 3479 2766 pa-

1932 2795 2098 2848 radisi
2134 2793 2391 2848 Ecclesiae
2416 2793 2536 2862 ejus
2561 2789 2988 2860 operarius,iqni
3018 2803 3113 2859 per
3154 2789 3476 2843 charitalem

1930 2887 2094 2942 faciet
2128 2887 2462 2941 voluntatem
2497 2883 2608 2948 Dei,
2638 2892 2963 2938 convertens
2991 2880 3245 2934 videlicet
3272 2883 3482 2937 animas

1928 2981 2230 3050 dignasque
2259 2994 2326 3032 ex
2377 2976 2619 3047 indignis
2669 2974 2908 3030 efﬁciens
2967 2988 3062 3042 per
3104 2972 3323 3025 verbum
3375 2972 3480 3025 sibi

1933 3073 2119 3126 datum
2178 3086 2207 3123 a
2267 3069 2476 3138 Spiritu
2535 3075 2765 3134 sancto,
2824 3074 2883 3119 et
2941 3061 3288 3118 conservabit
3347 3077 3484 3131 opus

420 3151 660 3220 δηλονότι
697 3152 873 3223 ψυχας
909 3156 1004 3208 καὶ
1042 3156 1224 3221 ἀξίους
1264 3158 1470 3228 ἐξάγων
1499 3161 1555 3228 ἐξ
1591 3163 1845 3230 ἀναξίων,

1931 3178 2087 3223 suum
2122 3162 2387 3216 intactum
2438 3175 2537 3230 per
2577 3158 2946 3214 humilitatem
2995 3163 3054 3210 et
3099 3156 3480 3223 campum-tio—

268 3241 522 3313 τῷλόγῳ
546 3245 622 3314 τῷ
655 3245 860 3299 δοθέντι
889 3249 1036 3319 αὐτῷ
1075 3251 1162 3304 διὰ
1196 3251 1506 3322 Πνεύματος
1537 3255 1712 3322 ἁγίου,
1756 3241 1879 3310 καὶὴ
1929 3270 2075 3310 nem.

272 3335 545 3402 φυλάσσει
584 3339 645 3391 τὸ
679 3339 839 3410 ἔργον
871 3341 1036 3394 αὑτοῦ
1079 3343 1166 3394 διὰ
1210 3346 1708 3418 ταπεινοφροσύνης
1757 3350 1854 3401 καὶ

270 3428 626 3498 κατανύξεως
653 3431 869 3484 ἄσυλον.

350 3543 461 3598 πα’.
497 3547 702 3610 Πάντες
749 3551 824 3610 είς
877 3550 1108 3618 Χριστῧιν
1156 3551 1561 3622 ἐϐαπτίσθημεν
1602 3556 1660 3608 ἐν
1697 3556 1846 3610 ὕδατι

271 3641 373 3690 καὶ
399 3638 675 3708 Πνεύματι
704 3640 863 3709 ἁγίῳ,
885 3643 976 3692 καὶ
1005 3642 1203 3703 πάντες
1228 3643 1287 3695 τὸ
1317 3643 1448 3696 αὐτὸ
1478 3644 1668 3714 βρῶμα
1689 3663 1849 3699 πνευ-

271 3729 506 3798 ματικζν
535 3730 819 3798 τρώγομεν
840 3772 855 3796 ,
897 3733 992 3784 καὶ
1025 3733 1222 3795 πάντες
1260 3733 1318 3786 τὸ
1347 3735 1475 3787 αὐτὸ
1509 3736 1657 3805 πόμα
1689 3756 1849 3792 πνευ-

273 3821 508 3888 ματικὸν
542 3821 768 3890 πίνομεν
789 3836 801 3851 °
839 3822 1008 3874 ταῦτα
1033 3823 1088 3875 δέ
1125 3826 1259 3876 εἰσιν
1279 3826 1303 3876 6
1327 3826 1578 3894 Χριστὸς,
1613 3829 1724 3880 ἀλλ’
1753 3831 1850 3882 οὐκ

270 3916 334 3964 ἐν
359 3914 468 3973 τοῖς
497 3911 735 3965 πλείοσιν
760 3913 913 3983 ἡμῶν
939 3913 1147 3965 εὐδοκεῖ
1170 3917 1195 3966 ὁ
1222 3915 1372 3977 Θεός.
1403 3916 1590 3969 Πολλοὶ
1616 3919 1722 3987 γὰρ
1747 3920 1851 3972 τῶν

270 4001 484 4056 πιστῶν
523 4006 617 4057 καὶ
648 4006 953 4058 σπουδαίων
985 4009 1042 4058 ἐν
1074 4007 1287 4070 πολλοῖς
1343 4010 1524 4073 πόνοις
1564 4013 1848 4080 ἀσκήσεως

271 4093 373 4146 καὶ
421 4098 726 4164 γυμνασίας
781 4080 1100 4168 σωματικῆς
1148 4100 1214 4151 τὰ
1270 4101 1478 4153 ἑαυτῶν
1525 4103 1850 4157 ὑπωπίασαν

268 4189 372 4240 καὶ
404 4190 776 4258 κατίσχνωσαν
804 4189 1052 4258 σώματα,
1078 4191 1164 4243 διὰ
1198 4192 1335 4244 δὲτὸ
1369 4193 1443 4262 μὴ
1485 4192 1625 4262 ἔχειν
1658 4196 1851 4258 αὐτοὺς

269 4283 565 4347 κατάνυξιν
594 4285 656 4334 ἐκ
683 4283 1148 4353 συντετριμμένης
1177 4287 1268 4336 καὶ
1299 4285 1594 4352 φιλαγάθου
1628 4288 1851 4356 γνώμης

267 4375 367 4427 καὶ
398 4373 744 4443 συμπάθειαν
779 4374 838 4438 ἐξ
868 4375 1086 4444 ἀγάπης
1128 4375 1260 4443 πρὸς
1285 4378 1410 4438 τοὺς
1446 4376 1703 4447 πλησίον,
1757 4381 1849 4432 καὶ

267 4468 518 4529 ἑαυτοὺς,
543 4466 687 4519 κενοὶ
715 4466 808 4520 τοῦ
837 4467 1201 4537 πληρώματος
1225 4468 1315 4520 τοῦ
1355 4470 1508 4537 άγίου
1536 4470 1851 4539 Πνεύματος

2001 3548 2086 3602 8|.
2119 3537 2327 3602 Omnes
2353 3547 2404 3600 in
2431 3546 2650 3603 Christo
2677 3549 2931 3618 baptizati
2969 3567 3158 3605 sumus
3185 3552 3234 3604 in
3265 3567 3399 3620 aqua
3432 3559 3483 3605 rt

1936 3639 2144 3708 Spiritu
2179 3648 2390 3701 sancto,
2439 3654 2624 3694 omnes
2655 3641 2897 3695 eamdem
2945 3657 3124 3695 escam
3183 3642 3478 3710 spiritalem

1938 3731 2358 3795 manducamus,
2387 3741 2437 3784 et
2468 3746 2656 3786 omnes
2687 3733 2935 3785 eumdem
2964 3741 3150 3802 potum
3186 3735 3482 3801 spiritalem

1934 3824 2172 3880 bibimus
2201 3823 2274 3890 8";
2310 3823 2423 3877 haec
2459 3832 2638 3878 autem
2682 3835 2807 3879 sunt
2848 3824 3125 3888 Christus,
3164 3825 3256 3879 sed
3293 3841 3400 3879 non
3428 3827 3481 3880 in

1936 3917 2184 3985 pluribus
2249 3925 2492 3967 nostrum
2543 3915 2940 3981 bencplacitmn
2999 3924 3079 3968 est
3147 3915 3271 3968 Deo.
3332 3914 3482 3968 Multi

1934 4009 2078 4062 enim
2122 4008 2406 4060 credentes
2432 4014 2486 4059 et
2517 4004 2749 4059 studiosi
2779 4005 2965 4058 multis
2999 4020 3250 4060 asceseos
3287 4021 3483 4072 corpo-
3526 3999 3528 4001 ’

1937 4102 2179 4168 ratisque
2212 4097 2616 4172 exercitationis
2652 4096 2928 4152 laboribus
2970 4098 3190 4166 propria
3238 4111 3478 4150 macerav

1934 4201 2133 4247 verunt
2162 4202 2214 4244 et
2267 4196 2704 4243 extennaverunt
2738 4203 2991 4265 corpora,
3037 4188 3162 4254 quia
3203 4203 3332 4241 vero
3374 4203 3480 4240 non

1938 4285 2139 4337 habent
2192 4279 2662 4348 compunctioucm
2714 4293 2776 4332 ex
2826 4277 3065 4331 contrito
3122 4289 3173 4330 et
3224 4277 3482 4331 benevolo

1935 4372 2099 4427 corde
2129 4381 2181 4425 et
2212 4369 2639 4423 misericordiam
2669 4383 2732 4421 ex
2766 4381 2951 4419 amore
3000 4366 3230 4434 proximi
3285 4374 3337 4420 et
3375 4367 3479 4428 sui,

1935 4463 2088 4517 vacui
2143 4477 2172 4514 a
2229 4460 2563 4529 plenitudine
2601 4459 2774 4512 sancti
2821 4457 3057 4525 Spiritus
3108 4457 3280 4511 relicti
3333 4466 3479 4520 sunt,

268 4560 740 4630 κατελείφθησαν,
777 4559 870 4612 καὶ
909 4562 1125 4629 μακρὰν
1162 4562 1258 4629 τῆς
1299 4562 1390 4614 τοῦ
1427 4563 1561 4615 Θεοῦ
1606 4564 1848 4631 ἐγένοντο

1934 4564 1988 4609 et
2034 4554 2268 4622 elongati
2317 4560 2444 4606 sunt
2493 4566 2522 4603 a
2573 4550 2798 4604 scientia
2853 4549 2969 4616 Dei,
3012 4539 3290 4603 matricem
3324 4549 3481 4601 intel-

269 4653 561 4723 γνώσεως,
598 4653 810 4722 μήτραν
841 4652 1074 4714 διανοίας
1107 4651 1354 4723 ἄκαρπον
1397 4656 1706 4725 ἐσχηκότες,
1756 4658 1848 4710 καὶ

269 4746 432 4812 λόγον
460 4742 653 4797 ἄναλον
680 4743 771 4794 καὶ
798 4743 1126 4811 ἀφώτιστον.

346 4837 456 4907 πβ’.
490 4837 564 4889 οὐ
607 4836 668 4888 τὸ
698 4835 941 4890 ἀνελθεῖν
982 4839 1039 4890 ἐν
1070 4839 1144 4907 τῷ
1178 4839 1372 4908 Σιναίῳ
1407 4839 1522 4890 ἐστὶ
1543 4880 1558 4902 ,
1590 4839 1674 4891 διὰ
1711 4840 1849 4908 πρά·

267 4922 428 4985 ξεως,
465 4921 579 4990 ὄρει
612 4921 672 4973 τὸ
709 4920 1037 4991 ζητούμενον
1068 4923 1176 4982 τοῖς
1217 4921 1535 4990 Ναξιραίοις
1576 4921 1723 4990 παρά
1750 4919 1844 4974 τοῦ

268 5011 454 5078 λόγου,
483 5011 680 5064 οὐδὲτὸ
702 5011 1092 5080 καθαρισθῆναι
1122 5012 1227 5080 πρὸ
1250 5010 1342 5062 τοῦ
1370 5011 1632 5074 ἀνελθεῖν,
1662 5012 1755 5063 καὶ
1775 5015 1842 5064 τὰ

269 5105 463 5173 ἱμάτια
502 5103 721 5167 πλῦναι,
762 5105 855 5157 xai.
887 5105 960 5172 μὴ
1003 5104 1273 5156 συνελθεῖν
1318 5105 1554 5170 γυναικὶ.
1587 5104 1721 5155 ἀλλὰ
1753 5101 1846 5156 καὶ

267 5198 334 5249 τὸ
367 5195 514 5259 ἰδεῖν,
543 5196 604 5249 οὐ
630 5198 695 5248 τὰ
721 5195 940 5248 ὀπίσθια
970 5197 1062 5247 τοῦ
1093 5195 1247 5258 Θεοῦ,
1279 5195 1392 5248 ἀλλ’
1421 5195 1580 5247 αὐτὸν
1601 5197 1689 5247 τὸν
1712 5195 1845 5247 Θεὸν

267 5291 330 5341 ἐν
362 5291 426 5358 τῇ
462 5288 587 5360 δόξῃ
611 5287 800 5350 αὐτοῦ,
830 5287 1147 5340 εὐδοκοῦντα
1173 5290 1229 5339 ἐν
1260 5287 1439 5350 αὺτοῖς
1470 5287 1681 5346 καὶτὰς
1712 5287 1845 5340 πλά-

269 5399 377 5442 κας
406 5380 616 5442 τούτοις
650 5380 859 5433 διδόντα
899 5379 996 5447 τῆς
1029 5378 1302 5446 γνώσεως,
1333 5379 1425 5430 καὶ
1453 5377 1846 5431 ἀποστέλλοντα

265 5474 470 5537 αὐτοὺς
501 5476 577 5531 εἰς
610 5473 891 5544 οἰκοδομὴν
926 5472 1020 5525 τοῦ
1047 5471 1174 5523 λαοῦ
1201 5471 1388 5524 αὑτοῦ.

346 5572 456 5632 πγ’.
495 5566 568 5618 Οὐ
600 5567 802 5626 πάντας
826 5567 949 5628 τοὺς
982 5565 1256 5632 ὑπηρέτας
1288 5562 1448 5616 αὑτοῦ
1481 5563 1573 5615 καὶ
1599 5561 1846 5632 μαθητὰς

261 5663 294 5714 ὁ
355 5657 507 5723 λόγος
562 5661 642 5721 εἰς
699 5660 797 5728 τὴν
857 5659 960 5710 τῶν
1003 5656 1397 5729 κεκρυμμένων
1455 5657 1546 5708 καὶ
1587 5654 1847 5725 μειζόνων

365 5826 405 5855 ’⁵
443 5836 602 5893 Ιῦοτ.
639 5851 692 5899 ι,
740 5834 775 5888 2
807 5845 958 5901 seqq.

1930 4648 2166 4716 ligentia:
2196 4646 2433 4700 sterilem
2473 4643 2756 4706 habentes,
2785 4642 3117 4710 verbnmqne
3145 4641 3262 4694 sine
3285 4640 3399 4695 sole
3425 4647 3477 4694 et

1931 4740 2072 4793 luce.

2003 4829 2088 4883 82.
2143 4827 2380 4881 Nazarcei
2411 4839 2441 4877 a
2475 4823 2650 4878 Verbo
2694 4827 2963 4889 quazrnnt,
3022 4834 3126 4872 non
3180 4821 3472 4876 ascendere

1928 4941 2024 4995 per
2055 4921 2259 4991 praxim
2298 4918 2348 4969 in
2393 4924 2626 4967 montem
2669 4911 2841 4975 Sinai,
2888 4925 2985 4963 nec
3028 4918 3152 4962 ante
3194 4924 3476 4964 ascensum

1929 5015 2202 5088 purilirari
2236 5021 2290 5067 et
2325 5012 2508 5063 lavare
2547 5013 2729 5061 vestes
2765 5013 2819 5058 et
2873 5002 2940 5056 ab
2964 5016 3130 5054 uxore
3176 5002 3476 5064 abstinere.

1927 5111 2018 5164 sed
2050 5108 2212 5161 etiam
2244 5103 2448 5162 videre,
2499 5098 2636 5153 haud
2674 5097 2976 5166 posteriora
3018 5093 3146 5156 Dei,
3197 5100 3251 5144 at
3303 5095 3476 5160 ipsum

1928 5200 2096 5254 Deum
2128 5199 2178 5250 in
2209 5194 2380 5263 gloria
2409 5192 2549 5258 ejus,
2599 5189 3024 5258 complacentem
3074 5185 3126 5238 in
3157 5182 3292 5252 ipsis
3342 5185 3480 5237 dan-

1928 5302 2146 5358 temque
2185 5289 2265 5343 eis
2299 5285 2513 5340 tabulas
2545 5284 2785 5337 scientiae
2831 5289 2884 5335 et
2929 5293 3020 5332 eos
3053 5278 3350 5331 mittentem
3410 5277 3477 5330 ad

1931 5380 2307 5438 aedificandum
2339 5379 2459 5443 ejus
2489 5374 2771 5445 populum.

2007 5559 2094 5612 8'5.
2128 5559 2240 5611 Non
2274 5571 2460 5609 omnes
2486 5553 2713 5606 funiulos
2751 5549 3157 5618 discipulosque
3191 5556 3319 5600 Suos
3347 5543 3478 5598 Ver-

1941 5653 2066 5708 bum
2095 5651 2158 5704 ad
2198 5645 2635 5702 abscontlitorum
2671 5640 3141 5708 excelsiorumque
3187 5635 3476 5707 mysterio-
