4126 6338
629 417 738 482 999
1807 396 2106 457 NICETIE
2144 394 2570 459 PEtITORATf
3731 366 3859 429 1000

630 543 753 583 rum
814 535 1040 578 suorum
1110 514 1499 571 revelationem
1556 524 1740 563 secum
1801 506 2053 568 assumit,
2101 508 2247 562 sed}

2335 495 2603 561 υστηρίων
2644 492 2806 545 αὑτοῦ
2845 490 3204 560 ἀνακᾶλυψιν,
3237 488 3355 559 μεθ’
3391 487 3583 543 ἐαυτοῦ
3606 490 3864 560 ἐπιφέρε-

635 624 853 689 aliquos
880 622 1095 685 tantum
1123 613 1323 681 quibus
1345 609 1469 661 data
1495 612 1579 659 est
1608 605 1757 657 auris
1791 612 1845 655 et
1870 609 2091 669 apertus
2114 602 2197 655 est

2335 601 2393 645 ιι,
2430 582 2564 635 ἀλλά
2604 599 2756 645 τινας
2783 623 2797 645 ,
2821 582 2966 645 ὅσοις
2998 582 3300 652 προσετέθη
3340 577 3432 643 οὖς
3454 623 3466 645 ,
3496 581 3593 633 καὶ
3617 577 3863 649 ἀνεῴχθη

632 670 826 767 οοιίιιις
845 670 1072 763 visionis
1096 714 1149 758 et
1186 704 1367 769 lingua
1405 712 1543 751 nova
1577 693 1925 748 manifestata
1949 697 2055 743 est.
2088 685 2198 739 Hos

2335 674 2560 745 μθαλμδς
2605 677 2874 740 ὀπτασίας
2912 675 3009 731 καὶ
3057 674 3282 743 γλῶσσα
3336 672 3499 742 καινὴ
3544 670 3863 742 ἐτρανὼθηυ

638 803 821 854 adhuc
852 810 1143 852 assumens
1178 802 1232 847 et
1267 758 1534 859 separatis
1561 789 1628 839 ab
1661 785 1807 848 aliis,
1851 783 1944 850 qui
1993 787 2046 833 et
2093 776 2199 847 ipsi

2335 764 2503 828 ιύτους
2547 766 2626 821 ἔτι
2680 768 3162 840 παραλαμϐάνων,
3214 760 3720 834 καὶ.ἀποχωρίξων
3752 758 3860 816 ἀπὸ

636 889 842 959 pariter
879 893 1010 941 sunt
1055 853 1345 951 discipuli;
1382 882 1435 933 in
1470 874 1807 931 'fhaborium
1868 868 2202 937 contempla-

2335 858 2390 913 ὒν
2420 859 2616 922 ἄλλων.
2644 861 2741 914 καὶ
2771 860 2949 914 αὐτῶν
2975 859 3236 920 ὡσαύτως
3266 855 3523 927 μαθητῶν
3552 855 3745 917 ὅντων,
3778 853 3869 909 ἐπὶ

639 948 811 1034 ίίοιιὶδ
842 984 1084 1031 montem
1118 960 1386 1035 ascendit,
1405 978 1458 1023 et
1478 968 1893 1035 transliguratur
1916 970 2041 1015 ante
2063 972 2155 1013 eos
2185 972 2201 1009 :

2335 963 2349 1007 ὓ
2380 952 2659 1023 Θαϐὠριον
2690 952 2791 1021 τῆς
2818 952 3048 1022 θεωρίας
3074 950 3367 1020 ἀνέρχεται
3397 948 3542 1019 δρός,
3574 948 3669 1001 καὶ
3702 961 3867 1015 μετα-

635 1069 750 1139 jam
787 1082 894 1119 non
936 1062 1164 1119 ln'uians
1200 1074 1296 1117 eos
1331 1073 1501 1125 regno
1534 1056 1821 1118 caelorum,
1863 1049 1955 1106 sed
1987 1050 2067 1102 eis
2110 1059 2204 1100 os-

2336 1045 2595 1116 ορφοῦται
2640 1044 2951 1115 ἔμπροσθεν
2986 1042 3199 1096 αὐτῶν·
3235 1041 3338 1131 ρύκ
3372 1040 3453 1092 ἐτι
3498 1036 3873 1109 μυσταγωγῶν

642 1124 871 1213 tendens
902 1154 1212 1209 divinitatis
1252 1124 1482 1219 gloriam
1529 1156 1583 1200 et
1625 1145 1993 1213 splendorem,
2036 1139 2201 1193 vitam

2335 1136 2489 1197 ὑτοὺς
2515 1134 2584 1187 τὰ
2602 1137 2699 1204 τῆς
2724 1132 3000 1203 βασιλείας
3024 1132 3131 1184 τῶν
3159 1124 3425 1202 οὐρανῶν,
3453 1130 3588 1182 ἀλλὰ
3615 1124 3877 1180 δεικνύων

643 1259 1038 1313 sermonesque
1093 1256 1287 1297 eorum
1312 1256 1377 1294 ex
1404 1254 1505 1293 suo
1561 1236 1766 1312 fulgore
1796 1233 1998 1302 fulgere
2024 1231 2116 1285 dat
2150 1229 2204 1283 in

2335 1229 2475 1290 ὐτοῖς
2510 1227 2606 1297 τὴν
2640 1228 2736 1298 τῆς
2770 1226 3022 1294 θεότητος
3065 1223 3220 1287 δόξαν
3262 1238 3322 1275 τε
3367 1226 3463 1274 καὶ
3492 1221 3875 1291 λαμπρότητα,

646 1337 828 1391 medio
860 1309 1119 1388 Ecclesia:
1165 1330 1431 1393 ﬁdelium,
1462 1309 1825 1396 cogitationes
1852 1334 2043 1376 eorum
2074 1319 2207 1372 con-

2336 1320 2389 1369 ai.
2427 1317 2518 1370 τὸν
2565 1317 2664 1387 μὲν
2706 1319 3032 1387 χαρακτῆρα
3078 1314 3171 1367 τοῦ
3207 1312 3321 1382 βίου
3354 1314 3447 1365 καὶ
3488 1312 3647 1379 λόγου
3677 1309 3876 1373 αὐτῶν,

644 1428 815 1481 vertit
847 1428 900 1477 in
926 1423 1221 1477 candorem
1257 1434 1319 1473 ac
1350 1420 1640 1489 puritatem
1670 1416 1804 1468 lucis
1843 1410 2206 1467 nitidissima,

2335 1410 2532 1479 ἀμπειν
2571 1408 2629 1473 ἐξ
2659 1408 2824 1461 αὑτοῦ
2855 1408 3070 1461 δίδωσιν
3094 1444 3109 1470 ,
3140 1406 3213 1467 ὼς
3243 1404 3334 1457 τὸν
3382 1405 3553 1474 ἥλιον,
3591 1403 3756 1473 μέσον
3783 1404 3881 1472 τῆς

646 1527 697 1571 et
724 1512 1000 1584 Spiritum
1039 1527 1198 1566 suum
1250 1510 1385 1581 ipsis
1418 1507 1632 1571 inserit,
1668 1513 1831 1572 atque
1863 1502 1995 1557 sinit
2025 1514 2119 1554 eos
2145 1513 2210 1552 ex

2335 1500 2405 1552 ῶν
2438 1500 2647 1552 πιστῶν
2680 1500 3035 1571 Ἐκκλησίας’
3066 1501 3134 1552 τὰ
3157 1499 3211 1551 δὲ
3238 1498 3483 1568 νοήματα
3513 1495 3693 1550 αὐτῶν
3720 1510 3884 1566 μετα-

646 1622 745 1662 ore
781 1605 1025 1675 proferre
1061 1618 1198 1658 nova
1226 1612 1279 1657 et
1310 1611 1498 1656 vetera
1530 1601 1586 1654 in
1635 1595 2051 1651 aediﬁcationem
2101 1610 2212 1649 sine

2335 1595 2447 1643 etsi
2483 1593 2562 1655 είς
2606 1592 2906 1660 λευκότητα
2932 1631 2945 1655 ,
2988 1592 3083 1643 καὶ
3118 1590 3465 1661 καθαρότητα
3497 1586 3673 1656 φωτὸς
3718 1586 3886 1655 ὑπερο

649 1674 931 1754 Ecclesiae.
2306 1683 2579 1751 λάμπρου,
2609 1679 2703 1731 καὶ
2732 1680 2824 1732 τὸν
2853 1680 2978 1731 νοῦν
3010 1679 3204 1732 ἐαυτοῦ
3242 1679 3424 1738 αὐτοῖς
3467 1676 3766 1748 ἐντίθησιν,
3792 1674 3883 1726 καὶ

2307 1773 2556 1842 ἐκφέρειν
2584 1772 2808 1827 ἀπολύει
2838 1772 2926 1825 διὰ
2954 1771 3217 1840 στόματος
3249 1770 3413 1824 καινὰ
3445 1786 3505 1821 τε
3534 1772 3629 1822 καὶ
3656 1767 3883 1831 παλαιὰ,

2250 1853 2289 1907 Β
2314 1866 2388 1923 εἰς
2412 1864 2702 1933 οἰκοδομὴν
2729 1864 2826 1932 τῆς
2852 1862 3015 1917 αὐτοῦ
3064 1862 3411 1930 Ἐκκλησίας.

727 1964 815 2019 84.
849 1963 1002 2017 Multi
1036 1980 1165 2021 suos
1193 1979 1354 2033 agros
1392 1981 1515 2022 cum
1557 1981 1754 2037 magna
1801 1966 2077 2037 diligentia
2126 1979 2219 2017 co-

658 2058 780 2111 lunt
815 2057 868 2110 in
902 2058 1092 2128 eisque
1122 2072 1315 2125 purum
1353 2072 1534 2112 semen
1565 2058 1797 2126 iaciunt,
1832 2057 2088 2127 vepribus
2122 2071 2220 2108 an-

661 2160 745 2203 tea
780 2151 974 2207 recisis
1008 2159 1057 2205 et
1089 2151 1339 2205 sentibus
1365 2150 1488 2220 igne
1514 2152 1846 2220 pmnitentiae
1876 2151 2221 2209 combustis;

663 2242 759 2296 sed
788 2243 913 2309 quia
954 2257 1061 2296 non
1103 2243 1238 2310 pluit
1270 2242 1322 2293 in
1360 2244 1439 2296 eis
1464 2242 1709 2295 imbrifer
1744 2241 1836 2295 Dei
1868 2240 2115 2308 Spiritus
2158 2255 2221 2291 ex

664 2335 1110 2403 compunctione,
1154 2332 1291 2407 nihil
1321 2334 1446 2387 inde
1487 2344 1721 2396 metunt,
1762 2334 2033 2403 siquidem
2085 2341 2223 2385 testu

664 2426 857 2478 siccati
914 2433 1066 2490 sunt,
1127 2442 1229 2479 nec
1289 2427 1506 2481 sibimet
1558 2425 1936 2493 produxerunt
1989 2423 2225 2475 fructum

666 2519 1024 2587 multiplicem
1061 2519 1310 2573 scientia:
1345 2517 1462 2570 Dei.
1514 2519 1697 2585 Itaque
1735 2518 1780 2569 si
1818 2531 1925 2568 non
1960 2514 2109 2569 verbi
2149 2514 2231 2567 di-

670 2612 781 2665 vini
824 2602 1052 2679 penuria
1077 2611 1279 2672 enecti,
1313 2609 1504 2664 saltem
1545 2608 1788 2663 scientia:
1815 2605 1912 2661 Dei
1944 2608 2135 2673 inopes
2175 2617 2229 2659 et

2384 1958 2491 2011 τπδ’.
2523 1956 2713 2009 Πολλοὶ
2743 1956 2837 2017 τὰς
2864 1955 3071 2007 ἑαυτῶν
3096 1955 3277 2024 χώρας
3306 1956 3363 2005 ἐν
3394 1950 3681 2021 ἐπιμελείᾳ
3719 1948 3887 2018 πολλῇ

2314 2051 2686 2120 ἐγεώργησαν,
2723 2049 2817 2101 xal.
2858 2048 3083 2118 σπέρμα
3144 2043 3384 2112 καθαρὸν
3421 2044 3480 2097 ἐν
3523 2042 3715 2103 αὑταῖς
3754 2056 3891 2092 κατ·

2319 2144 2576 2196 εϐάλοντο
2600 2142 2699 2204 τὰς
2729 2140 2970 2202 ἀκάνθας
2999 2135 3489 2208 προαποτεμόντες,
3519 2134 3614 2185 καὶ
3640 2133 3744 2193 τὰς
3769 2148 3891 2201 τρι-

2318 2235 2504 2296 ϐὖλους
2541 2233 2619 2303 τῷ
2651 2232 2784 2301 πυρὶ
2824 2232 2923 2299 τῆς
2969 2228 3258 2299 μετανοίας
3304 2228 3713 2296 ἐμπρήσαντες,
3758 2220 3895 2276 ἀλλὰ

2318 2325 2405 2378 διὰ
2428 2326 2485 2378 τὸ
2516 2326 2589 2395 μὴ
2620 2324 2809 2394 βρέξαι
2836 2326 2891 2375 ἐν
2923 2324 3114 2384 αὑταῖς
3146 2320 3236 2372 τὸν
3272 2318 3405 2370 Θεὸν
3437 2315 3591 2369 ὑετὸν
3637 2315 3894 2395 Πνεῦμα-

2317 2436 2408 2481 τος
2446 2392 2599 2485 ἁγίου
2622 2392 2700 2468 ἐκ
2726 2413 3095 2476 κατανύξεως,
3147 2410 3302 2462 οὐδὲν
3340 2407 3550 2461 ἐκεῖθεν
3580 2392 3893 2477 ἠμήσαντο·

2318 2508 2396 2579 τῷ
2436 2507 2633 2577 αὐχμῷ
2666 2507 2775 2575 γὰρ
2826 2502 3235 2573 ἐξηράνθησαν,
3284 2501 3371 2552 καὶ
3414 2502 3506 2551 τὸν
3552 2499 3755 2566 στάχυν
3804 2494 3896 2547 τὸν

2321 2598 2587 2669 πολύχουν
2619 2597 2720 2649 οὐκ
2745 2593 3205 2664 ἐκαρποφόρησαν
3237 2592 3473 2651 ἐαυτοίς,
3505 2589 3603 2657 τῆς
3633 2589 3727 2642 τοῦ
3760 2584 3895 2642 Θεοῦ

2320 2690 2595 2756 γνώσεως.
2613 2688 2703 2738 Διὸ
2726 2689 2773 2737 εί
2792 2687 2884 2737 καὶ
2910 2684 2985 2755 μὴ
3005 2682 3148 2752 λιμῴ
3165 2682 3321 2749 λόγου
3339 2679 3497 2742 Θεοῦ,
3515 2678 3649 2731 ἀλλὰ
3671 2680 3898 2748 πένητες

2322 2780 2573 2848 γνώσεως
2612 2777 2747 2831 Θεοῦ
2774 2816 2789 2840 ,
2817 2777 2913 2829 καὶ
2954 2776 3102 2828 κενοὶ
3133 2776 3253 2837 ταῖς
3294 2772 3481 2843 χερσὶν
3513 2772 3856 2841 ἐναπέψυξαν
3879 2814 3894 2839 ,

2320 2870 2522 2937 ὀλίγοις
2559 2868 2699 2922 τισὶν
2733 2869 2810 2929 είς
2851 2863 3146 2934 διατροφὴν
3185 2865 3243 2929 ἐξ
3284 2863 3478 2934 ἐράιου
3518 2863 3898 2930 ἐφοδιάσαντες

2323 2961 2569 3023 ἑαυτούς.

744 3058 832 3114 85.
872 3057 1200 3127 Quicunque
1234 3072 1517 3113 sermones
1554 3057 1718 3111 utiles
1767 3070 1864 3111 ore
1907 3052 2120 3124 profert
2164 3052 2230 3107 ad

2396 3054 2500 3109 πε’.
2534 3055 2645 3116 Πᾶς
2675 3054 2704 3105 ὁ
2732 3052 2981 3122 ἐκφέρων
3011 3050 3203 3117 λόγους
3228 3046 3494 3116 ὠφελείας
3522 3046 3627 3099 ἀπὸ
3657 3045 3749 3098 τοῦ
3778 3044 3895 3097 στό⁹

675 3151 1089 3207 aediﬁcationem
1125 3149 1375 3218 proximi.
1432 3148 1499 3202 de
1552 3149 1697 3202 bono
1740 3146 1996 3199 thesauro
2049 3143 2233 3198 cordis

2335 3163 2515 3218 ματος,
2542 3147 2620 3207 είς
2640 3142 2924 3212 οἰκοδομὴν
2956 3141 3046 3193 τοῦ
3078 3141 3324 3209 πλησίον,
3354 3141 3416 3191 ἐκ
3445 3136 3736 3208 θησαυρῶν
3764 3153 3897 3206 xap-

680 3241 884 3311 profert
942 3240 1089 3303 illos,
1140 3256 1261 3292 cum
1300 3241 1372 3293 sit
1422 3241 1541 3308 ipse
1593 3238 1792 3302 bonus,
1841 3238 1992 3307 juxta
2052 3252 2235 3290 vocent

2335 3242 2439 3300 Βίας
2472 3237 2690 3304 ἀγαθῶν
2739 3236 2959 3305 ἐκφέρει
2988 3234 3184 3295 αὐτοὺς
3207 3270 3219 3294 ,
3248 3231 3447 3298 ἀγαθὸς
3478 3229 3588 3293 ῶνκ
3620 3228 3763 3281 κατὰ
3803 3228 3900 3298 τὴν

680 3332 919 3386 Domini.
954 3330 1127 3386 Nemo
1166 3340 1343 3383 autem
1383 3338 1561 3399 potest
1590 3330 1653 3382 ad
1682 3329 2009 3397 loquendum
2038 3328 2103 3380 de
2130 3327 2241 3381 Deo

2335 3329 2419 3381 τοῦ
2450 3328 2657 3396 Κυρίου
2690 3326 2894 3393 φωνήν.
2946 3318 3133 3384 Οὐδεὶς
3167 3322 3223 3374 δὲ
3261 3321 3482 3374 δύναται
3511 3322 3591 3382 είς
3624 3318 3901 3387 θεολογίαν

681 3424 887 3477 moveri
938 3438 1001 3475 ac
1036 3421 1215 3475 dicere
1262 3436 1382 3488 qure
1435 3430 1563 3473 sunt
1609 3420 1728 3484 Dei,
1779 3420 1883 3472 nisi
1935 3419 1988 3471 in
2038 3417 2241 3485 Spiritu

2335 3419 2642 3489 κινηθῆναι,
2688 3418 2780 3469 καὶ
2809 3418 2981 3467 εἰπεῖν
3016 3415 3082 3467 τὰ
3118 3414 3245 3481 περὶ
3276 3411 3431 3472 Θεοῦ,
3464 3413 3513 3463 εἰ
3548 3411 3621 3481 μὴ
3650 3414 3705 3463 ἐν
3735 3411 3907 3464 Πνεῦ-

682 3520 914 3577 sancto;
969 3522 1023 3565 et
1076 3527 1232 3565 nemo
1292 3512 1345 3562 in
1386 3510 1596 3579 Spiritu
1655 3510 1744 3564 Dei
1800 3511 2052 3579 loquens,
2112 3508 2243 3564 dicit

2335 3529 2460 3584 ματι
2490 3511 2628 3579 ἁγίῳ
2658 3527 2671 3539 ”
2699 3510 2794 3563 καὶ
2824 3508 2998 3571 οὐδεὶς
3033 3508 3087 3558 ἐν
3125 3506 3400 3576 Πνεύματι
3438 3503 3575 3557 Θεοῦ
3600 3504 3793 3569 λαλῶν,
3819 3504 3909 3556 λέ-

683 3602 961 3658 centraria
1000 3600 1123 3654 fidei
1152 3616 1272 3669 qua!
1305 3610 1389 3655 est
1424 3601 1476 3653 in
1512 3602 1811 3667 Christum,
1852 3601 1946 3655 sed
1981 3610 2243 3667 quantum

2335 3625 2415 3674 γει
2448 3607 2515 3657 τὰ
2552 3604 2771 3657 ἐναντία
2821 3602 2918 3669 τῆς
2963 3602 3043 3662 είς
3073 3600 3311 3669 Χριστὸν
3342 3598 3608 3661 πίστεως,
3657 3596 3771 3648 ἀλλ’
3806 3597 3910 3649 ὅσα

668 2700 923 2755 manibus
945 2699 1103 2754 vacui
1133 2701 1434 2767 perierunt.
1465 2700 1665 2767 quippe
1690 2698 1783 2767 qui
1814 2713 1985 2764 pauca
2016 2705 2229 2751 tantum

672 2791 932 2846 alimenta
964 2806 1029 2845 ex
1062 2792 1388 2861 ebemnsyna
1419 2790 1518 2843 sibi
1545 2789 1908 2855 providerant.

683 3693 939 3754 mdiﬂcat,
976 3702 1185 3746 tantum
1226 3693 1405 3746 elevat
1429 3693 1493 3745 ad
1532 3691 1697 3745 Deum
1735 3692 1964 3760 ejusque
1998 3707 2245 3760 regnum,

687 3788 741 3839 in
774 3785 1170 3855 pristinamque
1202 3785 1444 3839 restituit
1490 3784 1835 3838 nobilitatem
1879 3798 1943 3837 ac
1979 3782 2089 3837 Deo
2117 3797 2247 3837 cnn-

684 3876 858 3945 jungit
903 3876 1113 3946 aliquos
1143 3891 1331 3929 eorum
1365 3876 1455 3946 qui
1486 3876 1787 3931 salvantur.
1840 3877 1897 3931 Si
1927 3887 2105 3931 autem
2136 3890 2239 3926 ma-

690 3969 970 4023 nifestatio
1010 3968 1249 4037 Spiritus
1300 3969 1596 4038 unicuique
1628 3975 1789 4023 datur
1835 3968 1901 4023 ad
1938 3970 2248 4029 utilitatem,

694 4059 784 4126 qui
816 4074 943 4128 ergo
974 4075 1223 4113 sermone
1251 4061 1532 4129 sapientiae
1564 4059 1655 4115 Dei
1683 4059 1888 4114 ditatus
1918 4068 1971 4114 et
2002 4074 2253 4114 sermone

696 4150 940 4207 scientiae
973 4149 1192 4220 gaudet,
1230 4150 1320 4205 ille
1358 4151 1461 4205 sub
1501 4151 1666 4205 divini
1707 4150 1943 4218 Spiritus
1994 4152 2250 4205 instinctu

692 4242 840 4310 agit,
905 4250 960 4296 et
1017 4243 1276 4311 templum
1342 4252 1428 4299 est
1482 4242 1819 4297 lnﬁnitorum
1882 4242 1972 4297 Dei
2038 4243 2253 4296 thesau-

693 4345 875 4384 rerum
884 4371 899 4387 ο

766 4424 854 4477 86.
890 4423 1004 4477 Non
1042 4425 1373 4494 relinquitur
1398 4428 1585 4494 gratiae
1619 4426 1858 4498 Spiritus
1893 4427 2074 4496 inops,
2130 4427 2251 4496 qui-

2332 3699 2635 3765 οἰκοδομεῖ,
2666 3697 2764 3749 ὅσα
2800 3694 2936 3763 πρὸς
2966 3692 3097 3744 Θεὸν
3131 3692 3343 3758 ἀνάγει,
3376 3692 3468 3743 καὶ
3500 3692 3599 3759 τὴν
3629 3688 3909 3758 βασιλείαν

2334 3789 2519 3851 αὑτοῦ,
2550 3788 2644 3839 καὶ
2680 3787 2778 3854 τὴν
2827 3783 3063 3837 παλαιὰν
3099 3781 3378 3849 εὐγένειαν
3416 3778 3778 3848 ἀποκαθιστᾷ,
3816 3778 3912 3829 καὶ

2339 3876 2597 3927 συνάπτει
2642 3872 2759 3940 Θεῷ
2790 3871 2896 3921 τῶν
2942 3868 3266 3937 σωζομένων
3307 3868 3479 3930 τινάς.
3525 3869 3587 3920 Ei
3627 3868 3682 3919 δὲ
3730 3868 3826 3919 καὶ
3879 3871 3911 3936 ἡ

2340 3968 2648 4037 φανέρωσις
2691 3965 2783 4016 τοῦ
2834 3961 3150 4030 Πνεύματος
3186 3962 3398 4029 ἑκάστῳ
3428 3960 3623 4013 δίδοται
3669 3961 3805 4029 πρὸς
3853 3963 3911 4010 τὴ

2343 4058 2640 4127 συμφέρον,
2673 4055 2780 4124 ἄρα
2810 4055 2837 4105 ό
2866 4054 2956 4105 τὸν
2987 4052 3144 4119 λόγον
3179 4051 3569 4118 πεπλουτηκὼς
3595 4051 3693 4120 τῆς
3722 4054 3916 4120 capia;

2341 4148 2623 4211 85,06,100.
2658 4143 2747 4196 τοῦ
2789 4144 2945 4211 λόγου
2986 4144 3082 4213 τῆς
3119 4142 3370 4210 γνώσεως
3413 4144 3742 4211 εὐμοιρήσας
3767 4182 3780 4207 ,
3811 4144 3917 4195 ὑπὸ

2342 4242 2435 4293 τοῦ
2468 4240 2611 4292 θείου
2646 4237 2968 4305 Πνεύματος
2990 4238 3313 4304 ἐνεργεῖται,
3348 4241 3439 4288 καὶ
3482 4233 3624 4298 οἶκός
3655 4239 3770 4289 ἐστι
3804 4240 3917 4291 τῶν

2345 4333 2628 4388 ἁκενώτων
2662 4330 2950 4399 θησαυρῶν
2985 4327 3077 4379 τοῦ
3099 4328 3254 4379 Θεοῦ.

2416 4433 2533 4489 πς’.
2567 4427 2827 4492 ’Δμοιρος
2848 4424 2906 4475 οὐ
2931 4420 3397 4487 καταλιμπάνεται
3424 4419 3520 4487 τῆς
3544 4416 3636 4472 τοῦ
3665 4421 3918 4491 Πνεῦμα-

697 4531 912 4585 cnnque
949 4518 1002 4569 in
1058 4515 1279 4571 Christo
1318 4519 1640 4597 baptizatus
1680 4529 1764 4575 est
1811 4529 1865 4574 et
1919 4520 2167 4584 credidit,
2210 4520 2247 4573 si

2354 4534 2444 4580 τος
2476 4518 2720 4587 χάριτος,
2757 4514 2863 4594 πᾶς
2897 4514 2924 4564 ὁ
2963 4512 3042 4574 εἰς
3078 4510 3313 4577 Χριστὸν
3348 4509 3665 4577 βαπτισθεὶς
3698 4511 3793 4561 καὶ
3830 4527 3923 4562 πι-

702 4607 940 4661 nondum
972 4621 1033 4662 se
1054 4609 1334 4679 captivum
1366 4610 1590 4665 tradidit
1623 4610 1689 4666 ad
1723 4626 1937 4666 omnem
1989 4610 2247 4681 operatio-

2353 4608 2602 4671 στεύσας,
2624 4607 2670 4659 εί
2693 4605 2874 4674 μήπου
2894 4603 3104 4655 ἔκδοτον
3122 4600 3312 4653 ἑαυτὸν
3333 4601 3411 4661 είς
3434 4600 3612 4653 πᾶσαν
3639 4601 3923 4672 ἐνέργειαν

704 4711 827 4750 nem
865 4697 1087 4767 maligni
1128 4700 1358 4769 spiritus
1392 4717 1496 4757 nec
1522 4702 1681 4756 fidem
1712 4718 1877 4763 suam
1892 4704 2048 4757 malis
2082 4702 2247 4772 inqui-

2354 4700 2445 4753 τοῦ
2478 4697 2720 4751 ἐναντίου
2754 4695 2950 4746 δέδωκε
2985 4693 3315 4759 πνεύματος,
3347 4694 3439 4744 καὶ
3466 4692 3564 4761 τὴν
3596 4692 3777 4744 πίστιν
3808 4698 3925 4756 τοῖς

705 4786 854 4838 navit
884 4786 1163 4855 operibus.
1195 4789 1306 4843 Aut
1331 4790 1377 4846 si
1407 4792 1594 4860 tepide
1630 4807 1695 4846 ac
1722 4793 2060 4863 negligenter
2089 4796 2247 4856 vivat,

2353 4793 2533 4861 ἔργοις
2560 4789 2819 4858 ἐμόλυνεν
2840 4801 2851 4814 ·
2884 4785 2917 4853 ἣ
2958 4783 3197 4853 ῥᾳθυμία
3242 4783 3336 4834 καὶ
3365 4782 3594 4853 ἀμελείᾳ
3626 4784 3759 4853 συζῇ
3784 4824 3798 4845 ,
3831 4788 3927 4838 ἐπὶ

705 4879 1001 4933 dutnmodo
1031 4880 1172 4949 apud
1204 4882 1357 4936 illum
1395 4884 1491 4953 qui
1517 4885 1878 4940 incxstinctas
1918 4887 2247 4943 conservavit

2353 4884 2444 4937 τὸν
2471 4882 2569 4951 τὴν
2606 4876 2862 4946 ἀπαρχὴν
2908 4874 3000 4927 τοῦ
3038 4874 3191 4940 ἁγίου
3224 4874 3541 4942 Πνεύματος
3583 4866 3927 4944 τετῆρηκότα

707 4969 942 5037 Spiritus
978 4974 1153 5027 sancti
1186 4974 1457 5043 primitias
1490 4978 1544 5031 in
1588 4992 1746 5031 sacro
1793 4978 2115 5047 baptismate
2169 4992 2262 5030 ac-

708 5072 929 5133 ceptas,
958 5064 1116 5116 fidem
1160 5068 1481 5122 exstinctam
1526 5070 1849 5123 reaccendat
1898 5085 1965 5123 ex
2008 5069 2266 5138 operibus

708 5155 956 5219 iustitiae.
987 5156 1328 5224 impossibile
1357 5168 1437 5213 est
1475 5176 1599 5213 eum
1655 5161 1817 5228 hujus
1869 5161 2264 5229 plenitudinem

716 5262 821 5300 non
859 5265 1207 5317 recuperare.
1240 5249 1336 5304 Vel
1376 5253 1522 5304 enim
1577 5252 1777 5305 bonum
1825 5263 2101 5306 certamen
2152 5267 2271 5305 cer-

712 5346 855 5400 tans.
900 5354 1210 5393 sermonem
1268 5344 1550 5409 sapientia!
1584 5342 1672 5396 Dei
1722 5354 1965 5395 meretur
2016 5345 2267 5409 accipere

716 5443 811 5508 per
832 5429 1223 5495 plenitudinem
1253 5431 1511 5499 Spiritus,
1546 5432 1610 5485 ad
1644 5434 2057 5487 instructionem
2090 5434 2273 5487 Eccle-

716 5528 845 5589 sia;
902 5526 985 5579 vel
1036 5539 1344 5580 sermOnem
1413 5526 1654 5581 scicntia:
1722 5528 2108 5595 mysteriorum
2179 5526 2269 5579 Dei

720 5615 1020 5669 secundum
1048 5616 1304 5671 eumdem
1334 5614 1621 5684 Spiritum.
1654 5618 1717 5669 ad
1752 5617 2033 5669 sciendum
2074 5625 2275 5685 myste-

724 5705 805 5758 ria
846 5708 995 5775 regni
1027 5707 1324 5774 calorum;
1354 5710 1434 5761 vel
1470 5709 1737 5761 sinceram
1775 5709 1932 5760 fidem
1991 5709 2043 5759 in
2076 5707 2268 5759 eodem

2344 4973 2649 5032 ιὰσὸεστον,
2691 4969 2757 5035 ἣν
2790 4969 2853 5017 ἐκ
2889 4963 2983 5015 τοῦ
3027 4961 3187 5029 ἁγίου
3233 4963 3611 5031 βαπτίσματος
3648 4964 3871 5018 ἔλασεν

2354 5064 2670 5116 σὸεσθεῐσαν
2698 5058 2973 5126 ἀνάψαντα
3006 5056 3063 5119 ἐξ
3088 5056 3260 5124 ἔργων
3285 5051 3651 5119 δικαιοσύνης,
3680 5045 3785 5101 οὐκ
3806 5048 3927 5101 ἐστι

2357 5156 2431 5224 μὴ
2462 5138 2583 5223 οὐχ).
2616 5154 2708 5203 καί
2747 5151 2807 5203 τὸ
2838 5150 3108 5216 πλήρωμα
3153 5147 3319 5215 αὐτῆς
3361 5143 3548 5195 τοῦτον
3593 5140 3798 5193 ἄνωθεν
3832 5139 3926 5193 δέ·

2354 5245 2578 5309 ξασθαι·
2617 5243 2647 5311 ἦ
2697 5243 2803 5310 γὰρ
2850 5238 3027 5299 καλῶς
3063 5236 3470 5304 ἀγωνισάμενος
3509 5230 3601 5282 τοῦ
3636 5230 3792 5295 λόγου
3823 5230 3926 5294 τῆς

2356 5335 2546 5402 σοφίας
2571 5332 2727 5390 Θεοῦ,
2752 5331 2837 5383 διὰ
2862 5330 2953 5380 τοῦ
2981 5328 3346 5397 πληρώματος
3367 5321 3608 5386 ἁξιοίται
3628 5319 3719 5373 τοῦ
3750 5318 3927 5371 [Ινιιύ⁴

2359 5444 2526 5497 ματος
2559 5427 2635 5487 είς
2670 5424 3015 5479 διδασκαλίαν
3036 5421 3134 5489 τῆς
3180 5416 3535 5486 Ἐκκλησίας’
3574 5414 3606 5482 ἢ
3639 5412 3730 5464 τοῦ
3762 5412 3927 5477 λόγου

2354 5520 2453 5589 τῆς
2492 5510 2743 5586 γνώσεως
2776 5515 2882 5567 τῶν
2920 5511 3233 5585 μυστηρίων
3269 5507 3438 5572 Θεοῦ,
3489 5506 3628 5561 κατὰ
3678 5506 3737 5555 τὸ
3790 5502 3930 5555 αὐτὸ

2361 5611 2588 5679 Πνεῦμα
2636 5610 2717 5671 είς
2743 5606 2803 5659 τὸ
2855 5605 3051 5660 ειδέναι
3084 5600 3153 5656 τὰ
3193 5602 3467 5671 μυστήρια
3497 5599 3597 5667 τῆς
3646 5594 3929 5664 βασιλείας

2357 5702 2461 5755 τῶν
2484 5699 2757 5771 οὐρανῶν·
2788 5698 2820 5768 ἢ
2852 5698 2948 5767 τῆς
2978 5692 3281 5751 ἐνδιαθέτου
3315 5692 3548 5749 πίστεως
3581 5689 3635 5739 ἐν
3669 5684 3745 5751 τῷ
3776 5686 3931 5753 αὺτῴ

725 5796 971 5865 Spiritu,
1020 5804 1087 5853 ad
1141 5797 1471 5854 credendum
1537 5801 1991 5870 promissionibus
2053 5797 2141 5852 Dei
2208 5811 2247 5849 at

2362 5792 2655 5858 Πνεύματι,
2708 5790 2787 5852 είς
2838 5789 2897 5840 τὸ
2953 5784 3228 5839 πιστεύειν
3261 5784 3359 5846 τὰς
3409 5778 3740 5847 ἐπαγγελίας
3786 5776 3929 5829 Θεοῦ
