4124 6338
191 421 316 492 ιοοι

1025 425 1576 489 GNUSTICORUM
1606 427 1941 494 CAPITUM
1978 432 2368 498 CENTURIA
2409 438 2530 500 ΙΙῘ.

3258 445 3394 524 mea

182 543 324 597 κατά
350 544 438 596 τὸν
481 543 732 615 Ἀϐραάμ
753 560 765 572 ·
800 545 832 617 ἦ
864 542 956 597 τοῦ
988 544 1324 614 χαρίσματος
1351 542 1460 596 τῶν
1509 543 1733 612 ίαμάτωε

1842 545 2013 602 instar
2050 548 2358 616 Abraham;
2399 554 2481 605 vel
2531 551 2759 621 gratiam
2824 555 3121 611 sanitatum
3172 559 3224 613 in
3279 577 3387 616 uno

180 636 239 689 ἂν
271 636 347 706 τῷ
374 637 524 706 αὐτῷ
556 636 856 705 Πνεύματι,
901 621 980 698 είξ
1011 636 1070 688 τὸ
1101 635 1285 690 ἰᾶσθαι
1316 637 1414 698 τάς
1459 638 1692 706 νόσουςῇ
1718 633 1749 703 ἢ

179 725 278 797 τῆς
310 729 592 797 ἐνεργείας
639 728 748 780 τῶν
777 728 1082 798 δυνάμεων,
1114 729 1195 791 εἰς
1243 727 1311 781 τὸ
1338 728 1599 797 δαίμονας
1648 727 1750 778 ἀπ-

177 817 422 873 ιλαύνειν
445 821 538 874 καὶ⁵
564 822 764 890 σημεῖα
794 822 988 874 ποιεῖν’
1018 820 1050 889 ἢ
1079 820 1176 889 τῆς
1206 821 1557 890 προφητείας,
1587 820 1662 882 είς
1689 817 1749 871 τὸ

175 913 421 982 προορᾷν
451 913 543 972 καὶ
585 913 870 982 προλέγειν
901 913 967 966 τὰ
1002 911 1293 982 μέλλοντα·
1328 912 1360 981 ἦ
1406 911 1503 982 τῆς
1536 910 1746 982 διακρί-

174 1015 314 1064 σεως
342 1001 451 1054 τῶν
485 1002 831 1072 πνευμάτων,
862 1004 940 1065 είς
969 1002 1031 1056 τὸ
1059 1002 1354 1073 διακρίνειν
1383 1002 1463 1065 τίς
1492 1003 1547 1054 ὲν
1581 1001 1746 1055 Ilvati-

174 1109 306 1162 ματι
326 1092 465 1146 Θεοῦ
493 1093 664 1161 λέγει,
698 1095 792 1146 καὶ
821 1093 904 1152 τίς
938 1092 1026 1146 οῦ·
1059 1096 1091 1166 ἢ
1121 1098 1220 1164 τῆς
1244 1094 1538 1164 ἑρμηνείας
1559 1093 1744 1160 διαφό-

171 1200 282 1254 ρων
313 1185 603 1252 γλωσσῶν·
635 1185 668 1257 ἢ
702 1185 800 1254 τῆς
830 1184 1166 1256 ἀντιλήψεως
1197 1185 1306 1238 τῶν
1337 1174 1744 1253 καταπονουμέ-

166 1293 304 1329 νωνο
343 1277 375 1348 ἢ
409 1278 506 1346 τῆς
557 1277 937 1348 κνόερνήσεως
967 1277 1230 1348 ποιμνίων
1260 1277 1393 1331 Θεοῦ
1415 1319 1428 1344 ,
1467 1279 1557 1331 καὶ
1590 1276 1739 1330 λαοῦ·

163 1367 199 1437 ἢ
241 1368 343 1434 τῆς
383 1369 518 1437 πρὸς
557 1370 762 1433 πάντας
801 1370 1021 1439 ἀγάπης
1046 1412 1060 1436 ,
1099 1371 1192 1423 καὶ
1237 1370 1345 1424 τῶν
1391 1370 1741 1441 χαρισμάτων

163 1458 354 1526 αὐτῆς,
384 1456 484 1524 τῆς
537 1457 940 1528 μακροθυμίας,
972 1459 1066 1528 τῆς
1101 1460 1489 1530 χρηστότητος,
1521 1461 1740 1513 καὶτῶν

162 1548 343 1604 ἄλλων
369 1551 523 1619 ὁμοῦ.
561 1552 620 1603 Εἰ
642 1553 699 1605 δὲ
725 1553 788 1603 ἐκ
809 1553 1026 1604 πάντων
1051 1553 1257 1604 τούτων
1283 1553 1513 1622 ἄμοιρος
1543 1552 1738 1624 εὑρεθῇ

162 1657 264 1705 τις,
294 1643 396 1693 ούκ
443 1641 568 1711 ἔχω,
617 1643 732 1704 πῶς
761 1642 898 1693 εἴπω
926 1641 1017 1693 τὸν
1048 1640 1286 1694 τοιοῦτον
1316 1642 1526 1702 πιστὸν,
1572 1642 1604 1712 ἢ
1646 1642 1740 1694 τοῦ

162 1734 466 1808 καταλόγου
497 1734 606 1786 τῶν
636 1735 998 1794 ἐνδεδομένων
1033 1734 1267 1800 Χριστὸν
1308 1733 1415 1786 ἀπὸ
1455 1731 1549 1786 τοῦ
1595 1733 1738 1786 Θείου

163 1822 559 1894 βαπτίσματος.

231 1913 342 1979 πζ’.
389 1918 445 1968 'O
470 1919 566 1986 τὴν
588 1917 806 1985 ἀγάπην
832 1915 989 1986 ἔχων,
1035 1919 1133 1969 οὐκ
1161 1912 1269 1969 οἶδε
1297 1915 1384 1968 διά
1415 1915 1578 1986 ζῆλον
1611 1916 1741 1986 (p90-

161 2011 291 2072 νεῖν,
327 2011 386 2063 οὐ
418 2011 820 2079 περπερεύεται
854 2010 927 2072 ὡς
969 2011 1277 2078 ἐπηρμένος
1309 2009 1403 2061 καὶ
1432 2011 1732 2079 προπέτης,

160 2101 219 2154 ού
251 2095 546 2169 φυσιοῦται
583 2102 720 2154 κατά
747 2117 912 2165 τινος,
948 2101 1048 2152 οὐκ
1079 2102 1379 2168 ἀσχημονεῖ
1418 2100 1486 2152 τά
1511 2100 1737 2171 ἀπρεπῆ

159 2193 295 2263 πρὸς
329 2193 422 2246 τὸν
465 2191 692 2264 πλησίον
724 2192 926 2256 ποιῶν,
958 2192 1020 2244 οὐ
1067 2191 1220 2259 ζητεῖ
1262 2190 1331 2242 τὰ
1360 2190 1552 2244 ἑαυτοῦ
1594 2209 1733 2261 συμ-

161 2286 396 2356 φέροντα
431 2285 588 2354 μόνα,
626 2283 761 2336 ἀλλὰ
805 2282 901 2336 καὶ
930 2283 999 2337 τὰ
1042 2284 1136 2335 τοῦ
1203 2284 1463 2353 πλησίον,
1497 2285 1559 2336 οὑ
1597 2301 1737 2354 παρ-

160 2375 411 2441 οξύνεται
447 2378 586 2429 κατὰ
616 2377 724 2429 τῶν
761 2375 1075 2429 λυπούντων
1105 2377 1332 2443 ταχέως,
1359 2377 1419 2427 οὐ
1442 2375 1732 2442 λογίζεται,

159 2469 206 2520 εἰ
246 2468 399 2540 πάθῃ
431 2468 559 2520 ποτέ
590 2486 640 2519 τι
676 2468 865 2532 κακὸν,
897 2467 954 2518 οὺ
985 2468 1163 2535 χαίρει
1198 2468 1288 2520 ἐπὶ
1319 2469 1386 2537 τῇ
1414 2467 1596 2536 ἀδικίᾳ
1629 2466 1734 2518 τῶν

160 2560 348 2628 φίλων,
385 2559 668 2628 συγχαίρει
700 2558 754 2610 δὲ
782 2560 847 2627 τῇ
877 2557 1104 2629 ἀληθεία
1132 2559 1231 2625 τῆς
1266 2557 1609 2627 δικαιοσύνης
1640 2557 1734 2609 αύ-

158 2651 300 2705 τῶνο
350 2651 527 2703 πάντα
573 2651 754 2718 στέγει
796 2651 864 2701 τὰ
906 2649 1248 2721 ἐπερχόμενα
1300 2648 1449 2720 αύτῷ
1492 2649 1729 2719 λυπηρά’

158 2746 336 2797 πάντα
361 2743 420 2809 ἐξ
453 2744 753 2812 ἁπλότητος
787 2745 877 2796 καὶ
906 2744 1139 2804 ἀκακῖας
1168 2742 1433 2806 πιστεύει,
1460 2742 1637 2795 πάντα
1669 2742 1734 2792 τὰ

157 2833 545 2904 ἐπηγγελμένα
602 2835 738 2903 ἡμῖν
797 2832 906 2885 ἀπὸ
955 2830 1089 2883 Θεοῦ
1149 2831 1355 2894 ἐλπίζει
1406 2829 1729 2893 ἀπολαϐεῖν,

159 2925 333 2977 πάντα
371 2925 635 2994 ὑπομένει
678 2924 746 2977 τά
778 2923 885 2976 τῶν
920 2923 1275 2992 πειρασμῶν,
1327 2921 1400 2991 μὴ
1452 2921 1732 2984 ἀποδιδοὺς

159 3016 324 3070 κακδν
348 3018 468 3069 ἀντὶ
495 3017 690 3081 κακοῦ,
711 3019 805 3067 καὶ
823 3016 1086 3069 οὐδέποτε
1106 3017 1201 3083 τῆς
1233 3012 1324 3066 τοῦ
1349 3013 1573 3083 πλησίον
1600 3012 1733 3080 ἀγά-

157 3113 261 3177 πης
285 3111 544 3159 ἐκπίπτει
575 3109 601 3160 ὁ
622 3105 720 3174 τῆς
749 3106 969 3174 ἀγάπης
998 3106 1257 3174 ἐργάτης.

223 3196 336 3265 ττι-λ’.
400 3196 519 3250 Τῶν
576 3195 896 3265 ἠξιωμένων
943 3197 1043 3264 τῆς
1104 3193 1309 3248 ἄνωθεν
1361 3193 1580 3264 χάριτος
1637 3193 1792 3292 τοῦθ

156 3288 308 3356 ἁγίου
359 3287 679 3356 Πνεύματος
727 3288 783 3337 ἐν
819 3286 1097 3355 διαφόροις
1141 3287 1508 3354 χαρίσμασιν,
1552 3285 1601 3336 σί
1631 3286 1732 3356 μὲν

156 3380 290 3434 εἰσιν
323 3380 403 3431 ἔτι
439 3379 623 3448 νήπιοι
658 3377 750 3430 καὶ
793 3375 1003 3436 ἀτελεῖς
1037 3376 1114 3436 είς
1145 3375 1212 3425 τά
1245 3375 1362 3426 Θεία
1396 3375 1726 3445 χαρίσματα,

154 3471 202 3523 σί
233 3471 290 3523 δὲ
337 3470 531 3540 ἄνδρες
563 3469 658 3533 Δκαὶ
698 3467 890 3519 τέλειοι
935 3468 992 3518 ἐν
1021 3465 1097 3534 τῷ
1133 3465 1336 3538 τούτων
1381 3466 1725 3536 πληρώματι·

155 3561 250 3615 καὶ
277 3563 326 3613 oi
372 3561 473 3632 μὲν
509 3559 643 3629 πρὸς
679 3559 942 3639 ἐργασίαν
971 3558 1077 3610 τῶν
1109 3555 1268 3608 Θείων
1294 3555 1729 3625 ἐπεκτεινόμενοι

155 3652 386 3705 ἐντολῶν
413 3690 427 3712 ,
469 3650 757 3714 αὐξάνουσί
801 3665 862 3700 τε
891 3649 949 3700 ἐν
996 3647 1206 3708 τούτοις
1237 3647 1326 3697 καὶ
1362 3644 1728 3715 πληρούμενοι

153 3743 257 3794 τῶν
305 3741 570 3811 μειζόνων
614 3737 708 3790 τοῦ
745 3736 1061 3798 Πνεύματος
1102 3735 1358 3806 δωρεῶν,
1392 3736 1727 3804 καταργοῦσι

153 3833 218 3887 τὰ
239 3817 466 3886 ὄπισθεν
512 3831 609 3899 τῆς
642 3829 971 3900 νηπιότητος
1005 3828 1350 3895 χαρίσματαο
1378 3827 1426 3878 oi
1460 3827 1516 3879 δὲ
1562 3829 1641 3890 εἰς
1669 3828 1729 3879 τὸ

153 3902 316 3994 ἀκρον
344 3921 638 3981 ἐλάσαντες
664 3920 761 3987 τῆς
790 3918 882 3969 τοῦ
915 3917 1049 3969 Θεοῦ
1081 3917 1300 3985 ἀγάπης
1331 3919 1424 3969 καὶ
1453 3915 1725 3984 γνώσεως,

155 4014 418 4068 παύονται
446 4010 631 4063 λοιπὸν
674 4010 782 4062 τῶν
839 4011 903 4061 ἐκ
957 4009 1154 4078 μέρους
1191 4009 1580 4077 χαρισμάτων⁴
1618 4007 1727 4060 εἴτε

155 4103 481 4173 προφητεῖαι
504 4102 661 4162 εἰσιν,
686 4099 761 4161 ὡς
782 4099 843 4150 τὸ
864 4097 1066 4165 λόγιον,
1108 4097 1218 4149 εἴτε
1242 4097 1542 4167 διακρίσεις
1567 4115 1726 4151 πνευ-

155 4196 360 4263 μάτων,
413 4192 521 4244 ερῐτε
568 4191 909 4259 ἀντιλήψεις,
953 4190 1060 4243 εῐτε
1112 4190 1487 4259 κυϐερνήσεις,
1529 4193 1621 4244 καὶ
1658 4192 1725 4244 τά

154 4288 294 4357 ἑξῆς.
336 4287 396 4339 '0
420 4284 636 4353 γὰρείς
661 4283 730 4336 τὰ
759 4283 1034 4352 ἀνάκτορα
1064 4282 1164 4352 τῆς
1188 4283 1409 4352 ’ἀγάπης
1447 4282 1722 4348 εἰσελθὼν,

152 4378 247 4430 οὐκ
275 4376 356 4429 ἔτι
403 4378 466 4428 ἐκ
509 4375 709 4442 μέρους
746 4372 1004 4441 γινώσκει
1033 4371 1163 4424 Θεὸν
1190 4373 1287 4441 τὴν
1319 4373 1557 4442 ἀγάπην,
1590 4373 1725 4426 ἀλλά

152 4466 442 4535 πρόσωπον
468 4468 602 4537 πρὸς
633 4467 922 4536 πρόσωπον
943 4463 1147 4533 ὁμιλῶν
1177 4463 1345 4533 αύτῷ,
1374 4463 1723 4531 ἐπιγινώσκει

151 4558 330 4622 αὐτὸν,
367 4557 552 4620 καθὼς
583 4557 678 4610 καὶ⁸
704 4555 864 4616 αὐτὸς
895 4555 986 4607 ὑπ’
1019 4554 1184 4606 αὐτοῦ
1221 4554 1562 4625 ἐπεγνώσθη.

219 4650 327 4702 πθ’.
379 4650 438 4701 '0
473 4651 537 4700 ἐκ
570 4646 734 4715 ζήλου
773 4646 879 4697 τῶν
933 4644 1318 4713 πνευματικῶν
1369 4647 1721 4716 χαρισμάτων

145 4740 241 4812 τὴν
272 4740 498 4810 ἀγάπην
535 4739 750 4802 διώξας,
806 4737 899 4789 καὶ
939 4734 1281 4798 καταλαϐὼν,
1321 4737 1417 4788 οὐκ
1473 4737 1720 4807 ἀνέχεται

151 4833 294 4902 μόνῳ
323 4831 505 4900 ἐαυτῷ
542 4829 721 4882 λαλεῖν
749 4828 838 4882 διὰ
875 4827 1184 4898 προσευχῆς
1220 4829 1312 4880 καὶ
1362 4828 1721 4896 ἀναγνώσεως

147 4925 224 4984 είς
249 4922 550 4990 οίκοδομήν
579 4938 590 4952 ·
622 4923 650 4972 ὁ
705 4922 811 4988 γὰρ
849 4917 1024 4971 λαλῶν
1056 4918 1275 4987 γλώσσῃ
1309 4919 1443 4987 μόνῃ
1484 4917 1602 4987 Θεῷ
1635 4920 1720 4972 διὰ

148 5014 458 5084 προσευχῆς
479 5015 570 5067 καὶ
595 5011 934 5081 ψαλμῳδίας,
960 5010 1148 5062 ἑαυτὸν
1176 5007 1556 5076 οίκοδομεῖ,ὥς
1587 5027 1719 5077 φησι

150 5106 378 5169 Παῦλοςο
419 5103 556 5160 ἀλλά
591 5103 686 5154 καὶ
718 5099 1101 5171 προφητεύειν,
1136 5100 1254 5152 κατ’
1284 5100 1466 5163 αὑτὸν,
1506 5099 1718 5179 ἐπείγε-

148 5214 256 5263 ται,
280 5198 361 5260 εἰς
389 5193 681 5263 οἰκοδομὴν
709 5193 810 5259 τῆς
837 5192 932 5244 τοῦ
977 5190 1112 5243 Θεοῦ
1159 5189 1501 5260 Ἐκκλησίας,
1552 5191 1719 5261 ἤγουν

149 5287 420 5342 διδάσκειν
451 5287 575 5346 τοὺς
611 5283 838 5350 πλησίον
878 5281 974 5352 τὴν
1009 5281 1270 5352 ἐργασίαν
1316 5281 1424 5334 τῶν
1453 5283 1546 5334 τοῦ
1584 5282 1719 5336 Θεοῦ

151 5377 401 5442 ἐντολῶν,
435 5377 529 5430 καὶ
556 5378 699 5438 ὅπως
728 5374 833 5444 χρὴ
869 5373 1116 5426 σπεύδειν
1149 5375 1227 5435 εἰς
1267 5373 1327 5425 τὸ
1360 5374 1719 5443 εὐαρεστῆσαι

151 5467 288 5537 Θεῷ.
339 5467 557 5536 Τί”γάρ
601 5467 694 5520 καὶ
726 5465 1005 5534 ὠφελῆσαί
1062 5482 1212 5521 τινας
1276 5465 1523 5536 δυνηθείη
1587 5466 1651 5520 ἂν
1693 5470 1722 5520 ὁ

154 5557 328 5628 ἐαυτῷ
347 5558 443 5611 καὶ
463 5556 583 5625 Θεῷ
609 5557 753 5624 μόνῳ
775 5554 971 5614 λαλῶν,
1008 5553 1285 5623 προεστὼς
1304 5555 1389 5607 διὰ
1411 5557 1722 5626 ’προσευχῆς

155 5649 244 5700 καὶ
272 5643 590 5716 ψαλμῳδίας
613 5643 719 5703 ἀεὶ,
743 5644 837 5694 ἐὰν
872 5644 944 5712 μὴ
977 5643 1185 5714 λαλήσῃ
1214 5645 1306 5695 καὶ
1341 5647 1449 5706 τοίς
1500 5645 1590 5695 ὑπ’
1630 5647 1725 5698 αὑ.

228 5824 271 5857 ³⁸
309 5822 492 5879 lCor.
538 5833 656 5885 χιιι,
707 5820 739 5873 ι
772 5821 824 5874 8.
907 5819 1147 5875 "lCor.
1198 5838 1288 5887 xu,
1345 5822 1492 5875 :i—ll.
1573 5823 1614 5855 ³⁸
1643 5822 1776 5878 ibid.

495 5918 762 5976 pATROL.
806 5917 919 5978 Gn.
960 5916 1137 5977 CXX.

1842 637 2072 706 spiritu,
2124 639 2190 694 ad
2237 642 2515 696 sanandos
2567 645 2824 710 morbos;
2887 646 2970 700 vel
3019 650 3386 716 operationem

1843 731 2126 796 virtutum,
2154 733 2219 786 ad
2247 732 2519 789 daemones
2551 735 2828 803 pellendos
2849 745 2900 792 et
2927 738 3080 808 signa
3108 738 3385 805 facienda;

1840 822 1921 875 vel
1955 823 2321 893 prophetiam,
2351 825 2418 878 ad
2455 825 2869 894 providendum,
2899 843 2959 883 ac
2986 830 3384 899 praedicendum

1841 910 2066 976 futura;
2110 911 2194 966 vel
2264 912 2650 968 discretionem
2709 915 3019 985 spirituum,
3070 921 3135 974 ad
3183 919 3388 976 discer-

1842 1001 2078 1054 nendum
2117 1002 2240 1070 quis
2272 1003 2325 1056 in
2365 1001 2568 1073 Spiritu
2603 1003 2698 1059 Dei
2740 1004 3014 1075 loquatur,
3050 1011 3188 1080 quis
3237 1025 3386 1077 non;

1840 1092 1922 1147 vel
1987 1091 2496 1160 interpretationem
2551 1096 2827 1150 variarum
2886 1097 3236 1171 linguarum;
3277 1107 3386 1160 vel

1837 1181 2248 1252 Opitulationem
2271 1183 2621 1251 amictorum;
2645 1187 2728 1243 vel
2747 1189 3186 1258 gubernationem
3204 1198 3384 1250 ovlum

1835 1280 1889 1328 et
1937 1274 2108 1342 plebis
2134 1272 2224 1329 Dei
2253 1290 2268 1339 ;
2296 1276 2378 1328 vel
2414 1276 2732 1333 charitatem
2766 1295 2892 1349 erga
2939 1296 3128 1340 omnes
3161 1286 3388 1356 ejusque

1836 1365 2185 1430 charismata,
2215 1366 2704 1436 longanimitatem,
2751 1371 3139 1442 benignitatem
3183 1386 3237 1431 et
3287 1393 3389 1434 ca:-

1837 1466 1977 1512 tera.
2031 1457 2087 1512 Si
2137 1461 2261 1526 quis
2310 1469 2492 1514 autem
2547 1461 2631 1516 his
2680 1464 2933 1519 omnibus
2985 1478 3190 1534 careat,
3248 1471 3394 1526 hunc

1836 1547 2018 1603 dicere
2068 1565 2280 1618 nequeo
2330 1551 2529 1607 habere
2578 1552 2739 1608 tidem
2776 1555 2859 1608 vel
2915 1570 3036 1612 esse
3084 1575 3150 1613 ex
3195 1577 3385 1618 eorum

1837 1654 2064 1694 numero
2092 1640 2182 1708 qui
2218 1638 2490 1698 Christum
2528 1644 2828 1700 induerunt
2874 1659 2969 1714 per
3011 1647 3257 1706 divinum
3300 1655 3390 1708 ba-

1836 1729 2052 1794 ptisma.

1905 1908 1992 1964 87.
2051 1909 2151 1976 Qui
2189 1913 2514 1971 charitatem
2559 1918 2744 1987 habet,
2793 1927 2966 1980 nescit
3006 1927 3185 1986 invide
3220 1947 3385 1988 aemu-

1831 1999 1963 2065 lari;
1991 2018 2098 2057 non
2127 2005 2236 2074 agit
2265 2021 2565 2076 perperam,
2598 2019 2850 2083 tanquam
2885 2023 3099 2076 tumens
3124 2036 3188 2075 ac
3213 2031 3383 2079 teme-

1831 2091 2045 2158 rarius;
2076 2110 2180 2148 non
2213 2096 2429 2152 inflatur
2453 2111 2639 2156 contra
2668 2119 3026 2175 quemquam;
3055 2127 3163 2167 non
3194 2114 3387 2170 incon-

1832 2197 1964 2251 grua
1991 2193 2083 2238 aut
2113 2185 2416 2244 indecentia
2451 2191 2578 2246 facit
2609 2195 2871 2254 adversus
2905 2203 3206 2268 proximum
3235 2225 3248 2273 ;
3277 2223 3388 2263 non

1831 2277 2025 2345 qumrit
2055 2295 2174 2349 quae
2203 2296 2300 2336 sua
2327 2292 2472 2351 sunt,
2503 2285 2597 2339 sed
2635 2303 2755 2355 quae
2790 2301 2917 2345 sunt
2963 2295 3196 2362 proximi
3223 2314 3239 2363 ;
3279 2315 3387 2354 non

1833 2366 2078 2420 irritatur
2117 2371 2421 2438 promptius
2464 2384 2654 2427 contra
2695 2377 2991 2444 molestos;
3045 2398 3149 2456 non
3191 2388 3390 2456 cogitat

1831 2456 2052 2518 malum,
2078 2457 2121 2510 si
2155 2459 2281 2526 quid
2314 2463 2438 2514 mali
2475 2464 2710 2532 patiatur
2738 2483 3018 2537 unquam;
3052 2452 3158 2528 non
3188 2452 3390 2546 gaudet

1829 2560 1990 2614 super
2015 2549 2304 2617 iniquitate
2331 2555 2652 2620 amicorum,
2691 2560 2994 2626 congaudet
3025 2573 3202 2620 autem
3244 2571 3388 2622 reri-

1829 2639 1924 2692 tati
1957 2638 2183 2708 justitiae
2210 2641 2488 2711 ipsorum;
2521 2648 2706 2701 omnia
2734 2644 2926 2705 suffert
2958 2655 3257 2713 accidentia
3282 2660 3387 2715 sibi

1830 2729 2405 2797 incommodagomnia
2438 2737 2630 2802 credit,
2665 2750 2847 2808 utpote
2886 2746 3114 2814 simplex
3145 2757 3198 2803 et
3227 2752 3389 2807 inno-

1829 2832 1993 2885 cens;
2037 2822 2215 2874 omnia
2264 2837 2298 2877 a
2347 2824 2456 2895 Deo
2506 2830 2773 2894 promissa
2815 2814 2999 2899 sperat
3047 2836 3149 2891 sibi
3189 2853 3385 2896 conse-

1828 2908 2080 2976 quenda:
2111 2911 2290 2964 omnia
2329 2914 2570 2969 sustinet
2606 2926 2953 2987 tentamenta,
3000 2941 3105 2980 non
3152 2929 3384 2987 reddens

1830 2998 2028 3050 malum
2060 3014 2156 3068 pro
2183 3001 2361 3067 malo;
2403 3017 2504 3056 nec
2534 3019 2771 3070 unquam
2813 2994 2880 3063 ab
2921 3024 3110 3069 amore
3151 3019 3381 3084 proximi

1827 3087 2026 3142 decidit
2050 3091 2330 3146 charitatis
2350 3095 2633 3156 operarius
2659 3095 2724 3149 ⁸⁸.

1893 3194 1981 3248 88.
2023 3196 2166 3251 Inter
2191 3213 2282 3252 eos
2316 3199 2403 3267 qui
2440 3199 2674 3269 desuper
2691 3203 2912 3271 gratiam
2937 3202 3167 3274 Spiritus
3202 3212 3374 3264 sancti

1825 3284 1988 3339 variis
2009 3287 2060 3338 in
2087 3287 2510 3343 charismatibus
2533 3290 2830 3359 accipiendi
2872 3294 3018 3360 digni
3040 3295 3202 3351 habiti
3221 3314 3370 3361 sum,

1825 3377 1916 3431 alii
1941 3385 2066 3431 sunt
2089 3378 2266 3432 adhuc
2292 3378 2526 3434 infantes
2553 3389 2608 3434 et
2630 3382 2928 3451 imperfecti
2955 3386 3004 3438 in
3031 3388 3225 3443 divinis
3246 3390 3369 3443 cha-

1823 3467 2163 3533 rismatibus,
2199 3469 2289 3522 alii
2320 3478 2451 3524 sunt
2479 3470 2579 3524 viri
2604 3478 2656 3525 et
2695 3472 2914 3540 perfecti
2948 3475 3001 3528 in
3039 3476 3227 3530 horum
3261 3482 3375 3548 ple-

1822 3557 2088 3611 nitudine.
2122 3557 2339 3614 Priores
2369 3560 2736 3616 observationi
2768 3564 3069 3619 divinorum
3098 3569 3375 3624 mandato-

1821 3662 1942 3699 rum
1977 3647 2375 3713 incumbentes,
2405 3649 2458 3703 in
2476 3651 2560 3704 eis
2589 3661 2863 3718 crescunt,
2895 3666 2948 3708 et
2985 3658 3170 3725 repleti
3204 3661 3374 3729 majo-

1822 3738 1974 3791 ribus
2001 3738 2158 3791 donis
2189 3736 2446 3805 Spiritus,
2478 3749 2676 3794 exuunt
2718 3743 3041 3800 charismata
3071 3763 3190 3816 quae
3219 3761 3372 3804 erant

1820 3828 2189 3898 parvulorum.
2245 3829 2582 3885 Posteriores
2637 3847 2784 3898 vero,
2826 3835 2892 3888 ad
2950 3837 3154 3905 apicem
3200 3845 3370 3896 erecti

1821 3920 2102 3974 charitatis
2126 3930 2178 3975 et
2210 3921 2454 3976 scientiae
2481 3922 2596 3983 Dei,
2629 3923 2952 3979 charismata
2985 3942 3048 3981 ex
3075 3939 3224 3996 parte
3249 3942 3372 3986 tan—

1820 4020 1931 4064 tum
1956 4011 2153 4064 habere
2175 4013 2284 4074 jam
2317 4011 2592 4075 desinunt,
2615 4013 2726 4067 sive
2746 4016 3040 4083 prophetia:
3069 4019 3198 4082 sint,
3219 4021 3369 4089 juxta

1819 4100 2052 4153 verbum
2076 4099 2222 4153 Pauli
2248 4100 2310 4166 ⁸⁷,
2343 4102 2457 4155 sive
2494 4103 2854 4159 discretiones
2898 4107 3211 4175 spirituum,
3257 4114 3372 4167 sive

1818 4188 2224 4256 opitulationes,
2256 4193 2368 4246 sive
2391 4193 2812 4261 gubernationes
2857 4204 2909 4250 et
2940 4198 3041 4251 alia
3069 4200 3322 4271 deinceps
3355 4223 3368 4258 :

1818 4278 1910 4345 qui
1942 4279 2086 4331 enim
2123 4279 2176 4333 in
2213 4282 2401 4333 turrim
2437 4282 2720 4339 charitatis
2756 4285 2997 4350 intravit,
3026 4290 3134 4357 jam
3173 4308 3363 4348 nanex

1817 4381 1971 4438 parte
1998 4371 2274 4438 cognoscit
2307 4371 2470 4425 Deum
2500 4375 2594 4441 qui
2633 4374 2869 4429 charitas
2899 4385 2981 4430 est
3002 4378 3065 4442 ³³,
3099 4382 3193 4433 sed
3233 4383 3369 4438 facie

1817 4461 1884 4514 ad
1915 4459 2105 4515 faciem
2144 4475 2266 4515 cum
2304 4477 2367 4515 eo
2397 4476 2748 4531 conversaris,
2774 4466 3048 4534 cognoscit
3081 4470 3227 4524 illum
3257 4476 3366 4528 sic-

1745 4545 1790 4602 D
1822 4558 1880 4605 ut
1912 4558 1965 4604 et
1994 4551 2243 4620 cognitus
2271 4552 2337 4606 ab
2374 4567 2437 4607 eo
2458 4562 2562 4608 est.

1885 4642 1968 4696 89.
2014 4641 2114 4706 Qui
2144 4643 2502 4712 spiritualium
2531 4646 2920 4702 charismatum
2944 4653 3218 4708 studiosus
3239 4659 3365 4708 Cha-

1819 4735 2033 4788 ritatem
2067 4736 2316 4802 quaesivit
2347 4744 2400 4788 et
2454 4734 2681 4804 adeptus
2725 4748 2827 4802 est,
2873 4757 2979 4795 non
3028 4745 3157 4797 satis
3207 4747 3368 4799 habet

1822 4823 1925 4878 sibi
1959 4825 2062 4878 soli
2092 4826 2234 4894 loqui
2268 4840 2361 4894 per
2386 4825 2684 4880 orationem
2719 4837 2772 4881 et
2810 4831 3095 4885 lectionem
3129 4835 3195 4887 ad
3228 4851 3367 4903 pro-

1819 4913 1992 4981 priam
2023 4913 2434 4967 aediﬁcationem
2473 4914 2588 4982 (qui
2623 4917 2766 4970 enim
2804 4919 2916 4971 sola
2945 4920 3125 4991 lingua
3159 4923 3266 4978 Deo
3294 4927 3368 4980 lo-

1816 5003 2003 5071 quitur
2035 5002 2453 5071 perorationem
2497 5011 2549 5055 et
2590 5005 2967 5071 psalmodiam,
3015 5012 3363 5080 semetipsum

1814 5093 2063 5155 mdificat,
2111 5101 2168 5146 ut
2216 5092 2293 5144 ait
2347 5091 2546 5147 Paulus
2571 5092 2658 5162 "),
2709 5093 2802 5146 sed
2835 5097 2994 5149 etiam
3049 5102 3366 5167 prophetare

1814 5184 1984 5253 (juxta
2015 5184 2285 5251 eumdem)
2317 5182 2554 5249 festinat,
2579 5185 2643 5236 ad
2666 5183 3076 5242 aedificationem
3110 5188 3364 5245 Ecclesiae

1814 5275 1928 5342 Dei,
1989 5275 2186 5330 docere
2245 5274 2492 5328 videlicet
2570 5275 2872 5341 proximum
2930 5278 3361 5333 observationem

1817 5367 2197 5421 mandatorum
2238 5367 2331 5420 Dei
2365 5376 2418 5419 et
2447 5365 2719 5433 quomodo
2753 5367 2967 5421 studere
3023 5360 3268 5436 oporteat
3296 5372 3362 5422 ad

1817 5456 2130 5524 placendum
2176 5455 2301 5508 Deo.
2349 5453 2486 5519 Quid
2529 5455 2672 5507 enim
2713 5453 2833 5509 aliis
2877 5457 3129 5524 prodesse
3190 5468 3365 5526 potest

1817 5547 2190 5615 superior,qui
2209 5545 2310 5599 sibi
2334 5544 2549 5612 Deoque
2572 5546 2670 5599 so-li
2696 5543 2932 5614 loquitur
2956 5561 3050 5615 per
3068 5547 3360 5601 orationem

1818 5648 1871 5692 et
1914 5637 2290 5707 psalmodiam,
2334 5637 2437 5690 nisi
2471 5637 2726 5706 loquatur
2755 5637 2916 5691 etiam
2953 5639 3067 5693 suis
3107 5638 3364 5709 subditis,

1855 5824 1900 5855 ³⁹
1945 5819 2146 5876 Hoan.
2206 5835 2279 5882 IV,
2327 5817 2406 5872 16.

2936 5909 3008 5971 32
