4124 6338
682 375 817 438 1ου3
1931 368 2226 429 NlCE'f/E
2262 368 2310 428 Pi

2277 367 2689 432 PECTOBATI
3770 373 3905 440 100‘

681 493 794 547 sive
823 491 875 542 in
912 485 1243 541 revelatione
1267 483 1506 552 Spiritus
1542 483 1742 547 sancti,
1784 485 1898 538 sive
1936 486 1988 538 iu
2017 485 2248 550 scientia
2275 485 2309 547 Α

2275 479 2444 547 Ατδν,
2480 480 2516 552 ἢ
2547 479 2605 534 ιν
2620 477 2959 548 ἀποκαλύψει
2989 478 3302 551 Πνεῦματος
3337 481 3513 552 ἁγίου,
3546 483 3578 556 ἢ
3614 487 3671 538 ἐν
3701 488 3902 555 γνώσει

680 580 1061 653 mysteriorum
1102 578 1214 643 Dei,
1249 577 1364 632 sive
1398 576 1450 628 in
1482 575 1722 646 providae
1751 576 1899 632 dono
1925 576 2246 647 prophetia,

2333 572 2440 624 τῶν
2461 571 2773 642 μυστηρίων
2802 570 2957 638 Θεοῦ,
3013 570 3144 643 ἢέν
3205 575 3548 646 προορατικῷ
3601 578 3904 648 χαρίσματι

681 677 794 730 sive
822 673 876 728 in
901 672 1152 727 doctrina
1182 668 1455 725 sermonis
1479 667 1759 738 sapientia:
1783 669 1915 724 Dei?
1940 668 2072 735 Quis
2101 670 2245 724 enim

2337 663 2692 734 προφητείας,
2729 662 2762 731 ἢ
2819 664 2876 716 ἐν
2926 662 3112 734 διδαχῇ
3171 662 3329 731 λόγου
3367 665 3558 732 σοφίας
3595 667 3773 732 Θεοῦ;
3808 670 3906 733 Τίς

681 764 1000 820 inferiorum
1035 777 1093 817 se
1129 762 1386 829 accinget
1417 760 1484 813 ad
1531 759 1884 830 pugnandum
1921 759 2248 830 cupiditates

2335 757 2445 825 γὰρ
2481 754 2590 810 τῶν
2661 754 2916 825 ὑπηκόων
2977 753 3456 834 παρασκευάσεται
3525 757 3604 817 είς
3667 757 3906 826 πόλεμον

680 869 741 908 ac
771 855 1068 915 daemones,
1104 851 1209 905 nisi
1260 849 1465 904 clarum
1504 849 1768 904 doctrina:
1807 864 2116 906 sermonem
2149 849 2246 905 de-

2337 846 2542 910 παθῶν,
2575 846 2669 900 κα).
2701 846 3003 916 δαιμόνων,
3041 845 3135 898 ἐὰν
3179 844 3253 915 μὴ
3285 844 3526 915 εὔσημον
3556 847 3906 912 διδασκαλίας

681 947 821 1000 derit
871 947 984 1000 sive
1017 945 1224 1010 scripto
1275 942 1391 997 sive
1435 945 1600 997 etiam
1649 943 1771 997 viva
1819 943 1988 1000 voce?
2037 943 2246 998 Revera

2337 940 2491 1008 λόγον
2511 938 2586 1010 δῷ
2612 939 2975 1008 ἐγγράφως,ἢ
3009 939 3101 991 καὶ
3129 938 3216 991 διὰ
3245 938 3421 1008 ζώσης
3453 939 3667 1008 φωνῆς;
3697 942 3909 999 Ὄντως

682 1041 785 1094 nisi
842 1039 909 1093 ad
961 1037 1376 1092 tediticatiouem
1427 1039 1511 1092 sui
1569 1039 1749 1108 gregis
1807 1045 2016 1110 quaerat
2060 1045 2248 1106 pastor

2338 1033 2433 1086 ἐὰν
2469 1031 2543 1103 μὴ
2572 1033 2706 1102 πρὸς
2726 1032 2824 1102 τὴν
2845 1031 3131 1102 οἰκοδομὴν
3155 1031 3248 1083 τοῦ
3282 1032 3531 1099 ποιμνίου
3566 1034 3730 1086 αὑτοῦ
3765 1033 3903 1104 ζητῇ

682 1133 958 1187 abundare
1003 1133 1169 1184 verbo
1201 1129 1468 1184 doctrinae
1517 1138 1571 1184 et
1594 1131 1828 1185 scientia
1860 1131 2104 1200 spiritus,
2137 1143 2245 1182 non

2337 1124 2365 1176 ὁ
2393 1121 2616 1192 ποιμὴν,
2648 1121 2734 1174 ἵνα
2768 1121 3066 1191 περισσεύῃ
3106 1120 3182 1191 τῷ
3235 1120 3376 1189 λόγῳ
3414 1121 3512 1190 τῆς
3555 1122 3905 1187 διδασκαλίας

680 1232 764 1279 est
797 1223 1081 1277 aemulator
1113 1221 1205 1276 Dei
1239 1221 1652 1276 charismatum.
1689 1221 1825 1274 Nam
1872 1222 2071 1276 multas
2123 1235 2248 1290 pre-

2337 1216 2430 1268 καὶ
2459 1217 2524 1285 τῇ
2552 1212 2749 1282 γνώσει
2777 1213 2868 1267 τοῦ
2892 1213 3226 1283 Πνεύματος,
3259 1213 3355 1265 οὐκ
3386 1213 3498 1264 ἔστι
3530 1213 3774 1284 ζηλωτής
3801 1215 3907 1268 τῶν

683 1328 772 1368 ces
805 1323 851 1368 et
884 1312 1120 1382 psalmos
1155 1311 1338 1380 lingua
1375 1319 1585 1366 tantum
1621 1313 1924 1376 recitando,
1961 1322 2013 1365 et
2046 1312 2244 1381 spiritu

2337 1306 2428 1359 τοῦ
2460 1305 2592 1358 Θεοῦ
2627 1307 3005 1378 χαρισμάτων.
3052 1306 3143 1359 Ἐκ
3179 1307 3286 1376 γὰρ
3325 1305 3416 1357 τοῦ
3457 1307 3613 1375 μόνον
3672 1307 3905 1377 προσεύ-

681 1420 774 1459 seu
809 1406 988 1456 anima
1040 1404 1268 1468 orando,
1305 1403 1549 1472 seipsum
1594 1403 1849 1468 aediﬁcat,
1889 1403 1984 1458 sed
2019 1401 2247 1472 spiritus

2337 1397 2524 1473 χεσΘαι
2548 1397 2642 1450 καὶ
2667 1395 2886 1466 ψάλλειν
2927 1399 2993 1466 τῇ
3022 1395 3240 1467 γλώσσῃ
3280 1397 3448 1450 πολλὰ
3477 1397 3554 1466 τῷ
3609 1400 3904 1467 πνεύματι,

680 1497 798 1565 ejus
836 1495 954 1550 siue
982 1494 1158 1549 fructu
1207 1503 1410 1561 manet,
1464 1511 1571 1551 non
1623 1496 1956 1567 prophetans
1986 1495 2248 1551 doctrinae

2339 1491 2504 1560 ήγουν
2533 1491 2599 1560 τῇ
2624 1489 2768 1560 ψυχῇ
2803 1489 3257 1560 προσευχόμενος,
3285 1490 3473 1542 ἑαυτὸν
3508 1492 3785 1559 οἰκοδομεῖ
3811 1531 3824 1556 ,
3884 1493 3910 1544 ό

679 1590 865 1653 verbo,
900 1603 999 1641 nrc
1028 1588 1302 1642 acditicans
1332 1586 1637 1644 Ecclesiam
1665 1590 1787 1645 Dei.-
1812 1587 1867 1644 Si
1898 1599 2078 1645 autem
2105 1589 2250 1656 Pau-

2338 1583 2392 1636 δὲ
2421 1583 2542 1646 νοῦς
2577 1583 2738 1636 αὑτοῦ
2767 1583 3013 1654 ἄκαρπός
3041 1584 3177 1648 ἐστι,
3207 1583 3280 1653 μὴ
3309 1583 3666 1654 προφητεύων
3690 1588 3791 1654 τῆς
3834 1585 3912 1638 δι-

684 1680 790 1743 lus,
816 1683 1052 1734 maxime
1084 1681 1328 1733 omnium
1367 1679 1649 1735 hominum
1682 1696 1779 1750 per
1809 1687 2112 1736 orationem
2140 1679 2251 1736 Deo

2338 1675 2633 1739 δασκαλίας
2667 1675 2745 1746 τῷ
2782 1675 2948 1745 λόγῳ,
2991 1674 3085 1728 καὶ
3119 1675 3418 1745 οίκοδομῶν
3444 1677 3542 1747 τὴν
3585 1676 3911 1746 Ἐκκλησίαν

684 1772 1033 1838 conjunctus,
1057 1771 1110 1824 in
1147 1771 1386 1825 Ecclesia
1413 1772 1583 1826 voluit
1617 1773 1860 1842 quinque
1887 1773 2052 1828 verba
2083 1788 2248 1828 sensu
2282 1837 2312 1842 Α

2283 1837 2314 1842 Α
2339 1769 2434 1822 τοῦ
2459 1768 2615 1823 Θεοῦ.
2649 1769 2712 1821 Ei
2736 1769 2791 1821 δέ
2811 1767 3040 1833 Παῦλος,
3070 1769 3098 1821 ό
3121 1769 3338 1821 πάντων
3365 1769 3460 1820 άνο
3471 1768 3664 1837 ρώπων
3689 1769 3911 1840 μᾶλλον,

685 1837 797 1916 suo
815 1862 1207 1916 fecundissima
1236 1862 1384 1928 loqui
1410 1870 1470 1916 ut
1500 1872 1553 1918 et
1575 1837 1711 1932 aljos
1741 1837 2058 1926 instrueret.
2088 1878 2248 1933 quam
2280 1837 2313 1898 Β

2287 1837 2427 1916 Βδιὰ
2451 1861 2779 1933 προσευχῆς,
2807 1879 3210 1932 συναπτομενος
3247 1861 3325 1931 τῷ
3354 1861 3494 1929 Θεῷ,
3533 1837 3699 1914 πέντε*
3720 1862 3915 1930 λόγους

684 1956 869 2010 decem
906 1951 1074 2006 millia
1110 1954 1400 2009 verborum
1437 1955 1756 2026 psalmodizc
1788 1957 1841 2012 in
1883 1956 2089 2028 lingua,
2122 1969 2251 2026 ergo

2341 1955 2428 2007 διὰ
2482 1953 2573 2007 τοῦ
2633 1954 2914 2023 ἐγκάρπου
2971 1954 3087 2016 νοὸς
3168 1953 3332 2007 αὑτοῦ
3404 1954 3602 2023 μᾶλλον
3650 1954 3915 2026 ἠθέλησεν

685 2062 713 2100 a
755 2047 1018 2101 charitate
1057 2044 1318 2115 aberrant
1348 2049 1579 2103 aliorum
1617 2051 1949 2118 superiores,
1998 2049 2090 2118 qui
2129 2047 2256 2102 viris

2340 2047 2513 2098 εἰπεῖν
2541 2047 2598 2099 ἐν
2629 2045 2944 2116 Ἐκκλησία,
2983 2045 3071 2100 ἵνα
3123 2045 3216 2099 καὶ
3267 2045 3462 2108 ἄλλους
3509 2048 3822 2119 κατηχήσῃ,
3881 2047 3913 2117 ἢ

683 2138 859 2192 solius
892 2139 1209 2206 psalmodiaa
1258 2140 1638 2209 orationisque
1682 2141 1879 2206 peritis
1932 2140 2246 2210 dignitatem

2343 2138 2568 2208 μυρίους
2608 2137 2797 2205 λόγους
2847 2137 3167 2208 ψαλμῳδίας
3225 2141 3283 2192 ἐν
3333 2138 3594 2208 γλῶσσῃο
3651 2141 3761 2210 ἄρα
3813 2140 3915 2209 τῆς

682 2229 922 2298 pastoris
945 2231 1316 2285 committunt.

2339 2232 2558 2298 ἀγάπης
2584 2231 3048 2302 ἀπεπλανήθησαν
3078 2233 3125 2284 oi
3159 2231 3330 2284 ἄλλων
3358 2231 3699 2302 ἐξάρχοντες,
3726 2235 3818 2285 καὶ
3845 2234 3914 2304 τῇ

2340 2323 2595 2395 samiae;
2634 2324 2768 2396 μόνῃ
2805 2325 2943 2393 μετὰ
2988 2327 3086 2394 τῆς
3141 2326 3499 2394 ἀναγνώσεως
3558 2326 3917 2389 ἐκδεδωκότες

2342 2416 2400 2467 τὸ
2427 2415 2518 2468 τοῦ
2553 2417 2807 2486 ποιμένος
2840 2415 3077 2487 ἀξίωμα.

757 2517 844 2567 υυ.
891 2510 992 2576 Qui
1029 2525 1127 2566 nos
1160 2524 1227 2564 ex
1264 2510 1534 2564 materiali
1565 2519 1615 2563 et
1643 2509 1916 2579 spirituali
1947 2510 2253 2564 substantia

2411 2509 2482 2572 ιιν.
2523 2505 2581 2559 Ὀ
2609 2507 2668 2560 τὸ
2688 2502 2828 2560 εἶναι
2858 2507 3128 2578 δοὺςήμῖν
3158 2508 3216 2574 ἐξ
3243 2509 3609 2580 ὑποκειμένης
3641 2508 3772 2578 ’ὑλης
3815 2507 3915 2562 καὶ

684 2607 986 2670 constituit,
1023 2604 1272 2673 duasque
1307 2614 1534 2658 naturas
1565 2604 1700 2657 adeo
1731 2603 1874 2658 inter
1913 2618 1971 2658 se
2007 2603 2254 2659 dissimi-

2342 2598 2531 2667 νοερᾶς
2567 2598 2773 2662 οὑσίας,
2833 2600 2927 2652 καὶ
2963 2601 3040 2663 είς
3093 2600 3149 2653 ἐν
3169 2602 3237 2654 τὰ
3289 2603 3505 2655 ἐναντία
3559 2600 3659 2670 τῆς
3698 2601 3915 2668 φύσεως

684 2701 766 2755 les
820 2699 873 2753 in
931 2712 1095 2753 unam
1141 2697 1438 2754 essentiam
1479 2705 1534 2751 et
1592 2709 1882 2766 personam
1944 2696 2254 2752 incredibili

2341 2694 2465 2747 mb‘
2487 2693 2654 2748 ἑαυτὰ
2683 2693 2999 2764 παραδόξως
3039 2697 3405 2760 συνουσιώσας
3443 2698 3536 2751 καὶ
3572 2698 3915 2766 ὑποστήσας,

686 2791 852 2847 modo
883 2791 1187 2860 conjunxit,
1225 2790 1315 2844 ille
1342 2789 1503 2844 etiam
1551 2789 1623 2842 ita
1655 2802 1754 2842 nos
1786 2787 1925 2842 bene
1968 2786 2256 2842 constituit.

2345 2791 2437 2842 καὶ
2468 2788 2528 2842 τὸ
2558 2784 2616 2842 εὑ
2667 2783 2804 2843 εἶναι
2852 2789 3049 2844 δέδωκε
3103 2791 3192 2844 διὰ
3222 2790 3315 2844 τοῦ
3364 2792 3523 2859 λόγου
3583 2791 3682 2861 τῆς
3729 2792 3923 2860 σοφίας

685 2899 783 2954 per
810 2865 1115 2939 sermonem
1150 2882 1435 2951 sapientiae
1461 2888 1516 2935 et
1549 2894 1652 2950 per
1670 2893 1979 2935 sermonem
2011 2879 2256 2935 scientiae

2344 2882 2530 2946 αὑτοῦ,
2559 2883 2652 2935 καὶ
2678 2881 2946 2951 τοῦλόγου
2988 2883 3085 2954 τῆς
3113 2883 3385 2950 γνώσεως,
3419 2884 3494 2948 ὡς
3526 2884 3591 2938 ἂν
3623 2881 3780 2937 τοῦτο
3818 2885 3923 2954 μὲν

688 2993 822 3043 δυο),
860 2988 917 3030 ut
949 2987 1062 3030 tum
1097 2991 1192 3046 per
1226 2975 1512 3030 scientiam
1543 2971 1780 3042 Spiritus
1812 2974 1987 3028 sancti
2017 2974 2256 3028 sciamus

2344 2975 2546 3044 ίδωμεν
2594 2974 2683 3027 διὰ
2709 2974 2808 3044 τῆς
2834 2976 2928 3028 τοῦ
2964 2975 3284 3045 Πνεῦματος
3339 2975 3611 3043 γνώσεως,
3665 2979 3787 3040 τοὺς
3823 2993 3923 3029 κε-

691 3069 1035 3124 absconditos
1067 3069 1220 3138 regni
1251 3067 1516 3123 caelorum
1543 3067 1837 3122 thesauros
1867 3065 2067 3136 quibus
2098 3065 2165 3118 ab
2191 3079 2256 3119 ρο

2346 3067 2706 3138 χαρισμένους
2730 3068 2858 3137 ήμῖν
2889 3067 3237 3138 ἀποκρύφους
3270 3069 3400 3140 παρ’
3431 3069 3593 3123 αὑτοῦ
3619 3071 3927 3140 θησαυροὺς

692 3161 983 3225 donamur,
1019 3169 1132 3214 tum
1174 3174 1268 3224 per
1321 3174 1633 3216 sermonem
1684 3159 1965 3230 sapientia
2006 3158 2255 3229 proximo
2281 3205 2320 3230 η

2302 3161 2443 3226 ,τῆς
2501 3159 2779 3228 βασιλείας
2825 3160 2933 3212 τῶν
2995 3161 3260 3229 οὐρανῶν,
3324 3160 3481 3213 τοῦτο
3545 3161 3597 3212 δὲ
3647 3160 3741 3213 καὶ
3781 3178 3930 3228 γνω-

692 3251 993 3308 revolemus
1036 3251 1296 3307 bonitatis
1334 3253 1456 3321 ejus
1501 3250 1722 3304 divitias
1769 3264 1832 3305 ac
1872 3250 2094 3307 delicias
2134 3250 2256 3305 vita:
2282 3250 2320 3269 ν

2303 3250 2324 3269 ³
2351 3252 2589 3320 ρίσωμεν
2610 3252 2721 3314 τοῖς
2747 3250 2971 3320 πλησίον
2999 3251 3087 3304 διὰ
3134 3251 3232 3321 τῆς
3274 3252 3366 3304 τοῦ
3419 3252 3574 3318 λόγου
3608 3254 3795 3319 σοφίας
3823 3255 3931 3319 τῆς

693 3355 906 3400 ειιιοηιω
948 3360 1088 3414 quas
1117 3343 1440 3415 praeparavit
1480 3341 1828 3414 diligentibus
1857 3358 1937 3401 se.

2347 3343 2712 3413 χρηστότητος
2747 3341 2911 3396 αὑτοῦ
2945 3343 3035 3395 τὸν
3066 3341 3313 3406 πλοῦτον,
3357 3343 3452 3395 καὶ
3493 3342 3559 3394 τὰ
3591 3343 3769 3410 ἀγαθά
3825 3343 3930 3413 τῆς

2349 3435 2567 3487 αἰωνίου
2598 3434 2764 3505 ζωῆς,
2795 3434 2830 3490 ἃ
2873 3435 3165 3502 ἡτοίμασεν
3189 3437 3269 3500 είς
3299 3437 3518 3507 τρυφὴν
3552 3439 3666 3498 τοῖς
3699 3435 3934 3503 ἀγαπῶ-

2352 3541 2436 3578 σιν
2484 3525 2668 3578 αὐτόν.

765 3622 852 3669 vt.
893 3613 996 3680 Qui
1042 3613 1202 3667 minis
1243 3613 1640 3683 promissisque
1671 3614 1831 3668 trium
1861 3616 2038 3686 legum
2078 3631 2261 3688 super-

2425 3622 2497 3684 με
2517 3657 2529 3669 .
2569 3618 2628 3671 ὐ
2668 3617 2806 3687 ὑπὲρ
2832 3618 2928 3671 τὰς
2950 3617 3174 3679 ἀπειλὰς
3205 3618 3300 3670 καὶ
3333 3617 3428 3680 τὰς
3462 3618 3794 3686 ἐπαγγελίας
3819 3615 3932 3668 τῶν

691 3705 916 3768 eminet,
951 3703 1037 3757 hic
1099 3703 1267 3756 vitam
1310 3703 1595 3766 ingressus
1631 3711 1715 3758 est
1766 3703 1866 3774 legi
1913 3719 2020 3760 non
2071 3705 2261 3775 subje-

2353 3706 2517 3776 τριῶν
2556 3707 2843 3774 γενόμενος
2871 3707 3089 3775 νόμων,
3143 3709 3224 3769 είς
3270 3708 3371 3776 τὴν
3419 3708 3492 3777 μὴ
3559 3708 3934 3777 ὑποκειμένην

695 3809 860 3857 etum,
889 3798 1003 3866 ipse
1033 3796 1117 3850 lex
1170 3793 1428 3850 Ecclesia:
1455 3794 1662 3862 factus,
1699 3811 1798 3852 nec
1823 3798 1923 3864 legi
1965 3799 2258 3855 obnoxius.

2355 3796 2503 3865 νόμῳ
2539 3795 2681 3865 ζωὴν
2729 3796 2999 3865 εἰσῆλθεν,
3050 3797 3210 3866 νόμος
3263 3797 3502 3865 γεγονὼς
3569 3797 3931 3868 Ἐκκλησίας,

697 3888 887 3941 Libera
942 3894 1123 3940 autem
1177 3897 1261 3942 est
1311 3885 1421 3940 vita
1477 3887 1578 3956 legi
1631 3902 1740 3941 non
1781 3890 2071 3955 subiacens
2125 3903 2140 3941 :
2198 3905 2261 3945 ac

2356 3888 2448 3939 καὶ
2483 3886 2890 3957 μὴ’ὰρχόμενος
2932 3888 3039 3939 ὑπὸ
3064 3888 3250 3958 νόμου.
3292 3888 3353 3942 Ἦ
3385 3889 3440 3942 δὲ
3470 3889 3729 3959 ἐλευθέρα
3759 3891 3929 3952 ἐστὶν,

698 3977 924 4048 proinde
968 3979 1118 4031 omni
1166 3977 1402 4032 naturali
1439 3981 1770 4032 necessitate
1813 3986 1867 4033 et
1913 3979 2263 4035 aberratione

2356 3979 2389 4047 ή
2420 3978 2493 4048 μὴ
2531 3979 2860 4049 ὑποκειμένη
2905 3979 3054 4050 νόμῳ
3093 3980 3205 4050 ζωή
3239 3997 3254 4012 ·
3293 3980 3399 4050 ἄρα
3463 3980 3642 4052 πάσης
3697 3982 3933 4052 φυσικῆς

696 4069 950 4136 superior
973 4075 1090 4130 est;
1126 4073 1178 4118 et
1209 4067 1298 4135 qui
1333 4066 1473 4118 hanc
1507 4066 1785 4136 ingressus
1821 4069 2007 4132 vitam,
2037 4083 2067 4122 a
2099 4083 2264 4123 carne

2357 4071 2602 4141 ἀνάγκης
2639 4072 2731 4124 καὶ
2755 4073 3112 4143 παρατροπῆς
3145 4073 3397 4143 ὑπεράνω
3429 4073 3540 4126 ἐστί
3572 4093 3585 4104 ο
3629 4075 3726 4127 καὶ
3755 4077 3781 4127 ὁ
3815 4077 3933 4126 είσ·

697 4161 957 4213 liberatus
983 4168 1036 4214 et
1060 4161 1216 4229 quasi
1253 4167 1474 4223 exutus,
1513 4167 1566 4212 et
1605 4158 1842 4229 Spiritus
1877 4162 2051 4217 sancti
2089 4163 2265 4232 parti-

2359 4163 2528 4217 ελΟὼν
2557 4166 2634 4228 είς
2678 4164 2860 4236 αὐτὴν]
2889 4164 3276 4236 ἐλευθερωθεὶς
3309 4163 3382 4226 ὼς
3407 4164 3510 4229 ἐξω
3544 4163 3744 4233 σαρκὸς
3769 4204 3782 4227 ,
3839 4161 3936 4215 καὶ

697 4267 825 4322 ceps
849 4251 1048 4313 factus,
1087 4260 1231 4304 totus
1256 4260 1310 4305 et
1345 4251 1459 4320 ipse
1489 4251 1709 4306 Christo
1740 4253 1832 4322 qui
1858 4269 2072 4308 onmem
2102 4270 2266 4312 exsu-

2360 4259 2469 4330 πῦρ
2499 4259 2843 4329 χρηματίσας
2892 4258 2949 4309 ἐν
2978 4256 3235 4327 μετουσίᾳ
3266 4255 3358 4308 τοῦ
3395 4256 3711 4323 ιινεὺματος
3734 4295 3749 4321 ,
3798 4254 3934 4316 ὅλως

697 4355 850 4413 perat
881 4354 1156 4405 naturam.
1188 4345 1388 4410 unitur,
1415 4359 1539 4399 cum
1564 4348 2089 4404 evacuaveritomne
2119 4351 2264 4420 quod

2361 4353 2456 4406 καὶ
2529 4355 2686 4416 αὐτὸς
2741 4351 2818 4422 τῷ
2876 4350 3132 4423 ὑπεράνω
3211 4349 3392 4418 πάσης
3463 4346 3677 4416 φύσεως
3749 4345 3934 4416 ήνώθη

695 4453 762 4492 ex
789 4448 939 4509 Pa"le
970 4437 1138 4491 θδυθο
1402 4506 1405 4507 ,
2361 4445 2622 4517 Χριστῷ,
2689 4444 3129 4506 καταονηθέντος
3203 4443 3260 4495 ἐν
3330 4439 3478 4508 αὑτῷ
3547 4439 3642 4491 τοῦ
3704 4440 3770 4490 ἐκ
3841 4439 3938 4504 μέο

2297 4545 2340 4599 ι)
2367 4559 2512 4614 ρους.

768 4617 858 4674 92.
902 4617 958 4673 Si
994 4618 1116 4687 quis
1147 4634 1317 4689 capax
1349 4628 1430 4674 est
1455 4621 1698 4676 scientia:
1730 4622 1886 4692 primi
1921 4621 2255 4690 intellectus,
2317 4653 2334 4667 ι

2317 4653 2334 4667 δ
2432 4631 2535 4702 ιβ’.
2582 4631 2638 4682 '0
2673 4631 2762 4684 τοῦ
2795 4631 3011 4698 πρώτου
3043 4629 3160 4692 νοὸς
3186 4628 3282 4698 τὴν
3308 4628 3506 4696 γνῶσιν
3547 4627 3826 4696 χωρήσας,
3882 4624 3937 4686 ὃς

697 4711 789 4780 qui
833 4718 917 4764 est
949 4710 1193 4763 omnium
1237 4711 1563 4780 principium
1613 4723 1663 4768 et
1696 4712 1838 4780 finis,
1871 4725 1924 4772 et
1959 4717 2012 4771 in
2048 4732 2106 4772 se
2141 4718 2263 4771 inll~

2365 4730 2479 4780 ἐστι
2512 4724 2618 4779 τῶν
2649 4725 2784 4776 ὅλων
2808 4723 3068 4792 ἀρχὴκαὶ
3120 4721 3270 4776 τέλος
3299 4761 3312 4784 ,
3370 4719 3462 4772 καὶ
3511 4719 3763 4788 ἀόριστος
3816 4715 3941 4768 καθ’

699 4805 871 4866 nitus,
895 4809 949 4854 et
988 4801 1129 4855 intra
1162 4811 1425 4871 extraque
1448 4804 1630 4858 omnia
1667 4814 1936 4872 versatur,
1969 4807 2059 4862 ille
2083 4811 2184 4863 scit
2210 4818 2262 4864 et

2366 4820 2577 4884 ἑαυτὸν,
2606 4817 2823 4870 καὶτῶν
2852 4816 3027 4868 ἄλλων
3067 4815 3318 4867 ἁπάντων
3353 4813 3585 4882 ὑπάρχει
3635 4810 3789 4871 ἐντος
3842 4809 3939 4862 καὶ

701 4894 850 4949 solus
892 4907 1015 4947 cum
1064 4907 1123 4948 se
1165 4893 1305 4959 solo,
1350 4904 1404 4949 et
1439 4895 1590 4951 solus
1638 4896 1780 4952 inter
1829 4900 1974 4956 solos
2028 4901 2209 4955 vivere
2246 4921 2259 4956 :

2374 4909 2547 4972 ἐκτὸς,
2581 4907 2685 4961 οίδε
2731 4907 2823 4960 καὶ
2859 4907 3014 4976 μόνος
3067 4903 3342 4975 μονάζειν,
3383 4905 3476 4956 καὶ
3537 4903 3702 4972 μέσον
3763 4901 3943 4970 μόνων

701 4984 774 5038 ita
825 4991 883 5037 ut
925 4998 1100 5055 neque
1135 4984 1304 5038 ullum
1345 5001 1408 5040 ex
1442 4986 1733 5043 solitudine
1790 4991 2027 5059 patiatur
2080 4991 2259 5062 perfe-

2377 5003 2625 5072 μονάζειν
2664 5018 2677 5032 ο
2729 4999 2801 5062 ὼς
2855 5000 2991 5067 μήτε
3046 4996 3121 5066 τῷ
3173 4996 3330 5066 μόνον
3366 4989 3545 5058 εἶναι,
3588 4991 3682 5045 τοῦ
3731 4990 3940 5044 τελείου

703 5079 901 5132 ctionis
927 5077 1336 5142 detrimentum,
1363 5094 1534 5148 neque
1560 5095 1680 5136 cum
1702 5083 1891 5139 multis
1924 5085 2107 5140 vivens
2131 5085 2262 5139 soli-

2375 5095 2577 5164 ζημίαν
2635 5089 3002 5162 ὑφίστασθαι,
3063 5090 3200 5159 μήτε
3251 5087 3327 5156 τῷ
3363 5087 3500 5155 μετὰ
3553 5085 3799 5147 πολλῶν,
3843 5084 3943 5153 τῆς

702 5170 876 5224 larius
915 5183 1034 5224 esse
1066 5169 1302 5234 desinat,
1337 5175 1430 5226 sed
1465 5172 1536 5226 sit
1574 5174 1774 5242 ubique
1804 5174 1942 5228 idem
1975 5188 2029 5229 et
2063 5178 2112 5229 in
2139 5191 2241 5230 om-

2379 5189 2681 5259 μονώσεως,
2723 5185 2837 5239 ἀλλ’
2899 5179 3036 5236 εἶναι
3081 5183 3172 5235 τὸν
3217 5181 3380 5235 αὑτὸν
3433 5178 3709 5246 πανταχοῦ
3743 5180 3834 5231 καὶ
3890 5180 3945 5231 ἐν

705 5263 864 5317 nibus
897 5261 1067 5326 solus,
1102 5271 1362 5335 tanquam
1397 5266 1723 5337 principium
1760 5283 1870 5338 quo
1901 5269 1988 5322 alii
2017 5284 2270 5324 movean-

2379 5272 2510 5324 πάσι
2562 5269 2719 5340 μόννν
2748 5287 2760 5299 ·
2795 5269 2868 5332 ὼς
2917 5269 3090 5338 ἀρχὴν
3123 5269 3221 5338 μὲν
3277 5277 3412 5337 προς
3441 5267 3501 5319 τὸ
3539 5263 3792 5342 μονάςειν
3835 5269 3944 5330 τοῖς

708 5364 797 5408 tur
835 5353 902 5408 ad
939 5354 1312 5423 solitudinem,
1339 5368 1393 5412 et
1440 5357 1561 5415 (luis
1606 5362 1916 5431 propositus
1958 5372 2015 5409 ιιι
2059 5379 2265 5417 summa

2377 5363 2552 5425 ἄλλοις
2585 5363 2707 5414 ὄντα
2737 5363 3018 5430 κινήσεως,
3043 5360 3192 5424 τέλος
3227 5360 3281 5412 δὲ
3306 5359 3665 5428 προκείμενον
3695 5359 3791 5427 τῆς
3817 5361 3945 5428 ἁρε-

705 5445 929 5500 virtutis
961 5445 1243 5515 perfectio.

1234 5486 1243 5500 .
2379 5458 2477 5524 τῆς
2511 5453 2862 5507 τελειότατον.

781 5535 872 5591 93.
912 5537 1046 5590 (lum
1081 5540 1566 5610 animusetcorpus
1612 5544 1884 5601 iuconfusi
1921 5548 2179 5603 uniantur
2212 5562 2263 5604 ct

2444 5543 2547 5613 ια’.
2622 5543 2683 5596 'll
2738 5542 3038 5609 άσύγχυτος
3099 5542 3319 5602 ἓνωσις,
3383 5539 3476 5592 καὶ
3543 5540 3813 5608 συνάφεια
3851 5539 3948 5608 τῆς

707 5629 1137 5698 coniungantur,
1173 5630 1218 5686 si
1246 5631 1404 5689 ambo
1434 5636 1793 5703 concordant,
1829 5655 1996 5694 unum
2023 5643 2261 5698 etiit-iuut

2374 5639 2575 5709 ψυχῆς,
2599 5637 2690 5691 καὶ
2717 5636 2806 5688 τοῦ
2837 5636 3085 5704 σώματος
3106 5672 3119 5696 ,
3163 5633 3527 5703 συμφωνοῦσα
3579 5631 3701 5684 καθ’
3729 5634 3951 5700 ἑαυτὴν,

783 5806 825 5839 θ’
857 5806 872 5859 l
901 5808 1020 5860 Cor.
1059 5823 1169 5871 xui,
1203 5809 1285 5861 l0.
