4124 6338
237 356 364 421 1005

1097 372 1644 436 GNOSTICORUM
1683 379 2021 443 CAPITUM
2050 388 2440 451 CENl‘URIA
2479 395 2592 455 III.

3299 402 3436 468 1006

228 487 282 539 ἓν
312 485 468 556 εργον
497 485 766 547 ἀποτελεῖ,
794 487 901 537 εἴτε
936 485 1028 553 τῆς
1060 485 1212 556 ὕλης,
1247 487 1355 540 εἴτε
1394 488 1491 557 τῆς
1532 489 1744 557 φύσεως

1881 513 2037 568 opus,
2075 504 2189 558 sive
2225 508 2483 571 mater-iac,
2530 510 2643 564 sive
2685 518 2922 579 naturae;
2957 513 3001 569 si
3048 532 3176 573 vero
3224 520 3433 575 discor-

232 575 304 645 μὴ
333 576 701 645 συμφωνοῦσα
725 575 801 641 δὲ,
844 580 939 646 τὴν
960 577 1254 646 ἐπιθυμίαν
1291 579 1389 647 τῆς
1411 580 1565 650 νίκης
1594 581 1797 651 ἐγείρει

227 668 504 739 ἐμφύλιον.
556 668 695 720 Ἀλλ’
725 671 750 720 ὁ
785 668 938 735 λόγος
973 668 1139 721 ἐλθὼν
1174 672 1265 723 καὶ
1295 673 1355 723 τὸ
1403 673 1562 742 κῦρος
1594 673 1794 740 λαϐὼν,

226 758 337 813 λύει
373 760 471 830 μὲν
495 759 693 813 αὐτίκα
722 759 811 813 τὸν
851 760 1035 829 ζῆλον,
1075 762 1414 832 πρεσϐεύσας
1462 765 1518 816 δὲ
1546 765 1644 834 τὴν
1667 765 1797 834 ὀμό-

227 868 399 914 νοιαν,
426 850 488 903 τὸ
523 853 630 904 πᾶν
665 850 771 902 τῶν
789 849 965 921 ἔργων
999 855 1064 921 τῇ
1095 853 1254 922 φύσει
1282 853 1377 906 καὶ
1417 855 1493 924 τῷ
1530 856 1798 927 πνεύματι

223 941 453 995 δίδωσιν.

294 1033 396 1098 ιβ.
434 1033 554 1085 Τῶν
579 1033 636 1084 ὲν
667 1036 799 1104 ἡμῖν
831 1034 994 1104 τριῶν
1019 1035 1187 1089 ὄντων
1215 1045 1587 1106 κυριωτάτων,
1614 1038 1670 1092 τὸ
1702 1040 1799 1110 μὲν

223 1123 400 1177 αὐτῶν
433 1123 610 1194 ἄρχει,
641 1125 740 1176 οὐκ
791 1124 1015 1194 ἄρχεται
1038 1125 1094 1177 δέ
1119 1142 1133 1156 ο
1170 1126 1232 1178 τὸ
1261 1128 1316 1180 δὲ
1359 1129 1449 1180 καὶ
1503 1129 1657 1200 ἄρχει
1706 1132 1799 1184 καὶ

222 1213 444 1282 ἄρχεται
471 1230 484 1243 ·
515 1215 577 1266 τὸ
624 1214 678 1266 δὲ
707 1215 806 1267 οὐκ
837 1215 1016 1286 ἄρχει,
1052 1217 1278 1287 ἄρχεται
1321 1219 1397 1272 δέ.
1429 1221 1596 1273 Ὅταν
1622 1216 1716 1275 οῦν
1740 1222 1800 1276 τὸ

222 1299 386 1369 ἄρχον
435 1301 539 1352 ὑπὸ
573 1301 764 1370 ἑτέραν
812 1302 1040 1371 γένηται
1084 1305 1190 1357 τῶν
1243 1306 1560 1377 ἀρχομένων
1600 1311 1796 1380 ἀρχὴν,

220 1390 402 1444 δοῦλον
427 1390 488 1443 τὸ
513 1392 669 1460 φύσει
701 1393 981 1464 ἐλεύθερον
1012 1398 1124 1459 τοῖς
1157 1396 1312 1463 φύσει
1336 1398 1539 1468 δούλοις
1573 1402 1795 1468 ὁρᾶταιο

1880 591 2029 656 dant,
2060 596 2232 649 oritur
2262 599 2418 665 quasi
2467 600 2664 654 bellum
2705 603 2863 660 civile
2915 606 3004 660 ubi
3053 616 3276 678 utraque
3310 628 3432 681 pars

1879 683 2166 738 victoriam
2201 688 2426 755 appetit.
2461 689 2564 744 Sed
2597 692 2735 746 ratio
2764 697 3156 764 superveniens
3184 707 3235 752 ct
3264 702 3432 768 impe-

1881 777 2021 830 rium
2079 792 2394 848 occupans,
2447 780 2775 838 simultatem
2832 785 3071 851 dirimit,
3128 793 3433 846 concordiae

1878 884 2035 924 suum
2068 871 2247 925 reddit
2277 873 2559 940 honorem,
2593 881 2646 929 ct
2678 887 2875 931 cuncta
2907 893 3072 948 opera
3102 882 3192 934 dat
3226 895 3433 940 natura:

1877 969 1931 1015 et
1961 962 2201 1029 spiritui.

1947 1052 2035 1106 94.
2079 1050 2154 1106 Ex
2184 1051 2358 1108 tribus
2401 1069 2521 1122 quae
2573 1055 2731 1111 nobis
2780 1057 2966 1112 insunt
3020 1061 3289 1127 partibus.
3329 1076 3434 1116 una

1876 1145 2107 1213 imperat
2140 1160 2241 1199 nec
2267 1144 2484 1199 subdita
2520 1154 2624 1212 est,
2662 1147 2832 1203 altera
2862 1148 3093 1217 imperat
3131 1159 3183 1202 et
3213 1151 3434 1204 subdita

1877 1242 1983 1298 est,
2016 1236 2176 1291 tertia
2214 1252 2324 1291 non
2361 1237 2614 1307 imperat,
2651 1240 2744 1295 sed
2782 1240 2996 1295 subdita
3043 1249 3142 1295 est.
3177 1240 3310 1295 Cum
3339 1242 3436 1311 igi-

1885 1333 1975 1376 tur
2025 1339 2146 1392 pars
2185 1324 2458 1393 imperans
2499 1327 2836 1382 subditarum
2887 1329 3116 1398 imperio
3168 1332 3434 1399 suhjacet,

1876 1420 2003 1468 tunc
2029 1430 2154 1484 pars
2191 1425 2386 1470 natura
2418 1418 2587 1472 libera
2612 1419 2860 1488 partibus
2897 1429 3090 1474 natura
3117 1424 3291 1476 servis
3321 1438 3437 1477 ser-

221 1482 310 1534 m‘.
336 1482 440 1548 τῆς
469 1483 604 1545 ἰδίας
652 1484 928 1549 ἐξίσταται
962 1486 1138 1555 ἀρχῆς
1183 1504 1238 1538 τε
1271 1465 1365 1539 καλ
1412 1465 1646 1557 φύσεως,
1702 1493 1791 1545 καὶ

1881 1465 1999 1468 -
2029 1465 2151 1484 τη--
2193 1465 2386 1470 _-_-_-_
2420 1465 2587 1472 --πη
2612 1465 2860 1488 ,μω-ν-
2897 1465 3090 1474 .._-_._
3117 1465 3192 1475 η.
3220 1465 3291 1476 ..υ
3321 1465 3398 1477 νυ.

1874 1506 1988 1559 vire
2013 1506 2250 1567 videtur.
2285 1520 2347 1561 ac
2375 1507 2440 1562 de
2474 1511 2693 1578 propria
2725 1510 2928 1564 decidit
2955 1511 3218 1580 dignitate
3248 1521 3300 1566 et
3335 1528 3433 1566 na-

223 1572 408 1636 στάσις
441 1575 498 1625 ὲν
528 1572 734 1636 τούτοις
781 1574 990 1644 μεγάλη
1022 1575 1159 1628 ἐστί.
1193 1577 1438 1640 Στάσεως
1467 1579 1523 1630 δὲ
1547 1580 1791 1652 τοιαύτης

1874 1602 2020 1660 tura,
2049 1602 2103 1650 et
2137 1611 2331 1666 magna
2365 1598 2418 1650 in
2464 1572 2552 1653 his
2576 1572 2810 1654 rebellio
2861 1607 2964 1655 est.
3008 1572 3124 1655 'I‘ali
3167 1611 3345 1656 autem
3380 1604 3432 1655 in

219 1663 278 1716 ιν
304 1661 513 1726 τούτοις
567 1662 774 1732 οὔσης,
823 1663 974 1718 οὔπω
1035 1668 1103 1719 τὰ
1166 1667 1342 1720 πάντα
1389 1669 1791 1740 ὑποτεταγμένα

1874 1684 1962 1741 his
1992 1694 2177 1741 exorta
2222 1687 2812 1753 rebellione,-nondum
2846 1689 3029 1744 omnia
3071 1689 3267 1743 rationi
3302 1690 3434 1743 obe-

219 1749 433 1820 ὁρῶμεν
461 1751 539 1818 τῷ
577 1751 740 1821 λόγῳ.
792 1753 1059 1822 Ὀπηνίκα
1088 1755 1143 1808 δὲ
1184 1757 1242 1809 τὸ
1278 1758 1444 1829 ἄρχον
1490 1760 1596 1814 τῶν
1626 1762 1800 1818 ἄλλων

220 1844 540 1913 κρατήσειε,
573 1844 666 1897 καὶ
693 1844 797 1898 ὑπὸ
826 1845 923 1916 τὴν
947 1848 1151 1900 οίκείαν
1173 1850 1346 1920 ἀρχὴν
1364 1853 1456 1905 καὶ
1486 1853 1804 1909 δεσποτείαν

218 1934 332 2001 ἄξει
355 1935 513 1999 αὐτὰ,
533 1936 834 2005 τηνικαῦτα
856 1940 934 2000 είς
967 1939 1024 1990 ἓν
1051 1940 1420 2011 συνδραμόντα
1434 1943 1500 1995 τά
1515 1944 1793 2011 διεστῶτα,

220 2025 312 2076 καὶ
340 2026 800 2095 ὀμοφωνήσαντα,
836 2029 1061 2097 είρὴνην
1086 2029 1208 2095 ἄγει
1246 2031 1313 2083 τὰ
1349 2032 1485 2101 πρὸς
1505 2034 1596 2086 τὸν
1625 2036 1756 2090 Θεόν
1779 2054 1795 2070 ο

218 2112 313 2164 καὶ
368 2114 588 2165 πάντων
657 2116 1038 2182 ὑποταγέντων
1089 2116 1168 2186 τῷ
1216 2118 1396 2187 λόγῳ,
1445 2122 1796 2192 παραδίδοται

220 2205 251 2273 ἡ
288 2203 538 2273 βασιλεία
576 2206 709 2274 παρ’
730 2206 908 2259 αὑτοῦ
937 2207 1012 2274 τῷ
1037 2207 1153 2278 Θεῷ
1185 2209 1278 2262 καὶ
1309 2212 1500 2281 Πατρί.

283 2299 391 2360 με’.
426 2296 555 2359 Ταῖς
596 2297 884 2368 τέσσαρσιν
916 2299 1109 2368 ἀρχαῖς
1141 2300 1248 2353 τῶν
1303 2302 1532 2368 γενικῶν
1561 2304 1792 2372 ἀρετῶν,

219 2386 481 2456 ήπεντάς
525 2387 633 2439 τῶν
662 2386 965 2457 αἰσθήσεων
1008 2390 1468 2458 καθυποταγείσα,
1517 2393 1612 2446 καὶ
1656 2395 1793 2465 αὐτὴ

221 2474 504 2544 φυλάξασα
524 2476 621 2544 τὴν
648 2476 978 2543 εὐπείθειαν,
1009 2477 1106 2548 τὴν
1135 2480 1198 2532 ὲκ
1215 2483 1493 2552 τεσσάρων
1515 2487 1794 2555 στοιχεῖων

219 2570 549 2623 κλασθεῖσα-ι
570 2571 732 2639 φύσιν
765 2569 859 2623 τοῦ
900 2569 1169 2641 σώματος,
1205 2571 1494 2641 ἀταράχως
1531 2575 1797 2626 κινεῖσθαι

222 2663 346 2733 περὶ
391 2661 484 2714 τὸν
529 2662 724 2732 τροχὸν
769 2661 864 2715 τοῦ
917 2663 1031 2730 βίου
1064 2664 1498 2731 παρασκευάζει.
1558 2663 1713 2717 Οὕτω
1744 2665 1799 2717 δὲ

221 2751 547 2821 κινουμένης
580 2752 769 2822 αὐτῆς.
797 2753 851 2805 αἱ
888 2752 1145 2820 δυνάμεις
1177 2753 1312 2823 πρὸς
1345 2754 1542 2818 ἑαυτὰς
1572 2754 1633 2807 οὒ
1679 2772 1798 2809 στα-

222 2840 504 2904 σιάζουσιν
533 2858 548 2871 ⁸
581 2841 715 2894 ἀλλὰ
741 2841 834 2894 τοῦ
877 2841 1179 2907 παθητικοῦ
1215 2843 1409 2913 μέρους
1463 2843 1562 2912 τῆς
1611 2845 1797 2896 ἐπιθυ-

227 2932 350 3002 μίας
407 2934 506 2985 καὶ
554 2933 648 2986 τοῦ
686 2933 882 3000 θυμοῦ,
923 2933 1002 3004 τῷ
1058 2933 1352 3006 λογιστικῷ
1413 2936 1795 3004 συναφθέντος,

221 3027 508 3082 ἀναλαϐὼν
577 3029 636 3082 τὸ
703 3029 932 3099 φυσικὸν
955 3030 1196 3098 --κράτος
1253 3030 1279 3081 ὁ
1326 3028 1469 3093 νοῦς,
1503 3029 1655 3099 ἆρμα
1699 3030 1797 3098 μὲν

1871 1775 2069 1831 dientia
2099 1777 2362 1833 videmus.
2395 1777 2529 1832 Cum
2562 1785 2782 1833 econtra
2825 1793 2950 1848 pars
2991 1777 3263 1848 imperans
3298 1779 3433 1832 alias

1879 1867 2191 1922 dominatur
2221 1876 2273 1922 et
2307 1868 2410 1922 sub
2457 1871 2732 1938 propriam
2780 1869 2978 1940 redigit
3005 1877 3322 1938 potestatem
3369 1883 3434 1921 ac

1876 1955 2162 2023 ditionem,
2198 1965 2331 2012 tunc
2382 1968 2565 2026 partes
2610 1957 2844 2015 diversas
2878 1959 2932 2012 in
2988 1972 3153 2011 unum
3200 1970 3434 2010 concur-

1876 2052 2058 2103 rentes
2103 2057 2156 2100 et
2196 2057 2558 2105 consonantes
2598 2049 2654 2104 in
2688 2063 2823 2119 pace
2856 2049 2924 2104 ad
2963 2051 3129 2103 Deum
3179 2047 3429 2113 tendunt,

1876 2143 1932 2189 et
1977 2137 2232 2193 omnibus
2285 2137 2484 2193 rationi
2535 2138 2828 2209 subjectis,
2889 2138 3004 2194 haec
3053 2152 3282 2208 regnum
3322 2137 3431 2190 Deo

1874 2226 2021 2281 Patri
2053 2227 2237 2282 tradit.

1940 2317 2031 2372 95.
2073 2319 2204 2371 Cum
2233 2327 2467 2389 quatuor
2491 2320 2771 2391 principiis
2789 2321 3050 2376 virtutum
3074 2314 3427 2396 cardinalinm

1874 2408 2077 2463 subditi
2123 2416 2251 2463 sunt
2291 2411 2532 2479 quinque
2573 2425 2768 2466 sensus
2832 2410 3179 2478 debitamque
3214 2417 3431 2464 servant

1875 2498 2262 2565 obedientiam,
2295 2507 2408 2554 tum
2459 2516 2488 2556 e
2520 2509 2756 2570 quatuor
2805 2501 3088 2556 elementis
3135 2499 3430 2568 composita

1874 2591 2116 2655 corporis
2157 2597 2351 2644 natura
2399 2589 2690 2660 tranquille
2722 2590 2865 2646 circa
2916 2591 3043 2646 vitae
3091 2589 3426 2645 curriculum

1877 2685 2142 2733 movetur.
2185 2678 2357 2750 Hujus
2385 2689 2568 2736 autem
2598 2681 2781 2736 taliter
2819 2694 2939 2737 sese
2969 2679 3232 2735 moventis
3266 2678 3430 2731 facul-

1873 2773 2013 2819 tates
2049 2779 2157 2821 non
2199 2780 2228 2819 a
2260 2782 2319 2823 se
2352 2767 2582 2823 invicem
2621 2768 2919 2835 dissident;
2957 2769 3055 2824 sed
3084 2767 3430 2838 passionibus

1876 2858 2333 2928 concupiscentiae
2356 2865 2410 2913 et
2455 2858 2546 2913 iraa
2578 2859 2777 2914 rationi
2805 2857 3085 2930 subjectis,
3118 2858 3428 2914 intellectus

1874 2949 2113 3002 nativam
2141 2960 2473 3018 recuperatis
2501 2947 2954 3015 dominationem,
2988 2957 3221 3020 quatuor
3249 2949 3428 3004 virtu-

1875 3047 1988 3092 tum
2018 3038 2282 3106 prineipia
2315 3039 2367 3093 in
2395 3053 2638 3105 currum,
2666 3048 2902 3109 quatuor
2933 3053 3062 3094 vero
3083 3053 3277 3095 sensus
3300 3038 3429 3093 sub-

218 3119 410 3173 ιαυτοῦ
441 3122 538 3183 τάς
570 3121 839 3192 τέσσαρας
868 3124 1103 3176 ποιεῖται
1133 3122 1308 3191 ἀρχάς
1327 3137 1341 3150 ·
1381 3122 1567 3189 θρόνον
1595 3122 1651 3174 δὲ
1698 3122 1791 3192 τὴν

1874 3127 2019 3182 ditos
2081 3127 2136 3181 in
2192 3128 2445 3183 thronum
2507 3129 2768 3198 disponit,
2822 3144 2885 3184 ae
2940 3128 3205 3184 debellata
3246 3128 3426 3182 carnis

222 3211 413 3281 δούλην
466 3213 722 3278 πεντάδα,
785 3213 996 3282 καὶτῆς
1061 3212 1432 3282 τυραννούσης
1483 3229 1794 3283 καταστρα-

220 3301 414 3365 τεύσας
452 3301 675 3372 σαρκὸς,
696 3302 1001 3372 τέθριππος
1033 3305 1112 3365 είς
1139 3302 1398 3372 οὐρανοὺς
1422 3302 1796 3371 ἁρπαζόμενος

221 3391 457 3463 αἴρεται,
490 3393 584 3445 καὶ
607 3391 684 3462 τῷ
710 3391 919 3462 βασιλεί
947 3394 1230 3464 παραστάς
1258 3393 1367 3446 τῶν
1394 3391 1603 3445 αἰώνων
1627 3433 1642 3455 ,
1677 3393 1794 3445 στέ-

223 3499 377 3551 φεται
402 3484 503 3553 τῆς
526 3483 682 3552 νίκης
711 3484 771 3535 τὸ
804 3485 996 3551 στέφος
1040 3500 1050 3511 ·
1092 3485 1185 3536 καὶ
1231 3486 1286 3535 ἐν
1316 3483 1459 3552 αύτῷ
1490 3482 1794 3536 καταπαύει

222 3574 395 3629 πάντα
420 3576 514 3628 τὸν
537 3576 734 3646 δρόμον
767 3575 952 3629 αὑτοῦ.

289 3672 407 3734 Ag“.
439 3669 566 3728 Τοῖς
596 3671 652 3719 ὲν
672 3669 748 3736 τῷ
776 3667 952 3738 χρόνῳ
986 3667 1374 3736 τελειουμένοις
1407 3668 1501 3735 τῆς
1541 3667 1791 3737 θεωρίας,

223 3756 313 3809 καὶ
337 3758 416 3820 είς
443 3758 573 3820 τοὺς
604 3756 825 3819 στύλους
856 3755 1292 3826 ὲπερειδομένοις
1323 3756 1415 3807 τοῦ
1447 3757 1785 3825 Πνεύματος,

222 3850 430 3918 κρατὴρ
459 3849 735 3918 κιρνᾶται,
770 3849 862 3900 καὶ
891 3848 1051 3918 ἄρτος
1079 3850 1143 3900 ὲκ
1178 3847 1458 3917 βασιλικῆς
1477 3847 1790 3916 προτίθεται

220 3937 560 4000 πανδαισίας,
601 3938 784 4007 θρόνος
817 3938 895 4000 είς
923 3939 1250 4003 ἀνάπαυσιν,
1305 3939 1398 3991 καὶ
1447 3939 1526 4000 είς
1560 3938 1788 3994 πλοῦτον

219 4026 502 4097 ἀργύριον,
528 4028 621 4080 καὶ
648 4028 916 4099 θησαυρὸς
945 4031 1262 4099 μαργάρων,
1285 4030 1377 4082 καὶ
1406 4028 1566 4082 λίθων
1592 4031 1789 4100 τιμίων

220 4117 308 4171 ἐπὶ
331 4119 528 4190 θύραις
555 4120 892 4187 εὑρίσκεται,
951 4125 1044 4174 καὶ
1105 4121 1332 4185 πλοῦτος
1382 4122 1562 4185 αὐτοῖς
1603 4123 1790 4194 ἀναρί-

218 4209 422 4281 θμητος
463 4213 521 4264 ὲν
545 4213 703 4281 χερσὶ
729 4212 949 4267 δίδοται.
969 4213 1203 4275 Τούτους
1226 4214 1568 4283 διορατικοὺς
1591 4215 1789 4284 ἄνδρας

217 4303 250 4372 ἡ
301 4303 501 4372 πρᾶξις
548 4305 960 4368 άποτελέσασα,
1011 4306 1075 4358 ὲκ
1132 4308 1443 4374 ταχυτάτων
1485 4308 1565 4368 είς
1626 4308 1783 4378 ἔργα,

1873 3221 2181 3289 tyrannide,
2224 3221 2504 3291 quadrigis
2532 3231 2723 3291 raptus
2753 3221 2807 3275 in
2833 3220 3029 3276 coelum
3063 3219 3328 3284 evehitur,
3371 3225 3427 3273 et

1871 3319 2058 3365 astans
2087 3311 2201 3380 regi
2237 3311 2581 3376 smculorum,
2611 3319 2907 3366 coronatur
2928 3324 3131 3365 corona
3153 3309 3420 3373 victoriae,

1871 3405 1922 3458 in
1957 3421 2128 3475 eoque
2160 3423 2188 3460 a
2223 3422 2386 3460 cursu
2417 3407 2693 3462 laborioso
2725 3404 3044 3474 requiescit.

1939 3663 2032 3720 96.
2103 3663 2167 3718 lis
2186 3665 2280 3730 qui
2308 3670 2548 3731 tempore
2568 3661 3047 3732 contemplationis
3067 3661 3423 3730 perﬁciuntur

1872 3766 1926 3811 et
1957 3756 2268 3809 innituntur
2297 3755 2567 3809 columnis
2609 3755 2845 3824 Spiritus
2872 3753 3071 3817 sancti,
3121 3752 3261 3806 calix
3323 3751 3426 3804 mi-

1872 3857 2075 3909 scetur,
2117 3856 2170 3900 et
2204 3847 2360 3912 panis
2392 3845 2617 3899 oll'ertur
2646 3845 2710 3899 de
2741 3844 2909 3912 regali
2957 3857 3165 3899 mensa.
3193 3842 3422 3894 thronus

1876 3941 1943 3992 ad
1977 3939 2423 4007 requiescendum
2452 3936 2816 4006 apponitur.et
2843 3935 2908 3989 ad
2940 3933 3309 3988 ditescendum
3339 3947 3425 3986 ar-

1872 4029 2016 4097 genti
2040 4028 2562 4096 margaritarumque
2584 4034 2636 4080 et
2655 4025 2892 4093 lapidum
2917 4023 3201 4076 thesaurus
3221 4022 3274 4073 in
3297 4034 3422 4090 por-

1875 4120 1940 4174 tis
1969 4119 2236 4188 reperitur
2270 4120 2671 4186 innumeraeque
2706 4116 2907 4172 divitiae
2951 4114 3005 4168 in
3037 4112 3282 4167 manibus
3309 4121 3421 4165 tra-

1874 4215 2094 4264 duntur.
2135 4208 2241 4264 Hos
2269 4217 2425 4264 antea
2464 4207 2541 4262 ad
2572 4207 2836 4274 agendum
2880 4205 3185 4276 pracipites
3237 4201 3418 4272 praxis

1872 4300 2243 4356 consideratus
2288 4300 2546 4364 eﬂiciens,
2582 4300 2660 4353 eis
2700 4299 2899 4368 regiam
2947 4299 3287 4368 gravitatem,
3311 4311 3415 4350 non

218 4390 445 4462 βασιλεῖ,
482 4395 574 4446 καὶ
607 4396 707 4446 οὐκ
746 4395 969 4467 ἀνδράσι
1011 4395 1236 4467 νωθροῖς
1291 4398 1626 4466 παρεστάναι
1682 4416 1788 4450 πα-

1874 4404 1999 4445 vero
2030 4390 2311 4459 pignorum
2337 4389 2634 4442 tarditatem
2664 4388 2772 4442 dat.

217 4484 565 4552 ρασκευάζει.

284 4574 387 4642 ιιζί.
430 4578 672 4644 Πότερον
715 4580 748 4648 ἠ
804 4575 1050 4646 βασιλεία
1107 4577 1214 4630 τῶν
1262 4579 1504 4648 οὐρανῶν
1538 4578 1785 4632 ἐντεῦθεν

216 4665 312 4737 ἤδη
336 4673 472 4723 πᾶσι
507 4670 708 4723 δίδοται
740 4672 852 4734 τοῖς
887 4669 1216 4732 σπουδαίοις,
1255 4670 1285 4739 ἢ
1320 4671 1458 4740 μετὰ
1506 4672 1602 4741 τὴν
1633 4673 1784 4726 λύσιν

216 4764 307 4816 τοῦ
347 4765 638 4835 σώματος;
666 4761 729 4818 El
765 4765 863 4835 μὲν
891 4762 984 4819 οῦν
1012 4766 1280 4828 ἐντεῦθεν,
1307 4765 1368 4818 τὸ
1406 4769 1551 4827 νῖκος
1580 4770 1783 4820 ἀκατα-

219 4855 478 4925 μάχητον,
506 4858 538 4926 ἡ
560 4857 704 4927 χαρὰ
727 4858 1111 4928 άνεκλάλητος,
1145 4858 1238 4911 καὶ
1263 4860 1295 4928 ἡ
1324 4859 1460 4928 πρὸς
1489 4858 1580 4910 τὸν
1607 4860 1782 4926 παρά-

213 4946 383 5001 ὂεισον
413 4950 573 5019 ἡμῶν
606 4949 791 5013 ἄνοδος
847 4951 1108 5021 ἐλευθέρα
1132 4967 1145 4983 ο
1183 4952 1398 5002 ἵσταται
1458 4951 1565 5017 γὰρ
1628 4944 1781 5013 οὗτος

215 5037 349 5091 κατὰ
378 5038 531 5099 θείας
565 5039 783 5108 ἁμέσως
813 5040 1094 5100 ἀνατολάς.
1121 5041 1181 5092 Et
1210 5040 1265 5092 δὲ
1295 5040 1430 5110 μετὰ
1462 5042 1666 5109 πότμον
1687 5041 1780 5094 καὶ

213 5123 379 5192 λύσιν,
428 5128 714 5197 ζητητέον,
749 5132 796 5181 εί
835 5129 1001 5197 φόϐου
1040 5131 1269 5200 χωρὶςή
1330 5129 1506 5192 ἔξοδος
1544 5131 1773 5197 γίνεται.

214 5217 304 5269 καὶ
322 5218 376 5271 τί
395 5219 525 5270 ποτέ
551 5219 666 5270 ἐστι
691 5218 936 5286 βασιλεία
958 5219 1337 5287 οὐρανῶν,ξκαὶ
1359 5218 1602 5288 βασιλεία
1621 5219 1776 5284 Θεοῦ,

212 5309 302 5362 καὶ
325 5311 654 5380 παράδεισος
682 5312 940 5381 μάθωμεν
966 5328 979 5341 ·
1001 5312 1093 5364 καὶ
1122 5311 1174 5365 τί
1195 5311 1289 5363 τοῦ
1321 5313 1503 5379 ἑτέρου
1533 5310 1772 5379 διαφέρει

207 5390 265 5442 τὸ
286 5392 494 5461 ἕτερον,
525 5395 621 5446 καὶ
643 5394 724 5457 τίς
746 5397 774 5446 ὁ
804 5396 993 5464 χρόνος
1018 5395 1222 5449 τούτων
1246 5397 1499 5462 ἑκάστου,
1529 5399 1618 5451 καὶ
1650 5402 1697 5453 εί
1727 5402 1785 5454 ὲν

1943 4570 2026 4622 97.
2070 4570 2409 4624 (Σωιοι-ιιιηηε
2434 4583 2656 4636 regnum
2677 4570 2788 4636 jam
2815 4569 3028 4623 nuncin
3065 4576 3206 4621 terra
3239 4567 3415 4620 omni-

1870 4660 1970 4714 bus
1991 4660 2094 4727 piis
2114 4660 2293 4720 datur,
2320 4673 2385 4712 an
2410 4667 2616 4712 tantum
2645 4669 2763 4726 post
2787 4660 3110 4712 solutionem
3136 4657 3418 4725 corporis?

1872 4748 1926 4802 Si
1960 4749 2025 4801 ab
2057 4749 2140 4801 his
2185 4748 2365 4812 terris,
2401 4763 2530 4814 ergo
2564 4748 2672 4813 jam
2718 4763 2860 4801 nunc
2893 4746 3117 4800 victoria
3151 4754 3234 4800 est
3265 4746 3414 4798 inex-

1872 4839 2193 4909 pugnabilis,
2244 4845 2296 4891 et
2362 4837 2619 4906 gaudium
2679 4838 3062 4899 inenarrabile,
3122 4845 3176 4890 et
3243 4837 3414 4889 libera

1870 4929 2116 4984 ascensio
2146 4927 2211 4981 ad
2248 4928 2557 4996 paradisum
2583 4938 2853 4989 nostrum,
2885 4927 2971 4980 hic
3001 4927 3142 4979 enim
3175 4926 3416 4993 aperitur

1867 5019 2046 5074 statim
2083 5032 2144 5071 ac
2174 5018 2388 5071 divinus
2437 5019 2516 5073 sol
2552 5019 2725 5071 oritur
2754 5021 2804 5071 in
2839 5018 3016 5072 nobis.
3049 5015 3102 5070 Si
3135 5032 3263 5070 vero
3294 5026 3416 5084 post

1867 5114 2095 5160 mortem
2127 5113 2181 5160 et
2209 5106 2450 5174 corporis
2479 5105 2801 5160 solutionem
2827 5123 2842 5169 ;
2874 5105 3221 5172 quaerendum
3256 5104 3412 5158 nobis

1867 5205 1948 5252 est
1975 5183 2043 5250 an
2077 5197 2194 5250 sine
2228 5204 2371 5250 metu
2400 5196 2470 5249 sit
2499 5196 2676 5250 exitus
2700 5195 2822 5248 vitae
2852 5209 2914 5248 ac
2939 5193 3254 5248 discendum
3283 5193 3410 5260 quid

1867 5287 1938 5340 sit
1965 5301 2186 5355 regnum
2212 5285 2466 5355 Dei,quid
2491 5299 2715 5356 regnum
2740 5284 2998 5338 malorum
3030 5292 3080 5336 et
3104 5281 3408 5352 paradisus.

1865 5376 1919 5430 in
1947 5392 2054 5444 quo
2075 5376 2285 5432 dill'erat
2308 5392 2470 5430 unum
2500 5377 2567 5430 ab
2597 5378 2784 5440 altero,
2815 5376 3081 5443 quodnam
3113 5374 3181 5427 sit
3210 5372 3411 5424 utrius-

209 5483 316 5544 τοῖς
348 5482 686 5550 ἀμφοτέροις
730 5485 1014 5553 γινόμεθα,
1044 5487 1137 5537 καὶ
1167 5485 1304 5548 πῶς,
1346 5487 1438 5539 καὶ
1488 5487 1637 5550 πότε,
1688 5490 1785 5543 καὶ

1874 5482 1968 5536 que
1991 5476 2223 5536 tempus,
2244 5483 2310 5521 an
2337 5470 2386 5520 in
2413 5467 2675 5521 ambobus
2697 5464 3170 5535 simus,quomodo,
3193 5464 3407 5530 quando

213 5570 347 5640 μετὰ
372 5574 538 5624 πόσον
555 5572 765 5642 χρόνον.
804 5576 859 5624 ’0
882 5575 988 5642 γὰρ
1010 5577 1138 5628 εἴσω
1160 5577 1258 5645 τῆς
1287 5577 1507 5650 πρώτης
1524 5579 1780 5648 γεγονὼς,

1874 5566 1914 5613 et
1944 5568 2148 5627 quanto
2176 5568 2437 5627 tempore.
2477 5557 2578 5623 Qui
2614 5559 2756 5611 enim
2801 5557 2949 5622 prius
2979 5556 3197 5610 intravit
3229 5553 3404 5608 adhuc

212 5659 288 5715 ῑτι
320 5664 526 5734 περιὼν
578 5667 668 5719 καὶ
708 5667 804 5735 τὴν
833 5667 1007 5736 σάρκα
1069 5667 1266 5738 φορῶν,
1309 5669 1417 5722 τῶν
1473 5671 1674 5742 ἑτέρων
1717 5675 1776 5726 ού

1874 5650 2048 5706 vivens
2081 5661 2131 5706 et
2168 5665 2326 5705 carne
2350 5651 2595 5716 indutus,
2628 5650 2793 5706 altero
2818 5663 2923 5704 non
2965 5646 3333 5703 frustrabitur.

212 5749 523 5826 διήμαρτεν.
