4124 6338
665 335 796 402 i007

1916 334 2206 395 NICET£
2249 334 2666 397 PECTORATI

3750 338 3886 404 nos

728 447 819 504 98.
864 445 1131 519 Superior
1174 445 1432 509 mundus,
1467 459 1591 498 cum
1637 444 1818 499 adhuc
1864 445 2226 514 incomplctus

2384 437 2490 508 qu'.
2535 439 2596 492 '0
2628 440 2740 493 ἄνω
2772 439 2974 510 κόσμος
3001 441 3198 511 ἀτελὴς
3230 443 3419 508 ἐτιῶν,
3451 443 3599 512 μένει
3633 445 3730 513 τὴν
3756 445 3888 510 πλή-

659 541 756 606 sit,
781 546 1060 608 exspectat
1080 539 1255 592 donec
1284 535 1643 603 compleatur,
1676 544 1730 589 et
1754 545 2089 591 renovetura
2111 537 2222 605 pri-

657 629 951 699 mogenitis
981 624 1486 682 lsraelvidentibus
1525 625 1720 680 Deum.
1739 624 2054 697 Completur
2080 628 2224 682 enim

659 732 722 772 ac
750 717 1035 786 perﬁcitur
1078 715 1145 769 ab
1173 714 1243 771 iis
1277 715 1371 785 qui
1412 723 1648 768 currunt
1699 715 1753 768 in
1785 716 2071 770 scientiam
2109 716 2224 779 Dei,

657 817 712 864 et
746 823 776 862 a
806 809 1012 863 mundo
1049 806 1305 861 inferiore
1335 805 1633 877 perfectus,
1671 807 1906 862 ﬁdelium
1956 818 2009 862 et
2034 807 2225 862 inﬁde-

656 900 791 954 lium
823 899 1032 953 limites
1072 896 1464 961 determinans,
1513 912 1678 952 unam
1711 899 1815 954 sibi
1845 897 2066 954 conﬁcit
2098 912 2228 954 con-

655 989 1051 1061 gregationem,
1082 1002 1241 1042 suum
1290 988 1590 1058 unicuique
1623 990 1848 1060 gradum
1896 988 2227 1045 distribuens

657 1089 711 1136 et
745 1081 814 1134 ab
851 1079 1086 1135 invicem
1119 1092 1382 1148 separans
1421 1093 1543 1148 quae
1603 1081 1744 1134 inter
1773 1096 1831 1136 se
1877 1095 1986 1135 non
2028 1094 2227 1135 conve-

657 1172 849 1238 niunt;
884 1181 1048 1241 atque
1088 1173 1317 1226 aliorum
1365 1173 1630 1242 principia
1669 1173 1909 1241 ﬁnesque
1953 1188 1982 1227 a
2032 1188 2091 1229 se
2136 1174 2227 1228 de-

657 1266 823 1319 ducta
851 1265 918 1319 ad
954 1279 1013 1320 se
1041 1265 1277 1332 reducit,
1311 1282 1373 1321 ac
1413 1267 1612 1322 limilat
1647 1273 1703 1320 ut
1747 1266 2011 1320 terminus
2056 1266 2224 1322 inter-

656 1362 917 1426 minatus,
950 1362 1068 1430 ipse
1088 1377 1217 1418 vero
1238 1365 1306 1418 ab
1331 1362 1438 1417 alio
1458 1362 1727 1433 principio
1754 1375 1853 1415 nec
1876 1360 2098 1415 ducitur
2126 1376 2228 1415 nec

658 1453 930 1507 limitatur
975 1461 1236 1522 tanquam
1285 1466 1488 1509 motus.
1525 1454 1656 1508 Nam
1708 1451 2058 1522 semetipsum
2106 1468 2230 1524 per-

658 1555 820 1611 petuo
847 1554 1049 1608 movet,
1080 1546 1154 1598 ita
1183 1551 1241 1598 ut
1265 1560 1364 1600 nec
1393 1546 1529 1600 intra
1562 1548 1803 1616 seipsum
1838 1547 2225 1614 restringatur,

659 1652 761 1688 nec
797 1636 1047 1705 proprias
1078 1635 1216 1690 ﬁnes
1245 1637 1704 1708 transgrediatur,
1738 1637 1809 1693 sit
1842 1653 1969 1694 vero
1999 1637 2224 1693 aliorum

660 1726 1029 1784 sabbatismus
1058 1734 1110 1782 et
1132 1728 1353 1796 requies
1374 1729 1552 1784 omnis
1583 1729 1837 1799 principii
1865 1738 1919 1786 et
1946 1740 2145 1787 motus.

731 1906 822 1962 99.
854 1906 1058 1962 Novem
1100 1923 1348 1978 superna:
1367 1907 1754 1972 Potestates,ut
1774 1914 1986 1962 cantica
2009 1917 2061 1963 et
2080 1909 2231 1978 hym-

662 2015 760 2056 nos
785 2000 1140 2056 concinentes
1157 1999 1432 2069 triplicem
1461 1999 1706 2056 efﬁciunt
1736 2001 1987 2068 chorum,
2032 2015 2096 2056 ac
2133 2002 2230 2055 tri-

662 2085 796 2159 plici
823 2091 1015 2145 ordine
1035 2089 1356 2145 Trinitatem
1380 2091 1824 2157 circumstantes,
1845 2105 1968 2144 cum
1988 2097 2232 2145 tremore

669 2184 994 2252 hymnorum
1021 2182 1287 2235 sacriﬁcia
1312 2180 1559 2234 offerunt.
1597 2180 1797 2234 Harum
1821 2178 1938 2235 alim
1977 2181 2231 2249 expansis

659 2275 762 2329 alis
807 2273 1043 2343 cingunt
1073 2272 1315 2326 omnium
1353 2271 1688 2342 Principium
1719 2283 1772 2328 et
1804 2272 2036 2328 Causam
2063 2287 2092 2326 a
2125 2287 2228 2340 qua

659 2366 914 2418 oriuntur
953 2382 967 2418 :
1007 2380 1198 2419 omnes
1237 2372 1458 2419 attentze
1493 2366 1835 2435 hymnosque
1885 2365 2226 2426 inchoantes,

661 2454 888 2520 Throni,
915 2455 1211 2510 Cherubin]
1257 2464 1311 2509 et
1361 2456 1646 2524 Seraphim
1679 2465 2084 2524 nuncupantur,
2113 2456 2231 2523 qui-

664 2548 769 2601 bus
793 2546 1011 2615 propria
1043 2557 1128 2600 est
1155 2545 1310 2616 ignea
1344 2544 1632 2614 sapientia,
1665 2554 1717 2598 et
1762 2545 1993 2598 scientia
2047 2559 2226 2598 rerum

660 2639 990 2700 caelestium,
1019 2651 1083 2690 ac
1121 2637 1360 2705 denique
1407 2635 1606 2704 dignus
1650 2633 1759 2690 Deo
1792 2635 2024 2704 hymnus
2077 2633 2226 2696 σείει,

655 2730 810 2801 juxta
840 2727 1166 2784 Hebraicam
1202 2742 1415 2782 vocem.
1454 2728 1588 2782 Alite
1623 2733 1828 2790 autem,
1861 2726 2051 2779 mediae
2086 2725 2228 2778 inter

660 2819 1060 2889 praecedentem
1106 2825 1158 2873 et
1212 2825 1525 2887 sequentem
1566 2816 1833 2878 ordinem,
1869 2819 2015 2869 circa
2062 2817 2226 2870 Deum

661 2917 831 2974 stant,
880 2909 1090 2963 scilicet
1147 2907 1474 2973 Potestates,
1527 2907 1936 2962 nominationes
1993 2915 2044 2960 et
2105 2907 2227 2962 Vir-

662 3010 844 3056 tutes:
897 3002 962 3054 ad
1034 3016 1169 3068 quas
1213 3002 1486 3068 pertinent
1535 3014 1849 3069 magnarum
1908 3015 2088 3058 rerum
2136 3014 2227 3067 ge-

2316 547 2501 600 ρωσιν,
2538 532 2616 594 είς
2666 533 2726 584 τὸ
2760 531 2944 584 λαόεἴν
2974 532 3071 602 τὴν
3099 532 3234 585 ίδίαν
3282 535 3728 586 ἀποκατάστασιν
3783 535 3890 586 ἀπὸ

2311 624 2421 676 τῶν
2483 625 2839 694 πρωτοτόκων
2890 624 2982 678 τοῦ
3054 625 3266 696 Ἰσραὴλ
3309 626 3417 676 τῶν
3444 625 3693 695 ὁρώντων
3734 625 3885 678 Θεόν,

2325 714 2456 766 ’Λπὸ
2477 715 2583 784 γάρ
2611 714 2719 766 τῶν
2767 717 2846 778 εἰς
2903 715 3104 782 γνῶσιν
3152 715 3554 785 ἀνατρεχόντων
3588 716 3721 768 Θεοῦ
3757 717 3890 768 dva-

2314 804 3015 876 xlqpoﬁpevo;'telst05:at
3045 825 3059 838 ⁸
3096 797 3194 861 καὶ
3228 808 3535 872 τελειωθεὶς
3588 807 3680 861 τὸν
3739 808 3890 862 κάτω

2314 897 2540 966 κόσμον,
2584 898 2690 949 τῶν
2739 899 2948 951 πιστῶν
2985 900 3083 952 καὶ
3117 900 3364 952 ἀπίστων
3397 899 3594 969 ὁρίζων
3623 903 3690 953 τὰ
3737 899 3890 970 τέλη,

2319 984 2448 1053 μίαν
2474 985 2649 1054 ἐαυτῷ
2681 989 2912 1040 ποιεῖται
2938 988 3035 1056 τὴν
3063 988 3298 1051 σύνοδον,
3328 990 3616 1057 ἀπονέμων
3647 991 3736 1042 τὸν
3762 990 3892 1042 ίδιον

2318 1076 2531 1146 ἑκάστῳ
2605 1077 2835 1146 βαθμὸν,
2886 1082 2977 1130 καὶ
3036 1079 3258 1150 διαιρῶν
3309 1082 3401 1132 ἀπ’
3433 1080 3677 1150 ἀλλήλων
3712 1081 3779 1134 τὰ
3817 1081 3895 1151 μὴ

2317 1165 2441 1219 καθ’
2480 1168 2646 1222 ἑαυτὰ
2680 1170 3061 1238 συναγόμενα·
3115 1173 3205 1223 καὶ
3233 1163 3330 1233 τὰς
3387 1173 3483 1242 μὲν
3541 1174 3673 1242 παρ’
3727 1171 3895 1224 αὑτοῦ

2313 1261 2422 1314 τῶν
2456 1260 2634 1314 ἄλλων
2660 1263 2832 1333 ἀρχὰς
2866 1265 2958 1316 καὶ
2987 1264 3051 1316 τὰ
3082 1265 3228 1336 τέλη,
3265 1266 3390 1334 ἄγει
3409 1268 3540 1335 πρὸς
3559 1265 3770 1326 ἑαυτὸν,
3797 1265 3899 1318 καὶ

2316 1351 2389 1415 ὡς
2420 1353 2545 1422 ὄρος
2572 1353 2743 1423 ὁρίζει
2783 1354 2982 1432 ταύτας
3005 1357 3255 1426 ἀόριστος
3290 1374 3302 1386 ·
3334 1357 3494 1418 αὐτὸς
3529 1357 3582 1408 δὲ
3608 1356 3698 1408 ὑπ’
3727 1356 3898 1423 ἄλλης

2315 1444 2515 1514 ἀρχῆς,
2545 1444 2669 1497 οὗτε
2696 1446 2910 1513 ἄγεται,
2931 1447 3050 1500 οὔτε
3075 1449 3179 1518 μὴν
3202 1449 3440 1518 ὁρίζεται
3467 1449 3540 1506 ὼς
3570 1449 3895 1518 φερόμενος.

2319 1535 2480 1589 Ἴδιον
2514 1535 2622 1606 γὰρ
2649 1538 2709 1589 τὸ
2737 1537 3045 1606 ἀεικίνητον
3074 1539 3209 1609 ἔχει,
3236 1540 3308 1600 ὡς
3337 1542 3471 1608 μήτε
3509 1539 3895 1591 συστέλλεσθαι

2315 1627 2508 1681 τοῦτον
2538 1629 2656 1681 καθ’
2691 1630 2906 1706 ἑαυτὸν,
2935 1634 3070 1700 μήτε
3099 1631 3206 1682 τῶν
3238 1631 3450 1683 οἰκείων
3480 1633 3619 1700 ὅρων
3648 1632 3894 1699 ύπερεκυ

2316 1719 2615 1784 τείνεσθαι,
2660 1720 2776 1773 ἀλλ’
2816 1717 3096 1774 εἶναιτῶν
3146 1722 3319 1775 ἄλλων
3382 1721 3772 1786 σαϐΰατισμῶν
3803 1725 3896 1773 καὶ

2317 1812 2660 1866 κατάπαυσιν
2687 1813 2864 1883 πάσης
2893 1815 3064 1883 ἀρχῆς
3090 1815 3178 1866 καὶ
3215 1815 3480 1882 κινήσεως

2383 1905 2484 1972 ιιθι.
2546 1904 2609 1957 'H
2641 1907 2762 1968 ὲνὲις
2798 1907 2904 1959 τῶν
2935 1906 3045 1957 ἅνω
3078 1907 3380 1973 δυνάμεων,
3415 1905 3487 1966 ὡς
3519 1903 3761 1971 ὑμνῳδὸ;
3799 1902 3894 1954 καὶ

2316 1993 2424 2046 τῶν
2455 1993 2638 2063 ὓμνων
2669 1995 2974 2066 ἐξάρχουσα
2999 2035 3012 2058 ,
3049 1995 3332 2065 τριαδεκὴν
3367 1997 3600 2047 ποιεῖται
3632 2010 3897 2063 χοροστα-

2317 2084 2483 2138 τοῦσα
2518 2085 2615 2155 τὴν
2652 2086 2923 2151 σύνταξιν,
2960 2089 3052 2139 καὶ
3086 2088 3379 2156 τριάδικῶς
3421 2090 3484 2156 τῇ
3516 2086 3706 2154 Τριάδι
3756 2102 3897 2153 παρ-

2321 2178 2611 2246 ισταμένη,
2652 2179 2709 2229 ὲν
2747 2180 2895 2246 φόϐῳ
2929 2180 3339 2246 λειτουργοῦσσ,
3376 2179 3775 2248 προσαναφέρει
3806 2178 3896 2229 τὸν

2318 2267 2504 2338 ὕμνον.
2543 2270 2760 2322 Τούτων
2789 2274 2841 2323 αἱ
2876 2273 2972 2340 μὲν
3018 2274 3082 2341 τῇ
3144 2275 3284 2340 ἀρχῇ
3337 2273 3429 2322 καὶ
3475 2272 3690 2322 πάντων
3749 2271 3897 2338 αἰτία

2317 2358 2836 2425 καθυφαπλοῧνταιν
2867 2360 2957 2421 ἀφ’
2991 2355 3054 2428 ἧς
3107 2363 3382 2430 ἄρχονται,
3437 2361 3558 2412 ὅσαι
3611 2362 3896 2429 προσεχεῖς

2319 2451 2415 2502 καὶ
2449 2450 2556 2501 τῶν
2594 2449 2779 2519 ὓμνων
2820 2451 3166 2520 ἐξάρχουσαι,
3206 2453 3416 2519 Θρόνοι,
3458 2453 3759 2520 Χερουὸιμ,
3802 2453 3897 2501 Σε‹

2325 2543 2523 2612 ραφὶμ,
2559 2537 2717 2594 αὗται
2739 2543 2927 2609 ὄνομα,
2960 2537 3045 2602 αἷς
3075 2545 3200 2595 ἴδιον
3238 2543 3561 2613 ήὲμπύριπς
3589 2545 3770 2610 σοφία,
3805 2543 3899 2594 καὶ

2324 2634 2356 2700 ἡ
2416 2633 2615 2699 γνῶσις
2639 2633 2747 2685 τῶν
2795 2633 3089 2702 οὐρανίων,
3140 2633 3232 2685 καὶ
3272 2635 3458 2698 τέλος,
3509 2637 3535 2686 6
3587 2635 3898 2702 θεοπρεπὴς

2325 2723 2493 2792 ὕμνος
2515 2724 2608 2776 τοῦ
2639 2725 2736 2777 Γὲλ
2758 2766 2770 2787 ,
2829 2725 2971 2778 κατὰ
3012 2725 3107 2794 τὴν
3167 2726 3422 2796 Ἑϐραΐδα
3453 2728 3635 2794 φωνήν
3659 2743 3671 2758 ⁸
3732 2727 3786 2778 αἱ
3840 2725 3898 2777 δὲ

2326 2816 2490 2884 μέσον
2542 2815 2748 2868 τούτων
2802 2818 2897 2868 καὶ
2949 2817 3056 2867 τῶν
3112 2818 3466 2886 ἐφεπομένων
3523 2818 3619 2885 τῆς
3665 2819 3898 2883 τάξεως,

2321 2909 2451 2975 περὶ
2506 2907 2638 2960 Θεὸν
2694 2909 2956 2971 ἵστανται,
3032 2908 3323 2973 Ἐξουσέαι,
3387 2911 3740 2980 κυριότητες,
3799 2910 3899 2964 καὶ

2323 2996 2588 3066 Δυνάμεις
2621 3013 2635 3028 ⁶
2675 2995 2762 3060 αἷς
2815 3000 2946 3052 ῐδιον
2976 3000 3083 3051 τῶν
3133 3001 3387 3068 μεγάλων
3437 3002 3775 3070 πραγμάτων
3840 3001 3902 3053 αι

664 3089 892 3152 stiones,
923 3089 1308 3142 miraculorum
1345 3088 1733 3159 signorumque
1757 3104 1818 3142 ac
1851 3089 2221 3158 prodigiorum

2322 3088 2714 3161 διευθετήσεις,
2741 3095 2794 3145 αἱ
2832 3092 2940 3145 τῶν
2992 3092 3284 3162 θαυμάτων
3333 3095 3621 3164 ἐνέργειαι,
3666 3095 3759 3147 καὶ
3787 3095 3904 3148 τῶν

664 3180 1030 3248 operationes,
1053 3195 1113 3234 ac
1139 3181 1371 3245 denique
1391 3196 1607 3235 sacrum
1639 3180 1954 3250 Trisagiou,
1979 3189 2222 3246 sanctus,

664 3280 912 3337 sanctus,
947 3281 1192 3326 sanctus.
1228 3273 1360 3326 Aliae
1393 3272 1628 3339 domum,
1663 3274 1728 3327 ad
1758 3287 1857 3328 nos
1889 3274 2223 3337 desinentes,

665 3363 821 3418 nobis
845 3363 1063 3433 quidem
1093 3365 1424 3432 superiores,
1443 3365 1697 3434 superuis
1714 3375 1891 3419 autem
1915 3366 2222 3430 inferiores,

670 3457 835 3507 Deum
901 3454 1282 3514 circumstant,
1333 3469 1527 3521 nempe
1570 3453 1936 3522 Principatus.
1981 3455 2225 3507 Archan-

664 3544 769 3611 geli
815 3552 871 3596 et
898 3542 1084 3611 Angeli
1123 3558 1134 3592 :
1174 3543 1375 3611 quibus
1409 3543 1621 3610 propria
1654 3550 1779 3595 sunt
1830 3543 2010 3595 divina
2062 3543 2222 3595 mini-

666 3634 858 3695 steria,
881 3647 943 3686 ac
972 3634 1185 3686 demum
1209 3647 1364 3686 sacer
1396 3632 1627 3702 hymnus
1649 3631 1896 3687 Alleluia.
1919 3631 2028 3686 lllis
2051 3648 2227 3686 enim-

665 3725 770 3778 bus
797 3724 1077 3777 rationalis
1108 3723 1388 3776 hominum
1415 3733 1632 3787 natura,
1669 3725 1814 3778 omni
1840 3725 2077 3792 perfecta
2118 3726 2227 3776 vir-

668 3821 802 3876 tute,
836 3813 983 3865 omni
1027 3813 1250 3866 scientia
1294 3822 1344 3867 et
1381 3814 1645 3881 sapientia
1691 3813 1927 3882 Spiritus
1977 3815 2226 3884 lgnisqzre

664 3904 806 3960 sacri
831 3904 1145 3968 sublimata,
1166 3902 1542 3958 conformatur
1559 3921 1650 3973 per
1665 3905 1844 3958 divina
1869 3907 2223 3972 charismata,

671 3993 815 4062 quod
853 3993 1082 4063 singulis
1122 3992 1400 4062 proprium
1441 4003 1522 4048 est
1556 3997 1658 4050 sibi
1698 3997 2100 4064 quodammodo
2133 4014 2226 4068 ap-

668 4083 978 4150 proprians.
1023 4081 1236 4136 Etenim
1281 4085 1402 4138 aliis
1439 4086 1655 4151 quidem
1713 4087 2090 4142 conformatur
2122 4094 2226 4142 nii-

670 4176 897 4228 uisterio
951 4182 1006 4228 et
1051 4177 1426 4230 mandatorum
1487 4179 1578 4233 Dei
1631 4180 2046 4249 observatione;
2107 4185 2227 4238 aliis

667 4275 845 4319 autem
918 4266 1288 4321 misericordia
1357 4278 1411 4321 ct
1493 4272 1828 4338 protectioue
1895 4288 2020 4342 erga
2099 4291 2226 4331 suos

668 4353 886 4419 fratres,
920 4364 973 4408 et
995 4355 1213 4424 insuper
1250 4372 1568 4426 magnarum
1595 4360 2012 4430 divinarumque
2043 4380 2224 4419 rerum

2325 3185 2568 3252 σημείων
2615 3185 2670 3236 αἱ
2716 3185 3097 3254 τερατουργίαι
3139 3200 3151 3213 ⁸
3200 3187 3292 3237 καὶ
3338 3186 3489 3244 τέλος
3531 3187 3557 3237 6
3603 3185 3902 3254 Τρισάγιος

2325 3273 2512 3344 ὕμνος,
2547 3274 2624 3336 τὸ,
2656 3275 2864 3342 ⁸Ἄγιος,
2906 3277 3336 3344 ’ἌγιοςηἊγιος
3365 3292 3374 3303 ·
3403 3277 3459 3330 ai
3487 3277 3542 3328 δὲ
3575 3277 3710 3344 πρὸς
3749 3279 3902 3348 ἡμᾶς

2323 3367 2668 3432 τελευτῶσαι,
2728 3369 2979 3436 ὑπεράνω
3039 3370 3137 3437 μὲν
3179 3369 3354 3438 ἡμῶν,
3412 3369 3803 3437 ύποϐεὗηκυῖαι
3839 3371 3904 3422 δὲ

2323 3460 2413 3511 τὸν
2441 3460 2552 3513 ἄνω
2586 3461 2711 3530 περὶ
2740 3460 2872 3513 Θεὸν
2912 3462 3183 3526 ἵστανται,
3241 3461 3457 3532 Ἀρχαὶ,
3512 3461 3900 3530 Ἀρχάγγελοι,

2328 3553 2582 3620 ’Ἄγγελοι
2611 3569 2622 3582 °
2651 3547 2739 3614 αἶς
2776 3554 2909 3605 ἴδιον
2961 3555 3020 3605 τὸ
3071 3554 3443 3621 λειτουργικὸν
3477 3555 3534 3606 ὲν
3572 3555 3900 3622 διακονίαις,

2325 3644 2420 3696 καὶ
2449 3643 2599 3705 τέλος
2637 3647 2661 3696 6
2691 3644 2832 3715 ίερδς
2864 3645 3030 3713 ὕμνος
3066 3644 3159 3697 τού
3202 3645 3533 3714 Ἀλληλούῖα.
3593 3646 3827 3710 Ταύταις
3861 3649 3899 3718 ἠ

2325 3733 2515 3804 λογικὴ
2554 3733 2660 3788 τῶν
2697 3735 2998 3803 ἀνθρώπων
3029 3735 3187 3802 φύσις
3231 3735 3318 3788 διὰ
3361 3736 3540 3804 πάσης
3571 3738 3768 3806 ἀρετῆς
3802 3747 3901 3792 τε·

2326 3818 2637 3891 λειουμένη,
2666 3823 2760 3874 καὶ
2810 3822 2897 3874 διὰ
2927 3823 3106 3890 πάσης
3136 3823 3410 3889 γνώσεως,
3445 3826 3538 3877 καὶ
3572 3826 3762 3894 σοφίας
3800 3828 3902 3881 άν-

2328 3912 2625 3980 υψουμένη,
2673 3911 2766 3964 τοῦ
2804 3912 3148 3977 Πνεύματος.
3206 3914 3301 3969 καὶ
3333 3913 3426 3967 τοῦ
3477 3914 3622 3967 θείου
3676 3915 3894 3984 πυρὸς,

2327 4005 2619 4057 οἰκειοῦται
2653 4007 2764 4066 τοῖς
2791 4005 2952 4066 θείοις
2999 4005 3331 4076 χαρίσμασιν
3353 4044 3366 4068 ,
3424 4006 3500 4068 ὡς
3545 4007 3604 4059 τὸ
3642 4007 3773 4060 ἴδιον
3805 4007 3900 4063 διὰ

2325 4095 2695 4165 καθαρότητος
2723 4097 3079 4166 ἐπισπωμένη
3112 4098 3321 4149 πασῶν.
3352 4098 3482 4160 Ταῖς
3525 4098 3623 4166 μὲν
3651 4101 3759 4167 γὰρ
3780 4141 3791 4158 .
3825 4102 3897 4170 τῇ

2325 4184 2588 4253 διακονίᾳ,
2632 4188 2724 4237 καὶ
2759 4185 3072 4255 λειτουργίᾳ
3121 4187 3228 4237 τῶν
3285 4186 3511 4238 ἐντολῶν
3561 4189 3653 4239 τοῦ
3717 4188 3853 4241 Θεοῦ
3882 4205 3895 4218 ⁸

2327 4279 2444 4338 ταῖς
2471 4277 2548 4340 δὲ,
2581 4280 2648 4346 τῇ
2679 4276 3012 4345 συμπαθείᾳ,
3036 4277 3130 4328 καὶ
3153 4281 3216 4346 τῇ
3259 4279 3561 4349 προστασίᾳ
3613 4280 3718 4332 τῶν
3765 4281 3899 4349 ὁμο·

2323 4367 2506 4435 φύλων
2531 4382 2543 4396 '
2578 4368 2741 4419 ἔτιδὲ
2770 4369 2831 4437 τῇ
2865 4366 2973 4419 τῶν
3006 4368 3256 4436 μεγάλων
3292 4371 3384 4419 καὶ
3428 4368 3586 4420 θείων
3636 4372 3903 4440 πραγμά-

670 4447 915 4513 gestione
975 4458 1026 4499 et
1055 4445 1290 4517 Spiritus
1313 4451 1766 4516 operationibus;
1819 4455 1938 4508 aliis
1992 4456 2226 4525 denique.

2322 4479 2428 4513 των
2453 4460 2752 4529 οἰκονομίᾳ,
2786 4461 2881 4511 καὶ
2921 4462 3040 4522 ταῖς
3082 4461 3382 4528 ἐνεργείαις
3420 4460 3512 4511 τοῦ
3537 4461 3854 4531 Πνεύματος
3881 4478 3895 4492 ⁸

671 4537 838 4604 ignita
870 4537 1136 4590 sermonis
1170 4538 1433 4605 sapientia
1474 4548 1524 4593 et
1573 4542 1796 4594 scientia
1839 4545 2148 4599 divinarum
2177 4558 2230 4601 et

670 4629 1022 4680 humanarum
1041 4641 1219 4679 rerum
1254 4628 1558 4697 participat.
1580 4630 1652 4682 Ita
1677 4631 1912 4697 perfecta
1947 4642 1998 4686 et
2023 4645 2229 4688 natura!

669 4716 807 4769 dona
826 4717 1333 4776 tuutuans,decim:e
1379 4721 1634 4787 potentia:
1683 4722 1788 4774 Deo
1820 4739 1913 4789 per
1944 4724 2063 4777 illas
2094 4740 2227 4778 con-

663 4805 934 4873 juugitur,
970 4807 1124 4875 quasi
1177 4807 1396 4860 decium
1443 4811 1708 4877 primitias
1750 4828 1811 4866 ex
1868 4816 2042 4882 scipsa
2101 4816 2227 4868 huic

670 4897 926 4952 oﬁerens.

741 5077 861 5131 100.
903 5077 1042 5130 Deus
1080 5077 1272 5133 Unitas
1314 5089 1366 5132 et
1419 5081 1674 5149 Trinitas,
1719 5087 1786 5140 ab
1832 5093 2037 5142 unitate
2088 5096 2226 5142 incr-

670 5168 847 5236 piens,
883 5169 937 5220 in
969 5169 1208 5236 seipsum
1255 5171 1475 5226 tlecadis
1501 5174 1672 5227 instar
1697 5176 2004 5231 circulatim
2049 5195 2229 5233 rever-

669 5263 821 5313 titur.
858 5259 955 5312 liic
985 5261 1226 5314 omnium
1260 5263 1517 5332 principia
1560 5276 1613 5319 et
1640 5266 1770 5322 ﬁnes
1799 5269 1938 5322 intra
1965 5285 2022 5325 se
2045 5270 2225 5326 habet.

2322 4555 2441 4614 ταῖς
2472 4551 2546 4613 δὲ,
2579 4553 2651 4618 τῇ»
2683 4549 2914 4618 ἐμπύρῳ
2949 4550 3109 4621 σοφίᾳ
3131 4549 3222 4602 τοῦ
3254 4549 3411 4616 λόγου
3438 4591 3452 4614 ,
3474 4553 3565 4604 καὶ
3597 4555 3662 4622 τῇ
3698 4553 3898 4620 γνώσει

2321 4643 2428 4694 τῶν
2454 4642 2618 4694 θείων
2642 4642 2734 4695 καὶ
2767 4641 3122 4711 ἀνθρωπίνων
3151 4644 3487 4710 πραγμάτων
3518 4648 3896 4711 συγκοινωνεϊ.

2324 4734 2479 4786 Οὕτω
2511 4733 2883 4803 τελειουμένη,
2919 4734 3011 4785 καὶ
3044 4733 3140 4795 τὰς
3186 4734 3391 4802 δωρεὰς
3438 4735 3743 4802 ἀμείϐουσα
3795 4738 3898 4802 τὰς

2322 4825 2419 4891 τῆς
2453 4823 2687 4892 φύσεως.
2717 4827 2778 4894 τῇ
2806 4825 2988 4876 δεκάδι
3033 4825 3150 4892 Θεῷ
3176 4826 3261 4876 διὰ
3301 4827 3502 4878 τούτων
3541 4828 3894 4892 συνάπτετσι,

2322 4915 2396 4976 ὼς
2471 4917 2728 4984 ἀπαρχὴν
2795 4914 3025 4982 δεκάτης
3116 4918 3251 4985 αὐτῇ
3324 4916 3766 4986 προσενεγκοῦσα
3834 4917 3898 4983 ἐξ

2324 5007 2530 5074 ἑαυτῆς.

2399 5095 2462 5165 ρ’.
2495 5095 2626 5156 Θεὸς
2642 5096 2673 5164 ἡ
2690 5095 2872 5155 Μονὰς
2894 5096 2983 5146 καὶ
3007 5095 3198 5164 Τρ;ὰ;,
3225 5097 3330 5147 ἀπὸ
3346 5095 3570 5162 μονάδος
3589 5097 3898 5166 ἀρχόμενος

2324 5189 2402 5250 εἰς
2431 5186 2620 5238 ἑαυτὸν
2658 5179 2746 5237 οἷα
2771 5186 2833 5254 δὴ
2857 5185 3040 5246 δεκὰς,
3063 5186 3343 5247 κυκλικῶς
3378 5185 3701 5241 τελειοῦται.
3731 5184 3901 5253 Οὗτος

2322 5279 2419 5330 τὰς
2447 5276 2664 5329 πάντων
2702 5275 2873 5345 ἀρχὰς
2905 5277 2996 5327 καὶ
3023 5275 3093 5327 τὰ
3130 5277 3256 5343 τέλη
3280 5277 3428 5339 ὲντὸς
3458 5277 3592 5346 ἔχει.
3657 5279 3814 5330 Ἐστι
3839 5278 3899 5332 δὲ

2307 5357 2525 5405 πάντων
2552 5353 2731 5416 ἐκτὸς,
2766 5357 2840 5416 ὡς
2873 5356 3267 5426 ὑπερκείμενος
3296 5358 3403 5410 τῶν
3440 5359 3603 5414 ὅλων.
3641 5361 3849 5413 Τούτου
3872 5360 3902 5411 6

2309 5443 2458 5506 ἐντὸς
2489 5442 2752 5513 γεγονὼς,
2779 5447 2928 5511 ἐντὸς
2949 5448 3074 5510 τοὺς
3105 5449 3295 5516 λόγους
3323 5450 3416 5502 καὶ
3443 5451 3539 5521 τὴν
3562 5451 3768 5517 ⁴γνῶσιν
3789 5453 3900 5506 τῶν

2308 5534 2478 5587 ὅντων
2503 5535 2812 5607 ἐχώρησενο
2842 5539 2944 5603 ἔξω
2979 5540 3034 5592 δὲ
3071 5542 3285 5594 πάντων
3342 5542 3533 5607 ἑστὼς,
3573 5544 3726 5606 ἐντὸς
3762 5546 3899 5597 πάνυ

2307 5642 2413 5678 των
2437 5626 2734 5691 αὐλίζεται,
2769 5630 2866 5691 τὰς
2897 5632 3071 5700 ἀρχὰς
3105 5632 3259 5694 εἰδὼς
3298 5634 3385 5685 καὶ
3409 5633 3473 5685 τὰ
3499 5633 3628 5702 τέλη
3664 5634 3895 5700 τούτων,

2307 5718 2383 5782 ὡς
2415 5720 2552 5789 μετὰ
2594 5721 2803 5790 Πατρὸς
2835 5723 2920 5776 διὰ
2959 5723 3046 5776 τοῦ
3108 5725 3281 5792 Λόγου
3350 5719 3646 5792 cava-pem!
3699 5725 3897 5797 νοερὰν

670 5349 766 5404 Est
807 5361 984 5403 autem
1033 5363 1182 5404 extra
1217 5354 1421 5417 omnia,
1459 5365 1729 5424 quatenus
1760 5361 2019 5415 omnibus
2069 5378 2229 5432 supe-

670 5440 802 5492 rior.
828 5439 928 5504 Qui
960 5440 1100 5495 intra
1124 5457 1246 5494 eum
1272 5454 1352 5496 est
1376 5445 1610 5501 rationes
1633 5448 2022 5516 scientiamque
2049 5467 2227 5505 rerum

673 5537 937 5597 penetrat.
971 5543 1020 5584 et
1053 5542 1204 5585 extra
1243 5535 1422 5586 omnia
1453 5545 1629 5602 stans,
1667 5537 1808 5591 intra
1857 5541 2037 5592 Omnia
2072 5542 2228 5595 inha-

674 5619 833 5683 bitat,
872 5620 1134 5690 principta
1171 5625 1414 5690 finesque
1449 5625 1640 5680 borum
1684 5631 2007 5698 pereant-us,
2044 5642 2228 5701 utpote

673 5708 819 5765 l’atti
855 5728 946 5782 per
981 5711 1214 5769 Verbqu
1241 5715 1598 5783 spiritualitcr
1626 5721 1831 5783 unitus,
1866 5733 1909 5773 et
1955 5722 2228 5791 pcrfxtus
