4124 6338
724 446 851 513 1011
2023 457 2322 520 NICETA!

2363 458 2795 521 PECTORATI
3812 471 3963 541 ςοιε

726 563 804 618 sis
833 577 930 618 eos
956 563 1268 619 absolvunt.
1321 562 1414 620 His
1446 563 1703 620 omnibus
1735 563 1944 621 autem
1999 568 2280 638 proprium
2310 572 2354 634 Α

2333 572 2479 634 Leo;
2508 572 2772 639 γίγνεται.
2816 573 2967 627 Ἐκεῖ
3009 573 3120 641 γὰρ
3153 573 3230 630 ἔτι
3285 577 3394 629 τῶν
3437 577 3816 646 εἰσαγωγικῶν
3872 586 3961 646 είς

724 663 805 711 est
841 655 1041 722 dicere,
1072 656 1153 712 his
1184 657 1400 726 quidem
1439 674 1452 711 :
1483 655 1735 723 Benedic,
1762 673 1987 728 quasso;
2047 661 2154 717 illis
2179 677 2280 716 au—

2385 664 2607 731 ἅγῶνας
2662 663 2960 733 τελοῦντες,
3049 670 3142 721 καὶ
3198 669 3295 740 τὴν
3358 673 3543 724 στάσιν
3600 673 3833 742 ἔχοντες,
3891 675 3962 728 οὐ

723 753 829 800 tem
868 764 880 797 :
909 747 1087 801 Salret
1115 758 1163 802 te
1194 747 1333 804 Deus
1362 750 1403 817 ί,
1790 805 1792 808 ,

2385 755 2523 833 προς
2557 757 2723 824 μόνας
2767 759 2861 821 τὰς
2892 760 2999 811 τῶν
3057 759 3244 814 παθῶν
3305 763 3602 830 ἐνεργείας,
3669 767 3806 820 ἀλλὰ
3861 769 3962 821 καὶ

722 840 856 910 πρὸς
900 840 998 900 τὰς
1026 839 1122 894 τοῦ
1174 841 1264 894 νοῦ
1325 843 1648 912 φαντασίας,
1692 843 1790 898 καὶ
1848 845 1983 917 πρὸς
2039 845 2106 899 τὰ
2161 845 2268 898 τῶν
2338 849 2594 918 πονηρῶν
2659 849 2957 919 ἰνδάλματα
3005 851 3288 922 λογισμῶν
3343 857 3776 926 ἀπερικάλυπτοι
3850 861 3960 923 τὰς

721 934 966 998 κεφαλὰς
1040 936 1320 1005 ἐρχόμενοι
1397 937 1638 990 κλινοῦσι
1721 942 1926 1002 ταύτας
1993 938 2102 992 τῶν
2155 939 2462 1009 εἰρημένων
2553 942 2814 1012 Πατέρων
2886 943 3139 996 ἐνώπιον·
3216 944 3375 998 τοῦτο
3433 945 3549 1014 μὲν,
3624 951 3722 1018 τὴν
3807 950 3954 1019 πρὸς

717 1027 913 1088 αὐτούς
975 1026 1232 1079 δούλωσιν
1295 1030 1391 1082 καὶ
1450 1031 1779 1084 ταπείνωσιν
1831 1033 2262 1101 ἐνδεικνύμενοι,
2337 1034 2494 1088 τοῦτο
2521 1034 2578 1087 δὲ
2625 1037 2719 1088 καὶ
2770 1036 2866 1107 τὴν
2932 1036 3063 1106 παρ’
3094 1039 3321 1091 ἐκείνων
3367 1041 3622 1108 εὐλογίαν
3663 1044 3954 1110 τυπούμε-

716 1135 792 1172 νοι
863 1116 954 1170 καὶ
987 1117 1317 1186 αίτούμενοι.
1372 1121 1434 1172 Οἱ
1468 1121 1524 1174 δὲ
1587 1121 1777 1192 πρῶτα
1844 1123 1945 1192 μὲν
1986 1123 2202 1193 σταυρῷ
2229 1123 2332 1186 τὰς
2361 1124 2567 1178 τούτων
2620 1127 3082 1196 ἐπισφραγίζουσι
3133 1131 3398 1200 κεφαλάς³
3432 1129 3547 1187 εἷτα
3597 1135 3695 1196 τὰς
3756 1136 3956 1200 δεξιὰς

716 1215 904 1282 χεῖρας
959 1214 1076 1276 ταῖς
1106 1213 1303 1281 κάραις
1355 1215 1690 1279 ἐπιτιθέντες
1718 1217 1920 1281 αὐτῶν,
1956 1218 2046 1270 καὶ
2074 1217 2192 1287 ἅμα.
2215 1220 2313 1281 τὰς
2343 1219 2686 1282 ἑπιτεθεέσας
2733 1223 2782 1272 οί
2822 1221 3001 1285 οέντες
3063 1224 3413 1307 ἀπωσάμιενοι
3467 1232 3654 1299 χεῖρας
3705 1232 3952 1301 ἐπευχό-

720 1323 870 1375 μενοι
918 1309 1114 1369 αὐτοὺς
1145 1307 1489 1361 ἀπολύουσιν.
1543 1309 1704 1362 Ἰδιον
1725 1311 1780 1362 δὲ
1813 1314 2022 1373 τούτοις
2062 1313 2229 1365 πᾶσίν
2262 1314 2378 1364 ἐστι
2409 1313 2468 1365 τὸ
2495 1314 2610 1376 τοῖς
2642 1313 2764 1382 μὲν,
2823 1316 3134 1387 Εύλότησον
3181 1317 3430 1391 εὔχομαι,
3463 1322 3663 1392 λέγειν,
3718 1334 3832 1391 τοῖς
3863 1331 3952 1396 δὲ,

717 1404 894 1458 Edicta:
928 1422 986 1457 σε
1012 1407 1039 1458 ὁ
1067 1404 1217 1466 Θεὰς.

747 1639 3350 1672 Mm

2182 1877 2471 1939 INCIPIT

1457 2053 2398 2177 GUJUSDAM
2468 2045 3169 2171 NIGETE

1577 2281 1955 2323 PRESBYTER!
1993 2282 2070 2323 ΕΤ
2104 2281 2385 2325 MONACEI
2428 2280 2807 2324 MONASTERII
2853 2280 3060 2324 STUDII

1000 2441 1655 2557 LIBELLUS
1737 2443 2300 2557 CONTRA
2407 2441 3004 2560 LATINOS
3084 2441 3594 2560 EDITUS

1231 2663 1310 2722 Et
1343 2661 1416 2723 ab
1444 2662 1878 2747 apocrt'siam’s
1912 2657 2266 2737 apostolicae
2295 2661 2453 2724 sedi:
2484 2659 3029 2736 Constantinopoli
3054 2671 3331 2737 repertus

788 3062 824 3113 l.
855 3058 1034 3112 Nieeta
1068 3056 1345 3126 presbyter
1374 3061 1428 3108 et
1459 3054 1752 3107 monachus
1790 3051 2094 3104 monasterii
2129 3049 2255 3104 Stu-
2286 3054 2329 3112 Β
2358 3048 2506 3100 nobis
2552 3056 2634 3100 est
2667 3045 3168 3101 consubstantialis?
3207 3045 3358 3100 Alter
3394 3055 3570 3100 autem
3607 3046 3785 3101 nullus
3817 3057 3906 3105 est

717 3150 943 3210 diorum,
979 3145 1065 3212 qui
1098 3142 1451 3211 prmnominor
1480 3141 1789 3194 Pectoratus
1827 3154 1838 3187 :
1884 3137 2158 3200 Romanis,
2197 3137 2262 3190 de

717 3237 917 3306 azymis
958 3244 1012 3286 et
1038 3233 1377 3287 sabbatorum
1419 3230 1658 3300 jejuniis,
1701 3239 1753 3282 et
1785 3227 1978 3294 nuptiis
2015 3227 2261 3280 sacerdo-

718 3337 844 3380 tum.
871 3326 1013 3378 Bona
1036 3333 1118 3377 est
1146 3323 1359 3376 dilectio
1386 3321 1448 3374 ad
1473 3321 1790 3389 proximum,
1818 3334 1849 3372 o
1870 3318 2104 3372 omnium
2135 3331 2260 3386 gen-

717 3417 843 3468 tium
872 3411 1244 3482 sapientissimi
1280 3419 1331 3463 et
1374 3409 1684 3462 nobilissimi
1728 3406 1972 3460 Romani.
2004 3407 2082 3459 Ex
2111 3405 2258 3460 habi-

716 3504 895 3556 tudine
925 3502 1066 3555 enim
1105 3499 1400 3552 dilectionis
1430 3498 1492 3550 ad
1525 3498 1845 3565 proximum,
1889 3505 1942 3549 et
1990 3496 2259 3549 humilitas

714 3590 944 3647 abundat
970 3589 1034 3642 ad
1062 3603 1180 3642 eum
1211 3588 1297 3656 qui
1331 3587 1487 3639 habet
1516 3586 1676 3638 illam.
1710 3585 1822 3653 Ipsa
1863 3593 2040 3638 autem
2083 3584 2250 3637 abun-

714 3680 842 3730 dans
889 3676 1044 3730 ellieit
1093 3675 1400 3742 participem
1446 3672 1524 3724 sui
1563 3673 1740 3724 omnia
1789 3671 2026 3738 diligere,
2078 3671 2252 3722 omnia

713 3765 993 3827 sustinere,
1040 3771 1096 3815 ut
1136 3762 1208 3814 ait
1251 3761 1462 3813 divinus
1495 3757 1794 3828 Apostolus,
1840 3769 1892 3811 et
1940 3772 2042 3810 non
2085 3756 2253 3809 inﬂari

715 3855 967 3908 adversus
998 3853 1296 3921 proximum
1330 3866 1481 3904 suum
1523 3850 1823 3918 aliquando,
1853 3863 2022 3916 neque
2047 3864 2107 3902 ea
2138 3863 2254 3915 quae

712 3943 878 4012 ipsius
904 3941 1067 3996 solius
1097 3950 1219 3993 sunt
1249 3955 1506 4008 quaerere,
1535 3946 1623 3990 aut
1646 3937 1816 3990 zelum
1845 3936 2041 3990 habere
2066 3936 2252 3988 adver-

711 4044 803 4084 sus
837 4044 956 4081 eum
999 4037 1052 4081 et
1095 4027 1488 4080 altercationem
1535 4035 1586 4077 et
1619 4023 2024 4077 mmulationem.
2065 4021 2249 4075 Omnia

711 4119 851 4172 cnim
880 4118 990 4169 haec
1017 4116 1347 4170 dilectionem
1371 4120 1760 4181 persequuntur
1793 4121 1844 4165 et
1871 4111 2248 4172 humilitatem,

710 4215 764 4260 et
801 4205 998 4258 faciunt
1029 4203 1293 4258 hominem
1321 4218 1421 4255 non
1451 4203 1735 4255 secundum
1765 4201 1924 4253 Deum
1960 4199 2247 4262 ambulare,

712 4293 802 4346 sed
841 4289 1128 4345 secundum
1174 4292 1442 4343 hominum
1497 4289 1722 4341 libitum.
1771 4288 1921 4353 Quod
1966 4297 2020 4340 et
2059 4287 2250 4341 Paulus

2359 3136 2986 3191 nobisconsubstantialis
3000 3137 3168 3207 panis,
3186 3137 3278 3191 sed
3302 3152 3493 3206 corpus
3515 3138 3732 3204 Christi,
3758 3143 3906 3209 quod

2358 3231 2638 3284 consimile
2676 3231 2826 3284 nobis
2862 3239 2944 3284 est
2977 3231 3264 3284 secundum
3295 3245 3506 3284 carnem
3553 3232 3908 3287 humanitatis

2358 3319 2540 3387 ipsius.
2573 3318 2627 3372 Si
2659 3327 2832 3374 autem
2863 3319 3093 3372 animata
3117 3327 3196 3374 est
3220 3328 3414 3373 nostrae
3440 3335 3625 3373 massae
3651 3323 3904 3375 substan-

2358 3409 2429 3461 tia
2464 3422 2563 3474 qua
2600 3408 2830 3462 Verbum
2865 3409 3032 3461 induit
3071 3422 3149 3473 se,
3183 3423 3308 3475 ergo
3345 3424 3448 3461 non
3487 3410 3902 3464 substantialem

2357 3495 2508 3548 nobis
2548 3510 2736 3563 panem
2774 3495 3072 3558 comeditis,
3106 3497 3228 3563 quia
3264 3511 3566 3564 azymorum
3606 3499 3898 3566 participas

2355 3584 2502 3636 mini.
2530 3583 2728 3652 Azyma
2759 3583 2898 3638 enim
2929 3583 3214 3636 inanimata
3240 3593 3380 3647 sunt,
3413 3584 3546 3637 sicut
3570 3584 3682 3651 ipsa
3716 3601 3897 3639 rerum

2354 3681 2542 3724 natura
2570 3672 2804 3724 declarat
2838 3681 2996 3740 atque
3021 3671 3267 3739 liquidius
3295 3672 3499 3725 edocet.
3533 3673 3900 3725 lntermistum

2351 3761 2489 3814 enim
2534 3760 2797 3814 modicum
2843 3761 3156 3814 fermentum
3199 3761 3250 3812 in
3303 3760 3471 3813 farina
3518 3769 3572 3813 et
3610 3763 3896 3823 commista

2353 3849 2474 3910 sibi,
2503 3848 2614 3916 ipsa
2645 3863 2804 3900 unam
2839 3846 2994 3901 cﬂieit
3030 3848 3256 3914 seipsam
3297 3858 3509 3915 propter
3546 3849 3892 3914 fermentum,

2353 3936 2555 3989 rivifica
2594 3935 2821 4003 quadam
2864 3937 3081 3999 virtute,
3121 3945 3174 3988 et
3215 3935 3460 3989 calefacit
3504 3952 3644 4000 eam,
3684 3948 3736 3991 et
3783 3935 3892 3992 tam

2353 4026 2597 4079 mobilem
2634 4041 2793 4093 quam
2825 4025 2996 4078 vivam
3017 4033 3286 4093 operatur.
3321 4025 3469 4090 Quod
3492 4027 3540 4078 in
3569 4042 3757 4095 azymo
3783 4030 3893 4083 fer-

2352 4125 2526 4172 mento
2566 4115 2976 4178 Pharisaaorum,
3009 4116 3148 4184 quod
3195 4115 3428 4184 effugere
3463 4131 3557 4170 nos
3590 4132 3768 4171 sermo
3796 4120 3892 4170 ad-

2351 4215 2548 4266 monet,
2593 4218 2764 4272 neque
2811 4205 3052 4257 effectum
3108 4212 3190 4258 est
3232 4204 3534 4271 aliquando,
3580 4221 3750 4274 neque
3798 4208 3890 4260 fiet

2350 4293 2583 4346 omnino.
2628 4291 2826 4344 Divinze
2869 4294 3008 4346 enim
3051 4292 3220 4346 effecti
3261 4308 3442 4346 sumus
3477 4296 3762 4362 participes
3793 4314 3891 4350 na-

711 4381 900 4450 arguit,
926 4382 1105 4434 dicens
1131 4393 1145 4431 :
1183 4397 1199 4428 ι
1233 4379 1361 4432 Cum
1393 4379 1460 4430 sit
1491 4380 1627 4430 inter
1653 4392 1743 4431 vos
1773 4377 1916 4430 zelus
1945 4387 1995 4429 et
2023 4386 2244 4429 conten-
2274 4366 2315 4426 C
2350 4390 2497 4442 turm,
2526 4380 2673 4446 cujus
2695 4389 2746 4432 et
2776 4380 3156 4446 partieipamur
3183 4380 3438 4447 quotidie,
3468 4381 3555 4447 qui
3585 4386 3885 4436 communi-

713 4470 784 4522 tio
811 4479 861 4520 et
889 4468 1172 4529 discordia,
1216 4482 1390 4519 nonne
1417 4467 1656 4519 carnales
1698 4465 1850 4527 estis,
1881 4473 1933 4517 et
1959 4466 2245 4518 secundum

713 4558 976 4610 hominem
1028 4556 1364 4610 ambulatis?
1414 4575 1431 4607 ι
1502 4555 1548 4622 (1
1605 4554 1724 4607 Cor.
1781 4569 1860 4615 tu,
1923 4554 2247 4622 3)Propter

711 4647 847 4714 quod
871 4660 994 4713 rogo
1021 4654 1247 4724 vestram
1273 4645 1604 4707 charitatem,
1629 4644 1889 4697 humiliari
1915 4659 2005 4697 vos
2035 4655 2247 4712 propter

713 4733 801 4785 Dei
835 4743 1173 4802 prazceptum,
1216 4741 1270 4785 et
1307 4734 1489 4786 audire
1529 4748 1560 4785 a
1603 4731 1754 4786 nobis
1797 4733 2028 4800 indignis
2063 4742 2115 4784 et
2150 4734 2245 4784 mi-

709 4822 885 4877 nimis.

779 4912 836 4964 ll.
877 4911 1224 4979 ltequirentes
1249 4912 1387 4964 enim
1419 4912 1482 4964 ab
1512 4911 1613 4964 illis
1648 4911 1736 4978 qui
1768 4925 1832 4964 ex
1869 4910 2091 4963 diversis
2131 4925 2246 4977 pro-

709 5001 893 5053 vinciis
935 5000 1290 5054 Romanorum
1332 5001 1732 5066 peregrinantur
1781 4999 1866 5052 hic
1910 5001 1973 5052 de
2020 5000 2242 5067 azymis,

710 5088 833 5155 quid
863 5089 1093 5142 dicemus
1137 5089 1200 5141 de
1237 5089 1317 5141 his
1359 5089 1410 5139 in
1458 5088 1734 5140 dilectione
1779 5085 1971 5140 Christi
2015 5087 2079 5139 ad
2121 5085 2244 5138 vos?

709 5177 805 5241 Qui
841 5191 1145 5245 azymorum
1183 5177 1353 5230 adhuc
1386 5177 1723 5244 participant,
1765 5177 1860 5229 sub
1894 5177 2077 5228 umbra
2114 5175 2242 5243 legis

709 5275 849 5328 sunt,
889 5278 939 5321 ct
968 5267 1304 5320 llebrteorum
1333 5281 1565 5319 mensam
1601 5265 1904 5328 comedunt,
1935 5280 2035 5316 non
2066 5273 2239 5316 autem

713 5357 1016 5410 rationalem
1059 5367 1111 5409 et
1159 5357 1328 5407 vivam
1384 5355 1474 5408 Dei
1528 5370 1784 5417 mensam,
1838 5366 1891 5407 et
1951 5356 2103 5407 nobis
2151 5355 2240 5421 qui

710 5449 1024 5500 credidimus
1069 5445 1642 5513 supersubstantialetn,
1672 5445 2112 5510 quemadmmlum
2149 5459 2239 5494 su-

711 5540 884 5606 perius
915 5538 1121 5604 exigere
1159 5535 1713 5602 supersubstantialem
1752 5533 1888 5585 docti
1928 5547 2106 5584 sumus
2146 5548 2237 5599 pa-

714 5643 849 5681 nem.
898 5628 1030 5692 Quid
1072 5627 1210 5679 enim
1258 5633 1335 5680 est
1376 5622 1916 5690 supersubstantialis,
1970 5623 2066 5673 nisi
2117 5623 2234 5688 quia

2350 4476 2510 4520 tatem
2544 4467 2798 4520 habemus
2837 4482 2954 4520 cum
2993 4467 3224 4531 Christo,
3265 4469 3396 4522 sicut
3438 4470 3563 4524 dicit
3601 4482 3654 4524 et
3693 4471 3890 4528 Petrus

2346 4565 2528 4609 vertex
2580 4573 2596 4609 :
2652 4576 2668 4606 ‹
2723 4555 2901 4610 Gratia
2950 4558 3098 4611 vobis
3149 4566 3201 4610 et
3244 4573 3345 4624 pax
3400 4559 3777 4626 multiplicetur
3829 4564 3884 4616 in

2344 4645 2639 4711 cognitione
2669 4644 2780 4704 Dei,
2802 4643 2998 4697 etJesu
3029 4645 3232 4698 Domini
3256 4647 3419 4698 nostri
3449 4646 3500 4714 (Ι
3528 4646 3667 4700 Petr.
3692 4664 3728 4711 t,
3750 4650 3828 4717 2).
3861 4671 3879 4700 ›

2346 4733 2406 4784 Et
2438 4743 2553 4800 post
2591 4748 2755 4800 pauca
2791 4750 2802 4784 :
2860 4750 2878 4783 ι
2930 4732 3000 4786 Ut
3047 4747 3141 4800 per
3183 4747 3299 4785 eam
3345 4733 3645 4788 elliciamini
3689 4738 3884 4794 divina:

2343 4820 2625 4888 participes
2652 4829 2851 4871 natura:
2881 4818 2960 4888 (11
2999 4817 3137 4871 Petr.
3171 4834 3208 4883 ι,
3240 4811 3318 4886 4),
3363 4839 3381 4871 ι
3415 4835 3516 4873 non
3555 4833 3730 4876 autem
3771 4825 3885 4880 fer-

2344 4920 2520 4963 mento
2571 4910 2739 4977 azymi
2793 4909 3189 4962 interfectorum
3249 4910 3357 4962 Del.
3415 4910 3649 4963 Divinam
3700 4925 3882 4967 autem

2343 5009 2608 5060 naturam,
2651 4998 2888 5064 quisquis
2930 4996 3150 5049 rationis
3185 5004 3268 5049 est
3298 4997 3562 5061 dominus,
3599 4999 3739 5052 dicet
3777 5003 3881 5055 ali-

2343 5091 2552 5156 quando
2613 5102 2853 5156 azymum
2904 5094 2958 5139 et
3000 5096 3261 5139 mortuum
3306 5087 3620 5140 fermentum
3672 5087 3881 5142 Iudaeo-

2343 5193 2479 5238 rum,
2515 5176 2652 5244 quod
2695 5176 2750 5226 in
2797 5173 3056 5228 sacriﬁcio
3105 5189 3198 5227 vos
3241 5173 3348 5227 Deo
3389 5174 3609 5238 oﬂ‘ertis,
3645 5177 3783 5244 quod
3826 5179 3880 5231 in

2342 5265 2507 5332 figura
2536 5278 2670 5316 verre
2698 5271 2750 5316 et
2780 5263 2908 5314 vivae
2939 5262 3115 5315 carnis
3151 5261 3356 5314 Domini
3391 5261 3698 5316 comeditis?
3727 5263 3874 5329 Quo-

2343 5353 2495 5405 modo
2519 5353 2768 5402 unitatem
2796 5349 3055 5402 habebitis
3083 5363 3200 5402 cum
3232 5346 3464 5409 Christo,
3495 5349 3705 5400 vivente
3748 5349 3875 5412 Deo,

2342 5449 2621 5502 mortuum,
2655 5440 2938 5491 ut'dictum
2974 5446 3071 5499 est,
3103 5446 3153 5491 et
3188 5437 3612 5491 infermentatum
3644 5437 3880 5493 fermen-

2343 5539 2448 5581 tum
2497 5531 2849 5593 comedentes,
2897 5530 3045 5597 legis,
3071 5529 3289 5590 umbrae,
3340 5541 3443 5580 non
3502 5525 3632 5580 Novi
3689 5525 3882 5580 Testa-

2343 5623 2538 5676 menti?
2562 5621 2616 5675 Si
2647 5623 2782 5676 enim
2815 5635 2861 5674 et
2900 5623 2999 5674 hoc
3033 5619 3293 5682 dixeritis,
3323 5619 3412 5672 sed
3445 5633 3548 5671 non
3586 5619 3664 5673 sic
3695 5633 3753 5673 se
3783 5620 3880 5673 ha-
