4124 6338
205 343 336 413 1013

1468 347 1764 410 CONTRA
1804 344 2144 413 LATINOS.

3280 355 3434 420 1014-

208 471 316 525 bet.
358 463 533 535 lnquit
575 464 715 518 enim
753 461 976 518 dilectus
1007 456 1206 518 Christi
1239 460 1531 531 discipulus
1571 479 1583 514 :
1633 481 1654 515 ι
1697 460 1827 557 51Λ
1858 478 1955 520 nos
1981 474 2035 522 et
2071 465 2346 523 immolato
2373 444 2588 522 Christo
2626 436 3061 557 incorporati,get
3097 473 3244 526 velut
3283 488 3415 537 caro

221 555 502 614 lixerimus
523 552 646 621 quia
675 553 1113 606 communitatem
1143 551 1402 606 habemus
1441 565 1560 604 cum
1593 565 1674 613 eo,
1708 560 1761 605 et

217 650 261 700 'n
292 644 527 699 tenebris
561 641 913 706 ambulamus,
954 640 1261 701 mentimur,
1300 649 1355 694 et
1392 654 1497 693 non
1535 639 1761 695 facimus

209 736 508 789 veritatem.
542 731 599 786 Si
620 739 798 784 autem
825 729 876 784 in
904 729 1102 783 lumine
1126 728 1462 784 ambulamus
1485 728 1622 783 sicut
1647 728 1762 797 ipse

208 833 289 879 est
323 823 374 876 in
404 821 622 884 lumine,
651 818 1088 874 communitatem
1117 819 1377 874 habemus
1408 819 1473 874 ad
1510 819 1759 884 invicem,

207 922 260 969 et
295 907 518 978 sanguis
539 908 664 964 Jesu
700 907 898 962 Christi
935 908 1184 975 purificat
1215 923 1310 962 nos
1346 909 1412 962 ab
1449 909 1596 962 omni
1635 923 1762 978 pec-

206 1008 328 1058 cato
356 998 404 1066 (Ι
425 997 582 1051 Joan.
612 1014 648 1062 ι,
681 997 735 1060 6,
766 995 839 1062 7).
873 1012 892 1046 ι
931 995 1030 1061 Qui
1059 1010 1187 1066 ergo
1215 1010 1400 1066 azyma
1431 997 1681 1061 comedit,
1709 998 1758 1075 in

209 1089 442 1145 tenebris
483 1087 612 1158 legis
652 1085 903 1138 ambulat.
943 1084 1010 1138 Et
1049 1085 1315 1152 quomodo
1343 1082 1497 1156 [non]
1545 1084 1760 1139 habebit

207 1180 513 1236 wcietatem
545 1191 664 1231 cum
700 1175 936 1237 Christo,
965 1176 1054 1244 qui
1081 1184 1164 1229 est
1194 1176 1247 1228 in
1280 1173 1478 1228 lumine
1508 1173 1640 1227 Novi
1676 1175 1759 1229 sui

209 1268 534 1326 Testamenti
563 1276 615 1322 et
646 1266 866 1336 gratiae?
894 1264 1026 1319 Nam
1064 1265 1151 1334 qui
1175 1265 1228 1317 in
1259 1264 1460 1320 lumine
1485 1265 1761 1319 ambulant

208 1359 414 1431 gratire,
447 1371 637 1425 panem
679 1355 960 1410 comedunt
987 1356 1076 1422 qui
1109 1361 1191 1407 est
1215 1368 1409 1420 corpus
1441 1352 1635 1406 Christi
1662 1392 1678 1416 ,
1708 1360 1763 1407 et

209 1446 396 1501 bibunt
423 1441 1160 1511 sanguinem'immaculatum
1196 1441 1329 1508 ejus,
1361 1450 1414 1494 et
1446 1440 1520 1494 ita
1561 1441 1761 1495 habent

209 1535 273 1589 ad
312 1533 558 1596 invicem,
605 1540 660 1585 et
702 1545 822 1582 eum
860 1528 1076 1583 Christo
1105 1529 1436 1592 societatem,
1471 1528 1760 1597 purificati,

209 1623 345 1678 sicut
379 1622 576 1675 dictum
613 1629 714 1680 est,
756 1619 820 1672 ab
857 1619 999 1671 omni
1042 1618 1475 1688 inquinamento.
1500 1621 1759 1690 Azymum

210 1719 386 1765 autem
417 1725 518 1764 non
545 1717 626 1762 est
651 1708 820 1777 panis.
845 1706 1028 1776 Neque
1047 1709 1188 1760 enim
1215 1709 1559 1776 compositus,
1591 1723 1761 1776 neque

1860 553 1996 623 ejus,
2035 554 2174 609 sicut
2201 557 2458 625 scriptum
2489 564 2588 610 est.
2620 554 2676 610 Si
2716 565 2894 609 autem
2925 555 2992 610 ad
3029 557 3320 612 increatam
3361 569 3416 613 ct

1861 643 2232 714 incorpoream
2279 656 2524 700 naturam
2563 655 2759 700 sancta:
2800 645 3079 702 Trinitatis
3123 651 3414 716 assumitis,

1860 728 2052 787 erratis
2103 734 2354 789 cadentes
2405 734 2458 788 in
2505 734 2751 788 haeresim
2800 748 2984 789 eorum
3028 738 3117 806 qui
3170 749 3418 794 asserunt

1862 820 2291 888 Deumpassum,
2318 821 2406 889 qui
2429 821 2610 874 dicunt
2631 835 2965 889 compassum
2995 822 3220 876 Verbum
3243 828 3413 889 carni,

1861 917 1915 963 et
1947 912 2189 964 eamdem
2226 911 2394 980 ipsam
2441 911 2692 964 deitatem
2732 912 3048 966 sustinuisse
3087 917 3412 983 passionem.

1859 993 1975 1050 Non
2015 999 2154 1050 enim
2187 998 2389 1066 pariter
2429 997 2662 1052 Trinitas
2703 998 2980 1053 incarnata
3019 1009 3122 1066 est,
3165 1001 3325 1055 Pater
3364 1011 3418 1056 et

1863 1084 2028 1137 Filius
2072 1092 2126 1137 et
2172 1084 2404 1152 Spiritus
2453 1095 2687 1152 sanctus,
2727 1095 2783 1140 ut
2822 1088 3219 1156 consniciautur
3262 1091 3313 1142 in
3353 1104 3418 1142 ea

1861 1172 1976 1225 hazc
2007 1171 2127 1236 tria,
2161 1186 2296 1238 aqua
2326 1183 2383 1227 ut
2419 1175 2634 1238 dicitur,
2674 1173 2843 1229 farina
2878 1184 2930 1230 et
2973 1177 3127 1246 ignis,
3175 1187 3225 1231 el
3268 1189 3325 1232 ut
3365 1179 3417 1232 in

1863 1259 2026 1329 figura
2057 1261 2221 1329 ipsius
2251 1259 2463 1315 faciatis
2489 1277 2734 1332 azymum
2770 1272 2824 1318 et
2860 1266 3182 1319 sacrificium
3224 1266 3417 1322 offera-

1863 1348 1929 1402 tis
1955 1365 1967 1399 τ
1999 1349 2092 1402 sed
2120 1364 2254 1403 unus
2281 1364 2345 1403 ex
2375 1349 2637 1406 Trinitatc
2657 1352 2848 1417 Filius,
2874 1364 2927 1408 et
2957 1355 3186 1409 Verbum
3219 1358 3307 1412 Dei
3340 1360 3419 1412 in-

1861 1446 2135 1490 carnatum
2151 1445 2252 1502 est,
2272 1452 2338 1492 ex
2360 1440 2680 1494 castissimis
2694 1451 2892 1496 sanctae
2913 1443 3145 1513 Virginis
3161 1448 3414 1502 carnibus

1861 1525 2020 1579 homo
2043 1525 2286 1589 effectus;
2317 1536 2371 1581 et
2394 1530 2569 1581 omnia
2596 1529 2950 1587 ordinationis
2979 1547 3088 1586 suae
3116 1537 3418 1604 periit-iens,

1861 1615 2150 1668 crucifixus
2192 1623 2276 1668 est
2318 1629 2502 1678 carne,
2552 1631 2656 1670 non
2707 1632 2860 1686 passa
2913 1620 3188 1677 divinitate
3231 1624 3420 1692 ipsius.

1861 1703 2034 1759 Carne
2081 1707 2246 1774 igitur
2287 1709 2602 1772 crucifixus,
2654 1709 2872 1764 tradidit
2917 1713 3070 1766 nobis
3121 1715 3278 1769 cdere
3327 1731 3421 1784 per

210 1810 303 1865 per
329 1809 386 1849 se
408 1795 576 1863 ipsum
593 1794 862 1863 perfectus
880 1797 1091 1858 cst,sed
1121 1796 1360 1864 indigens
1388 1797 1627 1865 scmique
1643 1813 1760 1866 per-
1792 1786 1835 1843 Β
1862 1809 2053 1861 panem
2092 1810 2308 1849 carnem
2357 1811 2526 1860 suam,
2574 1812 2733 1866 quam
2778 1798 2831 1852 in
2876 1800 3079 1869 Spiritu
3118 1815 3302 1858 sancto
3351 1807 3420 1861 ita

210 1882 396 1946 fectus,
437 1883 677 1952 indigens
711 1883 1037 1952 plenitudine
1074 1882 1341 1937 fermenti.
1388 1884 1549 1939 Panis
1583 1896 1758 1940 autem

212 1973 552 2042 compositus,
588 1988 683 2042 per
723 1974 954 2040 seipsum
985 1971 1255 2041 perfectus
1299 1983 1381 2026 est
1419 1985 1474 2027 et
1509 1974 1757 2043 plenissi-

209 2076 347 2126 mas,
385 2061 524 2115 sicut
558 2060 648 2115 ille
681 2061 772 2130 qui
815 2068 983 2113 totum
1032 2060 1192 2114 habet
1229 2060 1282 2114 in
1321 2061 1495 2131 seipso
1526 2061 1759 2130 plenitu-

209 2149 367 2202 diuis.

274 2237 356 2290 lll.
398 2237 820 2290 Animadvertite
866 2243 920 2290 et
975 2237 1234 2291 attendite
1276 2238 1399 2306 quia
1448 2238 1500 2292 in
1554 2239 1761 2308 azymis

209 2327 348 2381 nulla
383 2337 466 2381 est
491 2327 672 2381 vivens
700 2326 888 2391 virtus,
917 2336 1122 2381 mortua
1158 2328 1301 2392 enim
1341 2337 1494 2394 sunt;
1533 2328 1586 2382 in
1625 2343 1763 2398 pane

211 2416 536 2479 autem,hoc
572 2425 674 2476 est,
706 2428 930 2483 corpore
985 2413 1208 2479 Christi,
1244 2416 1346 2469 tria
1379 2426 1502 2472 sunt
1530 2417 1760 2495 viventia

211 2514 258 2558 et
304 2506 471 2557 vitam
513 2504 802 2573 praebentia
854 2504 932 2558 eis
973 2504 1063 2572 qui
1113 2518 1176 2572 ea
1220 2504 1379 2574 digne
1418 2508 1705 2562 comedunt
1743 2525 1757 2563 :

211 2593 460 2661 Spiritus,
511 2607 647 2660 aqua
697 2602 751 2646 et
784 2594 1023 2664 sanguis,
1064 2607 1159 2647 ceu
1196 2603 1251 2647 et
1289 2595 1420 2663 ipse,
1464 2596 1555 2664 qui
1602 2611 1762 2664 super

210 2693 392 2752 pectus
420 2681 617 2735 Christi
651 2682 704 2734 in
731 2696 884 2735 coma
919 2683 1184 2746 recubuit,
1213 2681 1448 2739 Joannes
1470 2687 1762 2740 contestifi-

208 2781 358 2822 catur
401 2770 453 2822 in
501 2784 564 2822 eo
607 2769 816 2823 verbo:
870 2787 888 2819 ι
926 2767 1058 2824 Tres
1102 2781 1226 2824 sunt
1265 2771 1356 2840 qui
1399 2774 1760 2828 testimonium

209 2858 353 2922 dant,
387 2856 635 2925 Spiritus,
677 2871 813 2923 aqua
854 2866 907 2910 et
940 2857 1178 2926 sanguis,
1226 2867 1280 2912 et
1317 2860 1368 2912 hi
1414 2868 1523 2914 tres
1558 2861 1612 2914 in
1656 2875 1762 2916 uno

209 2953 327 2999 sunt
355 2943 405 3014 (Ι
437 2944 597 2997 Joan.
627 2959 681 3008 v,
717 2945 794 3013 8),
845 2963 862 2996 ι
907 2945 1154 2999 videlicet
1194 2945 1246 3000 in
1280 2938 1506 3016 corpore
1539 2948 1757 3004 Christi.

209 3034 354 3100 Quod
396 3044 450 3088 et
496 3034 784 3088 secundum
829 3043 1036 3101 tempus
1071 3035 1363 3090 Dominicae
1397 3037 1762 3094 crueifixionis

1864 1885 2036 1938 vivam
2082 1886 2307 1940 dicimus
2351 1901 2364 1938 :
2417 1904 2435 1936 ‹
2481 1888 2720 1956 Accipite
2768 1898 2822 1942 et
2868 1893 3149 1956 comeditc,
3197 1895 3294 1946 hoc
3338 1905 3421 1949 est

1862 1988 2058 2042 corpus
2087 1990 2285 2037 meum,
2326 1975 2466 2042 quod
2511 1991 2608 2044 pro
2637 1978 2802 2032 .vobis
2845 1976 3074 2033 fractum
3112 1992 3214 2047 est,
3253 1985 3303 2036 in
3340 2001 3421 2040 re-

1863 2065 2170 2118 missionem
2201 2077 2546 2135 peccatorum
2575 2070 2788 2140 (Matth.
2819 2089 2965 2139 xxvi,
2991 2075 3200 2145 26-28).
3240 2099 3257 2130 ι

1931 2153 1994 2207 ν.
2036 2154 2170 2219 Quid
2197 2171 2324 2226 ergo
2357 2159 2528 2225 vobis,
2568 2161 2620 2214 in
2653 2161 2870 2218 Christo
2901 2165 3161 2221 fratribus
3202 2173 3418 2229 nostris.

1861 2250 1916 2296 et
1934 2241 2036 2311 legi
2065 2259 2184 2311 quae
2208 2245 2486 2300 maledicta
2512 2257 2594 2302 est
2617 2249 2935 2305 iuChristo?
2961 2257 3210 2321 quoniam
3244 2259 3419 2313 adln-c

1861 2345 2105 2401 azymum
2135 2332 2454 2390 fermentum
2483 2337 2598 2406 ejus
2628 2339 2938 2395 comeditis?
2981 2342 3125 2396 Nova
3167 2356 3418 2398 creatura

1861 2435 2044 2476 sumus
2069 2423 2121 2476 in
2145 2422 2357 2478 Christo
2381 2441 2396 2479 :
2423 2434 2602 2480 vetera
2630 2430 2974 2484 transierunt.
3002 2432 3220 2486 Paulum
3245 2438 3420 2490 audite

1861 2510 2129 2566 dicentem
2174 2529 2185 2563 :
2221 2529 2239 2562 ι
2282 2512 2418 2567 Ecce
2449 2513 2589 2568 facta
2627 2528 2749 2570 sunt
2787 2521 2966 2572 omnia
3005 2536 3140 2574 nova
3173 2523 3254 2590 (Il
3295 2524 3416 2576 Cor.

1860 2615 1911 2665 v,
1943 2600 2050 2670 17).
2088 2618 2110 2653 ι
2136 2599 2192 2654 Si
2219 2609 2397 2665 autem
2425 2603 2536 2657 haec
2567 2604 2847 2660 comedere
2873 2608 3371 2677 decernitisjustum
3403 2633 3412 2664 :
3463 2615 3471 2623 '

1860 2704 1957 2744 cur
1993 2704 2098 2743 non
2135 2697 2190 2743 et
2236 2690 2718 2745 circumcidimini?
2766 2694 3014 2749 Christus
3065 2700 3420 2766 circumcisus

1859 2792 1962 2832 εει.
1993 2778 2100 2833 Cur
2130 2794 2234 2833 non
2272 2790 2327 2833 et
2365 2781 2759 2848 purificamim?
2799 2785 2992 2839 Paulus
3027 2788 3188 2840 etiam
3224 2799 3277 2842 et
3318 2793 3419 2844 hoc

1860 2864 1988 2919 fecit
2019 2885 2031 2921 :
2069 2876 2122 2921 et
2160 2868 2260 2920 alia
2305 2871 2467 2922 etiam
2505 2870 2683 2922 omnia
2732 2873 2979 2927 similiter
3021 2890 3237 2930 servare
3271 2888 3420 2931 vete-

1861 2966 2000 3018 rum,
2029 2953 2169 3008 sicut
2200 2962 2252 3008 et
2275 2955 2324 3007 hi
2358 2971 2418 3008 ea
2447 2971 2565 3024 quae
2595 2957 2728 3027 legis
2753 2970 2875 3012 sunt
2907 2961 3132 3026 faciunt,
3166 2978 3260 3030 per
3287 2979 3424 3032 quos

1860 3055 2054 3096 nomen
2095 3041 2186 3096 Dei
2224 3043 2276 3095 in
2300 3045 2546 3113 gentibus
2566 3048 2978 3116 blasphematur,
3013 3051 3152 3105 sicut
3179 3064 3259 3106 est
3286 3056 3422 3108 scri-

212 3127 529 3184 declaratum
555 3135 655 3192 est,
678 3142 798 3182 cum
828 3142 964 3204 aqua
992 3137 1045 3180 et
1079 3129 1294 3199 sanguis
1317 3144 1383 3183 ex
1414 3130 1756 3199 immaculata
1785 3131 1829 3192 C
1860 3138 2004 3199 ptum
2037 3147 2052 3186 :
2091 3149 2108 3182 ι
2141 3132 2256 3188 Νοη
2289 3135 2425 3188 bona
2456 3147 2537 3191 est
2567 3138 2810 3208 gloriatio
2843 3152 3015 3194 vestra
3049 3143 3094 3212 (Ι
3124 3144 3245 3198 Cor.
3273 3163 3318 3206 v,
3347 3147 3420 3216 6),

212 3226 350 3270 costa
383 3217 548 3285 ipsius
573 3214 772 3275 efﬂuxit
808 3234 820 3268 :
859 3216 1043 3271 lancea
1085 3232 1342 3286 percussa
1379 3233 1543 3274 carne
1572 3219 1758 3289 ipsius,

211 3317 420 3362 sanctus
451 3307 682 3376 Spiritus
707 3307 1055 3376 vivificusque
1083 3309 1136 3362 in
1168 3310 1412 3364 deificata
1448 3324 1610 3365 carne
1647 3309 1761 3378 ejus

210 3398 512 3468 permansit.
539 3397 709 3463 Quam
731 3399 1070 3452 comedentes
1093 3400 1146 3452 in
1170 3415 1328 3470 pane,
1343 3401 1431 3469 qui
1451 3401 1759 3456 immutatus

207 3497 284 3544 est
308 3504 401 3558 per
424 3489 685 3557 Spiritum
712 3497 765 3542 et
788 3487 1006 3543 effectus
1035 3499 1117 3542 est
1156 3505 1348 3558 corpus
1371 3490 1590 3556 Christi,
1623 3493 1759 3546 vivi-

208 3593 318 3631 mus
349 3579 399 3632 in
443 3578 580 3646 ipso,
627 3586 880 3645 tanquam
915 3577 1091 3631 vivam
1122 3588 1176 3632 et
1204 3578 1502 3634 deificatam
1543 3597 1758 3636 carnem

209 3671 436 3724 edentes.
471 3668 560 3722 Sic
590 3678 768 3721 autem
793 3676 848 3722 et
874 3671 1182 3738 sanguinem
1208 3671 1384 3725 vivum
1419 3685 1472 3727 et
1494 3674 1760 3728 Calidissi-

207 3775 344 3812 mum
370 3760 488 3828 ejus
522 3759 762 3813 bibentes
796 3774 915 3812 cum
946 3758 1190 3813 effluente
1221 3775 1356 3832 aqua
1390 3776 1462 3814 ex
1496 3762 1756 3818 immacu-

209 3847 304 3901 lata
327 3861 476 3903 costa
503 3847 637 3916 ejus,
668 3849 987 3902 mundamur
1013 3850 1079 3903 ab
1112 3851 1255 3902 omni
1285 3850 1500 3916 delicto,
1534 3851 1759 3906 ferventi

208 3939 474 4008 replemur
505 3939 725 4008 Spiritu.
751 3939 991 3994 Calidum
1015 3941 1178 4005 enim,
1203 3949 1258 3994 ut
1287 3942 1497 4007 videtis,
1526 3941 1670 3997 velut
1693 3958 1757 3996 ex

209 4029 368 4085 latere
404 4032 636 4095 Domini,
664 4031 882 4084 calicem
918 4031 1168 4094 bibimus,
1194 4032 1320 4101 quia
1353 4046 1420 4086 ex
1442 4032 1560 4086 viva
1596 4048 1758 4088 carne

206 4129 253 4171 et
279 4119 446 4172 calida
471 4119 661 4187 spiritu
688 4117 884 4172 Christi
907 4117 1260 4173 calidissimus
1285 4119 1438 4173 nobis
1468 4121 1686 4190 sanguis
1706 4129 1758 4174 et

207 4221 337 4277 aqua
368 4207 655 4261 emanavit.
703 4207 850 4272 Quod
889 4208 942 4261 in
978 4209 1056 4262 eis
1092 4209 1180 4272 qui
1224 4223 1412 4269 azyma
1449 4210 1754 4276 comedunt,

207 4304 383 4369 nequit
407 4301 545 4353 fieri.

268 4389 354 4443 ιγ.
395 4388 450 4441 Si
490 4396 666 4441 autem
712 4395 977 4439 mortuum
1022 4385 1341 4441 fermentum
1382 4389 1683 4453 comeditis,
1720 4404 1753 4443 ο

1863 3228 1920 3273 ιιι
1944 3229 1998 3275 et
2015 3235 2112 3291 ego
2141 3239 2257 3292 quae
2277 3224 2424 3278 Pauli
2455 3236 2577 3280 sunt
2605 3229 2793 3296 loquar
2819 3231 2884 3283 ad
2907 3245 3000 3284 vos
3030 3250 3040 3284 :
3073 3251 3089 3282 ‹
3117 3234 3364 3298 Νυευίιίδ,
3400 3255 3416 3287 ι

1861 3310 2052 3380 inquit,
2104 3329 2122 3362 ι
2161 3315 2282 3381 quia
2331 3317 2596 3370 modicum
2625 3318 2948 3373 fermentum
2988 3331 3150 3376 totam
3194 3341 3420 3379 massam

1860 3405 2211 3473 corrumpit?
2276 3425 2293 3456 ι
2359 3405 2611 3474 (Ibid.,)
2677 3408 2742 3461 Et
2800 3410 2953 3478 panis
3011 3413 3246 3476 tandem,
3318 3431 3421 3467 non

1860 3508 2104 3563 azymum
2154 3491 2398 3547 efﬁcitur.
2451 3493 2554 3548 Sed
2605 3497 2732 3563 quid
2781 3497 2867 3551 hic
2916 3499 3087 3552 dictus
3139 3501 3422 3569 Apostolus

1858 3580 2049 3634 scribit
2089 3582 2154 3633 ad
2191 3580 2540 3634 Corinthios?
2575 3582 2848 3650 Nunquid,
2887 3595 2942 3636 ut
2977 3601 3070 3639 vos
3119 3590 3416 3652 aestimatis,

1861 3673 1926 3723 de
1948 3669 2307 3724 celebratione
2337 3685 2498 3738 quam
2537 3686 2630 3725 vos
2661 3673 2714 3724 in
2745 3675 2946 3743 azymis
2973 3677 3287 3730 celebratis?
3318 3677 3420 3730 Ne-

1859 3771 2143 3825 quaquam.
2179 3755 2282 3810 Sed
2313 3759 2564 3825 quoniam
2601 3758 2675 3811 illi
2715 3762 2814 3813 hoc
2868 3761 3233 3829 despiciebant
3276 3767 3416 3831 quod

1859 3846 2051 3913 aliquis
2091 3860 2374 3898 novercam
2404 3857 2704 3914 acceperat,
2742 3859 2795 3901 et
2833 3851 2883 3902 in
2922 3853 3156 3919 antiquis
3187 3868 3413 3906 consue-

1859 3936 2129 3989 tudinibus
2171 3936 2314 3988 falsa:
2359 3937 2596 3989 scientia:
2633 3953 2741 3991 sua:
2788 3939 3182 4006 gloriabantur;
3233 3944 3416 3998 volens

1858 4037 2034 4080 autem
2080 4042 2171 4081 cos
2210 4029 2447 4082 converti
2488 4028 2680 4082 Paulus
2725 4040 2776 4082 et
2815 4047 2878 4082 ex
2924 4042 3102 4085 vetere
3140 4051 3412 4090 removere

1860 4115 2081 4180 malitia,
2105 4117 2248 4169 venit
2280 4132 2374 4184 per
2403 4116 2802 4170 similitudinem
2837 4121 2992 4184 hanc,
3024 4122 3268 4175 fermenti
3297 4127 3412 4176 dim

1858 4211 1910 4257 et
1940 4218 2147 4264 massa},
2174 4204 2408 4256 ostendit
2437 4205 2514 4256 eis
2551 4205 2802 4272 quoniam
2841 4223 2999 4260 unum
3035 4212 3263 4270 malum,
3299 4226 3413 4264 Lm-

1861 4303 2018 4356 quam
2037 4291 2300 4343 modicum
2316 4299 2699 4359 contemptura,
2719 4309 2965 4362 magnam
2986 4296 3036 4349 in
3055 4307 3161 4351 toto
3186 4317 3364 4366 corpm
3383 4322 3408 4354 c

1858 4377 2108 4432 Ecclesia:
2132 4377 2288 4431 faciet
2316 4380 2600 4433 lmsioncm.
2625 4382 2911 4452 Propterea
2935 4386 3103 4452 inquit
3122 4389 3402 4454 adjiciam;-

207 4476 603 4544 “piemissimi’
641 4486 699 4528 υι
730 4491 906 4529 sermo
941 4476 1253 4540 declaravit,
1287 4476 1436 4544 cuius
1477 4479 1549 4531 rei
1581 4479 1749 4546 gratia
1781 4455 1828 4513 D
1860 4485 1876 4516 ι
1915 4466 1978 4519 Et
2012 4483 2115 4520 non
2155 4467 2354 4520 luctum
2387 4469 2665 4531 habuistis,
2701 4483 2756 4524 ut
2797 4474 3074 4526 auferatur
3120 4480 3183 4530 dc
3234 4497 3315 4530 mu-
3343 4485 3400 4530 ἷιῑ

208 4564 518 4632 gloriamini,
555 4564 790 4616 dicentes
825 4581 835 4612 :
880 4579 900 4612 ι
949 4562 1082 4626 Quia
1119 4579 1221 4616 non
1256 4565 1395 4618 sicut
1431 4579 1522 4618 vos
1561 4565 1670 4619 sale
1700 4575 1754 4620 et

211 4656 458 4710 fermento
499 4666 659 4724 atque
701 4669 837 4722 aqua
885 4653 1110 4706 farinam
1157 4662 1536 4722 temperamus,
1578 4665 1631 4708 et
1673 4657 1751 4710 sic

210 4747 420 4802 facimus
446 4746 767 4800 oblationem
797 4759 1104 4813 azymorum
1138 4753 1460 4806 nostrorum,
1492 4745 1583 4797 sed
1614 4762 1749 4814 aqua

207 4836 309 4890 sola
337 4847 388 4890 et
413 4831 590 4888 farina'
608 4845 660 4886 et
685 4833 789 4902 igni
811 4847 1053 4901 azymmn
1077 4833 1406 4895 conficimus,
1435 4841 1487 4884 et
1510 4833 1558 4884 in
1579 4833 1750 4887 tribus

206 4924 284 4979 his
311 4931 493 4993 pdram
526 4923 750 4976 facimus
777 4930 1011 4975 nostram
1041 4921 1386 4983 oblationem;
1426 4940 1442 4971 ι
1470 4931 1750 4988 perconta-

206 5031 317 5068 mur
347 5017 503 5084 igitur
519 5030 634 5080 vos,
663 5013 910 5075 hmctria,
937 5026 1129 5078 aquam
1153 5019 1202 5062 et
1229 5009 1452 5062 farinam
1474 5020 1526 5063 et
1551 5011 1744 5078 ignem,

207 5104 267 5156 ad
294 5105 416 5172 quid
452 5104 723 5170 accipitis;
760 5110 812 5153 et
842 5101 923 5152 cui
968 5097 1192 5167 efﬁgiem
1231 5111 1347 5150 esse
1378 5099 1487 5180 haec
1519 5101 1748 5150 :estima-

209 5194 301 5247 tis?
329 5192 515 5247 Carnis
550 5191 790 5244 Domini?
822 5189 927 5240 Sed
959 5203 1061 5238 non
1093 5186 1262 5252 inquit
1287 5185 1504 5237 dilectus
1535 5185 1746 5238 Christo

205 5281 423 5336 Joannes
465 5301 475 5334 :
522 5300 539 5332 ‹
577 5281 707 5334 Tres
750 5289 870 5332 sunt
912 5279 1000 5347 qui
1054 5277 1416 5330 testimonium
1465 5277 1743 5343 perhibent

207 5370 251 5437 (l
282 5373 434 5424 Joan.
473 5389 524 5434 ν,
553 5372 626 5439 8),
663 5389 679 5419 ι
717 5386 850 5438 aqua
881 5378 932 5421 et
970 5367 1143 5420 farina
1171 5375 1224 5418 et
1262 5366 1418 5433 ignis.
1450 5365 1552 5418 Sed
1585 5365 1748 5432 quid?

212 5479 228 5512 ι
261 5461 483 5530 Spiritus
520 5472 572 5515 et
596 5477 728 5528 aqua
753 5472 805 5512 et
835 5460 1074 5526 sanguis,
1096 5466 1150 5510 et
1182 5457 1232 5508 hi
1265 5466 1371 5509 tres
1400 5457 1449 5508 in
1488 5473 1588 5508 uno
1618 5465 1741 5509 sunt

208 5551 502 5620 (Ibid.,),i
535 5550 775 5602 videlicet
820 5551 869 5602 in
918 5561 1140 5615 corpore
1191 5545 1406 5607 Christi,
1443 5555 1498 5595 ut
1544 5546 1739 5596 dictum

210 5647 299 5698 est.
326 5641 459 5697 quod
493 5655 588 5692 nos
617 5639 950 5691 comedentes
981 5636 1194 5688 unimur
1221 5635 1493 5687 inearnato
1525 5645 1744 5700 pruptcr

1856 4555 2015 4606 vestri
2063 4555 2152 4621 qui
2206 4556 2306 4607 hoc
2351 4571 2485 4623 Opus
2524 4570 2774 4625 operatus
2812 4565 2930 4614 est?
2967 4582 2984 4612 ι
3042 4565 3225 4631 (Ηὶων.
3258 4584 3358 4628 v,::
3399 4585 3404 4620 ;

1852 4641 2032 4695 Potest
2061 4643 2224 4704 enim,
2255 4644 2442 4710 inquit,
2481 4645 2729 4712 iniquitas
2758 4649 2856 4700 ista
2891 4653 2953 4700 ad
2984 4669 3169 4706 omnes
3200 4668 3404 4708 vestias

1853 4735 2010 4786 urbes
2056 4732 2302 4796 transire,
2348 4745 2419 4792 et,
2471 4745 2718 4803 tanquam
2768 4741 3029 4792 modicum
3083 4743 3402 4797 ferinenLtiin

1852 4833 2013 4875 totam
2056 4838 2285 4876 massam
2315 4824 2617 4888 fermentat,
2653 4832 2727 4880 sic
2769 4849 2950 4885 omnes
2985 4838 3311 4902 apprehendi
3354 4850 3404 4889 et

1846 4914 2174 4976 fermentari,
2197 4923 2248 4967 cl
2277 4930 2437 4967 unam
2466 4935 2691 4972 massam
2721 4921 2935 4987 majoris
2965 4926 3260 4993 iniquitatis
3281 4946 3401 4996 0pc-

1847 5003 1951 5054 rari
1999 5019 2010 5052 :
2076 5019 2094 5052 ί
2153 5001 2472 5070 Eprrgate,
2516 5023 2534 5054 ι
2584 5007 2776 5076 inquit,
2826 5027 2843 5059 ι
2891 5023 3038 5065 vetus
3079 5015 3398 5069 ferumntum

1844 5088 2027 5155 (Ibid.,
2049 5090 2124 5158 7),
2155 5108 2172 5140 ›
2204 5093 2430 5156 peccati.
2463 5093 2650 5148 Tollite
2676 5099 2815 5150 hunc
2843 5114 2871 5149 a
2901 5103 3092 5164 medio,
3124 5107 3396 5158 111‹·Πὶιίλι-

1844 5181 1968 5231 mini
2016 5180 2225 5233 Christo
2256 5197 2389 5234 nova
2421 5187 2744 5251 conspersio,
2780 5190 2913 5240 sicut
2949 5193 3074 5245 estis
3123 5196 3220 5261 imp
3250 5197 3396 5258 izati,

1848 5268 1899 5319 id
1929 5277 2009 5319 cst
2036 5267 2116 5319 vel
2145 5269 2314 5335 azymi
2347 5270 2423 5320 vel
2455 5271 2591 5337 puri,
2621 5277 2920 5329 Inorlifirati
2954 5283 3147 5331 mumlo
3179 5293 3227 5333 et
3260 5285 3399 5336 dc>i~

1849 5357 2006 5408 deriis
2036 5358 2232 5410 carnis.
2269 5358 2475 5411 Etenim
2505 5364 2697 5428 pascha
2730 5378 2966 5419 nostrum
2998 5372 3094 5423 lle
3126 5383 3222 5432 cst,
3261 5393 3393 5442 qm-

1846 5450 2009 5506 niam,
2045 5455 2098 5495 ut
2125 5450 2354 5512 eriperet
2386 5461 2478 5500 nos
2506 5465 2568 5500 ex
2594 5450 2873 5518 iniquitate
2905 5473 2963 5507 ac
2995 5472 3178 5520 morte,
3214 5463 3397 5515 immo-

1844 5533 1980 5584 lams
2018 5544 2096 5585 est
2140 5534 2398 5588 Christus.
2436 5536 2546 5598 Qua
2580 5538 2642 5591 de
2682 5555 2737 5592 re
2775 5543 2850 5595 sic
2889 5546 2963 5597 ait
3002 5565 3012 5598 :
3056 5566 3071 5596 ι
3115 5550 3395 5619 l-Lpnleim'r

1845 5640 1946 5676 non
1985 5627 2034 5676 in
2067 5624 2326 5677 fermento
2364 5630 2548 5690 veteri,
2585 5647 2752 5697 neque
2794 5635 2841 5684 in
2887 5638 3141 5690 tunicati;
3183 5657 3242 5690 ἶς’.
3271 5640 3387 5693 litis:
