  <div class='ocr_page' id='page_1' title='image "/cluster/home/n/w/nwhite01/storage/ocr_20150623/120/pst.000005714353/515.png"; bbox 0 0 4124 6338; ppageno 0'>
   <div class='ocr_carea' id='block_1_1' title="bbox 700 338 834 402">
    <p class='ocr_par' dir='ltr' id='par_1_1' title="bbox 700 338 834 402">
     <span class='ocr_line' id='line_1_1' title="bbox 700 338 834 402; baseline 0 -2"><span class='ocrx_word' id='word_1_1' title='bbox 700 338 834 402; x_wconf 65' lang='grc'><strong>1015</strong></span> 
     </span>
    </p>
   </div>
   <div class='ocr_carea' id='block_1_2' title="bbox 692 445 3424 521">
    <p class='ocr_par' dir='ltr' id='par_1_2' title="bbox 692 445 3424 521">
     <span class='ocr_line' id='line_1_2' title="bbox 692 445 3424 521; baseline -0.003 -12"><span class='ocrx_word' id='word_1_2' title='bbox 692 465 744 509; x_wconf 77' lang='lat' dir='ltr'><strong>et</strong></span> <span class='ocrx_word' id='word_1_3' title='bbox 786 452 1048 521; x_wconf 72' lang='lat' dir='ltr'><strong>uequilim,</strong></span> <span class='ocrx_word' id='word_1_4' title='bbox 1091 451 1181 505; x_wconf 88' lang='lat' dir='ltr'><strong>sed</strong></span> <span class='ocrx_word' id='word_1_5' title='bbox 1218 450 1267 503; x_wconf 90' lang='lat' dir='ltr'><strong>in</strong></span> <span class='ocrx_word' id='word_1_6' title='bbox 1310 449 1510 519; x_wconf 84' lang='lat' dir='ltr'><strong>azymis</strong></span> <span class='ocrx_word' id='word_1_7' title='bbox 1549 446 1873 521; x_wconf 75' lang='lat' dir='ltr'><strong>siaceritatis</strong></span> <span class='ocrx_word' id='word_1_8' title='bbox 1909 456 1960 498; x_wconf 85' lang='lat' dir='ltr'><strong>et</strong></span> <span class='ocrx_word' id='word_1_9' title='bbox 1988 445 2227 499; x_wconf 75' lang='lat' dir='ltr'><strong>veritatis</strong></span> <span class='ocrx_word' id='word_1_10' title='bbox 2259 451 2301 506; x_wconf 73' lang='grc' dir='ltr'><strong>Α</strong></span> <span class='ocrx_word' id='word_1_11' title='bbox 2332 447 2380 499; x_wconf 91' lang='lat' dir='ltr'><strong>in</strong></span> <span class='ocrx_word' id='word_1_12' title='bbox 2421 462 2527 516; x_wconf 91' lang='lat' dir='ltr'><strong>quo</strong></span> <span class='ocrx_word' id='word_1_13' title='bbox 2554 448 2814 517; x_wconf 82' lang='lat' dir='ltr'><strong>contingit</strong></span> <span class='ocrx_word' id='word_1_14' title='bbox 2845 449 3062 506; x_wconf 76' lang='lat' dir='ltr'><strong>evenire</strong></span> <span class='ocrx_word' id='word_1_15' title='bbox 3100 449 3227 503; x_wconf 60' lang='grc' dir='ltr'>εδει</span> <span class='ocrx_word' id='word_1_16' title='bbox 3259 465 3424 504; x_wconf 82' lang='lat' dir='ltr'><strong>annos</strong></span> 
     </span>
    </p>
   </div>
   <div class='ocr_carea' id='block_1_3' title="bbox 691 520 2227 609">
    <p class='ocr_par' dir='ltr' id='par_1_3' title="bbox 691 520 2227 609">
     <span class='ocr_line' id='line_1_3' title="bbox 691 520 2227 609; baseline -0.005 -17"><span class='ocrx_word' id='word_1_17' title='bbox 691 520 955 609; x_wconf 53' lang='lat' dir='ltr'><strong>(105mb),</strong></span> <span class='ocrx_word' id='word_1_18' title='bbox 993 557 1007 587; x_wconf 86' lang='grc' dir='ltr'><strong>ι</strong></span> <span class='ocrx_word' id='word_1_19' title='bbox 1037 539 1135 590; x_wconf 88' lang='lat' dir='ltr'><strong>hoc</strong></span> <span class='ocrx_word' id='word_1_20' title='bbox 1161 548 1241 590; x_wconf 90' lang='lat' dir='ltr'><strong>est</strong></span> <span class='ocrx_word' id='word_1_21' title='bbox 1272 550 1413 605; x_wconf 72' lang='lat' dir='ltr'><strong>purre</strong></span> <span class='ocrx_word' id='word_1_22' title='bbox 1437 535 1554 587; x_wconf 78' lang='lat' dir='ltr'><strong>vita:</strong></span> <span class='ocrx_word' id='word_1_23' title='bbox 1585 520 1638 585; x_wconf 68' lang='lat' dir='ltr'><strong>ei</strong></span> <span class='ocrx_word' id='word_1_24' title='bbox 1678 533 1819 595; x_wconf 79' lang='lat' dir='ltr'><strong>fidei,</strong></span> <span class='ocrx_word' id='word_1_25' title='bbox 1851 548 1951 600; x_wconf 93' lang='lat' dir='ltr'><strong>qua</strong></span> <span class='ocrx_word' id='word_1_26' title='bbox 1988 534 2036 583; x_wconf 90' lang='lat' dir='ltr'><strong>in</strong></span> <span class='ocrx_word' id='word_1_27' title='bbox 2068 532 2227 585; x_wconf 90' lang='lat' dir='ltr'><strong>Deum</strong></span> 
     </span>
    </p>
   </div>
   <div class='ocr_carea' id='block_1_4' title="bbox 690 617 2232 686">
    <p class='ocr_par' dir='ltr' id='par_1_4' title="bbox 690 617 2232 686">
     <span class='ocr_line' id='line_1_4' title="bbox 690 617 2232 686; baseline -0.006 -6"><span class='ocrx_word' id='word_1_28' title='bbox 690 618 1071 686; x_wconf 48' lang='lat' dir='ltr'><strong>erediums,‘et</strong></span> <span class='ocrx_word' id='word_1_29' title='bbox 1113 639 1326 677; x_wconf 83' lang='lat' dir='ltr'><strong>veraces</strong></span> <span class='ocrx_word' id='word_1_30' title='bbox 1375 630 1615 674; x_wconf 89' lang='lat' dir='ltr'><strong>oratores</strong></span> <span class='ocrx_word' id='word_1_31' title='bbox 1662 619 1774 685; x_wconf 86' lang='lat' dir='ltr'><strong>ejus</strong></span> <span class='ocrx_word' id='word_1_32' title='bbox 1821 619 2099 673; x_wconf 82' lang='lat' dir='ltr'><strong>eﬂicimur.</strong></span> <span class='ocrx_word' id='word_1_33' title='bbox 2142 617 2232 671; x_wconf 84' lang='lat' dir='ltr'><strong>Sic</strong></span> 
     </span>
    </p>
   </div>
   <div class='ocr_carea' id='block_1_5' title="bbox 692 708 2233 783">
    <p class='ocr_par' dir='ltr' id='par_1_5' title="bbox 692 708 2233 783">
     <span class='ocr_line' id='line_1_5' title="bbox 692 708 2233 783; baseline -0.004 -15"><span class='ocrx_word' id='word_1_34' title='bbox 692 716 903 783; x_wconf 71' lang='lat' dir='ltr'><strong>Magnus</strong></span> <span class='ocrx_word' id='word_1_35' title='bbox 928 714 1216 783; x_wconf 82' lang='lat' dir='ltr'><strong>Gregorius</strong></span> <span class='ocrx_word' id='word_1_36' title='bbox 1248 713 1520 781; x_wconf 88' lang='lat' dir='ltr'><strong>theologus</strong></span> <span class='ocrx_word' id='word_1_37' title='bbox 1542 713 1639 765; x_wconf 94' lang='lat' dir='ltr'><strong>hoc</strong></span> <span class='ocrx_word' id='word_1_38' title='bbox 1676 711 1894 764; x_wconf 82' lang='lat' dir='ltr'><strong>verbum</strong></span> <span class='ocrx_word' id='word_1_39' title='bbox 1937 710 2159 777; x_wconf 84' lang='lat' dir='ltr'><strong>accepit.</strong></span> <span class='ocrx_word' id='word_1_40' title='bbox 2188 708 2233 762; x_wconf 86' lang='grc' dir='ltr'><strong>Ο</strong></span> 
     </span>
    </p>
   </div>
   <div class='ocr_carea' id='block_1_6' title="bbox 691 797 2232 870">
    <p class='ocr_par' dir='ltr' id='par_1_6' title="bbox 691 797 2232 870">
     <span class='ocr_line' id='line_1_6' title="bbox 691 797 2232 870; baseline -0.004 -15"><span class='ocrx_word' id='word_1_41' title='bbox 691 804 1086 870; x_wconf 84' lang='lat' dir='ltr'><strong>sapientissimi,</strong></span> <span class='ocrx_word' id='word_1_42' title='bbox 1120 818 1180 855; x_wconf 90' lang='lat' dir='ltr'><strong>ea</strong></span> <span class='ocrx_word' id='word_1_43' title='bbox 1211 817 1325 868; x_wconf 80' lang='lat' dir='ltr'><strong>quae</strong></span> <span class='ocrx_word' id='word_1_44' title='bbox 1359 802 1551 854; x_wconf 89' lang='lat' dir='ltr'><strong>mentis</strong></span> <span class='ocrx_word' id='word_1_45' title='bbox 1589 799 1891 867; x_wconf 71' lang='lat' dir='ltr'><strong>apostolicre</strong></span> <span class='ocrx_word' id='word_1_46' title='bbox 1931 808 2053 853; x_wconf 91' lang='lat' dir='ltr'><strong>sunt</strong></span> <span class='ocrx_word' id='word_1_47' title='bbox 2083 797 2232 851; x_wconf 61' lang='lat' dir='ltr'><strong>intelo</strong></span> 
     </span>
    </p>
   </div>
   <div class='ocr_carea' id='block_1_7' title="bbox 692 885 2233 957">
    <p class='ocr_par' dir='ltr' id='par_1_7' title="bbox 692 885 2233 957">
     <span class='ocr_line' id='line_1_7' title="bbox 692 885 2233 957; baseline -0.001 -18"><span class='ocrx_word' id='word_1_48' title='bbox 692 892 856 957; x_wconf 77' lang='lat' dir='ltr'><strong>ligite,</strong></span> <span class='ocrx_word' id='word_1_49' title='bbox 887 900 939 941; x_wconf 84' lang='lat' dir='ltr'><strong>et</strong></span> <span class='ocrx_word' id='word_1_50' title='bbox 966 904 1091 951; x_wconf 90' lang='lat' dir='ltr'><strong>non,</strong></span> <span class='ocrx_word' id='word_1_51' title='bbox 1122 889 1561 956; x_wconf 80' lang='lat' dir='ltr'><strong>quemadmodum</strong></span> <span class='ocrx_word' id='word_1_52' title='bbox 1596 890 1694 940; x_wconf 90' lang='lat' dir='ltr'><strong>hoc</strong></span> <span class='ocrx_word' id='word_1_53' title='bbox 1726 902 1817 939; x_wconf 86' lang='lat' dir='ltr'><strong>vos</strong></span> <span class='ocrx_word' id='word_1_54' title='bbox 1844 886 2144 953; x_wconf 86' lang='lat' dir='ltr'><strong>accepistis,</strong></span> <span class='ocrx_word' id='word_1_55' title='bbox 2170 885 2233 937; x_wconf 84' lang='lat' dir='ltr'><strong>de</strong></span> 
     </span>
    </p>
   </div>
   <div class='ocr_carea' id='block_1_8' title="bbox 690 973 2234 1048">
    <p class='ocr_par' dir='ltr' id='par_1_8' title="bbox 690 973 2234 1048">
     <span class='ocr_line' id='line_1_8' title="bbox 690 973 2234 1048; baseline 0 -23"><span class='ocrx_word' id='word_1_56' title='bbox 690 992 994 1048; x_wconf 73' lang='lat' dir='ltr'><strong>azymorum</strong></span> <span class='ocrx_word' id='word_1_57' title='bbox 1036 976 1323 1028; x_wconf 90' lang='lat' dir='ltr'><strong>festivitate</strong></span> <span class='ocrx_word' id='word_1_58' title='bbox 1351 983 1403 1027; x_wconf 87' lang='lat' dir='ltr'><strong>et</strong></span> <span class='ocrx_word' id='word_1_59' title='bbox 1435 975 1861 1043; x_wconf 82' lang='lat' dir='ltr'><strong>participatione.</strong></span> <span class='ocrx_word' id='word_1_60' title='bbox 1905 973 1959 1025; x_wconf 89' lang='lat' dir='ltr'><strong>Si</strong></span> <span class='ocrx_word' id='word_1_61' title='bbox 1995 973 2133 1024; x_wconf 82' lang='lat' dir='ltr'><strong>enim</strong></span> <span class='ocrx_word' id='word_1_62' title='bbox 2169 974 2234 1025; x_wconf 81' lang='lat' dir='ltr'><strong>de</strong></span> 
     </span>
    </p>
   </div>
   <div class='ocr_carea' id='block_1_9' title="bbox 691 1058 2234 1133">
    <p class='ocr_par' dir='ltr' id='par_1_9' title="bbox 691 1058 2234 1133">
     <span class='ocr_line' id='line_1_9' title="bbox 691 1058 2234 1133; baseline -0.003 -18"><span class='ocrx_word' id='word_1_63' title='bbox 691 1068 890 1133; x_wconf 79' lang='lat' dir='ltr'><strong>azymis</strong></span> <span class='ocrx_word' id='word_1_64' title='bbox 929 1075 981 1117; x_wconf 89' lang='lat' dir='ltr'><strong>et</strong></span> <span class='ocrx_word' id='word_1_65' title='bbox 1018 1064 1083 1117; x_wconf 85' lang='lat' dir='ltr'><strong>de</strong></span> <span class='ocrx_word' id='word_1_66' title='bbox 1110 1062 1462 1116; x_wconf 87' lang='lat' dir='ltr'><strong>celebratione</strong></span> <span class='ocrx_word' id='word_1_67' title='bbox 1500 1076 1683 1113; x_wconf 87' lang='lat' dir='ltr'><strong>eorum</strong></span> <span class='ocrx_word' id='word_1_68' title='bbox 1721 1059 2006 1113; x_wconf 87' lang='lat' dir='ltr'><strong>Corinthiis</strong></span> <span class='ocrx_word' id='word_1_69' title='bbox 2042 1058 2234 1111; x_wconf 80' lang='lat' dir='ltr'><strong>Paulus</strong></span> 
     </span>
    </p>
   </div>
   <div class='ocr_carea' id='block_1_10' title="bbox 691 1146 2233 1218">
    <p class='ocr_par' dir='ltr' id='par_1_10' title="bbox 691 1146 2233 1218">
     <span class='ocr_line' id='line_1_10' title="bbox 691 1146 2233 1218; baseline -0.001 -19"><span class='ocrx_word' id='word_1_70' title='bbox 691 1151 1044 1218; x_wconf 69' lang='lat' dir='ltr'><strong>pneeepiSset,</strong></span> <span class='ocrx_word' id='word_1_71' title='bbox 1079 1158 1130 1202; x_wconf 89' lang='lat' dir='ltr'><strong>et</strong></span> <span class='ocrx_word' id='word_1_72' title='bbox 1158 1163 1250 1201; x_wconf 93' lang='lat' dir='ltr'><strong>eos</strong></span> <span class='ocrx_word' id='word_1_73' title='bbox 1285 1148 1333 1200; x_wconf 91' lang='lat' dir='ltr'><strong>in</strong></span> <span class='ocrx_word' id='word_1_74' title='bbox 1370 1148 1570 1215; x_wconf 84' lang='lat' dir='ltr'><strong>azymis</strong></span> <span class='ocrx_word' id='word_1_75' title='bbox 1606 1146 1805 1214; x_wconf 87' lang='lat' dir='ltr'><strong>epulari</strong></span> <span class='ocrx_word' id='word_1_76' title='bbox 1830 1146 2098 1210; x_wconf 78' lang='lat' dir='ltr'><strong>jussissct,</strong></span> <span class='ocrx_word' id='word_1_77' title='bbox 2130 1159 2233 1197; x_wconf 87' lang='lat' dir='ltr'><strong>non</strong></span> 
     </span>
    </p>
   </div>
   <div class='ocr_carea' id='block_1_11' title="bbox 690 1222 2237 1307">
    <p class='ocr_par' dir='ltr' id='par_1_11' title="bbox 690 1222 2237 1307">
     <span class='ocr_line' id='line_1_11' title="bbox 690 1222 2237 1307; baseline -0.001 -18"><span class='ocrx_word' id='word_1_78' title='bbox 690 1239 1078 1307; x_wconf 69' lang='lat' dir='ltr'><strong>promulgassct</strong></span> <span class='ocrx_word' id='word_1_79' title='bbox 1126 1252 1245 1289; x_wconf 90' lang='lat' dir='ltr'><strong>cum</strong></span> <span class='ocrx_word' id='word_1_80' title='bbox 1294 1234 1557 1297; x_wconf 77' lang='lat' dir='ltr'><strong>undecim,</strong></span> <span class='ocrx_word' id='word_1_81' title='bbox 1610 1242 1662 1287; x_wconf 83' lang='lat' dir='ltr'><strong>et</strong></span> <span class='ocrx_word' id='word_1_82' title='bbox 1717 1222 1929 1287; x_wconf 87' lang='lat' dir='ltr'><strong>omnem</strong></span> <span class='ocrx_word' id='word_1_83' title='bbox 1978 1234 2237 1287; x_wconf 81' lang='lat' dir='ltr'><strong>reducens</strong></span> 
     </span>
    </p>
   </div>
   <div class='ocr_carea' id='block_1_12' title="bbox 690 1322 2232 1390">
    <p class='ocr_par' dir='ltr' id='par_1_12' title="bbox 690 1322 2232 1390">
     <span class='ocr_line' id='line_1_12' title="bbox 690 1322 2232 1390; baseline -0.003 -11"><span class='ocrx_word' id='word_1_84' title='bbox 690 1327 977 1380; x_wconf 67' lang='lat' dir='ltr'><strong>Ecclesium</strong></span> <span class='ocrx_word' id='word_1_85' title='bbox 1011 1326 1238 1379; x_wconf 78' lang='lat' dir='ltr'><strong>fidelium</strong></span> <span class='ocrx_word' id='word_1_86' title='bbox 1270 1325 1321 1377; x_wconf 91' lang='lat' dir='ltr'><strong>in</strong></span> <span class='ocrx_word' id='word_1_87' title='bbox 1353 1324 1619 1387; x_wconf 84' lang='lat' dir='ltr'><strong>ordinem,</strong></span> <span class='ocrx_word' id='word_1_88' title='bbox 1642 1323 1695 1376; x_wconf 88' lang='lat' dir='ltr'><strong>in</strong></span> <span class='ocrx_word' id='word_1_89' title='bbox 1730 1322 2120 1390; x_wconf 82' lang='lat' dir='ltr'><strong>septuagesimo</strong></span> <span class='ocrx_word' id='word_1_90' title='bbox 2149 1336 2232 1375; x_wconf 84' lang='lat' dir='ltr'><strong>ca-</strong></span> 
     </span>
    </p>
   </div>
   <div class='ocr_carea' id='block_1_13' title="bbox 691 1410 2231 1479">
    <p class='ocr_par' dir='ltr' id='par_1_13' title="bbox 691 1410 2231 1479">
     <span class='ocr_line' id='line_1_13' title="bbox 691 1410 2231 1479; baseline -0.003 -13"><span class='ocrx_word' id='word_1_91' title='bbox 691 1432 844 1478; x_wconf 87' lang='lat' dir='ltr'><strong>none,</strong></span> <span class='ocrx_word' id='word_1_92' title='bbox 872 1430 991 1468; x_wconf 89' lang='lat' dir='ltr'><strong>cum</strong></span> <span class='ocrx_word' id='word_1_93' title='bbox 1019 1414 1567 1468; x_wconf 76' lang='lat' dir='ltr'><strong>exeommunieatione</strong></span> <span class='ocrx_word' id='word_1_94' title='bbox 1593 1412 1929 1479; x_wconf 61' lang='lat' dir='ltr'><strong>praecepisset</strong></span> <span class='ocrx_word' id='word_1_95' title='bbox 1966 1410 2231 1473; x_wconf 75' lang='lat' dir='ltr'><strong>erunibus,</strong></span> 
     </span>
    </p>
   </div>
   <div class='ocr_carea' id='block_1_14' title="bbox 687 1498 2233 1573">
    <p class='ocr_par' dir='ltr' id='par_1_14' title="bbox 687 1498 2233 1573">
     <span class='ocr_line' id='line_1_14' title="bbox 687 1498 2233 1573; baseline -0.006 -15"><span class='ocrx_word' id='word_1_96' title='bbox 687 1505 983 1573; x_wconf 88' lang='lat' dir='ltr'><strong>hujusmodi</strong></span> <span class='ocrx_word' id='word_1_97' title='bbox 1014 1520 1227 1559; x_wconf 90' lang='lat' dir='ltr'><strong>causam</strong></span> <span class='ocrx_word' id='word_1_98' title='bbox 1259 1519 1288 1556; x_wconf 89' lang='lat' dir='ltr'><strong>a</strong></span> <span class='ocrx_word' id='word_1_99' title='bbox 1317 1502 1512 1556; x_wconf 71' lang='lat' dir='ltr'><strong>Iudaeis</strong></span> <span class='ocrx_word' id='word_1_100' title='bbox 1539 1501 1836 1554; x_wconf 80' lang='lat' dir='ltr'><strong>nullatenus</strong></span> <span class='ocrx_word' id='word_1_101' title='bbox 1880 1499 2047 1566; x_wconf 88' lang='lat' dir='ltr'><strong>accipi</strong></span> <span class='ocrx_word' id='word_1_102' title='bbox 2084 1512 2096 1548; x_wconf 94' lang='lat'>:</span> <span class='ocrx_word' id='word_1_103' title='bbox 2127 1514 2144 1547; x_wconf 74' lang='grc' dir='ltr'><strong>ι</strong></span> <span class='ocrx_word' id='word_1_104' title='bbox 2177 1498 2233 1550; x_wconf 85' lang='lat' dir='ltr'><strong>Si</strong></span> 
     </span>
    </p>
   </div>
   <div class='ocr_carea' id='block_1_15' title="bbox 686 1588 2235 1660">
    <p class='ocr_par' dir='ltr' id='par_1_15' title="bbox 686 1588 2235 1660">
     <span class='ocr_line' id='line_1_15' title="bbox 686 1588 2235 1660; baseline -0.003 -18"><span class='ocrx_word' id='word_1_105' title='bbox 686 1594 804 1660; x_wconf 83' lang='lat' dir='ltr'><strong>quis</strong></span> <span class='ocrx_word' id='word_1_106' title='bbox 849 1593 1147 1659; x_wconf 82' lang='lat' dir='ltr'><strong>episeOpus,</strong></span> <span class='ocrx_word' id='word_1_107' title='bbox 1201 1598 1294 1643; x_wconf 88' lang='lat' dir='ltr'><strong>aut</strong></span> <span class='ocrx_word' id='word_1_108' title='bbox 1338 1590 1633 1658; x_wconf 81' lang='lat' dir='ltr'><strong>presbyter,</strong></span> <span class='ocrx_word' id='word_1_109' title='bbox 1684 1597 1774 1639; x_wconf 87' lang='lat' dir='ltr'><strong>aut</strong></span> <span class='ocrx_word' id='word_1_110' title='bbox 1818 1588 2092 1649; x_wconf 81' lang='lat' dir='ltr'><strong>diaconus,</strong></span> <span class='ocrx_word' id='word_1_111' title='bbox 2143 1593 2235 1637; x_wconf 85' lang='lat' dir='ltr'><strong>aut</strong></span> 
     </span>
    </p>
   </div>
   <div class='ocr_carea' id='block_1_16' title="bbox 687 1671 2231 1742">
    <p class='ocr_par' dir='ltr' id='par_1_16' title="bbox 687 1671 2231 1742">
     <span class='ocr_line' id='line_1_16' title="bbox 687 1671 2231 1742; baseline -0.003 -13"><span class='ocrx_word' id='word_1_112' title='bbox 687 1680 899 1731; x_wconf 89' lang='lat' dir='ltr'><strong>omnino</strong></span> <span class='ocrx_word' id='word_1_113' title='bbox 929 1694 992 1731; x_wconf 84' lang='lat' dir='ltr'><strong>ex</strong></span> <span class='ocrx_word' id='word_1_114' title='bbox 1025 1692 1243 1731; x_wconf 90' lang='lat' dir='ltr'><strong>numero</strong></span> <span class='ocrx_word' id='word_1_115' title='bbox 1276 1677 1589 1731; x_wconf 80' lang='lat' dir='ltr'><strong>clericort&#39;nu</strong></span> <span class='ocrx_word' id='word_1_116' title='bbox 1613 1674 1937 1742; x_wconf 88' lang='lat' dir='ltr'><strong>jejunaverit</strong></span> <span class='ocrx_word' id='word_1_117' title='bbox 1967 1687 2085 1726; x_wconf 89' lang='lat' dir='ltr'><strong>cum</strong></span> <span class='ocrx_word' id='word_1_118' title='bbox 2126 1671 2231 1725; x_wconf 79' lang='lat' dir='ltr'><strong>lie-</strong></span> 
     </span>
    </p>
   </div>
   <div class='ocr_carea' id='block_1_17' title="bbox 1886 326 2630 395">
    <p class='ocr_par' dir='ltr' id='par_1_17' title="bbox 1886 326 2630 395">
     <span class='ocr_line' id='line_1_17' title="bbox 1886 326 2630 395; baseline -0.008 0"><span class='ocrx_word' id='word_1_119' title='bbox 1886 334 1931 395; x_wconf 89' lang='lat' dir='ltr'><strong>N</strong></span> <span class='ocrx_word' id='word_1_120' title='bbox 1946 334 2008 391; x_wconf 82' lang='lat' dir='ltr'><strong>iC</strong></span> <span class='ocrx_word' id='word_1_121' title='bbox 2020 333 2123 391; x_wconf 74' lang='grc' dir='ltr'><strong>ΕΤ.</strong></span> <span class='ocrx_word' id='word_1_122' title='bbox 2222 326 2630 392; x_wconf 62' lang='lat' dir='ltr'><strong>l’LC&#39;l&#39;ORA&#39;l‘l</strong></span> 
     </span>
    </p>
   </div>
   <div class='ocr_carea' id='block_1_18' title="bbox 3750 341 3874 405">
    <p class='ocr_par' dir='ltr' id='par_1_18' title="bbox 3750 341 3874 405">
     <span class='ocr_line' id='line_1_18' title="bbox 3750 341 3874 405; baseline 0.048 -6"><span class='ocrx_word' id='word_1_123' title='bbox 3750 341 3874 405; x_wconf 74' lang='lat' dir='ltr'><strong>lOl6</strong></span> 
     </span>
    </p>
   </div>
   <div class='ocr_carea' id='block_1_19' title="bbox 3465 456 3866 519">
    <p class='ocr_par' dir='ltr' id='par_1_19' title="bbox 3465 456 3866 519">
     <span class='ocr_line' id='line_1_19' title="bbox 3465 456 3866 519; baseline 0.002 -9"><span class='ocrx_word' id='word_1_124' title='bbox 3465 465 3477 501; x_wconf 76' lang='grc' dir='ltr'><strong>ε</strong></span> <span class='ocrx_word' id='word_1_125' title='bbox 3517 456 3693 519; x_wconf 59' lang='lat' dir='ltr'><strong>tyrias</strong></span> <span class='ocrx_word' id='word_1_126' title='bbox 3727 458 3866 511; x_wconf 79' lang='lat' dir='ltr'><strong>enim</strong></span> 
     </span>
    </p>
   </div>
   <div class='ocr_carea' id='block_1_20' title="bbox 2331 535 3870 608">
    <p class='ocr_par' dir='ltr' id='par_1_20' title="bbox 2331 535 3870 608">
     <span class='ocr_line' id='line_1_20' title="bbox 2331 535 3870 608; baseline 0.008 -20"><span class='ocrx_word' id='word_1_127' title='bbox 2331 535 2453 589; x_wconf 67' lang='lat' dir='ltr'><strong>solis</strong></span> <span class='ocrx_word' id='word_1_128' title='bbox 2476 545 2591 588; x_wconf 84' lang='lat' dir='ltr'><strong>erat</strong></span> <span class='ocrx_word' id='word_1_129' title='bbox 2626 536 2683 589; x_wconf 89' lang='lat' dir='ltr'><strong>l8</strong></span> <span class='ocrx_word' id='word_1_130' title='bbox 2716 546 2769 589; x_wconf 89' lang='lat' dir='ltr'><strong>et</strong></span> <span class='ocrx_word' id='word_1_131' title='bbox 2798 536 2851 600; x_wconf 88' lang='lat'><strong>5,</strong></span> <span class='ocrx_word' id='word_1_132' title='bbox 2878 545 2932 589; x_wconf 91' lang='lat' dir='ltr'><strong>ut</strong></span> <span class='ocrx_word' id='word_1_133' title='bbox 2962 553 3063 590; x_wconf 92' lang='lat' dir='ltr'><strong>non</strong></span> <span class='ocrx_word' id='word_1_134' title='bbox 3087 539 3256 591; x_wconf 86' lang='lat' dir='ltr'><strong>adhuc</strong></span> <span class='ocrx_word' id='word_1_135' title='bbox 3288 540 3507 591; x_wconf 89' lang='lat' dir='ltr'><strong>traditus</strong></span> <span class='ocrx_word' id='word_1_136' title='bbox 3530 546 3870 608; x_wconf 55' lang='lat' dir='ltr'><strong>praevenisset</strong></span> 
     </span>
    </p>
   </div>
   <div class='ocr_carea' id='block_1_21' title="bbox 2330 626 3867 694">
    <p class='ocr_par' dir='ltr' id='par_1_21' title="bbox 2330 626 3867 694">
     <span class='ocr_line' id='line_1_21' title="bbox 2330 626 3867 694; baseline 0.008 -19"><span class='ocrx_word' id='word_1_137' title='bbox 2330 626 2598 693; x_wconf 90' lang='lat' dir='ltr'><strong>proprium</strong></span> <span class='ocrx_word' id='word_1_138' title='bbox 2641 628 2833 694; x_wconf 86' lang='lat' dir='ltr'><strong>pascha</strong></span> <span class='ocrx_word' id='word_1_139' title='bbox 2881 626 3155 694; x_wconf 85' lang='lat' dir='ltr'><strong>discipulis</strong></span> <span class='ocrx_word' id='word_1_140' title='bbox 3197 628 3422 688; x_wconf 88' lang='lat' dir='ltr'><strong>tradere,</strong></span> <span class='ocrx_word' id='word_1_141' title='bbox 3465 630 3777 685; x_wconf 87' lang='lat' dir='ltr'><strong>recumbens</strong></span> <span class='ocrx_word' id='word_1_142' title='bbox 3819 636 3867 687; x_wconf 88' lang='lat' dir='ltr'><strong>in</strong></span> 
     </span>
    </p>
   </div>
   <div class='ocr_carea' id='block_1_22' title="bbox 2330 718 3870 789">
    <p class='ocr_par' dir='ltr' id='par_1_22' title="bbox 2330 718 3870 789">
     <span class='ocr_line' id='line_1_22' title="bbox 2330 718 3870 789; baseline 0.005 -20"><span class='ocrx_word' id='word_1_143' title='bbox 2330 730 2480 769; x_wconf 77' lang='lat' dir='ltr'><strong>cmna</strong></span> <span class='ocrx_word' id='word_1_144' title='bbox 2520 718 2807 770; x_wconf 85' lang='lat' dir='ltr'><strong>secundum</strong></span> <span class='ocrx_word' id='word_1_145' title='bbox 2858 731 3133 785; x_wconf 88' lang='lat' dir='ltr'><strong>vesperum</strong></span> <span class='ocrx_word' id='word_1_146' title='bbox 3185 719 3352 785; x_wconf 90' lang='lat' dir='ltr'><strong>quinti</strong></span> <span class='ocrx_word' id='word_1_147' title='bbox 3400 720 3533 783; x_wconf 88' lang='lat' dir='ltr'><strong>diei;</strong></span> <span class='ocrx_word' id='word_1_148' title='bbox 3592 732 3870 789; x_wconf 79' lang='lat' dir='ltr'><strong>postquam</strong></span> 
     </span>
    </p>
   </div>
   <div class='ocr_carea' id='block_1_23' title="bbox 2330 804 3874 877">
    <p class='ocr_par' dir='ltr' id='par_1_23' title="bbox 2330 804 3874 877">
     <span class='ocr_line' id='line_1_23' title="bbox 2330 804 3874 877; baseline 0.007 -21"><span class='ocrx_word' id='word_1_149' title='bbox 2330 806 2581 865; x_wconf 76' lang='lat' dir='ltr'><strong>cmnavit,</strong></span> <span class='ocrx_word' id='word_1_150' title='bbox 2632 805 2835 872; x_wconf 86' lang='lat' dir='ltr'><strong>accepit</strong></span> <span class='ocrx_word' id='word_1_151' title='bbox 2881 820 3093 871; x_wconf 88' lang='lat' dir='ltr'><strong>panem,</strong></span> <span class='ocrx_word' id='word_1_152' title='bbox 3141 804 3312 875; x_wconf 83' lang='lat' dir='ltr'><strong>fregit,</strong></span> <span class='ocrx_word' id='word_1_153' title='bbox 3368 808 3582 861; x_wconf 86' lang='lat' dir='ltr'><strong>tradidit</strong></span> <span class='ocrx_word' id='word_1_154' title='bbox 3622 811 3874 877; x_wconf 77' lang='lat' dir='ltr'><strong>apostolis</strong></span> 
     </span>
    </p>
   </div>
   <div class='ocr_carea' id='block_1_24' title="bbox 2332 892 3874 965">
    <p class='ocr_par' dir='ltr' id='par_1_24' title="bbox 2332 892 3874 965">
     <span class='ocr_line' id='line_1_24' title="bbox 2332 892 3874 965; baseline 0.002 -18"><span class='ocrx_word' id='word_1_155' title='bbox 2332 894 2638 965; x_wconf 77' lang='lat' dir='ltr'><strong>mysterium</strong></span> <span class='ocrx_word' id='word_1_156' title='bbox 2675 892 2804 946; x_wconf 82' lang='lat' dir='ltr'><strong>Novi</strong></span> <span class='ocrx_word' id='word_1_157' title='bbox 2838 892 3160 946; x_wconf 87' lang='lat' dir='ltr'><strong>Testamenti</strong></span> <span class='ocrx_word' id='word_1_158' title='bbox 3200 894 3250 946; x_wconf 91' lang='lat' dir='ltr'><strong>iu</strong></span> <span class='ocrx_word' id='word_1_159' title='bbox 3291 902 3443 948; x_wconf 88' lang='lat' dir='ltr'><strong>nocte</strong></span> <span class='ocrx_word' id='word_1_160' title='bbox 3476 896 3658 964; x_wconf 88' lang='lat' dir='ltr'><strong>quinta</strong></span> <span class='ocrx_word' id='word_1_161' title='bbox 3690 898 3739 948; x_wconf 91' lang='lat' dir='ltr'><strong>iu</strong></span> <span class='ocrx_word' id='word_1_162' title='bbox 3771 913 3874 964; x_wconf 88' lang='lat' dir='ltr'><strong>qua</strong></span> 
     </span>
    </p>
   </div>
   <div class='ocr_carea' id='block_1_25' title="bbox 2334 979 3878 1051">
    <p class='ocr_par' dir='ltr' id='par_1_25' title="bbox 2334 979 3878 1051">
     <span class='ocr_line' id='line_1_25' title="bbox 2334 979 3878 1051; baseline 0.003 -19"><span class='ocrx_word' id='word_1_163' title='bbox 2334 982 2557 1035; x_wconf 66' lang='lat' dir='ltr'><strong>traditus</strong></span> <span class='ocrx_word' id='word_1_164' title='bbox 2590 989 2671 1034; x_wconf 88' lang='lat' dir='ltr'><strong>est</strong></span> <span class='ocrx_word' id='word_1_165' title='bbox 2709 995 2737 1033; x_wconf 91' lang='lat' dir='ltr'><strong>a</strong></span> <span class='ocrx_word' id='word_1_166' title='bbox 2778 979 2910 1033; x_wconf 69' lang='lat' dir='ltr'><strong>Iuda</strong></span> <span class='ocrx_word' id='word_1_167' title='bbox 2948 999 2958 1031; x_wconf 91' lang='lat'><strong>:</strong></span> <span class='ocrx_word' id='word_1_168' title='bbox 3002 980 3136 1033; x_wconf 89' lang='lat' dir='ltr'><strong>sicut</strong></span> <span class='ocrx_word' id='word_1_169' title='bbox 3178 982 3429 1048; x_wconf 82' lang='lat' dir='ltr'><strong>scriptum</strong></span> <span class='ocrx_word' id='word_1_170' title='bbox 3465 992 3563 1035; x_wconf 87' lang='lat' dir='ltr'><strong>est.</strong></span> <span class='ocrx_word' id='word_1_171' title='bbox 3598 981 3703 1036; x_wconf 88' lang='lat' dir='ltr'><strong>Sed</strong></span> <span class='ocrx_word' id='word_1_172' title='bbox 3749 984 3878 1051; x_wconf 90' lang='lat' dir='ltr'><strong>quid</strong></span> 
     </span>
    </p>
   </div>
   <div class='ocr_carea' id='block_1_26' title="bbox 2331 1068 3876 1138">
    <p class='ocr_par' dir='ltr' id='par_1_26' title="bbox 2331 1068 3876 1138">
     <span class='ocr_line' id='line_1_26' title="bbox 2331 1068 3876 1138; baseline 0.002 -16"><span class='ocrx_word' id='word_1_173' title='bbox 2331 1070 2460 1123; x_wconf 86' lang='lat' dir='ltr'><strong>dicit</strong></span> <span class='ocrx_word' id='word_1_174' title='bbox 2494 1068 2663 1123; x_wconf 88' lang='lat' dir='ltr'><strong>Lucas</strong></span> <span class='ocrx_word' id='word_1_175' title='bbox 2692 1070 2996 1137; x_wconf 84' lang='lat' dir='ltr'><strong>apostolus?</strong></span> <span class='ocrx_word' id='word_1_176' title='bbox 3025 1088 3041 1119; x_wconf 76' lang='grc' dir='ltr'><strong>ι</strong></span> <span class='ocrx_word' id='word_1_177' title='bbox 3076 1071 3293 1137; x_wconf 77' lang='lat' dir='ltr'><strong>Accepit</strong></span> <span class='ocrx_word' id='word_1_178' title='bbox 3320 1086 3532 1138; x_wconf 89' lang='lat' dir='ltr'><strong>panem,</strong></span> <span class='ocrx_word' id='word_1_179' title='bbox 3566 1082 3619 1126; x_wconf 90' lang='lat' dir='ltr'><strong>et</strong></span> <span class='ocrx_word' id='word_1_180' title='bbox 3656 1073 3876 1125; x_wconf 87' lang='lat' dir='ltr'><strong>benedi-</strong></span> 
     </span>
    </p>
   </div>
   <div class='ocr_carea' id='block_1_27' title="bbox 2331 1156 3879 1227">
    <p class='ocr_par' dir='ltr' id='par_1_27' title="bbox 2331 1156 3879 1227">
     <span class='ocr_line' id='line_1_27' title="bbox 2331 1156 3879 1227; baseline 0.003 -17"><span class='ocrx_word' id='word_1_181' title='bbox 2331 1172 2455 1210; x_wconf 87' lang='lat' dir='ltr'><strong>ccns</strong></span> <span class='ocrx_word' id='word_1_182' title='bbox 2486 1156 2640 1225; x_wconf 79' lang='lat' dir='ltr'><strong>fregit</strong></span> <span class='ocrx_word' id='word_1_183' title='bbox 2664 1156 2811 1219; x_wconf 84' lang='lat' dir='ltr'><strong>(Luc.</strong></span> <span class='ocrx_word' id='word_1_184' title='bbox 2848 1173 2990 1219; x_wconf 78' lang='lat' dir='ltr'><strong>xxrv,</strong></span> <span class='ocrx_word' id='word_1_185' title='bbox 3016 1157 3127 1226; x_wconf 76' lang='lat'><strong>30).</strong></span> <span class='ocrx_word' id='word_1_186' title='bbox 3162 1177 3178 1209; x_wconf 79' lang='grc' dir='ltr'><strong>ι</strong></span> <span class='ocrx_word' id='word_1_187' title='bbox 3211 1158 3347 1211; x_wconf 85' lang='lat' dir='ltr'><strong>Ecce</strong></span> <span class='ocrx_word' id='word_1_188' title='bbox 3368 1167 3420 1211; x_wconf 87' lang='lat' dir='ltr'><strong>et</strong></span> <span class='ocrx_word' id='word_1_189' title='bbox 3442 1158 3612 1212; x_wconf 90' lang='lat' dir='ltr'><strong>Lucas</strong></span> <span class='ocrx_word' id='word_1_190' title='bbox 3633 1162 3879 1227; x_wconf 87' lang='lat' dir='ltr'><strong>accipere</strong></span> 
     </span>
    </p>
   </div>
   <div class='ocr_carea' id='block_1_28' title="bbox 2330 1245 3877 1316">
    <p class='ocr_par' dir='ltr' id='par_1_28' title="bbox 2330 1245 3877 1316">
     <span class='ocr_line' id='line_1_28' title="bbox 2330 1245 3877 1316; baseline 0.004 -19"><span class='ocrx_word' id='word_1_191' title='bbox 2330 1260 2518 1313; x_wconf 87' lang='lat' dir='ltr'><strong>panem</strong></span> <span class='ocrx_word' id='word_1_192' title='bbox 2553 1245 2819 1299; x_wconf 89' lang='lat' dir='ltr'><strong>Christum</strong></span> <span class='ocrx_word' id='word_1_193' title='bbox 2858 1246 3009 1309; x_wconf 79' lang='lat' dir='ltr'><strong>dixit,</strong></span> <span class='ocrx_word' id='word_1_194' title='bbox 3040 1257 3093 1299; x_wconf 89' lang='lat' dir='ltr'><strong>et</strong></span> <span class='ocrx_word' id='word_1_195' title='bbox 3130 1262 3232 1300; x_wconf 91' lang='lat' dir='ltr'><strong>non</strong></span> <span class='ocrx_word' id='word_1_196' title='bbox 3274 1263 3537 1316; x_wconf 86' lang='lat' dir='ltr'><strong>azymum.</strong></span> <span class='ocrx_word' id='word_1_197' title='bbox 3582 1248 3693 1302; x_wconf 79' lang='lat' dir='ltr'><strong>Non</strong></span> <span class='ocrx_word' id='word_1_198' title='bbox 3734 1251 3877 1303; x_wconf 87' lang='lat' dir='ltr'><strong>enim</strong></span> 
     </span>
    </p>
   </div>
   <div class='ocr_carea' id='block_1_29' title="bbox 2331 1333 3879 1393">
    <p class='ocr_par' dir='ltr' id='par_1_29' title="bbox 2331 1333 3879 1393">
     <span class='ocr_line' id='line_1_29' title="bbox 2331 1333 3879 1393; baseline 0.005 -7"><span class='ocrx_word' id='word_1_199' title='bbox 2331 1335 2501 1387; x_wconf 81' lang='lat' dir='ltr'><strong>adhuc</strong></span> <span class='ocrx_word' id='word_1_200' title='bbox 2526 1342 2639 1388; x_wconf 88' lang='lat' dir='ltr'><strong>erat</strong></span> <span class='ocrx_word' id='word_1_201' title='bbox 2660 1343 2822 1388; x_wconf 71' lang='lat' dir='ltr'><strong>sexta:</strong></span> <span class='ocrx_word' id='word_1_202' title='bbox 2847 1333 2991 1387; x_wconf 68' lang='lat' dir='ltr'><strong>feria:</strong></span> <span class='ocrx_word' id='word_1_203' title='bbox 3020 1336 3152 1389; x_wconf 80' lang='lat' dir='ltr'><strong>dies.</strong></span> <span class='ocrx_word' id='word_1_204' title='bbox 3186 1335 3363 1390; x_wconf 86' lang='lat' dir='ltr'><strong>Tertia</strong></span> <span class='ocrx_word' id='word_1_205' title='bbox 3389 1336 3591 1389; x_wconf 84' lang='lat' dir='ltr'><strong>decima</strong></span> <span class='ocrx_word' id='word_1_206' title='bbox 3614 1348 3727 1391; x_wconf 89' lang='lat' dir='ltr'><strong>erat</strong></span> <span class='ocrx_word' id='word_1_207' title='bbox 3754 1339 3879 1393; x_wconf 81' lang='lat' dir='ltr'><strong>luna</strong></span> 
     </span>
    </p>
   </div>
   <div class='ocr_carea' id='block_1_30' title="bbox 2333 1422 3880 1494">
    <p class='ocr_par' dir='ltr' id='par_1_30' title="bbox 2333 1422 3880 1494">
     <span class='ocr_line' id='line_1_30' title="bbox 2333 1422 3880 1494; baseline 0.003 -20"><span class='ocrx_word' id='word_1_208' title='bbox 2333 1428 2381 1474; x_wconf 87' lang='lat' dir='ltr'><strong>in</strong></span> <span class='ocrx_word' id='word_1_209' title='bbox 2425 1422 2511 1475; x_wconf 86' lang='lat' dir='ltr'><strong>illa</strong></span> <span class='ocrx_word' id='word_1_210' title='bbox 2554 1422 2737 1489; x_wconf 87' lang='lat' dir='ltr'><strong>quinta</strong></span> <span class='ocrx_word' id='word_1_211' title='bbox 2785 1422 2936 1485; x_wconf 84' lang='lat' dir='ltr'><strong>feria,</strong></span> <span class='ocrx_word' id='word_1_212' title='bbox 2983 1432 3037 1476; x_wconf 88' lang='lat' dir='ltr'><strong>et</strong></span> <span class='ocrx_word' id='word_1_213' title='bbox 3089 1439 3192 1477; x_wconf 89' lang='lat' dir='ltr'><strong>non</strong></span> <span class='ocrx_word' id='word_1_214' title='bbox 3243 1431 3357 1477; x_wconf 89' lang='lat' dir='ltr'><strong>erat</strong></span> <span class='ocrx_word' id='word_1_215' title='bbox 3393 1438 3655 1493; x_wconf 84' lang='lat' dir='ltr'><strong>azymnm.</strong></span> <span class='ocrx_word' id='word_1_216' title='bbox 3708 1440 3880 1494; x_wconf 83' lang='lat' dir='ltr'><strong>neque</strong></span> 
     </span>
    </p>
   </div>
   <div class='ocr_carea' id='block_1_31' title="bbox 2333 1509 3076 1564">
    <p class='ocr_par' dir='ltr' id='par_1_31' title="bbox 2333 1509 3076 1564">
     <span class='ocr_line' id='line_1_31' title="bbox 2333 1509 3076 1564; baseline 0.004 -3"><span class='ocrx_word' id='word_1_217' title='bbox 2333 1510 2501 1564; x_wconf 79' lang='lat' dir='ltr'><strong>adhuc</strong></span> <span class='ocrx_word' id='word_1_218' title='bbox 2524 1510 2723 1563; x_wconf 90' lang='lat' dir='ltr'><strong>oblatio</strong></span> <span class='ocrx_word' id='word_1_219' title='bbox 2753 1509 3076 1564; x_wconf 88' lang='lat' dir='ltr'><strong>fermentati.</strong></span> 
     </span>
    </p>
   </div>
   <div class='ocr_carea' id='block_1_32' title="bbox 2403 1596 3875 1669">
    <p class='ocr_par' dir='ltr' id='par_1_32' title="bbox 2403 1596 3875 1669">
     <span class='ocr_line' id='line_1_32' title="bbox 2403 1596 3875 1669; baseline 0.005 -21"><span class='ocrx_word' id='word_1_220' title='bbox 2403 1596 2526 1649; x_wconf 79' lang='lat' dir='ltr'><strong>Vill.</strong></span> <span class='ocrx_word' id='word_1_221' title='bbox 2563 1597 2761 1667; x_wconf 83' lang='lat' dir='ltr'><strong>Azyma</strong></span> <span class='ocrx_word' id='word_1_222' title='bbox 2793 1598 2933 1651; x_wconf 90' lang='lat' dir='ltr'><strong>enim</strong></span> <span class='ocrx_word' id='word_1_223' title='bbox 2970 1599 3020 1650; x_wconf 91' lang='lat' dir='ltr'><strong>in</strong></span> <span class='ocrx_word' id='word_1_224' title='bbox 3045 1600 3433 1667; x_wconf 86' lang='lat' dir='ltr'><strong>quintadecima</strong></span> <span class='ocrx_word' id='word_1_225' title='bbox 3471 1600 3593 1653; x_wconf 88' lang='lat' dir='ltr'><strong>luna</strong></span> <span class='ocrx_word' id='word_1_226' title='bbox 3640 1609 3875 1669; x_wconf 83' lang='lat' dir='ltr'><strong>promut-</strong></span> 
     </span>
    </p>
   </div>
   <div class='ocr_carea' id='block_1_33' title="bbox 2331 1687 3875 1755">
    <p class='ocr_par' dir='ltr' id='par_1_33' title="bbox 2331 1687 3875 1755">
     <span class='ocr_line' id='line_1_33' title="bbox 2331 1687 3875 1755; baseline 0.003 -16"><span class='ocrx_word' id='word_1_227' title='bbox 2331 1696 2448 1755; x_wconf 86' lang='lat' dir='ltr'><strong>gala</strong></span> <span class='ocrx_word' id='word_1_228' title='bbox 2482 1687 2706 1741; x_wconf 87' lang='lat' dir='ltr'><strong>erantin</strong></span> <span class='ocrx_word' id='word_1_229' title='bbox 2734 1700 2866 1753; x_wconf 78' lang='lat' dir='ltr'><strong>tege,</strong></span> <span class='ocrx_word' id='word_1_230' title='bbox 2920 1695 2976 1739; x_wconf 92' lang='lat' dir='ltr'><strong>ut</strong></span> <span class='ocrx_word' id='word_1_231' title='bbox 3012 1688 3062 1740; x_wconf 91' lang='lat' dir='ltr'><strong>in</strong></span> <span class='ocrx_word' id='word_1_232' title='bbox 3111 1688 3507 1755; x_wconf 86' lang='lat' dir='ltr'><strong>quartadecima</strong></span> <span class='ocrx_word' id='word_1_233' title='bbox 3545 1690 3627 1743; x_wconf 90' lang='lat' dir='ltr'><strong>die</strong></span> <span class='ocrx_word' id='word_1_234' title='bbox 3670 1691 3736 1743; x_wconf 90' lang='lat' dir='ltr'><strong>ad</strong></span> <span class='ocrx_word' id='word_1_235' title='bbox 3782 1705 3875 1743; x_wconf 85' lang='lat' dir='ltr'><strong>ve-</strong></span> 
     </span>
    </p>
   </div>
   <div class='ocr_carea' id='block_1_34' title="bbox 687 1760 3879 1846">
    <p class='ocr_par' dir='ltr' id='par_1_34' title="bbox 687 1760 3879 1846">
     <span class='ocr_line' id='line_1_34' title="bbox 687 1760 3879 1846; baseline 0.003 -28"><span class='ocrx_word' id='word_1_236' title='bbox 687 1768 862 1832; x_wconf 72' lang='lat' dir='ltr'><strong>bra-is,</strong></span> <span class='ocrx_word' id='word_1_237' title='bbox 888 1777 977 1819; x_wconf 91' lang='lat' dir='ltr'><strong>aut</strong></span> <span class='ocrx_word' id='word_1_238' title='bbox 997 1767 1239 1835; x_wconf 87' lang='lat' dir='ltr'><strong>epulatus</strong></span> <span class='ocrx_word' id='word_1_239' title='bbox 1268 1765 1425 1818; x_wconf 92' lang='lat' dir='ltr'><strong>fuerit</strong></span> <span class='ocrx_word' id='word_1_240' title='bbox 1445 1780 1563 1817; x_wconf 90' lang='lat' dir='ltr'><strong>cum</strong></span> <span class='ocrx_word' id='word_1_241' title='bbox 1590 1764 1685 1827; x_wconf 85' lang='lat' dir='ltr'><strong>eis,</strong></span> <span class='ocrx_word' id='word_1_242' title='bbox 1714 1770 1767 1816; x_wconf 87' lang='lat' dir='ltr'><strong>et</strong></span> <span class='ocrx_word' id='word_1_243' title='bbox 1796 1763 2058 1830; x_wconf 87' lang='lat' dir='ltr'><strong>acceperit</strong></span> <span class='ocrx_word' id='word_1_244' title='bbox 2086 1760 2232 1814; x_wconf 87' lang='lat' dir='ltr'><strong>festi-</strong></span> <span class='ocrx_word' id='word_1_245' title='bbox 2264 1766 2303 1823; x_wconf 81' lang='grc' dir='ltr'><strong>Β</strong></span> <span class='ocrx_word' id='word_1_246' title='bbox 2332 1791 2540 1846; x_wconf 68' lang='lat' dir='ltr'><strong>spemm</strong></span> <span class='ocrx_word' id='word_1_247' title='bbox 2568 1790 2733 1846; x_wconf 61' lang='lat' dir='ltr'><strong>agnus</strong></span> <span class='ocrx_word' id='word_1_248' title='bbox 2760 1774 3139 1838; x_wconf 80' lang='lat' dir='ltr'><strong>immolaretur,</strong></span> <span class='ocrx_word' id='word_1_249' title='bbox 3172 1784 3223 1829; x_wconf 89' lang='lat' dir='ltr'><strong>et</strong></span> <span class='ocrx_word' id='word_1_250' title='bbox 3265 1776 3315 1828; x_wconf 90' lang='lat' dir='ltr'><strong>in</strong></span> <span class='ocrx_word' id='word_1_251' title='bbox 3346 1777 3740 1842; x_wconf 87' lang='lat' dir='ltr'><strong>quartadecima</strong></span> <span class='ocrx_word' id='word_1_252' title='bbox 3796 1778 3879 1832; x_wconf 81' lang='lat' dir='ltr'><strong>die</strong></span> 
     </span>
    </p>
   </div>
   <div class='ocr_carea' id='block_1_35' title="bbox 686 1850 2230 1923">
    <p class='ocr_par' dir='ltr' id='par_1_35' title="bbox 686 1850 2230 1923">
     <span class='ocr_line' id='line_1_35' title="bbox 686 1850 2230 1923; baseline -0.002 -17"><span class='ocrx_word' id='word_1_253' title='bbox 686 1860 903 1909; x_wconf 89' lang='lat' dir='ltr'><strong>vitatum</strong></span> <span class='ocrx_word' id='word_1_254' title='bbox 941 1872 1120 1909; x_wconf 86' lang='lat' dir='ltr'><strong>eorum</strong></span> <span class='ocrx_word' id='word_1_255' title='bbox 1153 1871 1391 1919; x_wconf 55' lang='lat' dir='ltr'><strong>munt-ra,</strong></span> <span class='ocrx_word' id='word_1_256' title='bbox 1424 1864 1481 1906; x_wconf 71' lang='lat' dir='ltr'><strong>ut</strong></span> <span class='ocrx_word' id='word_1_257' title='bbox 1518 1862 1639 1908; x_wconf 88' lang='lat' dir='ltr'><strong>sunt</strong></span> <span class='ocrx_word' id='word_1_258' title='bbox 1693 1867 1874 1923; x_wconf 82' lang='lat' dir='ltr'><strong>azyma</strong></span> <span class='ocrx_word' id='word_1_259' title='bbox 1916 1861 2005 1904; x_wconf 89' lang='lat' dir='ltr'><strong>aut</strong></span> <span class='ocrx_word' id='word_1_260' title='bbox 2035 1850 2230 1919; x_wconf 89' lang='lat' dir='ltr'><strong>aliquid</strong></span> 
     </span>
    </p>
   </div>
   <div class='ocr_carea' id='block_1_36' title="bbox 686 1941 2231 2014">
    <p class='ocr_par' dir='ltr' id='par_1_36' title="bbox 686 1941 2231 2014">
     <span class='ocr_line' id='line_1_36' title="bbox 686 1941 2231 2014; baseline -0.005 -14"><span class='ocrx_word' id='word_1_261' title='bbox 686 1946 1007 2012; x_wconf 87' lang='lat' dir='ltr'><strong>hujusmodi,</strong></span> <span class='ocrx_word' id='word_1_262' title='bbox 1041 1944 1333 2014; x_wconf 85' lang='lat' dir='ltr'><strong>deponatur</strong></span> <span class='ocrx_word' id='word_1_263' title='bbox 1364 1961 1376 1995; x_wconf 95' lang='lat'>:</span> <span class='ocrx_word' id='word_1_264' title='bbox 1418 1944 1459 1996; x_wconf 91' lang='lat' dir='ltr'><strong>si</strong></span> <span class='ocrx_word' id='word_1_265' title='bbox 1496 1952 1668 1995; x_wconf 89' lang='lat' dir='ltr'><strong>autem</strong></span> <span class='ocrx_word' id='word_1_266' title='bbox 1712 1941 1899 2004; x_wconf 87' lang='lat' dir='ltr'><strong>laicus,</strong></span> <span class='ocrx_word' id='word_1_267' title='bbox 1930 1947 2231 2007; x_wconf 83' lang='lat' dir='ltr'><strong>sequestre-</strong></span> 
     </span>
    </p>
   </div>
   <div class='ocr_carea' id='block_1_37' title="bbox 685 2047 855 2088">
    <p class='ocr_par' dir='ltr' id='par_1_37' title="bbox 685 2047 855 2088">
     <span class='ocr_line' id='line_1_37' title="bbox 685 2047 855 2088; baseline -0.012 0"><span class='ocrx_word' id='word_1_268' title='bbox 685 2047 788 2088; x_wconf 71' lang='grc' dir='ltr'>Ιιιτ.</span> <span class='ocrx_word' id='word_1_269' title='bbox 839 2055 855 2086; x_wconf 78' lang='grc'><strong>1</strong></span> 
     </span>
    </p>
   </div>
   <div class='ocr_carea' id='block_1_38' title="bbox 754 2117 2235 2185">
    <p class='ocr_par' dir='ltr' id='par_1_38' title="bbox 754 2117 2235 2185">
     <span class='ocr_line' id='line_1_38' title="bbox 754 2117 2235 2185; baseline -0.005 -10"><span class='ocrx_word' id='word_1_270' title='bbox 754 2123 836 2175; x_wconf 74' lang='lat'><strong>&quot;&#39;1.</strong></span> <span class='ocrx_word' id='word_1_271' title='bbox 879 2122 933 2175; x_wconf 50' lang='grc' dir='ltr'><strong>φῖ</strong></span> <span class='ocrx_word' id='word_1_272' title='bbox 968 2134 1142 2175; x_wconf 87' lang='lat' dir='ltr'><strong>autem</strong></span> <span class='ocrx_word' id='word_1_273' title='bbox 1174 2122 1387 2175; x_wconf 90' lang='lat' dir='ltr'><strong>dicitis:</strong></span> <span class='ocrx_word' id='word_1_274' title='bbox 1415 2121 1549 2185; x_wconf 87' lang='lat' dir='ltr'><strong>Quia</strong></span> <span class='ocrx_word' id='word_1_275' title='bbox 1587 2121 1652 2172; x_wconf 89' lang='lat' dir='ltr'><strong>ab</strong></span> <span class='ocrx_word' id='word_1_276' title='bbox 1690 2119 1925 2172; x_wconf 66' lang='lat' dir='ltr'><strong>Hebraeis</strong></span> <span class='ocrx_word' id='word_1_277' title='bbox 1961 2132 2061 2169; x_wconf 90' lang='lat' dir='ltr'><strong>non</strong></span> <span class='ocrx_word' id='word_1_278' title='bbox 2095 2117 2235 2169; x_wconf 80' lang='lat' dir='ltr'><strong>acci-</strong></span> 
     </span>
    </p>
   </div>
   <div class='ocr_carea' id='block_1_39' title="bbox 684 2204 2232 2279">
    <p class='ocr_par' dir='ltr' id='par_1_39' title="bbox 684 2204 2232 2279">
     <span class='ocr_line' id='line_1_39' title="bbox 684 2204 2232 2279; baseline -0.005 -18"><span class='ocrx_word' id='word_1_279' title='bbox 684 2212 874 2279; x_wconf 83' lang='lat' dir='ltr'><strong>pimus,</strong></span> <span class='ocrx_word' id='word_1_280' title='bbox 906 2210 995 2263; x_wconf 89' lang='lat' dir='ltr'><strong>sed</strong></span> <span class='ocrx_word' id='word_1_281' title='bbox 1030 2209 1168 2262; x_wconf 90' lang='lat' dir='ltr'><strong>domi</strong></span> <span class='ocrx_word' id='word_1_282' title='bbox 1197 2206 1370 2261; x_wconf 87' lang='lat' dir='ltr'><strong>facere</strong></span> <span class='ocrx_word' id='word_1_283' title='bbox 1395 2207 1797 2267; x_wconf 87' lang='lat' dir='ltr'><strong>consuevimus;</strong></span> <span class='ocrx_word' id='word_1_284' title='bbox 1835 2220 1929 2257; x_wconf 86' lang='lat' dir='ltr'><strong>cur</strong></span> <span class='ocrx_word' id='word_1_285' title='bbox 1957 2204 2090 2257; x_wconf 78' lang='lat' dir='ltr'><strong>hoc?</strong></span> <span class='ocrx_word' id='word_1_286' title='bbox 2122 2204 2232 2255; x_wconf 89' lang='lat' dir='ltr'><strong>sive</strong></span> 
     </span>
    </p>
   </div>
   <div class='ocr_carea' id='block_1_40' title="bbox 685 2289 2231 2365">
    <p class='ocr_par' dir='ltr' id='par_1_40' title="bbox 685 2289 2231 2365">
     <span class='ocr_line' id='line_1_40' title="bbox 685 2289 2231 2365; baseline -0.005 -16"><span class='ocrx_word' id='word_1_287' title='bbox 685 2298 750 2351; x_wconf 89' lang='lat' dir='ltr'><strong>ab</strong></span> <span class='ocrx_word' id='word_1_288' title='bbox 782 2300 885 2352; x_wconf 90' lang='lat' dir='ltr'><strong>illis</strong></span> <span class='ocrx_word' id='word_1_289' title='bbox 911 2297 1182 2365; x_wconf 72' lang='lat' dir='ltr'><strong>accipiatis</strong></span> <span class='ocrx_word' id='word_1_290' title='bbox 1234 2297 1343 2349; x_wconf 77' lang='lat' dir='ltr'><strong>sive</strong></span> <span class='ocrx_word' id='word_1_291' title='bbox 1364 2296 1503 2349; x_wconf 89' lang='lat' dir='ltr'><strong>domi</strong></span> <span class='ocrx_word' id='word_1_292' title='bbox 1529 2294 1757 2350; x_wconf 84' lang='lat' dir='ltr'><strong>faciatis.</strong></span> <span class='ocrx_word' id='word_1_293' title='bbox 1787 2309 1970 2361; x_wconf 84' lang='lat' dir='ltr'><strong>azyma</strong></span> <span class='ocrx_word' id='word_1_294' title='bbox 1996 2300 2138 2345; x_wconf 88' lang='lat' dir='ltr'><strong>sunt.</strong></span> <span class='ocrx_word' id='word_1_295' title='bbox 2165 2289 2231 2342; x_wconf 83' lang='lat' dir='ltr'><strong>Et</strong></span> 
     </span>
    </p>
   </div>
   <div class='ocr_carea' id='block_1_41' title="bbox 677 2380 2227 2457">
    <p class='ocr_par' dir='ltr' id='par_1_41' title="bbox 677 2380 2227 2457">
     <span class='ocr_line' id='line_1_41' title="bbox 677 2380 2227 2457; baseline -0.006 -18"><span class='ocrx_word' id='word_1_296' title='bbox 677 2388 827 2457; x_wconf 82' lang='lat' dir='ltr'><strong>juxta</strong></span> <span class='ocrx_word' id='word_1_297' title='bbox 881 2387 979 2439; x_wconf 90' lang='lat' dir='ltr'><strong>hoc</strong></span> <span class='ocrx_word' id='word_1_298' title='bbox 1029 2386 1322 2455; x_wconf 69' lang='lat' dir='ltr'><strong>graviorem</strong></span> <span class='ocrx_word' id='word_1_299' title='bbox 1378 2398 1589 2451; x_wconf 77' lang='lat' dir='ltr'><strong>ptenam</strong></span> <span class='ocrx_word' id='word_1_300' title='bbox 1642 2382 1924 2443; x_wconf 81' lang='lat' dir='ltr'><strong>habebitis,</strong></span> <span class='ocrx_word' id='word_1_301' title='bbox 1978 2380 2227 2447; x_wconf 84' lang='lat' dir='ltr'><strong>quoniam</strong></span> 
     </span>
    </p>
   </div>
   <div class='ocr_carea' id='block_1_42' title="bbox 684 2468 2231 2541">
    <p class='ocr_par' dir='ltr' id='par_1_42' title="bbox 684 2468 2231 2541">
     <span class='ocr_line' id='line_1_42' title="bbox 684 2468 2231 2541; baseline -0.005 -15"><span class='ocrx_word' id='word_1_302' title='bbox 684 2475 980 2541; x_wconf 87' lang='lat' dir='ltr'><strong>relinquitis</strong></span> <span class='ocrx_word' id='word_1_303' title='bbox 1019 2487 1175 2541; x_wconf 91' lang='lat' dir='ltr'><strong>agere</strong></span> <span class='ocrx_word' id='word_1_304' title='bbox 1204 2487 1319 2539; x_wconf 74' lang='lat' dir='ltr'><strong>qure</strong></span> <span class='ocrx_word' id='word_1_305' title='bbox 1348 2470 1495 2537; x_wconf 90' lang='lat' dir='ltr'><strong>jnssa</strong></span> <span class='ocrx_word' id='word_1_306' title='bbox 1533 2480 1657 2524; x_wconf 90' lang='lat' dir='ltr'><strong>sunt</strong></span> <span class='ocrx_word' id='word_1_307' title='bbox 1692 2470 1843 2521; x_wconf 80' lang='lat' dir='ltr'><strong>vobis</strong></span> <span class='ocrx_word' id='word_1_308' title='bbox 1880 2484 1909 2520; x_wconf 89' lang='lat' dir='ltr'><strong>a</strong></span> <span class='ocrx_word' id='word_1_309' title='bbox 1941 2468 2149 2520; x_wconf 91' lang='lat' dir='ltr'><strong>Christo</strong></span> <span class='ocrx_word' id='word_1_310' title='bbox 2177 2474 2231 2519; x_wconf 84' lang='lat' dir='ltr'><strong>et</strong></span> 
     </span>
    </p>
   </div>
   <div class='ocr_carea' id='block_1_43' title="bbox 685 2556 2229 2629">
    <p class='ocr_par' dir='ltr' id='par_1_43' title="bbox 685 2556 2229 2629">
     <span class='ocr_line' id='line_1_43' title="bbox 685 2556 2229 2629; baseline -0.004 -16"><span class='ocrx_word' id='word_1_311' title='bbox 685 2562 948 2629; x_wconf 77' lang='lat' dir='ltr'><strong>Apostolis</strong></span> <span class='ocrx_word' id='word_1_312' title='bbox 973 2561 1155 2629; x_wconf 82' lang='lat' dir='ltr'><strong>ipsius.</strong></span> <span class='ocrx_word' id='word_1_313' title='bbox 1193 2560 1445 2613; x_wconf 85' lang='lat' dir='ltr'><strong>facientes</strong></span> <span class='ocrx_word' id='word_1_314' title='bbox 1475 2560 1614 2612; x_wconf 87' lang='lat' dir='ltr'><strong>velut</strong></span> <span class='ocrx_word' id='word_1_315' title='bbox 1642 2558 1711 2609; x_wconf 90' lang='lat' dir='ltr'><strong>illi</strong></span> <span class='ocrx_word' id='word_1_316' title='bbox 1736 2558 1825 2625; x_wconf 88' lang='lat' dir='ltr'><strong>qui</strong></span> <span class='ocrx_word' id='word_1_317' title='bbox 1851 2556 1949 2610; x_wconf 89' lang='lat' dir='ltr'><strong>sub</strong></span> <span class='ocrx_word' id='word_1_318' title='bbox 1975 2556 2229 2611; x_wconf 91' lang='lat' dir='ltr'><strong>servitute</strong></span> 
     </span>
    </p>
   </div>
   <div class='ocr_carea' id='block_1_44' title="bbox 684 2643 2229 2718">
    <p class='ocr_par' dir='ltr' id='par_1_44' title="bbox 684 2643 2229 2718">
     <span class='ocr_line' id='line_1_44' title="bbox 684 2643 2229 2718; baseline -0.003 -18"><span class='ocrx_word' id='word_1_319' title='bbox 684 2650 812 2718; x_wconf 80' lang='lat' dir='ltr'><strong>legis</strong></span> <span class='ocrx_word' id='word_1_320' title='bbox 830 2658 970 2710; x_wconf 91' lang='lat' dir='ltr'><strong>sunt,</strong></span> <span class='ocrx_word' id='word_1_321' title='bbox 996 2648 1169 2715; x_wconf 86' lang='lat' dir='ltr'><strong>qualia</strong></span> <span class='ocrx_word' id='word_1_322' title='bbox 1198 2646 1360 2699; x_wconf 78' lang='lat' dir='ltr'><strong>Juda-i</strong></span> <span class='ocrx_word' id='word_1_323' title='bbox 1386 2646 1604 2707; x_wconf 89' lang='lat' dir='ltr'><strong>faciunt,</strong></span> <span class='ocrx_word' id='word_1_324' title='bbox 1632 2646 1682 2697; x_wconf 91' lang='lat' dir='ltr'><strong>in</strong></span> <span class='ocrx_word' id='word_1_325' title='bbox 1709 2645 1895 2697; x_wconf 87' lang='lat' dir='ltr'><strong>umbra</strong></span> <span class='ocrx_word' id='word_1_326' title='bbox 1924 2651 1975 2695; x_wconf 89' lang='lat' dir='ltr'><strong>et</strong></span> <span class='ocrx_word' id='word_1_327' title='bbox 1999 2643 2229 2696; x_wconf 79' lang='lat' dir='ltr'><strong>tenebris</strong></span> 
     </span>
    </p>
   </div>
   <div class='ocr_carea' id='block_1_45' title="bbox 683 2731 2226 2805">
    <p class='ocr_par' dir='ltr' id='par_1_45' title="bbox 683 2731 2226 2805">
     <span class='ocr_line' id='line_1_45' title="bbox 683 2731 2226 2805; baseline -0.001 -18"><span class='ocrx_word' id='word_1_328' title='bbox 683 2738 812 2805; x_wconf 81' lang='lat' dir='ltr'><strong>legis</strong></span> <span class='ocrx_word' id='word_1_329' title='bbox 845 2737 1109 2798; x_wconf 87' lang='lat' dir='ltr'><strong>sedentes,</strong></span> <span class='ocrx_word' id='word_1_330' title='bbox 1142 2736 1439 2787; x_wconf 85' lang='lat' dir='ltr'><strong>nullatenus</strong></span> <span class='ocrx_word' id='word_1_331' title='bbox 1469 2734 1663 2786; x_wconf 87' lang='lat' dir='ltr'><strong>dicenti</strong></span> <span class='ocrx_word' id='word_1_332' title='bbox 1708 2733 1865 2785; x_wconf 82' lang='lat' dir='ltr'><strong>Paulo</strong></span> <span class='ocrx_word' id='word_1_333' title='bbox 1905 2731 2182 2785; x_wconf 85' lang='lat' dir='ltr'><strong>credentes</strong></span> <span class='ocrx_word' id='word_1_334' title='bbox 2213 2748 2226 2785; x_wconf 91' lang='lat'><strong>:</strong></span> 
     </span>
    </p>
   </div>
   <div class='ocr_carea' id='block_1_46' title="bbox 687 2822 2224 2889">
    <p class='ocr_par' dir='ltr' id='par_1_46' title="bbox 687 2822 2224 2889">
     <span class='ocr_line' id='line_1_46' title="bbox 687 2822 2224 2889; baseline -0.004 -14"><span class='ocrx_word' id='word_1_335' title='bbox 687 2845 702 2875; x_wconf 79' lang='grc' dir='ltr'><strong>ι</strong></span> <span class='ocrx_word' id='word_1_336' title='bbox 729 2824 959 2885; x_wconf 77' lang='lat' dir='ltr'><strong>Fratres,</strong></span> <span class='ocrx_word' id='word_1_337' title='bbox 992 2824 1354 2889; x_wconf 70' lang='lat' dir='ltr'><strong>unusquisque</strong></span> <span class='ocrx_word' id='word_1_338' title='bbox 1386 2823 1510 2874; x_wconf 89' lang='lat' dir='ltr'><strong>ineo</strong></span> <span class='ocrx_word' id='word_1_339' title='bbox 1537 2822 1723 2873; x_wconf 87' lang='lat' dir='ltr'><strong>ordine</strong></span> <span class='ocrx_word' id='word_1_340' title='bbox 1744 2834 1849 2887; x_wconf 89' lang='lat' dir='ltr'><strong>quo</strong></span> <span class='ocrx_word' id='word_1_341' title='bbox 1880 2826 2098 2871; x_wconf 86' lang='lat' dir='ltr'><strong>vocatus</strong></span> <span class='ocrx_word' id='word_1_342' title='bbox 2125 2826 2224 2880; x_wconf 84' lang='lat' dir='ltr'><strong>est,</strong></span> 
     </span>
    </p>
   </div>
   <div class='ocr_carea' id='block_1_47' title="bbox 685 2904 2224 2980">
    <p class='ocr_par' dir='ltr' id='par_1_47' title="bbox 685 2904 2224 2980">
     <span class='ocr_line' id='line_1_47' title="bbox 685 2904 2224 2980; baseline -0.006 -16"><span class='ocrx_word' id='word_1_343' title='bbox 685 2914 733 2965; x_wconf 90' lang='lat' dir='ltr'><strong>in</strong></span> <span class='ocrx_word' id='word_1_344' title='bbox 760 2913 873 2980; x_wconf 91' lang='lat' dir='ltr'><strong>ipso</strong></span> <span class='ocrx_word' id='word_1_345' title='bbox 900 2920 1211 2979; x_wconf 83' lang='lat' dir='ltr'><strong>permaneat</strong></span> <span class='ocrx_word' id='word_1_346' title='bbox 1238 2910 1288 2975; x_wconf 87' lang='grc' dir='ltr'><strong>(Ι</strong></span> <span class='ocrx_word' id='word_1_347' title='bbox 1319 2909 1437 2961; x_wconf 82' lang='lat' dir='ltr'><strong>Cor.</strong></span> <span class='ocrx_word' id='word_1_348' title='bbox 1478 2925 1574 2969; x_wconf 86' lang='lat' dir='ltr'><strong>vn,</strong></span> <span class='ocrx_word' id='word_1_349' title='bbox 1596 2909 1663 2960; x_wconf 70' lang='lat'><strong>20</strong></span> <span class='ocrx_word' id='word_1_350' title='bbox 1692 2906 1872 2975; x_wconf 67' lang='lat' dir='ltr'><strong>c124).</strong></span> <span class='ocrx_word' id='word_1_351' title='bbox 1900 2925 1916 2956; x_wconf 79' lang='grc' dir='ltr'><strong>ι</strong></span> <span class='ocrx_word' id='word_1_352' title='bbox 1943 2906 2057 2958; x_wconf 80' lang='lat' dir='ltr'><strong>Non</strong></span> <span class='ocrx_word' id='word_1_353' title='bbox 2084 2904 2224 2958; x_wconf 84' lang='lat' dir='ltr'><strong>enim</strong></span> 
     </span>
    </p>
   </div>
   <div class='ocr_carea' id='block_1_48' title="bbox 683 2994 2228 3062">
    <p class='ocr_par' dir='ltr' id='par_1_48' title="bbox 683 2994 2228 3062">
     <span class='ocr_line' id='line_1_48' title="bbox 683 2994 2228 3062; baseline -0.007 -9"><span class='ocrx_word' id='word_1_354' title='bbox 683 3001 963 3054; x_wconf 81' lang='lat' dir='ltr'><strong>invenietis</strong></span> <span class='ocrx_word' id='word_1_355' title='bbox 993 2999 1209 3052; x_wconf 90' lang='lat' dir='ltr'><strong>omnino</strong></span> <span class='ocrx_word' id='word_1_356' title='bbox 1238 2999 1286 3051; x_wconf 93' lang='lat' dir='ltr'><strong>iu</strong></span> <span class='ocrx_word' id='word_1_357' title='bbox 1314 2998 1486 3047; x_wconf 75' lang='lat' dir='ltr'><strong>divina</strong></span> <span class='ocrx_word' id='word_1_358' title='bbox 1518 2996 1791 3062; x_wconf 88' lang='lat' dir='ltr'><strong>Scriptura</strong></span> <span class='ocrx_word' id='word_1_359' title='bbox 1822 2994 2072 3062; x_wconf 88' lang='lat' dir='ltr'><strong>quoniam</strong></span> <span class='ocrx_word' id='word_1_360' title='bbox 2103 3006 2228 3059; x_wconf 87' lang='lat' dir='ltr'><strong>azy-</strong></span> 
     </span>
    </p>
   </div>
   <div class='ocr_carea' id='block_1_49' title="bbox 2334 1863 3879 1932">
    <p class='ocr_par' dir='ltr' id='par_1_49' title="bbox 2334 1863 3879 1932">
     <span class='ocr_line' id='line_1_49' title="bbox 2334 1863 3879 1932; baseline 0.002 -18"><span class='ocrx_word' id='word_1_361' title='bbox 2334 1864 2468 1917; x_wconf 67' lang='lat' dir='ltr'><strong>lunre</strong></span> <span class='ocrx_word' id='word_1_362' title='bbox 2495 1865 2649 1931; x_wconf 89' lang='lat' dir='ltr'><strong>primi</strong></span> <span class='ocrx_word' id='word_1_363' title='bbox 2679 1865 2876 1917; x_wconf 87' lang='lat' dir='ltr'><strong>mensis</strong></span> <span class='ocrx_word' id='word_1_364' title='bbox 2900 1863 3103 1917; x_wconf 88' lang='lat' dir='ltr'><strong>Pascha</strong></span> <span class='ocrx_word' id='word_1_365' title='bbox 3130 1864 3419 1932; x_wconf 87' lang='lat' dir='ltr'><strong>appellaret</strong></span> <span class='ocrx_word' id='word_1_366' title='bbox 3454 1864 3556 1925; x_wconf 82' lang='lat' dir='ltr'><strong>lex,</strong></span> <span class='ocrx_word' id='word_1_367' title='bbox 3612 1867 3879 1932; x_wconf 85' lang='lat' dir='ltr'><strong>quintam-</strong></span> 
     </span>
    </p>
   </div>
   <div class='ocr_carea' id='block_1_50' title="bbox 2330 1954 3875 2023">
    <p class='ocr_par' dir='ltr' id='par_1_50' title="bbox 2330 1954 3875 2023">
     <span class='ocr_line' id='line_1_50' title="bbox 2330 1954 3875 2023; baseline 0.001 -18"><span class='ocrx_word' id='word_1_368' title='bbox 2330 1954 2584 2007; x_wconf 80' lang='lat' dir='ltr'><strong>decimam</strong></span> <span class='ocrx_word' id='word_1_369' title='bbox 2600 1955 2737 2006; x_wconf 90' lang='lat' dir='ltr'><strong>diem</strong></span> <span class='ocrx_word' id='word_1_370' title='bbox 2758 1954 2982 2021; x_wconf 90' lang='lat' dir='ltr'><strong>primum</strong></span> <span class='ocrx_word' id='word_1_371' title='bbox 3003 1968 3308 2023; x_wconf 86' lang='lat' dir='ltr'><strong>azymorum</strong></span> <span class='ocrx_word' id='word_1_372' title='bbox 3324 1961 3377 2006; x_wconf 89' lang='lat' dir='ltr'><strong>et</strong></span> <span class='ocrx_word' id='word_1_373' title='bbox 3401 1954 3685 2007; x_wconf 86' lang='lat' dir='ltr'><strong>Sabbatum</strong></span> <span class='ocrx_word' id='word_1_374' title='bbox 3705 1956 3875 2007; x_wconf 62' lang='lat' dir='ltr'><strong>nenti-</strong></span> 
     </span>
    </p>
   </div>
   <div class='ocr_carea' id='block_1_51' title="bbox 2329 2036 3877 2110">
    <p class='ocr_par' dir='ltr' id='par_1_51' title="bbox 2329 2036 3877 2110">
     <span class='ocr_line' id='line_1_51' title="bbox 2329 2036 3877 2110; baseline 0.001 -15"><span class='ocrx_word' id='word_1_375' title='bbox 2329 2052 2499 2095; x_wconf 78' lang='lat' dir='ltr'><strong>uaret.</strong></span> <span class='ocrx_word' id='word_1_376' title='bbox 2530 2041 2667 2095; x_wconf 90' lang='lat' dir='ltr'><strong>Proh</strong></span> <span class='ocrx_word' id='word_1_377' title='bbox 2693 2043 2841 2095; x_wconf 87' lang='lat' dir='ltr'><strong>dolor</strong></span> <span class='ocrx_word' id='word_1_378' title='bbox 2866 2042 3220 2110; x_wconf 89' lang='lat' dir='ltr'><strong>insipientiam</strong></span> <span class='ocrx_word' id='word_1_379' title='bbox 3250 2036 3645 2095; x_wconf 37' lang='lat' dir='ltr'><strong>illit’eratorum!</strong></span> <span class='ocrx_word' id='word_1_380' title='bbox 3686 2042 3745 2094; x_wconf 84' lang='lat' dir='ltr'><strong>Et</strong></span> <span class='ocrx_word' id='word_1_381' title='bbox 3776 2060 3877 2096; x_wconf 85' lang='lat' dir='ltr'><strong>non</strong></span> 
     </span>
    </p>
   </div>
   <div class='ocr_carea' id='block_1_52' title="bbox 2327 2132 3879 2201">
    <p class='ocr_par' dir='ltr' id='par_1_52' title="bbox 2327 2132 3879 2201">
     <span class='ocr_line' id='line_1_52' title="bbox 2327 2132 3879 2201; baseline 0.002 -17"><span class='ocrx_word' id='word_1_382' title='bbox 2327 2144 2441 2185; x_wconf 86' lang='lat' dir='ltr'><strong>erat</strong></span> <span class='ocrx_word' id='word_1_383' title='bbox 2474 2147 2655 2201; x_wconf 85' lang='lat' dir='ltr'><strong>azyma</strong></span> <span class='ocrx_word' id='word_1_384' title='bbox 2689 2132 2739 2185; x_wconf 93' lang='lat' dir='ltr'><strong>in</strong></span> <span class='ocrx_word' id='word_1_385' title='bbox 2771 2133 2953 2201; x_wconf 80' lang='lat' dir='ltr'><strong>quinta</strong></span> <span class='ocrx_word' id='word_1_386' title='bbox 2982 2132 3131 2195; x_wconf 86' lang='lat' dir='ltr'><strong>feria,</strong></span> <span class='ocrx_word' id='word_1_387' title='bbox 3177 2148 3293 2187; x_wconf 91' lang='lat' dir='ltr'><strong>cum</strong></span> <span class='ocrx_word' id='word_1_388' title='bbox 3344 2144 3485 2186; x_wconf 90' lang='lat' dir='ltr'><strong>esset</strong></span> <span class='ocrx_word' id='word_1_389' title='bbox 3524 2134 3645 2187; x_wconf 88' lang='lat' dir='ltr'><strong>luna</strong></span> <span class='ocrx_word' id='word_1_390' title='bbox 3700 2135 3879 2187; x_wconf 82' lang='lat' dir='ltr'><strong>tertia-</strong></span> 
     </span>
    </p>
   </div>
   <div class='ocr_carea' id='block_1_53' title="bbox 2328 2222 3881 2292">
    <p class='ocr_par' dir='ltr' id='par_1_53' title="bbox 2328 2222 3881 2292">
     <span class='ocr_line' id='line_1_53' title="bbox 2328 2222 3881 2292; baseline 0 -17"><span class='ocrx_word' id='word_1_391' title='bbox 2328 2223 2555 2287; x_wconf 84' lang='lat' dir='ltr'><strong>decima,</strong></span> <span class='ocrx_word' id='word_1_392' title='bbox 2588 2232 2642 2276; x_wconf 90' lang='lat' dir='ltr'><strong>et</strong></span> <span class='ocrx_word' id='word_1_393' title='bbox 2675 2237 2776 2274; x_wconf 92' lang='lat' dir='ltr'><strong>non</strong></span> <span class='ocrx_word' id='word_1_394' title='bbox 2822 2223 3236 2290; x_wconf 86' lang='lat' dir='ltr'><strong>quartadecima.</strong></span> <span class='ocrx_word' id='word_1_395' title='bbox 3273 2222 3571 2278; x_wconf 85' lang='lat' dir='ltr'><strong>Secundum</strong></span> <span class='ocrx_word' id='word_1_396' title='bbox 3621 2224 3881 2292; x_wconf 83' lang='lat' dir='ltr'><strong>quintam-</strong></span> 
     </span>
    </p>
   </div>
   <div class='ocr_carea' id='block_1_54' title="bbox 2328 2309 3881 2381">
    <p class='ocr_par' dir='ltr' id='par_1_54' title="bbox 2328 2309 3881 2381">
     <span class='ocr_line' id='line_1_54' title="bbox 2328 2309 3881 2381; baseline 0.002 -19"><span class='ocrx_word' id='word_1_397' title='bbox 2328 2311 2584 2363; x_wconf 82' lang='lat' dir='ltr'><strong>decimam</strong></span> <span class='ocrx_word' id='word_1_398' title='bbox 2620 2310 2796 2362; x_wconf 90' lang='lat' dir='ltr'><strong>luuam</strong></span> <span class='ocrx_word' id='word_1_399' title='bbox 2830 2309 3005 2364; x_wconf 86' lang='lat' dir='ltr'><strong>fuerat</strong></span> <span class='ocrx_word' id='word_1_400' title='bbox 3046 2310 3345 2366; x_wconf 85' lang='lat' dir='ltr'><strong>institutum</strong></span> <span class='ocrx_word' id='word_1_401' title='bbox 3368 2327 3551 2381; x_wconf 85' lang='lat' dir='ltr'><strong>azyma</strong></span> <span class='ocrx_word' id='word_1_402' title='bbox 3580 2311 3712 2375; x_wconf 82' lang='lat' dir='ltr'><strong>ﬁeri,</strong></span> <span class='ocrx_word' id='word_1_403' title='bbox 3744 2312 3881 2365; x_wconf 88' lang='lat' dir='ltr'><strong>sicut</strong></span> 
     </span>
    </p>
   </div>
   <div class='ocr_carea' id='block_1_55' title="bbox 2327 2400 3879 2469">
    <p class='ocr_par' dir='ltr' id='par_1_55' title="bbox 2327 2400 3879 2469">
     <span class='ocr_line' id='line_1_55' title="bbox 2327 2400 3879 2469; baseline 0 -17"><span class='ocrx_word' id='word_1_404' title='bbox 2327 2410 2381 2453; x_wconf 89' lang='lat' dir='ltr'><strong>et</strong></span> <span class='ocrx_word' id='word_1_405' title='bbox 2414 2416 2581 2469; x_wconf 85' lang='lat' dir='ltr'><strong>agnus</strong></span> <span class='ocrx_word' id='word_1_406' title='bbox 2610 2400 2674 2453; x_wconf 86' lang='lat' dir='ltr'><strong>ad</strong></span> <span class='ocrx_word' id='word_1_407' title='bbox 2719 2414 2994 2467; x_wconf 80' lang='lat' dir='ltr'><strong>vesperam</strong></span> <span class='ocrx_word' id='word_1_408' title='bbox 3050 2401 3473 2467; x_wconf 71' lang='lat' dir='ltr'><strong>quarttcdecimte</strong></span> <span class='ocrx_word' id='word_1_409' title='bbox 3529 2401 3630 2454; x_wconf 88' lang='lat' dir='ltr'><strong>diei</strong></span> <span class='ocrx_word' id='word_1_410' title='bbox 3670 2400 3879 2468; x_wconf 87' lang='lat' dir='ltr'><strong>jussum</strong></span> 
     </span>
    </p>
   </div>
   <div class='ocr_carea' id='block_1_56' title="bbox 2327 2487 3881 2556">
    <p class='ocr_par' dir='ltr' id='par_1_56' title="bbox 2327 2487 3881 2556">
     <span class='ocr_line' id='line_1_56' title="bbox 2327 2487 3881 2556; baseline 0 -15"><span class='ocrx_word' id='word_1_411' title='bbox 2327 2503 2442 2542; x_wconf 88' lang='lat' dir='ltr'><strong>esse</strong></span> <span class='ocrx_word' id='word_1_412' title='bbox 2470 2487 2757 2551; x_wconf 84' lang='lat' dir='ltr'><strong>immolari,</strong></span> <span class='ocrx_word' id='word_1_413' title='bbox 2784 2488 3072 2542; x_wconf 84' lang='lat' dir='ltr'><strong>secundum</strong></span> <span class='ocrx_word' id='word_1_414' title='bbox 3101 2504 3257 2556; x_wconf 90' lang='lat' dir='ltr'><strong>quam</strong></span> <span class='ocrx_word' id='word_1_415' title='bbox 3293 2489 3591 2543; x_wconf 87' lang='lat' dir='ltr'><strong>immolatus</strong></span> <span class='ocrx_word' id='word_1_416' title='bbox 3622 2499 3702 2543; x_wconf 90' lang='lat' dir='ltr'><strong>est</strong></span> <span class='ocrx_word' id='word_1_417' title='bbox 3727 2490 3881 2543; x_wconf 80' lang='lat' dir='ltr'><strong>Chri-</strong></span> 
     </span>
    </p>
   </div>
   <div class='ocr_carea' id='block_1_57' title="bbox 2327 2575 3879 2644">
    <p class='ocr_par' dir='ltr' id='par_1_57' title="bbox 2327 2575 3879 2644">
     <span class='ocr_line' id='line_1_57' title="bbox 2327 2575 3879 2644; baseline 0.001 -15"><span class='ocrx_word' id='word_1_418' title='bbox 2327 2584 2461 2638; x_wconf 87' lang='lat' dir='ltr'><strong>stus,</strong></span> <span class='ocrx_word' id='word_1_419' title='bbox 2492 2576 2667 2643; x_wconf 84' lang='lat' dir='ltr'><strong>Agnus</strong></span> <span class='ocrx_word' id='word_1_420' title='bbox 2694 2576 2809 2637; x_wconf 87' lang='lat' dir='ltr'><strong>Dei,</strong></span> <span class='ocrx_word' id='word_1_421' title='bbox 2836 2575 2926 2643; x_wconf 89' lang='lat' dir='ltr'><strong>qui</strong></span> <span class='ocrx_word' id='word_1_422' title='bbox 2960 2575 3090 2628; x_wconf 88' lang='lat' dir='ltr'><strong>tollit</strong></span> <span class='ocrx_word' id='word_1_423' title='bbox 3120 2586 3333 2644; x_wconf 85' lang='lat' dir='ltr'><strong>peccata</strong></span> <span class='ocrx_word' id='word_1_424' title='bbox 3359 2578 3561 2630; x_wconf 90' lang='lat' dir='ltr'><strong>mundi.</strong></span> <span class='ocrx_word' id='word_1_425' title='bbox 3596 2577 3651 2631; x_wconf 93' lang='lat' dir='ltr'><strong>Si</strong></span> <span class='ocrx_word' id='word_1_426' title='bbox 3702 2588 3879 2631; x_wconf 83' lang='lat' dir='ltr'><strong>autem</strong></span> 
     </span>
    </p>
   </div>
   <div class='ocr_carea' id='block_1_58' title="bbox 2327 2664 3879 2719">
    <p class='ocr_par' dir='ltr' id='par_1_58' title="bbox 2327 2664 3879 2719">
     <span class='ocr_line' id='line_1_58' title="bbox 2327 2664 3879 2719; baseline 0 -1"><span class='ocrx_word' id='word_1_427' title='bbox 2327 2664 2567 2718; x_wconf 88' lang='lat' dir='ltr'><strong>Christus</strong></span> <span class='ocrx_word' id='word_1_428' title='bbox 2634 2665 2933 2717; x_wconf 87' lang='lat' dir='ltr'><strong>immolatus</strong></span> <span class='ocrx_word' id='word_1_429' title='bbox 2990 2674 3072 2717; x_wconf 87' lang='lat' dir='ltr'><strong>est</strong></span> <span class='ocrx_word' id='word_1_430' title='bbox 3134 2674 3187 2718; x_wconf 89' lang='lat' dir='ltr'><strong>ct</strong></span> <span class='ocrx_word' id='word_1_431' title='bbox 3227 2664 3513 2718; x_wconf 78' lang='lat' dir='ltr'><strong>cruciﬁxus</strong></span> <span class='ocrx_word' id='word_1_432' title='bbox 3567 2666 3617 2717; x_wconf 93' lang='lat' dir='ltr'><strong>in</strong></span> <span class='ocrx_word' id='word_1_433' title='bbox 3674 2666 3879 2719; x_wconf 73' lang='lat' dir='ltr'><strong>decima</strong></span> 
     </span>
    </p>
   </div>
   <div class='ocr_carea' id='block_1_59' title="bbox 2326 2750 3877 2819">
    <p class='ocr_par' dir='ltr' id='par_1_59' title="bbox 2326 2750 3877 2819">
     <span class='ocr_line' id='line_1_59' title="bbox 2326 2750 3877 2819; baseline 0.001 -16"><span class='ocrx_word' id='word_1_434' title='bbox 2326 2762 2513 2819; x_wconf 89' lang='lat' dir='ltr'><strong>quarta</strong></span> <span class='ocrx_word' id='word_1_435' title='bbox 2569 2752 2652 2803; x_wconf 87' lang='lat' dir='ltr'><strong>die</strong></span> <span class='ocrx_word' id='word_1_436' title='bbox 2699 2752 2856 2815; x_wconf 72' lang='lat' dir='ltr'><strong>laute,</strong></span> <span class='ocrx_word' id='word_1_437' title='bbox 2909 2751 3055 2805; x_wconf 73' lang='lat' dir='ltr'><strong>ferite</strong></span> <span class='ocrx_word' id='word_1_438' title='bbox 3106 2762 3285 2813; x_wconf 65' lang='lat' dir='ltr'><strong>sexta‘,</strong></span> <span class='ocrx_word' id='word_1_439' title='bbox 3336 2752 3387 2805; x_wconf 91' lang='lat' dir='ltr'><strong>in</strong></span> <span class='ocrx_word' id='word_1_440' title='bbox 3435 2750 3665 2805; x_wconf 90' lang='lat' dir='ltr'><strong>Sabbalo</strong></span> <span class='ocrx_word' id='word_1_441' title='bbox 3700 2761 3877 2805; x_wconf 87' lang='lat' dir='ltr'><strong>autem</strong></span> 
     </span>
    </p>
   </div>
   <div class='ocr_carea' id='block_1_60' title="bbox 2326 2838 3883 2908">
    <p class='ocr_par' dir='ltr' id='par_1_60' title="bbox 2326 2838 3883 2908">
     <span class='ocr_line' id='line_1_60' title="bbox 2326 2838 3883 2908; baseline -0.002 -15"><span class='ocrx_word' id='word_1_442' title='bbox 2326 2849 2440 2893; x_wconf 87' lang='lat' dir='ltr'><strong>erat</strong></span> <span class='ocrx_word' id='word_1_443' title='bbox 2494 2838 2683 2891; x_wconf 70' lang='lat' dir='ltr'><strong>festum</strong></span> <span class='ocrx_word' id='word_1_444' title='bbox 2731 2853 3060 2908; x_wconf 86' lang='lat' dir='ltr'><strong>azymorum.</strong></span> <span class='ocrx_word' id='word_1_445' title='bbox 3115 2840 3326 2908; x_wconf 88' lang='lat' dir='ltr'><strong>quando</strong></span> <span class='ocrx_word' id='word_1_446' title='bbox 3377 2853 3561 2908; x_wconf 80' lang='lat' dir='ltr'><strong>azyma</strong></span> <span class='ocrx_word' id='word_1_447' title='bbox 3615 2840 3883 2893; x_wconf 81' lang='lat' dir='ltr'><strong>comedit?</strong></span> 
     </span>
    </p>
   </div>
   <div class='ocr_carea' id='block_1_61' title="bbox 2327 2928 3887 2995">
    <p class='ocr_par' dir='ltr' id='par_1_61' title="bbox 2327 2928 3887 2995">
     <span class='ocr_line' id='line_1_61' title="bbox 2327 2928 3887 2995; baseline 0.001 -14"><span class='ocrx_word' id='word_1_448' title='bbox 2327 2930 2487 2982; x_wconf 86' lang='lat' dir='ltr'><strong>etiam</strong></span> <span class='ocrx_word' id='word_1_449' title='bbox 2518 2928 2769 2995; x_wconf 87' lang='lat' dir='ltr'><strong>apostolis</strong></span> <span class='ocrx_word' id='word_1_450' title='bbox 2799 2931 2877 2983; x_wconf 91' lang='lat' dir='ltr'><strong>sic</strong></span> <span class='ocrx_word' id='word_1_451' title='bbox 2923 2930 3098 2983; x_wconf 88' lang='lat' dir='ltr'><strong>facere</strong></span> <span class='ocrx_word' id='word_1_452' title='bbox 3125 2932 3177 2982; x_wconf 87' lang='lat' dir='ltr'><strong>in</strong></span> <span class='ocrx_word' id='word_1_453' title='bbox 3208 2928 3353 2981; x_wconf 78' lang='lat' dir='ltr'><strong>Novo</strong></span> <span class='ocrx_word' id='word_1_454' title='bbox 3388 2928 3727 2983; x_wconf 86' lang='lat' dir='ltr'><strong>Testamento</strong></span> <span class='ocrx_word' id='word_1_455' title='bbox 3771 2940 3887 2983; x_wconf 73' lang='lat' dir='ltr'><strong>tra—</strong></span> 
     </span>
    </p>
   </div>
   <div class='ocr_carea' id='block_1_62' title="bbox 2328 3016 3883 3086">
    <p class='ocr_par' dir='ltr' id='par_1_62' title="bbox 2328 3016 3883 3086">
     <span class='ocr_line' id='line_1_62' title="bbox 2328 3016 3883 3086; baseline 0.003 -16"><span class='ocrx_word' id='word_1_456' title='bbox 2328 3017 2500 3070; x_wconf 86' lang='lat' dir='ltr'><strong>didit?</strong></span> <span class='ocrx_word' id='word_1_457' title='bbox 2536 3016 2809 3081; x_wconf 76' lang='lat' dir='ltr'><strong>Quomodo</strong></span> <span class='ocrx_word' id='word_1_458' title='bbox 2852 3018 3027 3072; x_wconf 89' lang='lat' dir='ltr'><strong>dicitis</strong></span> <span class='ocrx_word' id='word_1_459' title='bbox 3049 3019 3115 3071; x_wconf 84' lang='lat' dir='ltr'><strong>ab</strong></span> <span class='ocrx_word' id='word_1_460' title='bbox 3164 3018 3417 3086; x_wconf 88' lang='lat' dir='ltr'><strong>apostolis</strong></span> <span class='ocrx_word' id='word_1_461' title='bbox 3462 3020 3733 3086; x_wconf 82' lang='lat' dir='ltr'><strong>accepisse</strong></span> <span class='ocrx_word' id='word_1_462' title='bbox 3786 3036 3883 3074; x_wconf 86' lang='lat' dir='ltr'><strong>vos</strong></span> 
     </span>
    </p>
   </div>
   <div class='ocr_carea' id='block_1_63' title="bbox 682 3079 2241 3177">
    <p class='ocr_par' dir='ltr' id='par_1_63' title="bbox 682 3079 2224 3149">
     <span class='ocr_line' id='line_1_63' title="bbox 682 3079 2224 3149; baseline -0.006 -8"><span class='ocrx_word' id='word_1_463' title='bbox 682 3106 824 3141; x_wconf 89' lang='lat' dir='ltr'><strong>mum</strong></span> <span class='ocrx_word' id='word_1_464' title='bbox 857 3089 1053 3140; x_wconf 89' lang='lat' dir='ltr'><strong>dictum</strong></span> <span class='ocrx_word' id='word_1_465' title='bbox 1089 3086 1214 3138; x_wconf 89' lang='lat' dir='ltr'><strong>sita</strong></span> <span class='ocrx_word' id='word_1_466' title='bbox 1250 3085 1463 3138; x_wconf 78' lang='lat' dir='ltr'><strong>Christo</strong></span> <span class='ocrx_word' id='word_1_467' title='bbox 1505 3094 1594 3135; x_wconf 90' lang='lat' dir='ltr'><strong>aut</strong></span> <span class='ocrx_word' id='word_1_468' title='bbox 1637 3081 1890 3149; x_wconf 72' lang='lat' dir='ltr'><strong>apostolis</strong></span> <span class='ocrx_word' id='word_1_469' title='bbox 1930 3079 2064 3146; x_wconf 85' lang='lat' dir='ltr'><strong>ejus,</strong></span> <span class='ocrx_word' id='word_1_470' title='bbox 2105 3093 2224 3133; x_wconf 92' lang='lat' dir='ltr'><strong>cum</strong></span> 
     </span>
    </p>
   </div>
   <div class='ocr_carea' id='block_1_64' title="bbox 2328 3079 3886 3177">
    <p class='ocr_par' dir='ltr' id='par_1_64' title="bbox 2330 3107 3886 3177">
     <span class='ocr_line' id='line_1_64' title="bbox 2330 3107 3886 3177; baseline 0.002 -19"><span class='ocrx_word' id='word_1_471' title='bbox 2330 3107 2501 3161; x_wconf 88' lang='lat' dir='ltr'><strong>facere</strong></span> <span class='ocrx_word' id='word_1_472' title='bbox 2540 3121 2720 3176; x_wconf 83' lang='lat' dir='ltr'><strong>azyma</strong></span> <span class='ocrx_word' id='word_1_473' title='bbox 2743 3108 2851 3175; x_wconf 88' lang='lat' dir='ltr'><strong>jam</strong></span> <span class='ocrx_word' id='word_1_474' title='bbox 2884 3118 3004 3177; x_wconf 87' lang='lat' dir='ltr'><strong>post</strong></span> <span class='ocrx_word' id='word_1_475' title='bbox 3052 3109 3495 3161; x_wconf 82' lang='lat' dir='ltr'><strong>resurrectionem</strong></span> <span class='ocrx_word' id='word_1_476' title='bbox 3541 3124 3568 3160; x_wconf 89' lang='lat' dir='ltr'><strong>a</strong></span> <span class='ocrx_word' id='word_1_477' title='bbox 3622 3110 3886 3162; x_wconf 80' lang='lat' dir='ltr'><strong>mortuis?</strong></span> 
     </span>
    </p>
   </div>
   <div class='ocr_carea' id='block_1_65' title="bbox 680 3167 2223 3236">
    <p class='ocr_par' dir='ltr' id='par_1_65' title="bbox 680 3167 2223 3236">
     <span class='ocr_line' id='line_1_65' title="bbox 680 3167 2223 3236; baseline -0.007 -8"><span class='ocrx_word' id='word_1_478' title='bbox 680 3176 1141 3229; x_wconf 84' lang='lat' dir='ltr'><strong>administraretur</strong></span> <span class='ocrx_word' id='word_1_479' title='bbox 1173 3173 1237 3225; x_wconf 87' lang='lat' dir='ltr'><strong>ab</strong></span> <span class='ocrx_word' id='word_1_480' title='bbox 1262 3173 1350 3224; x_wconf 93' lang='lat' dir='ltr'><strong>illo</strong></span> <span class='ocrx_word' id='word_1_481' title='bbox 1380 3170 1506 3223; x_wconf 84' lang='lat' dir='ltr'><strong>Novi</strong></span> <span class='ocrx_word' id='word_1_482' title='bbox 1533 3169 1858 3223; x_wconf 90' lang='lat' dir='ltr'><strong>Tcstamenti</strong></span> <span class='ocrx_word' id='word_1_483' title='bbox 1891 3167 2223 3236; x_wconf 87' lang='lat' dir='ltr'><strong>mysterium.</strong></span> 
     </span>
    </p>
   </div>
   <div class='ocr_carea' id='block_1_66' title="bbox 684 3259 2227 3321">
    <p class='ocr_par' dir='ltr' id='par_1_66' title="bbox 684 3259 2227 3321">
     <span class='ocr_line' id='line_1_66' title="bbox 684 3259 2227 3321; baseline -0.005 0"><span class='ocrx_word' id='word_1_484' title='bbox 684 3269 873 3321; x_wconf 86' lang='lat' dir='ltr'><strong>Paulus</strong></span> <span class='ocrx_word' id='word_1_485' title='bbox 899 3268 1037 3321; x_wconf 89' lang='lat' dir='ltr'><strong>enim</strong></span> <span class='ocrx_word' id='word_1_486' title='bbox 1075 3266 1365 3318; x_wconf 75' lang='lat' dir='ltr'><strong>Corinthiis</strong></span> <span class='ocrx_word' id='word_1_487' title='bbox 1396 3259 1632 3317; x_wconf 60' lang='lat' dir='ltr'><strong>scribens</strong></span> <span class='ocrx_word' id='word_1_488' title='bbox 1656 3263 1785 3315; x_wconf 91' lang='lat' dir='ltr'><strong>dicit</strong></span> <span class='ocrx_word' id='word_1_489' title='bbox 1821 3281 1832 3314; x_wconf 92' lang='lat'><strong>:</strong></span> <span class='ocrx_word' id='word_1_490' title='bbox 1866 3280 1881 3311; x_wconf 74' lang='grc' dir='ltr'><strong>ι</strong></span> <span class='ocrx_word' id='word_1_491' title='bbox 1912 3261 2227 3314; x_wconf 88' lang='lat' dir='ltr'><strong>Discernere</strong></span> 
     </span>
    </p>
   </div>
   <div class='ocr_carea' id='block_1_67' title="bbox 681 3351 2224 3425">
    <p class='ocr_par' dir='ltr' id='par_1_67' title="bbox 681 3351 2224 3425">
     <span class='ocr_line' id='line_1_67' title="bbox 681 3351 2224 3425; baseline -0.004 -16"><span class='ocrx_word' id='word_1_492' title='bbox 681 3374 773 3411; x_wconf 81' lang='lat' dir='ltr'><strong>vos</strong></span> <span class='ocrx_word' id='word_1_493' title='bbox 792 3373 907 3425; x_wconf 77' lang='lat' dir='ltr'><strong>0pm</strong></span> <span class='ocrx_word' id='word_1_494' title='bbox 926 3368 996 3408; x_wconf 91' lang='lat' dir='ltr'><strong>tet</strong></span> <span class='ocrx_word' id='word_1_495' title='bbox 1018 3357 1235 3408; x_wconf 90' lang='lat' dir='ltr'><strong>calicem</strong></span> <span class='ocrx_word' id='word_1_496' title='bbox 1258 3355 1639 3408; x_wconf 86' lang='lat' dir='ltr'><strong>benedictionis</strong></span> <span class='ocrx_word' id='word_1_497' title='bbox 1661 3368 1813 3420; x_wconf 85' lang='lat' dir='ltr'><strong>quem</strong></span> <span class='ocrx_word' id='word_1_498' title='bbox 1837 3351 2224 3414; x_wconf 89' lang='lat' dir='ltr'><strong>benedicimus;</strong></span> 
     </span>
    </p>
   </div>
   <div class='ocr_carea' id='block_1_68' title="bbox 683 3443 2224 3513">
    <p class='ocr_par' dir='ltr' id='par_1_68' title="bbox 683 3443 2224 3513">
     <span class='ocr_line' id='line_1_68' title="bbox 683 3443 2224 3513; baseline -0.004 -13"><span class='ocrx_word' id='word_1_499' title='bbox 683 3465 857 3501; x_wconf 73' lang='lat' dir='ltr'><strong>nonne</strong></span> <span class='ocrx_word' id='word_1_500' title='bbox 894 3447 1305 3501; x_wconf 85' lang='lat' dir='ltr'><strong>communicatio</strong></span> <span class='ocrx_word' id='word_1_501' title='bbox 1342 3445 1614 3513; x_wconf 81' lang='lat' dir='ltr'><strong>sanguinis</strong></span> <span class='ocrx_word' id='word_1_502' title='bbox 1643 3444 1839 3497; x_wconf 79' lang='lat' dir='ltr'><strong>Christi</strong></span> <span class='ocrx_word' id='word_1_503' title='bbox 1877 3444 1986 3496; x_wconf 88' lang='lat' dir='ltr'><strong>est?</strong></span> <span class='ocrx_word' id='word_1_504' title='bbox 2028 3443 2224 3494; x_wconf 82' lang='lat' dir='ltr'><strong>Panem</strong></span> 
     </span>
    </p>
   </div>
   <div class='ocr_carea' id='block_1_69' title="bbox 682 3515 2227 3604">
    <p class='ocr_par' dir='ltr' id='par_1_69' title="bbox 682 3515 2227 3604">
     <span class='ocr_line' id='line_1_69' title="bbox 682 3515 2227 3604; baseline -0.003 -19"><span class='ocrx_word' id='word_1_505' title='bbox 682 3552 836 3603; x_wconf 85' lang='lat' dir='ltr'><strong>quem</strong></span> <span class='ocrx_word' id='word_1_506' title='bbox 857 3535 1167 3604; x_wconf 74' lang='lat' dir='ltr'><strong>frangimus,</strong></span> <span class='ocrx_word' id='word_1_507' title='bbox 1195 3548 1365 3586; x_wconf 90' lang='lat' dir='ltr'><strong>nonne</strong></span> <span class='ocrx_word' id='word_1_508' title='bbox 1387 3515 1795 3586; x_wconf 79' lang='lat' dir='ltr'><strong>communicatio</strong></span> <span class='ocrx_word' id='word_1_509' title='bbox 1819 3532 2054 3599; x_wconf 88' lang='lat' dir='ltr'><strong>corporis</strong></span> <span class='ocrx_word' id='word_1_510' title='bbox 2075 3530 2227 3584; x_wconf 83' lang='lat' dir='ltr'><strong>Chri-</strong></span> 
     </span>
    </p>
   </div>
   <div class='ocr_carea' id='block_1_70' title="bbox 682 3620 2225 3692">
    <p class='ocr_par' dir='ltr' id='par_1_70' title="bbox 682 3620 2225 3692">
     <span class='ocr_line' id='line_1_70' title="bbox 682 3620 2225 3692; baseline -0.005 -13"><span class='ocrx_word' id='word_1_511' title='bbox 682 3630 745 3681; x_wconf 59' lang='lat' dir='ltr'><strong>all</strong></span> <span class='ocrx_word' id='word_1_512' title='bbox 777 3629 892 3680; x_wconf 91' lang='lat' dir='ltr'><strong>est?</strong></span> <span class='ocrx_word' id='word_1_513' title='bbox 932 3628 1191 3692; x_wconf 86' lang='lat' dir='ltr'><strong>Quoniam</strong></span> <span class='ocrx_word' id='word_1_514' title='bbox 1235 3640 1367 3678; x_wconf 93' lang='lat' dir='ltr'><strong>unus</strong></span> <span class='ocrx_word' id='word_1_515' title='bbox 1408 3625 1581 3691; x_wconf 91' lang='lat' dir='ltr'><strong>panis,</strong></span> <span class='ocrx_word' id='word_1_516' title='bbox 1620 3638 1779 3675; x_wconf 88' lang='lat' dir='ltr'><strong>unum</strong></span> <span class='ocrx_word' id='word_1_517' title='bbox 1825 3637 2036 3689; x_wconf 86' lang='lat' dir='ltr'><strong>corpus,</strong></span> <span class='ocrx_word' id='word_1_518' title='bbox 2078 3620 2225 3673; x_wconf 87' lang='lat' dir='ltr'><strong>multi</strong></span> 
     </span>
    </p>
   </div>
   <div class='ocr_carea' id='block_1_71' title="bbox 683 3711 2227 3781">
    <p class='ocr_par' dir='ltr' id='par_1_71' title="bbox 683 3711 2227 3781">
     <span class='ocr_line' id='line_1_71' title="bbox 683 3711 2227 3781; baseline -0.005 -11"><span class='ocrx_word' id='word_1_519' title='bbox 683 3735 882 3773; x_wconf 74' lang='lat' dir='ltr'><strong>sumus.</strong></span> <span class='ocrx_word' id='word_1_520' title='bbox 931 3718 1135 3771; x_wconf 80' lang='lat' dir='ltr'><strong>Etenim</strong></span> <span class='ocrx_word' id='word_1_521' title='bbox 1178 3732 1361 3770; x_wconf 88' lang='lat' dir='ltr'><strong>oumes</strong></span> <span class='ocrx_word' id='word_1_522' title='bbox 1399 3730 1464 3769; x_wconf 74' lang='lat' dir='ltr'><strong>ex</strong></span> <span class='ocrx_word' id='word_1_523' title='bbox 1510 3730 1614 3769; x_wconf 90' lang='lat' dir='ltr'><strong>uno</strong></span> <span class='ocrx_word' id='word_1_524' title='bbox 1663 3728 1796 3781; x_wconf 86' lang='lat' dir='ltr'><strong>pane</strong></span> <span class='ocrx_word' id='word_1_525' title='bbox 1846 3711 2227 3779; x_wconf 88' lang='lat' dir='ltr'><strong>participamns</strong></span> 
     </span>
    </p>
   </div>
   <div class='ocr_carea' id='block_1_72' title="bbox 684 3800 2229 3875">
    <p class='ocr_par' dir='ltr' id='par_1_72' title="bbox 684 3800 2229 3875">
     <span class='ocr_line' id='line_1_72' title="bbox 684 3800 2229 3875; baseline -0.006 -16"><span class='ocrx_word' id='word_1_526' title='bbox 684 3808 731 3873; x_wconf 68' lang='grc' dir='ltr'><strong>(Ι</strong></span> <span class='ocrx_word' id='word_1_527' title='bbox 758 3808 877 3861; x_wconf 80' lang='lat' dir='ltr'><strong>Cor.</strong></span> <span class='ocrx_word' id='word_1_528' title='bbox 908 3824 958 3860; x_wconf 68' lang='grc' dir='ltr'><strong>ς.</strong></span> <span class='ocrx_word' id='word_1_529' title='bbox 992 3808 1094 3874; x_wconf 79' lang='grc'><strong>16).</strong></span> <span class='ocrx_word' id='word_1_530' title='bbox 1128 3808 1234 3875; x_wconf 80' lang='lat' dir='ltr'><strong>Ego</strong></span> <span class='ocrx_word' id='word_1_531' title='bbox 1265 3806 1402 3859; x_wconf 86' lang='lat' dir='ltr'><strong>enim</strong></span> <span class='ocrx_word' id='word_1_532' title='bbox 1441 3804 1617 3870; x_wconf 90' lang='lat' dir='ltr'><strong>accepi</strong></span> <span class='ocrx_word' id='word_1_533' title='bbox 1650 3818 1676 3854; x_wconf 91' lang='lat' dir='ltr'><strong>a</strong></span> <span class='ocrx_word' id='word_1_534' title='bbox 1714 3802 1959 3863; x_wconf 78' lang='lat' dir='ltr'><strong>Domino,</strong></span> <span class='ocrx_word' id='word_1_535' title='bbox 1998 3800 2138 3867; x_wconf 89' lang='lat' dir='ltr'><strong>quod</strong></span> <span class='ocrx_word' id='word_1_536' title='bbox 2174 3806 2229 3850; x_wconf 85' lang='lat' dir='ltr'><strong>et</strong></span> 
     </span>
    </p>
   </div>
   <div class='ocr_carea' id='block_1_73' title="bbox 686 3891 2229 3964">
    <p class='ocr_par' dir='ltr' id='par_1_73' title="bbox 686 3891 2229 3964">
     <span class='ocr_line' id='line_1_73' title="bbox 686 3891 2229 3964; baseline -0.006 -13"><span class='ocrx_word' id='word_1_537' title='bbox 686 3898 873 3951; x_wconf 87' lang='lat' dir='ltr'><strong>tradidi</strong></span> <span class='ocrx_word' id='word_1_538' title='bbox 905 3898 1051 3951; x_wconf 86' lang='lat' dir='ltr'><strong>vobis</strong></span> <span class='ocrx_word' id='word_1_539' title='bbox 1086 3916 1097 3948; x_wconf 74' lang='grc' dir='ltr'>ε</span> <span class='ocrx_word' id='word_1_540' title='bbox 1132 3896 1379 3964; x_wconf 89' lang='lat' dir='ltr'><strong>quoniam</strong></span> <span class='ocrx_word' id='word_1_541' title='bbox 1414 3895 1663 3947; x_wconf 88' lang='lat' dir='ltr'><strong>Dominus</strong></span> <span class='ocrx_word' id='word_1_542' title='bbox 1692 3891 1843 3945; x_wconf 86' lang='lat' dir='ltr'><strong>Jesns</strong></span> <span class='ocrx_word' id='word_1_543' title='bbox 1868 3892 1916 3942; x_wconf 94' lang='lat' dir='ltr'><strong>iu</strong></span> <span class='ocrx_word' id='word_1_544' title='bbox 1944 3905 2045 3957; x_wconf 85' lang='lat' dir='ltr'><strong>qua</strong></span> <span class='ocrx_word' id='word_1_545' title='bbox 2074 3896 2229 3942; x_wconf 87' lang='lat' dir='ltr'><strong>nocte</strong></span> 
     </span>
    </p>
   </div>
   <div class='ocr_carea' id='block_1_74' title="bbox 688 3982 2231 4053">
    <p class='ocr_par' dir='ltr' id='par_1_74' title="bbox 688 3982 2231 4053">
     <span class='ocr_line' id='line_1_74' title="bbox 688 3982 2231 4053; baseline -0.007 -14"><span class='ocrx_word' id='word_1_546' title='bbox 688 3988 1011 4047; x_wconf 78' lang='lat' dir='ltr'><strong>tradebatur,</strong></span> <span class='ocrx_word' id='word_1_547' title='bbox 1044 3986 1245 4053; x_wconf 88' lang='lat' dir='ltr'><strong>accepit</strong></span> <span class='ocrx_word' id='word_1_548' title='bbox 1276 4000 1486 4051; x_wconf 90' lang='lat' dir='ltr'><strong>panem,</strong></span> <span class='ocrx_word' id='word_1_549' title='bbox 1522 4000 1538 4033; x_wconf 86' lang='grc' dir='ltr'><strong>ι</strong></span> <span class='ocrx_word' id='word_1_550' title='bbox 1580 3992 1631 4034; x_wconf 87' lang='lat' dir='ltr'><strong>et</strong></span> <span class='ocrx_word' id='word_1_551' title='bbox 1671 3996 1772 4034; x_wconf 90' lang='lat' dir='ltr'><strong>nou</strong></span> <span class='ocrx_word' id='word_1_552' title='bbox 1802 3994 2069 4049; x_wconf 85' lang='lat' dir='ltr'><strong>azymum,</strong></span> <span class='ocrx_word' id='word_1_553' title='bbox 2112 3995 2129 4027; x_wconf 71' lang='grc' dir='ltr'><strong>ι</strong></span> <span class='ocrx_word' id='word_1_554' title='bbox 2176 3982 2231 4029; x_wconf 89' lang='lat' dir='ltr'><strong>et</strong></span> 
     </span>
    </p>
   </div>
   <div class='ocr_carea' id='block_1_75' title="bbox 687 4066 2223 4140">
    <p class='ocr_par' dir='ltr' id='par_1_75' title="bbox 687 4066 2223 4140">
     <span class='ocr_line' id='line_1_75' title="bbox 687 4066 2223 4140; baseline -0.01 -11"><span class='ocrx_word' id='word_1_555' title='bbox 687 4076 998 4129; x_wconf 85' lang='lat' dir='ltr'><strong>benedicens</strong></span> <span class='ocrx_word' id='word_1_556' title='bbox 1042 4073 1217 4140; x_wconf 85' lang='lat' dir='ltr'><strong>fregit,</strong></span> <span class='ocrx_word' id='word_1_557' title='bbox 1252 4082 1305 4125; x_wconf 91' lang='lat' dir='ltr'><strong>et</strong></span> <span class='ocrx_word' id='word_1_558' title='bbox 1341 4071 1474 4122; x_wconf 75' lang='lat' dir='ltr'><strong>dixit</strong></span> <span class='ocrx_word' id='word_1_559' title='bbox 1511 4084 1523 4121; x_wconf 91' lang='lat'><strong>:</strong></span> <span class='ocrx_word' id='word_1_560' title='bbox 1555 4070 1792 4136; x_wconf 77' lang='lat' dir='ltr'><strong>Accipite</strong></span> <span class='ocrx_word' id='word_1_561' title='bbox 1829 4076 1881 4119; x_wconf 90' lang='lat' dir='ltr'><strong>et</strong></span> <span class='ocrx_word' id='word_1_562' title='bbox 1911 4066 2171 4119; x_wconf 87' lang='lat' dir='ltr'><strong>comedite</strong></span> <span class='ocrx_word' id='word_1_563' title='bbox 2212 4081 2223 4113; x_wconf 89' lang='lat'>:</span> 
     </span>
    </p>
   </div>
   <div class='ocr_carea' id='block_1_76' title="bbox 683 4153 2226 4231">
    <p class='ocr_par' dir='ltr' id='par_1_76' title="bbox 683 4153 2226 4231">
     <span class='ocr_line' id='line_1_76' title="bbox 683 4153 2226 4231; baseline -0.006 -14"><span class='ocrx_word' id='word_1_564' title='bbox 683 4170 782 4219; x_wconf 78' lang='lat' dir='ltr'><strong>hoc</strong></span> <span class='ocrx_word' id='word_1_565' title='bbox 805 4173 885 4218; x_wconf 92' lang='lat' dir='ltr'><strong>est</strong></span> <span class='ocrx_word' id='word_1_566' title='bbox 907 4176 1097 4231; x_wconf 84' lang='lat' dir='ltr'><strong>corpus</strong></span> <span class='ocrx_word' id='word_1_567' title='bbox 1126 4176 1323 4223; x_wconf 90' lang='lat' dir='ltr'><strong>memn,</strong></span> <span class='ocrx_word' id='word_1_568' title='bbox 1350 4161 1487 4228; x_wconf 90' lang='lat' dir='ltr'><strong>quod</strong></span> <span class='ocrx_word' id='word_1_569' title='bbox 1512 4174 1606 4228; x_wconf 90' lang='lat' dir='ltr'><strong>pro</strong></span> <span class='ocrx_word' id='word_1_570' title='bbox 1629 4160 1776 4212; x_wconf 84' lang='lat' dir='ltr'><strong>vobis</strong></span> <span class='ocrx_word' id='word_1_571' title='bbox 1800 4156 2090 4225; x_wconf 87' lang='lat' dir='ltr'><strong>frangetur.</strong></span> <span class='ocrx_word' id='word_1_572' title='bbox 2118 4153 2226 4207; x_wconf 83' lang='lat' dir='ltr'><strong>Hoc</strong></span> 
     </span>
    </p>
   </div>
   <div class='ocr_carea' id='block_1_77' title="bbox 685 4244 2223 4314">
    <p class='ocr_par' dir='ltr' id='par_1_77' title="bbox 685 4244 2223 4314">
     <span class='ocr_line' id='line_1_77' title="bbox 685 4244 2223 4314; baseline -0.009 -5"><span class='ocrx_word' id='word_1_573' title='bbox 685 4258 841 4309; x_wconf 82' lang='lat' dir='ltr'><strong>facite</strong></span> <span class='ocrx_word' id='word_1_574' title='bbox 890 4256 942 4307; x_wconf 89' lang='lat' dir='ltr'><strong>iu</strong></span> <span class='ocrx_word' id='word_1_575' title='bbox 984 4268 1150 4306; x_wconf 89' lang='lat' dir='ltr'><strong>meam</strong></span> <span class='ocrx_word' id='word_1_576' title='bbox 1183 4251 1738 4304; x_wconf 80' lang='lat' dir='ltr'><strong>commemorationem</strong></span> <span class='ocrx_word' id='word_1_577' title='bbox 1784 4247 1829 4314; x_wconf 83' lang='grc' dir='ltr'><strong>(Ι</strong></span> <span class='ocrx_word' id='word_1_578' title='bbox 1862 4246 1981 4299; x_wconf 88' lang='lat' dir='ltr'><strong>Cor.</strong></span> <span class='ocrx_word' id='word_1_579' title='bbox 2026 4261 2098 4309; x_wconf 84' lang='lat' dir='ltr'><strong>xt,</strong></span> <span class='ocrx_word' id='word_1_580' title='bbox 2137 4244 2223 4305; x_wconf 69' lang='lat'><strong>23,</strong></span> 
     </span>
    </p>
   </div>
   <div class='ocr_carea' id='block_1_78' title="bbox 680 4338 2224 4409">
    <p class='ocr_par' dir='ltr' id='par_1_78' title="bbox 680 4338 2224 4409">
     <span class='ocr_line' id='line_1_78' title="bbox 680 4338 2224 4409; baseline -0.008 -12"><span class='ocrx_word' id='word_1_581' title='bbox 680 4349 791 4397; x_wconf 65' lang='lat' dir='ltr'><strong>ﬁlii.</strong></span> <span class='ocrx_word' id='word_1_582' title='bbox 833 4364 848 4394; x_wconf 78' lang='grc' dir='ltr'><strong>ι</strong></span> <span class='ocrx_word' id='word_1_583' title='bbox 891 4346 953 4397; x_wconf 75' lang='lat' dir='ltr'><strong>Et</strong></span> <span class='ocrx_word' id='word_1_584' title='bbox 986 4360 1086 4395; x_wconf 89' lang='lat' dir='ltr'><strong>non</strong></span> <span class='ocrx_word' id='word_1_585' title='bbox 1127 4343 1286 4395; x_wconf 79' lang='lat' dir='ltr'><strong>semel</strong></span> <span class='ocrx_word' id='word_1_586' title='bbox 1324 4342 1453 4395; x_wconf 76' lang='lat' dir='ltr'><strong>dixit</strong></span> <span class='ocrx_word' id='word_1_587' title='bbox 1494 4356 1704 4409; x_wconf 89' lang='lat' dir='ltr'><strong>panem,</strong></span> <span class='ocrx_word' id='word_1_588' title='bbox 1746 4339 1833 4391; x_wconf 87' lang='lat' dir='ltr'><strong>sed</strong></span> <span class='ocrx_word' id='word_1_589' title='bbox 1868 4338 2027 4389; x_wconf 91' lang='lat' dir='ltr'><strong>etiam</strong></span> <span class='ocrx_word' id='word_1_590' title='bbox 2069 4350 2224 4403; x_wconf 71' lang='lat' dir='ltr'><strong>smpe.</strong></span> 
     </span>
    </p>
   </div>
   <div class='ocr_carea' id='block_1_79' title="bbox 684 4426 2303 4494">
    <p class='ocr_par' dir='ltr' id='par_1_79' title="bbox 684 4426 2303 4494">
     <span class='ocr_line' id='line_1_79' title="bbox 684 4426 2303 4494; baseline -0.009 -5"><span class='ocrx_word' id='word_1_591' title='bbox 684 4436 796 4489; x_wconf 71' lang='lat' dir='ltr'><strong>Non</strong></span> <span class='ocrx_word' id='word_1_592' title='bbox 834 4436 918 4487; x_wconf 91' lang='lat' dir='ltr'><strong>hic</strong></span> <span class='ocrx_word' id='word_1_593' title='bbox 960 4434 1101 4494; x_wconf 81' lang='lat' dir='ltr'><strong>solus</strong></span> <span class='ocrx_word' id='word_1_594' title='bbox 1139 4434 1288 4493; x_wconf 79' lang='lat' dir='ltr'><strong>dixit,</strong></span> <span class='ocrx_word' id='word_1_595' title='bbox 1334 4430 1423 4484; x_wconf 91' lang='lat' dir='ltr'><strong>sed</strong></span> <span class='ocrx_word' id='word_1_596' title='bbox 1462 4440 1513 4483; x_wconf 92' lang='lat' dir='ltr'><strong>et</strong></span> <span class='ocrx_word' id='word_1_597' title='bbox 1550 4431 1723 4483; x_wconf 82' lang='lat' dir='ltr'><strong>caeteri</strong></span> <span class='ocrx_word' id='word_1_598' title='bbox 1768 4427 2143 4494; x_wconf 80' lang='lat' dir='ltr'><strong>apostolorum,</strong></span> <span class='ocrx_word' id='word_1_599' title='bbox 2176 4435 2226 4476; x_wconf 86' lang='lat' dir='ltr'><strong>et</strong></span> <span class='ocrx_word' id='word_1_600' title='bbox 2254 4426 2303 4483; x_wconf 91' lang='lat' dir='ltr'><strong>D</strong></span> 
     </span>
    </p>
   </div>
   <div class='ocr_carea' id='block_1_80' title="bbox 686 4515 2228 4589">
    <p class='ocr_par' dir='ltr' id='par_1_80' title="bbox 686 4515 2228 4589">
     <span class='ocr_line' id='line_1_80' title="bbox 686 4515 2228 4589; baseline -0.006 -12"><span class='ocrx_word' id='word_1_601' title='bbox 686 4526 961 4577; x_wconf 58' lang='lat' dir='ltr'><strong>ilatlharus</strong></span> <span class='ocrx_word' id='word_1_602' title='bbox 1007 4524 1216 4589; x_wconf 86' lang='lat' dir='ltr'><strong>quidem</strong></span> <span class='ocrx_word' id='word_1_603' title='bbox 1263 4524 1335 4573; x_wconf 87' lang='lat' dir='ltr'><strong>ait</strong></span> <span class='ocrx_word' id='word_1_604' title='bbox 1376 4537 1388 4570; x_wconf 88' lang='lat'><strong>:</strong></span> <span class='ocrx_word' id='word_1_605' title='bbox 1444 4540 1460 4569; x_wconf 75' lang='grc' dir='ltr'><strong>ι</strong></span> <span class='ocrx_word' id='word_1_606' title='bbox 1512 4519 1854 4573; x_wconf 73' lang='lat' dir='ltr'><strong>Cmuautibus</strong></span> <span class='ocrx_word' id='word_1_607' title='bbox 1902 4526 2074 4568; x_wconf 88' lang='lat' dir='ltr'><strong>autem</strong></span> <span class='ocrx_word' id='word_1_608' title='bbox 2125 4515 2228 4568; x_wconf 88' lang='lat' dir='ltr'><strong>illis</strong></span> 
     </span>
    </p>
   </div>
   <div class='ocr_carea' id='block_1_81' title="bbox 686 4605 2225 4683">
    <p class='ocr_par' dir='ltr' id='par_1_81' title="bbox 686 4605 2225 4683">
     <span class='ocr_line' id='line_1_81' title="bbox 686 4605 2225 4683; baseline -0.006 -18"><span class='ocrx_word' id='word_1_609' title='bbox 686 4625 843 4683; x_wconf 88' lang='lat' dir='ltr'><strong>atque</strong></span> <span class='ocrx_word' id='word_1_610' title='bbox 868 4612 1267 4665; x_wconf 81' lang='lat' dir='ltr'><strong>comedentihns</strong></span> <span class='ocrx_word' id='word_1_611' title='bbox 1297 4611 1561 4677; x_wconf 78' lang='lat' dir='ltr'><strong>accipiens</strong></span> <span class='ocrx_word' id='word_1_612' title='bbox 1589 4609 1741 4661; x_wconf 68' lang='lat' dir='ltr'><strong>.lesus</strong></span> <span class='ocrx_word' id='word_1_613' title='bbox 1778 4622 1963 4673; x_wconf 78' lang='lat' dir='ltr'><strong>panem</strong></span> <span class='ocrx_word' id='word_1_614' title='bbox 2011 4605 2225 4669; x_wconf 76' lang='lat' dir='ltr'><strong>(Matth.</strong></span> 
     </span>
    </p>
   </div>
   <div class='ocr_carea' id='block_1_82' title="bbox 688 4694 2228 4769">
    <p class='ocr_par' dir='ltr' id='par_1_82' title="bbox 688 4694 2228 4769">
     <span class='ocr_line' id='line_1_82' title="bbox 688 4694 2228 4769; baseline -0.007 -12"><span class='ocrx_word' id='word_1_615' title='bbox 688 4720 830 4767; x_wconf 79' lang='lat' dir='ltr'><strong>xxvi,</strong></span> <span class='ocrx_word' id='word_1_616' title='bbox 866 4702 954 4769; x_wconf 64' lang='grc' dir='ltr'><strong>(ἐϋ)</strong></span> <span class='ocrx_word' id='word_1_617' title='bbox 989 4717 1001 4753; x_wconf 90' lang='lat'><strong>:</strong></span> <span class='ocrx_word' id='word_1_618' title='bbox 1042 4721 1057 4750; x_wconf 78' lang='grc' dir='ltr'><strong>ι</strong></span> <span class='ocrx_word' id='word_1_619' title='bbox 1096 4702 1318 4768; x_wconf 67' lang='lat' dir='ltr'><strong>ASpiCis,</strong></span> <span class='ocrx_word' id='word_1_620' title='bbox 1352 4714 1536 4749; x_wconf 85' lang='lat' dir='ltr'><strong>nauem</strong></span> <span class='ocrx_word' id='word_1_621' title='bbox 1566 4709 1617 4749; x_wconf 85' lang='lat' dir='ltr'><strong>et</strong></span> <span class='ocrx_word' id='word_1_622' title='bbox 1655 4698 1737 4749; x_wconf 87' lang='lat' dir='ltr'><strong>hic</strong></span> <span class='ocrx_word' id='word_1_623' title='bbox 1766 4697 1957 4763; x_wconf 85' lang='lat' dir='ltr'><strong>inquit,</strong></span> <span class='ocrx_word' id='word_1_624' title='bbox 2002 4715 2016 4743; x_wconf 74' lang='grc' dir='ltr'><strong>ι</strong></span> <span class='ocrx_word' id='word_1_625' title='bbox 2056 4704 2109 4747; x_wconf 86' lang='lat' dir='ltr'><strong>et</strong></span> <span class='ocrx_word' id='word_1_626' title='bbox 2140 4694 2228 4746; x_wconf 84' lang='lat' dir='ltr'><strong>be-</strong></span> 
     </span>
    </p>
   </div>
   <div class='ocr_carea' id='block_1_83' title="bbox 691 4785 2223 4856">
    <p class='ocr_par' dir='ltr' id='par_1_83' title="bbox 691 4785 2223 4856">
     <span class='ocr_line' id='line_1_83' title="bbox 691 4785 2223 4856; baseline -0.005 -14"><span class='ocrx_word' id='word_1_627' title='bbox 691 4795 938 4845; x_wconf 73' lang='lat' dir='ltr'><strong>iediceus</strong></span> <span class='ocrx_word' id='word_1_628' title='bbox 971 4790 1143 4856; x_wconf 85' lang='lat' dir='ltr'><strong>fregit,</strong></span> <span class='ocrx_word' id='word_1_629' title='bbox 1183 4800 1234 4841; x_wconf 88' lang='lat' dir='ltr'><strong>et</strong></span> <span class='ocrx_word' id='word_1_630' title='bbox 1275 4789 1419 4840; x_wconf 87' lang='lat' dir='ltr'><strong>dedit</strong></span> <span class='ocrx_word' id='word_1_631' title='bbox 1465 4788 1736 4854; x_wconf 64' lang='lat' dir='ltr'><strong>tliseipuiis</strong></span> <span class='ocrx_word' id='word_1_632' title='bbox 1785 4803 1894 4838; x_wconf 78' lang='lat' dir='ltr'><strong>suis</strong></span> <span class='ocrx_word' id='word_1_633' title='bbox 1941 4795 1995 4836; x_wconf 87' lang='lat' dir='ltr'><strong>et</strong></span> <span class='ocrx_word' id='word_1_634' title='bbox 2044 4785 2176 4836; x_wconf 77' lang='lat' dir='ltr'><strong>dixit</strong></span> <span class='ocrx_word' id='word_1_635' title='bbox 2213 4802 2223 4834; x_wconf 89' lang='lat'><strong>:</strong></span> 
     </span>
    </p>
   </div>
   <div class='ocr_carea' id='block_1_84' title="bbox 689 4878 2225 4941">
    <p class='ocr_par' dir='ltr' id='par_1_84' title="bbox 689 4878 2225 4941">
     <span class='ocr_line' id='line_1_84' title="bbox 689 4878 2225 4941; baseline -0.008 -8"><span class='ocrx_word' id='word_1_636' title='bbox 689 4882 893 4933; x_wconf 78' lang='lat' dir='ltr'><strong>Sumite</strong></span> <span class='ocrx_word' id='word_1_637' title='bbox 958 4891 1010 4931; x_wconf 89' lang='lat' dir='ltr'><strong>et</strong></span> <span class='ocrx_word' id='word_1_638' title='bbox 1076 4879 1376 4938; x_wconf 79' lang='lat' dir='ltr'><strong>comedite,</strong></span> <span class='ocrx_word' id='word_1_639' title='bbox 1448 4878 1544 4928; x_wconf 91' lang='lat' dir='ltr'><strong>hoc</strong></span> <span class='ocrx_word' id='word_1_640' title='bbox 1630 4886 1709 4927; x_wconf 80' lang='lat' dir='ltr'><strong>est</strong></span> <span class='ocrx_word' id='word_1_641' title='bbox 1786 4888 1977 4941; x_wconf 87' lang='lat' dir='ltr'><strong>corpus</strong></span> <span class='ocrx_word' id='word_1_642' title='bbox 2054 4886 2225 4924; x_wconf 88' lang='lat' dir='ltr'><strong>meum</strong></span> 
     </span>
    </p>
   </div>
   <div class='ocr_carea' id='block_1_85' title="bbox 691 4960 2230 5026">
    <p class='ocr_par' dir='ltr' id='par_1_85' title="bbox 691 4960 2230 5026">
     <span class='ocr_line' id='line_1_85' title="bbox 691 4960 2230 5026; baseline -0.008 -3"><span class='ocrx_word' id='word_1_643' title='bbox 691 4969 893 5023; x_wconf 58' lang='lat' dir='ltr'><strong>(IbidJ.</strong></span> <span class='ocrx_word' id='word_1_644' title='bbox 936 4988 950 5015; x_wconf 82' lang='grc' dir='ltr'><strong>ι</strong></span> <span class='ocrx_word' id='word_1_645' title='bbox 980 4968 1234 5017; x_wconf 72' lang='lat' dir='ltr'><strong>Similiter</strong></span> <span class='ocrx_word' id='word_1_646' title='bbox 1264 4976 1437 5015; x_wconf 88' lang='lat' dir='ltr'><strong>autem</strong></span> <span class='ocrx_word' id='word_1_647' title='bbox 1480 4976 1533 5015; x_wconf 89' lang='lat' dir='ltr'><strong>et</strong></span> <span class='ocrx_word' id='word_1_648' title='bbox 1572 4966 1667 5015; x_wconf 85' lang='lat' dir='ltr'><strong>hoc</strong></span> <span class='ocrx_word' id='word_1_649' title='bbox 1716 4964 1921 5014; x_wconf 73' lang='lat' dir='ltr'><strong>Mareas</strong></span> <span class='ocrx_word' id='word_1_650' title='bbox 1959 4960 2145 5026; x_wconf 82' lang='lat' dir='ltr'><strong>inquit,</strong></span> <span class='ocrx_word' id='word_1_651' title='bbox 2177 4970 2230 5011; x_wconf 90' lang='lat' dir='ltr'><strong>et</strong></span> 
     </span>
    </p>
   </div>
   <div class='ocr_carea' id='block_1_86' title="bbox 694 5053 2229 5122">
    <p class='ocr_par' dir='ltr' id='par_1_86' title="bbox 694 5053 2229 5122">
     <span class='ocr_line' id='line_1_86' title="bbox 694 5053 2229 5122; baseline -0.005 -17"><span class='ocrx_word' id='word_1_652' title='bbox 694 5056 879 5122; x_wconf 72' lang='lat' dir='ltr'><strong>reliqui</strong></span> <span class='ocrx_word' id='word_1_653' title='bbox 915 5073 925 5104; x_wconf 87' lang='lat'><strong>:</strong></span> <span class='ocrx_word' id='word_1_654' title='bbox 960 5063 1013 5106; x_wconf 88' lang='lat' dir='ltr'><strong>ct</strong></span> <span class='ocrx_word' id='word_1_655' title='bbox 1047 5068 1374 5121; x_wconf 85' lang='lat' dir='ltr'><strong>nequaquam</strong></span> <span class='ocrx_word' id='word_1_656' title='bbox 1412 5067 1651 5119; x_wconf 82' lang='lat' dir='ltr'><strong>azymum</strong></span> <span class='ocrx_word' id='word_1_657' title='bbox 1689 5053 1753 5101; x_wconf 88' lang='lat' dir='ltr'><strong>ab</strong></span> <span class='ocrx_word' id='word_1_658' title='bbox 1791 5053 1867 5102; x_wconf 79' lang='lat' dir='ltr'><strong>cis</strong></span> <span class='ocrx_word' id='word_1_659' title='bbox 1905 5063 2229 5101; x_wconf 87' lang='lat' dir='ltr'><strong>commemo-</strong></span> 
     </span>
    </p>
   </div>
   <div class='ocr_carea' id='block_1_87' title="bbox 696 5158 857 5197">
    <p class='ocr_par' dir='ltr' id='par_1_87' title="bbox 696 5158 857 5197">
     <span class='ocr_line' id='line_1_87' title="bbox 696 5158 857 5197; baseline -0.006 0"><span class='ocrx_word' id='word_1_660' title='bbox 696 5158 857 5197; x_wconf 71' lang='lat' dir='ltr'><strong>ratur.</strong></span> 
     </span>
    </p>
   </div>
   <div class='ocr_carea' id='block_1_88' title="bbox 768 5248 2229 5320">
    <p class='ocr_par' dir='ltr' id='par_1_88' title="bbox 768 5248 2229 5320">
     <span class='ocr_line' id='line_1_88' title="bbox 768 5248 2229 5320; baseline -0.008 -13"><span class='ocrx_word' id='word_1_661' title='bbox 768 5255 867 5307; x_wconf 79' lang='lat' dir='ltr'><strong>V&#39;ll.</strong></span> <span class='ocrx_word' id='word_1_662' title='bbox 920 5254 1178 5318; x_wconf 88' lang='lat' dir='ltr'><strong>Quoniam</strong></span> <span class='ocrx_word' id='word_1_663' title='bbox 1228 5253 1439 5320; x_wconf 88' lang='lat' dir='ltr'><strong>quidem</strong></span> <span class='ocrx_word' id='word_1_664' title='bbox 1486 5251 1761 5316; x_wconf 85' lang='lat' dir='ltr'><strong>oportebat</strong></span> <span class='ocrx_word' id='word_1_665' title='bbox 1804 5250 1909 5315; x_wconf 89' lang='lat' dir='ltr'><strong>pati</strong></span> <span class='ocrx_word' id='word_1_666' title='bbox 1963 5248 2229 5300; x_wconf 83' lang='lat' dir='ltr'><strong>Christum</strong></span> 
     </span>
    </p>
   </div>
   <div class='ocr_carea' id='block_1_89' title="bbox 696 5335 2232 5407">
    <p class='ocr_par' dir='ltr' id='par_1_89' title="bbox 696 5335 2232 5407">
     <span class='ocr_line' id='line_1_89' title="bbox 696 5335 2232 5407; baseline -0.005 -14"><span class='ocrx_word' id='word_1_667' title='bbox 696 5344 983 5393; x_wconf 52' lang='lat' dir='ltr'><strong>secundum</strong></span> <span class='ocrx_word' id='word_1_668' title='bbox 1015 5342 1151 5393; x_wconf 83' lang='lat' dir='ltr'><strong>diem</strong></span> <span class='ocrx_word' id='word_1_669' title='bbox 1186 5341 1365 5407; x_wconf 81' lang='lat' dir='ltr'><strong>legalis</strong></span> <span class='ocrx_word' id='word_1_670' title='bbox 1402 5341 1625 5407; x_wconf 76' lang='lat' dir='ltr'><strong>pascluc,</strong></span> <span class='ocrx_word' id='word_1_671' title='bbox 1665 5340 1712 5389; x_wconf 91' lang='lat' dir='ltr'><strong>in</strong></span> <span class='ocrx_word' id='word_1_672' title='bbox 1747 5354 1845 5403; x_wconf 88' lang='lat' dir='ltr'><strong>qua</strong></span> <span class='ocrx_word' id='word_1_673' title='bbox 1886 5347 1939 5388; x_wconf 91' lang='lat' dir='ltr'><strong>ct</strong></span> <span class='ocrx_word' id='word_1_674' title='bbox 1967 5351 2134 5402; x_wconf 85' lang='lat' dir='ltr'><strong>agnus</strong></span> <span class='ocrx_word' id='word_1_675' title='bbox 2168 5335 2232 5386; x_wconf 84' lang='lat' dir='ltr'><strong>ab</strong></span> 
     </span>
    </p>
   </div>
   <div class='ocr_carea' id='block_1_90' title="bbox 701 5424 2232 5493">
    <p class='ocr_par' dir='ltr' id='par_1_90' title="bbox 701 5424 2232 5493">
     <span class='ocr_line' id='line_1_90' title="bbox 701 5424 2232 5493; baseline -0.005 -14"><span class='ocrx_word' id='word_1_676' title='bbox 701 5429 932 5480; x_wconf 44' lang='lat' dir='ltr'><strong>lleln‘azis</strong></span> <span class='ocrx_word' id='word_1_677' title='bbox 976 5428 1361 5478; x_wconf 70' lang='lat' dir='ltr'><strong>iuuuolabatur.</strong></span> <span class='ocrx_word' id='word_1_678' title='bbox 1416 5426 1659 5493; x_wconf 84' lang='lat' dir='ltr'><strong>()portttit</strong></span> <span class='ocrx_word' id='word_1_679' title='bbox 1700 5427 1839 5476; x_wconf 88' lang='lat' dir='ltr'><strong>enim</strong></span> <span class='ocrx_word' id='word_1_680' title='bbox 1884 5425 1996 5474; x_wconf 81' lang='lat' dir='ltr'><strong>fieri</strong></span> <span class='ocrx_word' id='word_1_681' title='bbox 2040 5424 2232 5486; x_wconf 82' lang='lat' dir='ltr'><strong>pascha</strong></span> 
     </span>
    </p>
   </div>
   <div class='ocr_carea' id='block_1_91' title="bbox 699 5510 2229 5576">
    <p class='ocr_par' dir='ltr' id='par_1_91' title="bbox 699 5510 2229 5576">
     <span class='ocr_line' id='line_1_91' title="bbox 699 5510 2229 5576; baseline -0.006 -11"><span class='ocrx_word' id='word_1_682' title='bbox 699 5519 763 5565; x_wconf 64' lang='grc' dir='ltr'><strong>ει)</strong></span> <span class='ocrx_word' id='word_1_683' title='bbox 792 5516 1219 5567; x_wconf 69' lang='grc' dir='ltr'>ἰιιιρι’[ρ‹·ι‹ιι“ἰιιιιδ</span> <span class='ocrx_word' id='word_1_684' title='bbox 1255 5515 1340 5565; x_wconf 81' lang='lat' dir='ltr'><strong>Dei</strong></span> <span class='ocrx_word' id='word_1_685' title='bbox 1375 5515 1421 5563; x_wconf 93' lang='lat' dir='ltr'><strong>in</strong></span> <span class='ocrx_word' id='word_1_686' title='bbox 1451 5523 1597 5565; x_wconf 73' lang='lat' dir='ltr'><strong>sexta</strong></span> <span class='ocrx_word' id='word_1_687' title='bbox 1633 5510 1783 5572; x_wconf 87' lang='lat' dir='ltr'><strong>feria,</strong></span> <span class='ocrx_word' id='word_1_688' title='bbox 1817 5512 1865 5561; x_wconf 88' lang='lat' dir='ltr'><strong>in</strong></span> <span class='ocrx_word' id='word_1_689' title='bbox 1898 5526 1995 5576; x_wconf 85' lang='lat' dir='ltr'><strong>qua</strong></span> <span class='ocrx_word' id='word_1_690' title='bbox 2026 5510 2229 5559; x_wconf 87' lang='lat' dir='ltr'><strong>tandem</strong></span> 
     </span>
    </p>
   </div>
   <div class='ocr_carea' id='block_1_92' title="bbox 701 5602 2228 5674">
    <p class='ocr_par' dir='ltr' id='par_1_92' title="bbox 701 5602 2228 5674">
     <span class='ocr_line' id='line_1_92' title="bbox 701 5602 2228 5674; baseline -0.009 -16"><span class='ocrx_word' id='word_1_691' title='bbox 701 5619 747 5658; x_wconf 78' lang='lat' dir='ltr'><strong>cl</strong></span> <span class='ocrx_word' id='word_1_692' title='bbox 776 5618 959 5674; x_wconf 74' lang='lat' dir='ltr'><strong>quarta</strong></span> <span class='ocrx_word' id='word_1_693' title='bbox 990 5609 1187 5656; x_wconf 67' lang='lat' dir='ltr'><strong>ili-rima</strong></span> <span class='ocrx_word' id='word_1_694' title='bbox 1230 5608 1345 5656; x_wconf 62' lang='lat' dir='ltr'><strong>luna</strong></span> <span class='ocrx_word' id='word_1_695' title='bbox 1378 5616 1488 5656; x_wconf 73' lang='lat' dir='ltr'><strong>erat</strong></span> <span class='ocrx_word' id='word_1_696' title='bbox 1523 5602 1669 5669; x_wconf 67' lang='lat' dir='ltr'><strong>juxta</strong></span> <span class='ocrx_word' id='word_1_697' title='bbox 1709 5604 1930 5661; x_wconf 76' lang='lat' dir='ltr'><strong>pziutttzn</strong></span> <span class='ocrx_word' id='word_1_698' title='bbox 1972 5613 2228 5659; x_wconf 78' lang='lat' dir='ltr'><strong>lliCllSC‘.il,</strong></span> 
     </span>
    </p>
   </div>
   <div class='ocr_carea' id='block_1_93' title="bbox 2328 3198 3883 3269">
    <p class='ocr_par' dir='ltr' id='par_1_93' title="bbox 2328 3198 3883 3269">
     <span class='ocr_line' id='line_1_93' title="bbox 2328 3198 3883 3269; baseline 0.001 -18"><span class='ocrx_word' id='word_1_699' title='bbox 2328 3198 2440 3251; x_wconf 85' lang='lat' dir='ltr'><strong>Non</strong></span> <span class='ocrx_word' id='word_1_700' title='bbox 2466 3200 2654 3253; x_wconf 89' lang='lat' dir='ltr'><strong>videtis</strong></span> <span class='ocrx_word' id='word_1_701' title='bbox 2677 3198 3108 3269; x_wconf 86' lang='lat' dir='ltr'><strong>quia&#39;manifeste</strong></span> <span class='ocrx_word' id='word_1_702' title='bbox 3137 3214 3200 3253; x_wconf 80' lang='lat' dir='ltr'><strong>ex</strong></span> <span class='ocrx_word' id='word_1_703' title='bbox 3231 3199 3385 3252; x_wconf 89' lang='lat' dir='ltr'><strong>rebus</strong></span> <span class='ocrx_word' id='word_1_704' title='bbox 3407 3199 3714 3268; x_wconf 79' lang='lat' dir='ltr'><strong>arguimini,</strong></span> <span class='ocrx_word' id='word_1_705' title='bbox 3744 3216 3883 3268; x_wconf 86' lang='lat' dir='ltr'><strong>quo-</strong></span> 
     </span>
    </p>
   </div>
   <div class='ocr_carea' id='block_1_94' title="bbox 2328 3288 3884 3360">
    <p class='ocr_par' dir='ltr' id='par_1_94' title="bbox 2328 3288 3884 3360">
     <span class='ocr_line' id='line_1_94' title="bbox 2328 3288 3884 3360; baseline 0 -17"><span class='ocrx_word' id='word_1_706' title='bbox 2328 3293 2470 3344; x_wconf 90' lang='lat' dir='ltr'><strong>niam</strong></span> <span class='ocrx_word' id='word_1_707' title='bbox 2497 3308 2599 3347; x_wconf 92' lang='lat' dir='ltr'><strong>non</strong></span> <span class='ocrx_word' id='word_1_708' title='bbox 2626 3302 2747 3346; x_wconf 90' lang='lat' dir='ltr'><strong>tunc</strong></span> <span class='ocrx_word' id='word_1_709' title='bbox 2773 3307 2984 3360; x_wconf 87' lang='lat' dir='ltr'><strong>azyma,</strong></span> <span class='ocrx_word' id='word_1_710' title='bbox 3012 3306 3129 3344; x_wconf 91' lang='lat' dir='ltr'><strong>cum</strong></span> <span class='ocrx_word' id='word_1_711' title='bbox 3148 3292 3396 3358; x_wconf 90' lang='lat' dir='ltr'><strong>mysteria</strong></span> <span class='ocrx_word' id='word_1_712' title='bbox 3416 3288 3884 3345; x_wconf 81' lang='lat' dir='ltr'><strong>NoviTestameuti</strong></span> 
     </span>
    </p>
   </div>
   <div class='ocr_carea' id='block_1_95' title="bbox 2330 3379 3123 3449">
    <p class='ocr_par' dir='ltr' id='par_1_95' title="bbox 2330 3379 3123 3449">
     <span class='ocr_line' id='line_1_95' title="bbox 2330 3379 3123 3449; baseline -0.004 -17"><span class='ocrx_word' id='word_1_713' title='bbox 2330 3381 2557 3434; x_wconf 89' lang='lat' dir='ltr'><strong>traderet</strong></span> <span class='ocrx_word' id='word_1_714' title='bbox 2578 3381 2825 3449; x_wconf 87' lang='lat' dir='ltr'><strong>apostolis</strong></span> <span class='ocrx_word' id='word_1_715' title='bbox 2849 3379 3123 3433; x_wconf 88' lang='lat' dir='ltr'><strong>Christus?</strong></span> 
     </span>
    </p>
   </div>
   <div class='ocr_carea' id='block_1_96' title="bbox 2396 3466 3877 3535">
    <p class='ocr_par' dir='ltr' id='par_1_96' title="bbox 2396 3466 3877 3535">
     <span class='ocr_line' id='line_1_96' title="bbox 2396 3466 3877 3535; baseline -0.002 -14"><span class='ocrx_word' id='word_1_716' title='bbox 2396 3468 2483 3521; x_wconf 74' lang='lat' dir='ltr'><strong>lX.</strong></span> <span class='ocrx_word' id='word_1_717' title='bbox 2526 3468 2810 3523; x_wconf 90' lang='lat' dir='ltr'><strong>Ostendam</strong></span> <span class='ocrx_word' id='word_1_718' title='bbox 2855 3468 3003 3521; x_wconf 89' lang='lat' dir='ltr'><strong>vobis</strong></span> <span class='ocrx_word' id='word_1_719' title='bbox 3050 3467 3151 3521; x_wconf 87' lang='lat' dir='ltr'><strong>hoc</strong></span> <span class='ocrx_word' id='word_1_720' title='bbox 3206 3481 3266 3519; x_wconf 73' lang='lat' dir='ltr'><strong>es</strong></span> <span class='ocrx_word' id='word_1_721' title='bbox 3313 3466 3641 3535; x_wconf 83' lang='lat' dir='ltr'><strong>legislatione</strong></span> <span class='ocrx_word' id='word_1_722' title='bbox 3688 3466 3877 3535; x_wconf 79' lang='lat' dir='ltr'><strong>Moysi.</strong></span> 
     </span>
    </p>
   </div>
   <div class='ocr_carea' id='block_1_97' title="bbox 2328 3554 3887 3625">
    <p class='ocr_par' dir='ltr' id='par_1_97' title="bbox 2328 3554 3887 3625">
     <span class='ocr_line' id='line_1_97' title="bbox 2328 3554 3887 3625; baseline -0.001 -16"><span class='ocrx_word' id='word_1_723' title='bbox 2328 3557 2584 3625; x_wconf 87' lang='lat' dir='ltr'><strong>Loquitur</strong></span> <span class='ocrx_word' id='word_1_724' title='bbox 2630 3556 2771 3610; x_wconf 88' lang='lat' dir='ltr'><strong>enim</strong></span> <span class='ocrx_word' id='word_1_725' title='bbox 2808 3571 2822 3608; x_wconf 87' lang='lat'>:</span> <span class='ocrx_word' id='word_1_726' title='bbox 2860 3575 2876 3606; x_wconf 76' lang='grc' dir='ltr'><strong>ι</strong></span> <span class='ocrx_word' id='word_1_727' title='bbox 2916 3556 3004 3609; x_wconf 76' lang='lat' dir='ltr'><strong>lla:</strong></span> <span class='ocrx_word' id='word_1_728' title='bbox 3048 3563 3170 3609; x_wconf 88' lang='lat' dir='ltr'><strong>sunt</strong></span> <span class='ocrx_word' id='word_1_729' title='bbox 3220 3554 3531 3609; x_wconf 88' lang='lat' dir='ltr'><strong>festivitates</strong></span> <span class='ocrx_word' id='word_1_730' title='bbox 3567 3556 3770 3608; x_wconf 86' lang='lat' dir='ltr'><strong>Domini</strong></span> <span class='ocrx_word' id='word_1_731' title='bbox 3828 3565 3887 3608; x_wconf 83' lang='lat' dir='ltr'><strong>et</strong></span> 
     </span>
    </p>
   </div>
   <div class='ocr_carea' id='block_1_98' title="bbox 2328 3643 3885 3714">
    <p class='ocr_par' dir='ltr' id='par_1_98' title="bbox 2328 3643 3885 3714">
     <span class='ocr_line' id='line_1_98' title="bbox 2328 3643 3885 3714; baseline -0.001 -15"><span class='ocrx_word' id='word_1_732' title='bbox 2328 3648 2455 3714; x_wconf 61' lang='lat' dir='ltr'><strong>ipsae</strong></span> <span class='ocrx_word' id='word_1_733' title='bbox 2500 3656 2719 3708; x_wconf 70' lang='lat' dir='ltr'><strong>sanctte,</strong></span> <span class='ocrx_word' id='word_1_734' title='bbox 2753 3661 2881 3714; x_wconf 82' lang='lat' dir='ltr'><strong>quas</strong></span> <span class='ocrx_word' id='word_1_735' title='bbox 2922 3644 3177 3698; x_wconf 84' lang='lat' dir='ltr'><strong>vocabitis</strong></span> <span class='ocrx_word' id='word_1_736' title='bbox 3208 3645 3256 3696; x_wconf 92' lang='lat' dir='ltr'><strong>in</strong></span> <span class='ocrx_word' id='word_1_737' title='bbox 3302 3644 3621 3711; x_wconf 85' lang='lat' dir='ltr'><strong>temporibus</strong></span> <span class='ocrx_word' id='word_1_738' title='bbox 3660 3644 3787 3696; x_wconf 88' lang='lat' dir='ltr'><strong>suis.</strong></span> <span class='ocrx_word' id='word_1_739' title='bbox 3820 3643 3885 3697; x_wconf 80' lang='lat' dir='ltr'><strong>lu</strong></span> 
     </span>
    </p>
   </div>
   <div class='ocr_carea' id='block_1_99' title="bbox 2329 3731 3881 3807">
    <p class='ocr_par' dir='ltr' id='par_1_99' title="bbox 2329 3731 3881 3807">
     <span class='ocr_line' id='line_1_99' title="bbox 2329 3731 3881 3807; baseline -0.005 -16"><span class='ocrx_word' id='word_1_740' title='bbox 2329 3739 2501 3807; x_wconf 88' lang='lat' dir='ltr'><strong>primo</strong></span> <span class='ocrx_word' id='word_1_741' title='bbox 2523 3752 2701 3790; x_wconf 83' lang='lat' dir='ltr'><strong>mense</strong></span> <span class='ocrx_word' id='word_1_742' title='bbox 2731 3737 2780 3789; x_wconf 92' lang='lat' dir='ltr'><strong>in</strong></span> <span class='ocrx_word' id='word_1_743' title='bbox 2806 3734 3199 3803; x_wconf 82' lang='lat' dir='ltr'><strong>quintadecima</strong></span> <span class='ocrx_word' id='word_1_744' title='bbox 3224 3733 3311 3787; x_wconf 88' lang='lat' dir='ltr'><strong>die</strong></span> <span class='ocrx_word' id='word_1_745' title='bbox 3350 3733 3549 3787; x_wconf 89' lang='lat' dir='ltr'><strong>mensis</strong></span> <span class='ocrx_word' id='word_1_746' title='bbox 3606 3731 3759 3798; x_wconf 82' lang='lat' dir='ltr'><strong>hujus</strong></span> <span class='ocrx_word' id='word_1_747' title='bbox 3797 3734 3881 3784; x_wconf 87' lang='lat' dir='ltr'><strong>fe—</strong></span> 
     </span>
    </p>
   </div>
   <div class='ocr_carea' id='block_1_100' title="bbox 2327 3819 3885 3893">
    <p class='ocr_par' dir='ltr' id='par_1_100' title="bbox 2327 3819 3885 3893">
     <span class='ocr_line' id='line_1_100' title="bbox 2327 3819 3885 3893; baseline -0.005 -12"><span class='ocrx_word' id='word_1_748' title='bbox 2327 3837 2464 3882; x_wconf 84' lang='lat' dir='ltr'><strong>stum</strong></span> <span class='ocrx_word' id='word_1_749' title='bbox 2500 3838 2804 3893; x_wconf 89' lang='lat' dir='ltr'><strong>azymorum</strong></span> <span class='ocrx_word' id='word_1_750' title='bbox 2850 3822 3091 3885; x_wconf 90' lang='lat' dir='ltr'><strong>Domini;</strong></span> <span class='ocrx_word' id='word_1_751' title='bbox 3146 3836 3199 3875; x_wconf 88' lang='lat' dir='ltr'><strong>et</strong></span> <span class='ocrx_word' id='word_1_752' title='bbox 3254 3821 3305 3873; x_wconf 93' lang='lat' dir='ltr'><strong>in</strong></span> <span class='ocrx_word' id='word_1_753' title='bbox 3347 3819 3738 3888; x_wconf 88' lang='lat' dir='ltr'><strong>quartadecima</strong></span> <span class='ocrx_word' id='word_1_754' title='bbox 3791 3819 3885 3873; x_wconf 82' lang='lat' dir='ltr'><strong>die</strong></span> 
     </span>
    </p>
   </div>
   <div class='ocr_carea' id='block_1_101' title="bbox 2330 3907 3883 3980">
    <p class='ocr_par' dir='ltr' id='par_1_101' title="bbox 2330 3907 3883 3980">
     <span class='ocr_line' id='line_1_101' title="bbox 2330 3907 3883 3980; baseline -0.005 -11"><span class='ocrx_word' id='word_1_755' title='bbox 2330 3914 2683 3969; x_wconf 89' lang='lat' dir='ltr'><strong>meusisintra</strong></span> <span class='ocrx_word' id='word_1_756' title='bbox 2714 3912 2941 3965; x_wconf 85' lang='lat' dir='ltr'><strong>medium</strong></span> <span class='ocrx_word' id='word_1_757' title='bbox 2989 3912 3052 3963; x_wconf 90' lang='lat' dir='ltr'><strong>ad</strong></span> <span class='ocrx_word' id='word_1_758' title='bbox 3100 3925 3372 3980; x_wconf 84' lang='lat' dir='ltr'><strong>vesperum</strong></span> <span class='ocrx_word' id='word_1_759' title='bbox 3420 3908 3741 3962; x_wconf 82' lang='lat' dir='ltr'><strong>eritPascha</strong></span> <span class='ocrx_word' id='word_1_760' title='bbox 3777 3907 3883 3962; x_wconf 85' lang='lat' dir='ltr'><strong>Do-</strong></span> 
     </span>
    </p>
   </div>
   <div class='ocr_carea' id='block_1_102' title="bbox 2329 3995 3881 4067">
    <p class='ocr_par' dir='ltr' id='par_1_102' title="bbox 2329 3995 3881 4067">
     <span class='ocr_line' id='line_1_102' title="bbox 2329 3995 3881 4067; baseline -0.005 -12"><span class='ocrx_word' id='word_1_761' title='bbox 2329 4004 2498 4064; x_wconf 88' lang='lat' dir='ltr'><strong>mino;</strong></span> <span class='ocrx_word' id='word_1_762' title='bbox 2530 4003 2654 4053; x_wconf 85' lang='lat' dir='ltr'><strong>ctiu</strong></span> <span class='ocrx_word' id='word_1_763' title='bbox 2680 4000 3065 4067; x_wconf 62' lang='lat' dir='ltr'><strong>quinta-decium</strong></span> <span class='ocrx_word' id='word_1_764' title='bbox 3115 3998 3216 4057; x_wconf 88' lang='lat' dir='ltr'><strong>die_</strong></span> <span class='ocrx_word' id='word_1_765' title='bbox 3246 3997 3396 4066; x_wconf 83' lang='lat' dir='ltr'><strong>hujus</strong></span> <span class='ocrx_word' id='word_1_766' title='bbox 3445 3995 3637 4049; x_wconf 89' lang='lat' dir='ltr'><strong>mensis</strong></span> <span class='ocrx_word' id='word_1_767' title='bbox 3686 3995 3881 4048; x_wconf 77' lang='lat' dir='ltr'><strong>festum</strong></span> 
     </span>
    </p>
   </div>
   <div class='ocr_carea' id='block_1_103' title="bbox 2329 4085 3883 4160">
    <p class='ocr_par' dir='ltr' id='par_1_103' title="bbox 2329 4085 3883 4160">
     <span class='ocr_line' id='line_1_103' title="bbox 2329 4085 3883 4160; baseline -0.005 -17"><span class='ocrx_word' id='word_1_768' title='bbox 2329 4106 2632 4160; x_wconf 81' lang='lat' dir='ltr'><strong>azymorum</strong></span> <span class='ocrx_word' id='word_1_769' title='bbox 2666 4090 2907 4141; x_wconf 89' lang='lat' dir='ltr'><strong>Domino.</strong></span> <span class='ocrx_word' id='word_1_770' title='bbox 2943 4087 3154 4155; x_wconf 88' lang='lat' dir='ltr'><strong>Septem</strong></span> <span class='ocrx_word' id='word_1_771' title='bbox 3182 4087 3321 4140; x_wconf 85' lang='lat' dir='ltr'><strong>enim</strong></span> <span class='ocrx_word' id='word_1_772' title='bbox 3353 4085 3535 4139; x_wconf 87' lang='lat' dir='ltr'><strong>diebus</strong></span> <span class='ocrx_word' id='word_1_773' title='bbox 3557 4098 3737 4153; x_wconf 86' lang='lat' dir='ltr'><strong>azyma</strong></span> <span class='ocrx_word' id='word_1_774' title='bbox 3785 4099 3883 4137; x_wconf 85' lang='lat' dir='ltr'><strong>co-</strong></span> 
     </span>
    </p>
   </div>
   <div class='ocr_carea' id='block_1_104' title="bbox 2330 4171 3883 4248">
    <p class='ocr_par' dir='ltr' id='par_1_104' title="bbox 2330 4171 3883 4248">
     <span class='ocr_line' id='line_1_104' title="bbox 2330 4171 3883 4248; baseline -0.007 -15"><span class='ocrx_word' id='word_1_775' title='bbox 2330 4180 2522 4233; x_wconf 84' lang='lat' dir='ltr'><strong>medite</strong></span> <span class='ocrx_word' id='word_1_776' title='bbox 2560 4178 2736 4248; x_wconf 74' lang='lat' dir='ltr'><strong>(Leuit.</strong></span> <span class='ocrx_word' id='word_1_777' title='bbox 2785 4192 2934 4241; x_wconf 63' lang='grc' dir='ltr'>χχιιι,</span> <span class='ocrx_word' id='word_1_778' title='bbox 2960 4176 3143 4244; x_wconf 72' lang='grc' dir='ltr'><strong>4-6).ι</strong></span> <span class='ocrx_word' id='word_1_779' title='bbox 3203 4174 3333 4227; x_wconf 88' lang='lat' dir='ltr'><strong>Ecce</strong></span> <span class='ocrx_word' id='word_1_780' title='bbox 3376 4175 3516 4226; x_wconf 86' lang='lat' dir='ltr'><strong>enim</strong></span> <span class='ocrx_word' id='word_1_781' title='bbox 3564 4189 3627 4228; x_wconf 77' lang='lat' dir='ltr'><strong>ex</strong></span> <span class='ocrx_word' id='word_1_782' title='bbox 3670 4171 3883 4241; x_wconf 85' lang='lat' dir='ltr'><strong>legisla-</strong></span> 
     </span>
    </p>
   </div>
   <div class='ocr_carea' id='block_1_105' title="bbox 2331 4265 3877 4337">
    <p class='ocr_par' dir='ltr' id='par_1_105' title="bbox 2331 4265 3877 4337">
     <span class='ocr_line' id='line_1_105' title="bbox 2331 4265 3877 4337; baseline -0.006 -15"><span class='ocrx_word' id='word_1_783' title='bbox 2331 4272 2471 4323; x_wconf 86' lang='lat' dir='ltr'><strong>tioae</strong></span> <span class='ocrx_word' id='word_1_784' title='bbox 2514 4267 2676 4337; x_wconf 80' lang='lat' dir='ltr'><strong>Moysi</strong></span> <span class='ocrx_word' id='word_1_785' title='bbox 2718 4266 2999 4328; x_wconf 88' lang='lat' dir='ltr'><strong>didicistis,</strong></span> <span class='ocrx_word' id='word_1_786' title='bbox 3053 4265 3301 4333; x_wconf 87' lang='lat' dir='ltr'><strong>quoniant</strong></span> <span class='ocrx_word' id='word_1_787' title='bbox 3350 4278 3452 4316; x_wconf 91' lang='lat' dir='ltr'><strong>non</strong></span> <span class='ocrx_word' id='word_1_788' title='bbox 3502 4272 3622 4315; x_wconf 89' lang='lat' dir='ltr'><strong>tunc</strong></span> <span class='ocrx_word' id='word_1_789' title='bbox 3668 4275 3877 4329; x_wconf 66' lang='lat' dir='ltr'><strong>azyma,</strong></span> 
     </span>
    </p>
   </div>
   <div class='ocr_carea' id='block_1_106' title="bbox 2329 4348 3882 4427">
    <p class='ocr_par' dir='ltr' id='par_1_106' title="bbox 2329 4348 3882 4427">
     <span class='ocr_line' id='line_1_106' title="bbox 2329 4348 3882 4427; baseline -0.004 -18"><span class='ocrx_word' id='word_1_790' title='bbox 2329 4358 2537 4427; x_wconf 80' lang='lat' dir='ltr'><strong>quando</strong></span> <span class='ocrx_word' id='word_1_791' title='bbox 2568 4365 2685 4427; x_wconf 88' lang='lat' dir='ltr'><strong>post</strong></span> <span class='ocrx_word' id='word_1_792' title='bbox 2720 4370 2926 4409; x_wconf 74' lang='lat' dir='ltr'><strong>ctenam</strong></span> <span class='ocrx_word' id='word_1_793' title='bbox 2969 4354 3257 4408; x_wconf 91' lang='lat' dir='ltr'><strong>secundum</strong></span> <span class='ocrx_word' id='word_1_794' title='bbox 3303 4352 3441 4405; x_wconf 90' lang='lat' dir='ltr'><strong>diem</strong></span> <span class='ocrx_word' id='word_1_795' title='bbox 3495 4350 3691 4418; x_wconf 76' lang='lat' dir='ltr'><strong>quiutze</strong></span> <span class='ocrx_word' id='word_1_796' title='bbox 3730 4348 3882 4403; x_wconf 76' lang='lat' dir='ltr'><strong>feria:</strong></span> 
     </span>
    </p>
   </div>
   <div class='ocr_carea' id='block_1_107' title="bbox 2329 4435 3884 4511">
    <p class='ocr_par' dir='ltr' id='par_1_107' title="bbox 2329 4435 3884 4511">
     <span class='ocr_line' id='line_1_107' title="bbox 2329 4435 3884 4511; baseline -0.008 -12"><span class='ocrx_word' id='word_1_797' title='bbox 2329 4447 2570 4499; x_wconf 82' lang='lat' dir='ltr'><strong>Christus</strong></span> <span class='ocrx_word' id='word_1_798' title='bbox 2598 4443 2934 4511; x_wconf 87' lang='lat' dir='ltr'><strong>tradiditper</strong></span> <span class='ocrx_word' id='word_1_799' title='bbox 2956 4441 3264 4494; x_wconf 89' lang='lat' dir='ltr'><strong>fraetionem</strong></span> <span class='ocrx_word' id='word_1_800' title='bbox 3311 4441 3465 4507; x_wconf 88' lang='lat' dir='ltr'><strong>panis</strong></span> <span class='ocrx_word' id='word_1_801' title='bbox 3510 4436 3637 4491; x_wconf 82' lang='lat' dir='ltr'><strong>Novi</strong></span> <span class='ocrx_word' id='word_1_802' title='bbox 3689 4435 3884 4489; x_wconf 87' lang='lat' dir='ltr'><strong>Testa-</strong></span> 
     </span>
    </p>
   </div>
   <div class='ocr_carea' id='block_1_108' title="bbox 2331 4528 3880 4601">
    <p class='ocr_par' dir='ltr' id='par_1_108' title="bbox 2331 4528 3880 4601">
     <span class='ocr_line' id='line_1_108' title="bbox 2331 4528 3880 4601; baseline -0.007 -14"><span class='ocrx_word' id='word_1_803' title='bbox 2331 4537 2491 4587; x_wconf 89' lang='lat' dir='ltr'><strong>menti</strong></span> <span class='ocrx_word' id='word_1_804' title='bbox 2542 4532 2870 4601; x_wconf 88' lang='lat' dir='ltr'><strong>mysterium.</strong></span> <span class='ocrx_word' id='word_1_805' title='bbox 2918 4531 3054 4583; x_wconf 84' lang='lat' dir='ltr'><strong>Ante</strong></span> <span class='ocrx_word' id='word_1_806' title='bbox 3100 4528 3291 4581; x_wconf 89' lang='lat' dir='ltr'><strong>festum</strong></span> <span class='ocrx_word' id='word_1_807' title='bbox 3341 4535 3513 4580; x_wconf 89' lang='lat' dir='ltr'><strong>autem</strong></span> <span class='ocrx_word' id='word_1_808' title='bbox 3568 4540 3880 4594; x_wconf 82' lang='lat' dir='ltr'><strong>azymorum</strong></span> 
     </span>
    </p>
   </div>
   <div class='ocr_carea' id='block_1_109' title="bbox 2329 4616 3872 4685">
    <p class='ocr_par' dir='ltr' id='par_1_109' title="bbox 2329 4616 3872 4685">
     <span class='ocr_line' id='line_1_109' title="bbox 2329 4616 3872 4685; baseline -0.01 -6"><span class='ocrx_word' id='word_1_809' title='bbox 2329 4627 2428 4679; x_wconf 89' lang='lat' dir='ltr'><strong>hoc</strong></span> <span class='ocrx_word' id='word_1_810' title='bbox 2443 4626 2580 4685; x_wconf 91' lang='lat' dir='ltr'><strong>fecit,</strong></span> <span class='ocrx_word' id='word_1_811' title='bbox 2602 4638 2721 4677; x_wconf 87' lang='lat' dir='ltr'><strong>cum</strong></span> <span class='ocrx_word' id='word_1_812' title='bbox 2749 4631 2889 4677; x_wconf 89' lang='lat' dir='ltr'><strong>esset</strong></span> <span class='ocrx_word' id='word_1_813' title='bbox 2914 4620 3270 4675; x_wconf 87' lang='lat' dir='ltr'><strong>tertiadecima</strong></span> <span class='ocrx_word' id='word_1_814' title='bbox 3287 4617 3400 4671; x_wconf 90' lang='lat' dir='ltr'><strong>dies</strong></span> <span class='ocrx_word' id='word_1_815' title='bbox 3416 4618 3611 4670; x_wconf 87' lang='lat' dir='ltr'><strong>mensis</strong></span> <span class='ocrx_word' id='word_1_816' title='bbox 3655 4616 3872 4681; x_wconf 83' lang='lat' dir='ltr'><strong>Quinta-</strong></span> 
     </span>
    </p>
   </div>
   <div class='ocr_carea' id='block_1_110' title="bbox 2330 4705 3881 4775">
    <p class='ocr_par' dir='ltr' id='par_1_110' title="bbox 2330 4705 3881 4775">
     <span class='ocr_line' id='line_1_110' title="bbox 2330 4705 3881 4775; baseline -0.008 -7"><span class='ocrx_word' id='word_1_817' title='bbox 2330 4716 2529 4768; x_wconf 87' lang='lat' dir='ltr'><strong>decima</strong></span> <span class='ocrx_word' id='word_1_818' title='bbox 2560 4712 2698 4766; x_wconf 90' lang='lat' dir='ltr'><strong>enim</strong></span> <span class='ocrx_word' id='word_1_819' title='bbox 2728 4711 2812 4764; x_wconf 86' lang='lat' dir='ltr'><strong>die</strong></span> <span class='ocrx_word' id='word_1_820' title='bbox 2853 4709 3072 4771; x_wconf 89' lang='lat' dir='ltr'><strong>mensis,</strong></span> <span class='ocrx_word' id='word_1_821' title='bbox 3120 4714 3178 4759; x_wconf 90' lang='lat' dir='ltr'><strong>ut</strong></span> <span class='ocrx_word' id='word_1_822' title='bbox 3208 4706 3468 4775; x_wconf 82' lang='lat' dir='ltr'><strong>legislatio</strong></span> <span class='ocrx_word' id='word_1_823' title='bbox 3497 4705 3705 4772; x_wconf 80' lang='lat' dir='ltr'><strong>Moysis,</strong></span> <span class='ocrx_word' id='word_1_824' title='bbox 3759 4712 3881 4755; x_wconf 83' lang='lat' dir='ltr'><strong>erat</strong></span> 
     </span>
    </p>
   </div>
   <div class='ocr_carea' id='block_1_111' title="bbox 2330 4794 3880 4869">
    <p class='ocr_par' dir='ltr' id='par_1_111' title="bbox 2330 4794 3880 4869">
     <span class='ocr_line' id='line_1_111' title="bbox 2330 4794 3880 4869; baseline -0.008 -14"><span class='ocrx_word' id='word_1_825' title='bbox 2330 4803 2519 4855; x_wconf 87' lang='lat' dir='ltr'><strong>festum</strong></span> <span class='ocrx_word' id='word_1_826' title='bbox 2549 4814 2873 4869; x_wconf 87' lang='lat' dir='ltr'><strong>azymorum.</strong></span> <span class='ocrx_word' id='word_1_827' title='bbox 2936 4797 2999 4850; x_wconf 86' lang='lat' dir='ltr'><strong>Et</strong></span> <span class='ocrx_word' id='word_1_828' title='bbox 3028 4797 3270 4850; x_wconf 85' lang='lat' dir='ltr'><strong>Christus</strong></span> <span class='ocrx_word' id='word_1_829' title='bbox 3316 4796 3367 4847; x_wconf 91' lang='lat' dir='ltr'><strong>iu</strong></span> <span class='ocrx_word' id='word_1_830' title='bbox 3400 4794 3526 4847; x_wconf 87' lang='lat' dir='ltr'><strong>feria</strong></span> <span class='ocrx_word' id='word_1_831' title='bbox 3558 4803 3702 4846; x_wconf 81' lang='lat' dir='ltr'><strong>sexta</strong></span> <span class='ocrx_word' id='word_1_832' title='bbox 3753 4807 3880 4844; x_wconf 83' lang='lat' dir='ltr'><strong>cru-</strong></span> 
     </span>
    </p>
   </div>
   <div class='ocr_carea' id='block_1_112' title="bbox 2330 4882 3873 4955">
    <p class='ocr_par' dir='ltr' id='par_1_112' title="bbox 2330 4882 3873 4955">
     <span class='ocr_line' id='line_1_112' title="bbox 2330 4882 3873 4955; baseline -0.008 -11"><span class='ocrx_word' id='word_1_833' title='bbox 2330 4895 2536 4954; x_wconf 76' lang='lat' dir='ltr'><strong>citixus,</strong></span> <span class='ocrx_word' id='word_1_834' title='bbox 2588 4890 2875 4943; x_wconf 91' lang='lat' dir='ltr'><strong>secundum</strong></span> <span class='ocrx_word' id='word_1_835' title='bbox 2920 4886 3420 4955; x_wconf 88' lang='lat' dir='ltr'><strong>quartamdecimam</strong></span> <span class='ocrx_word' id='word_1_836' title='bbox 3470 4884 3605 4936; x_wconf 68' lang='lat' dir='ltr'><strong>diem</strong></span> <span class='ocrx_word' id='word_1_837' title='bbox 3652 4882 3873 4945; x_wconf 84' lang='lat' dir='ltr'><strong>mensis,</strong></span> 
     </span>
    </p>
   </div>
   <div class='ocr_carea' id='block_1_113' title="bbox 2332 4971 3877 5048">
    <p class='ocr_par' dir='ltr' id='par_1_113' title="bbox 2332 4971 3877 5048">
     <span class='ocr_line' id='line_1_113' title="bbox 2332 4971 3877 5048; baseline -0.005 -17"><span class='ocrx_word' id='word_1_838' title='bbox 2332 4981 2539 5048; x_wconf 82' lang='lat' dir='ltr'><strong>quando</strong></span> <span class='ocrx_word' id='word_1_839' title='bbox 2562 4974 3011 5031; x_wconf 66' lang='lat' dir='ltr'><strong>debebantJudaai</strong></span> <span class='ocrx_word' id='word_1_840' title='bbox 3052 4975 3323 5027; x_wconf 87' lang='lat' dir='ltr'><strong>immolare</strong></span> <span class='ocrx_word' id='word_1_841' title='bbox 3359 4989 3583 5042; x_wconf 85' lang='lat' dir='ltr'><strong>agnum;</strong></span> <span class='ocrx_word' id='word_1_842' title='bbox 3639 4971 3877 5024; x_wconf 80' lang='lat' dir='ltr'><strong>Sabbato</strong></span> 
     </span>
    </p>
   </div>
   <div class='ocr_carea' id='block_1_114' title="bbox 2335 5061 3875 5132">
    <p class='ocr_par' dir='ltr' id='par_1_114' title="bbox 2335 5061 3875 5132">
     <span class='ocr_line' id='line_1_114' title="bbox 2335 5061 3875 5132; baseline -0.007 -11"><span class='ocrx_word' id='word_1_843' title='bbox 2335 5080 2507 5123; x_wconf 89' lang='lat' dir='ltr'><strong>autem</strong></span> <span class='ocrx_word' id='word_1_844' title='bbox 2535 5064 3332 5132; x_wconf 88' lang='lat' dir='ltr'><strong>secundumquintamdecimam</strong></span> <span class='ocrx_word' id='word_1_845' title='bbox 3359 5061 3724 5123; x_wconf 88' lang='lat' dir='ltr'><strong>diemmensis,</strong></span> <span class='ocrx_word' id='word_1_846' title='bbox 3750 5074 3875 5111; x_wconf 88' lang='lat' dir='ltr'><strong>cum</strong></span> 
     </span>
    </p>
   </div>
   <div class='ocr_carea' id='block_1_115' title="bbox 2332 5147 3853 5222">
    <p class='ocr_par' dir='ltr' id='par_1_115' title="bbox 2332 5147 3853 5222">
     <span class='ocr_line' id='line_1_115' title="bbox 2332 5147 3853 5222; baseline -0.009 -11"><span class='ocrx_word' id='word_1_847' title='bbox 2332 5166 2473 5213; x_wconf 88' lang='lat' dir='ltr'><strong>esset</strong></span> <span class='ocrx_word' id='word_1_848' title='bbox 2502 5157 2690 5209; x_wconf 89' lang='lat' dir='ltr'><strong>festum</strong></span> <span class='ocrx_word' id='word_1_849' title='bbox 2714 5169 3036 5222; x_wconf 86' lang='lat' dir='ltr'><strong>azymorum,</strong></span> <span class='ocrx_word' id='word_1_850' title='bbox 3073 5152 3122 5203; x_wconf 91' lang='lat' dir='ltr'><strong>in</strong></span> <span class='ocrx_word' id='word_1_851' title='bbox 3151 5150 3387 5217; x_wconf 87' lang='lat' dir='ltr'><strong>sepulcro</strong></span> <span class='ocrx_word' id='word_1_852' title='bbox 3402 5149 3565 5217; x_wconf 86' lang='lat' dir='ltr'><strong>jacuit</strong></span> <span class='ocrx_word' id='word_1_853' title='bbox 3611 5147 3853 5213; x_wconf 84' lang='lat' dir='ltr'><strong>sepultus</strong></span> 
     </span>
    </p>
   </div>
   <div class='ocr_carea' id='block_1_116' title="bbox 2333 5239 3877 5313">
    <p class='ocr_par' dir='ltr' id='par_1_116' title="bbox 2333 5239 3877 5313">
     <span class='ocr_line' id='line_1_116' title="bbox 2333 5239 3877 5313; baseline -0.008 -13"><span class='ocrx_word' id='word_1_854' title='bbox 2333 5248 2530 5313; x_wconf 82' lang='lat' dir='ltr'><strong>Azyma</strong></span> <span class='ocrx_word' id='word_1_855' title='bbox 2555 5260 2681 5311; x_wconf 88' lang='lat' dir='ltr'><strong>ergo</strong></span> <span class='ocrx_word' id='word_1_856' title='bbox 2718 5244 2839 5295; x_wconf 88' lang='lat' dir='ltr'><strong>dum</strong></span> <span class='ocrx_word' id='word_1_857' title='bbox 2868 5258 2966 5295; x_wconf 88' lang='lat' dir='ltr'><strong>non</strong></span> <span class='ocrx_word' id='word_1_858' title='bbox 3005 5250 3183 5294; x_wconf 89' lang='lat' dir='ltr'><strong>essent</strong></span> <span class='ocrx_word' id='word_1_859' title='bbox 3203 5249 3323 5291; x_wconf 88' lang='lat' dir='ltr'><strong>ante</strong></span> <span class='ocrx_word' id='word_1_860' title='bbox 3349 5239 3537 5291; x_wconf 90' lang='lat' dir='ltr'><strong>festum</strong></span> <span class='ocrx_word' id='word_1_861' title='bbox 3567 5250 3877 5305; x_wconf 84' lang='lat' dir='ltr'><strong>azymorum</strong></span> 
     </span>
    </p>
   </div>
   <div class='ocr_carea' id='block_1_117' title="bbox 2336 5322 3880 5399">
    <p class='ocr_par' dir='ltr' id='par_1_117' title="bbox 2336 5322 3880 5399">
     <span class='ocr_line' id='line_1_117' title="bbox 2336 5322 3880 5399; baseline -0.006 -13"><span class='ocrx_word' id='word_1_862' title='bbox 2336 5337 2386 5388; x_wconf 92' lang='lat' dir='ltr'><strong>in</strong></span> <span class='ocrx_word' id='word_1_863' title='bbox 2418 5344 2527 5397; x_wconf 84' lang='lat' dir='ltr'><strong>toto</strong></span> <span class='ocrx_word' id='word_1_864' title='bbox 2554 5348 2691 5385; x_wconf 91' lang='lat' dir='ltr'><strong>anno</strong></span> <span class='ocrx_word' id='word_1_865' title='bbox 2720 5332 2829 5399; x_wconf 90' lang='lat' dir='ltr'><strong>ipso</strong></span> <span class='ocrx_word' id='word_1_866' title='bbox 2860 5350 2875 5382; x_wconf 67' lang='grc' dir='ltr'><strong>ι</strong></span> <span class='ocrx_word' id='word_1_867' title='bbox 2903 5338 3101 5397; x_wconf 90' lang='lat' dir='ltr'><strong>septem</strong></span> <span class='ocrx_word' id='word_1_868' title='bbox 3129 5329 3270 5381; x_wconf 90' lang='lat' dir='ltr'><strong>enim</strong></span> <span class='ocrx_word' id='word_1_869' title='bbox 3292 5327 3475 5379; x_wconf 81' lang='lat' dir='ltr'><strong>diebus</strong></span> <span class='ocrx_word' id='word_1_870' title='bbox 3524 5322 3880 5378; x_wconf 73' lang='lat' dir='ltr'><strong>contiedcbant</strong></span> 
     </span>
    </p>
   </div>
   <div class='ocr_carea' id='block_1_118' title="bbox 2334 5410 3879 5489">
    <p class='ocr_par' dir='ltr' id='par_1_118' title="bbox 2334 5410 3879 5489">
     <span class='ocr_line' id='line_1_118' title="bbox 2334 5410 3879 5489; baseline -0.006 -16"><span class='ocrx_word' id='word_1_871' title='bbox 2334 5436 2515 5489; x_wconf 85' lang='lat' dir='ltr'><strong>azyma</strong></span> <span class='ocrx_word' id='word_1_872' title='bbox 2539 5419 2724 5481; x_wconf 68' lang='lat' dir='ltr'><strong>Judzei,</strong></span> <span class='ocrx_word' id='word_1_873' title='bbox 2750 5427 2842 5470; x_wconf 73' lang='lat' dir='ltr'><strong>Ceu</strong></span> <span class='ocrx_word' id='word_1_874' title='bbox 2876 5415 3102 5469; x_wconf 86' lang='lat' dir='ltr'><strong>instituit</strong></span> <span class='ocrx_word' id='word_1_875' title='bbox 3132 5415 3333 5483; x_wconf 82' lang='lat' dir='ltr'><strong>Moyses</strong></span> <span class='ocrx_word' id='word_1_876' title='bbox 3358 5428 3368 5463; x_wconf 93' lang='lat'><strong>:</strong></span> <span class='ocrx_word' id='word_1_877' title='bbox 3402 5412 3453 5463; x_wconf 91' lang='lat' dir='ltr'><strong>in</strong></span> <span class='ocrx_word' id='word_1_878' title='bbox 3484 5410 3879 5478; x_wconf 76' lang='lat' dir='ltr'><strong>quintatlecima</strong></span> 
     </span>
    </p>
   </div>
   <div class='ocr_carea' id='block_1_119' title="bbox 2334 5499 3879 5575">
    <p class='ocr_par' dir='ltr' id='par_1_119' title="bbox 2334 5499 3879 5575">
     <span class='ocr_line' id='line_1_119' title="bbox 2334 5499 3879 5575; baseline -0.007 -12"><span class='ocrx_word' id='word_1_879' title='bbox 2334 5511 2416 5563; x_wconf 84' lang='lat' dir='ltr'><strong>die</strong></span> <span class='ocrx_word' id='word_1_880' title='bbox 2442 5509 2593 5575; x_wconf 91' lang='lat' dir='ltr'><strong>primi</strong></span> <span class='ocrx_word' id='word_1_881' title='bbox 2631 5506 2825 5559; x_wconf 86' lang='lat' dir='ltr'><strong>mensis</strong></span> <span class='ocrx_word' id='word_1_882' title='bbox 2849 5505 3156 5572; x_wconf 88' lang='lat' dir='ltr'><strong>incipientes</strong></span> <span class='ocrx_word' id='word_1_883' title='bbox 3176 5502 3362 5555; x_wconf 86' lang='lat' dir='ltr'><strong>festum</strong></span> <span class='ocrx_word' id='word_1_884' title='bbox 3397 5501 3606 5561; x_wconf 92' lang='lat' dir='ltr'><strong>horum,</strong></span> <span class='ocrx_word' id='word_1_885' title='bbox 3654 5499 3741 5551; x_wconf 87' lang='lat' dir='ltr'><strong>ubi</strong></span> <span class='ocrx_word' id='word_1_886' title='bbox 3787 5514 3879 5552; x_wconf 78' lang='lat' dir='ltr'><strong>ro-</strong></span> 
     </span>
    </p>
   </div>
   <div class='ocr_carea' id='block_1_120' title="bbox 2335 5585 3882 5665">
    <p class='ocr_par' dir='ltr' id='par_1_120' title="bbox 2335 5585 3882 5665">
     <span class='ocr_line' id='line_1_120' title="bbox 2335 5585 3882 5665; baseline -0.006 -20"><span class='ocrx_word' id='word_1_887' title='bbox 2335 5607 2479 5665; x_wconf 74' lang='lat' dir='ltr'><strong>peita</strong></span> <span class='ocrx_word' id='word_1_888' title='bbox 2508 5603 2622 5647; x_wconf 76' lang='lat' dir='ltr'><strong>sunt</strong></span> <span class='ocrx_word' id='word_1_889' title='bbox 2663 5608 2865 5661; x_wconf 77' lang='lat' dir='ltr'><strong>azyma,</strong></span> <span class='ocrx_word' id='word_1_890' title='bbox 2902 5591 3110 5659; x_wconf 87' lang='lat' dir='ltr'><strong>quando</strong></span> <span class='ocrx_word' id='word_1_891' title='bbox 3140 5604 3257 5641; x_wconf 91' lang='lat' dir='ltr'><strong>cum</strong></span> <span class='ocrx_word' id='word_1_892' title='bbox 3290 5586 3559 5648; x_wconf 82' lang='lat' dir='ltr'><strong>discipulis</strong></span> <span class='ocrx_word' id='word_1_893' title='bbox 3610 5585 3718 5638; x_wconf 77' lang='lat' dir='ltr'><strong>suis</strong></span> <span class='ocrx_word' id='word_1_894' title='bbox 3766 5599 3882 5636; x_wconf 71' lang='lat' dir='ltr'><strong>em-</strong></span> 
     </span>
    </p>
   </div>
  </div>
