  <div class='ocr_page' id='page_1' title='image "/cluster/home/n/w/nwhite01/storage/ocr_20150623/120/pst.000005714353/516.png"; bbox 0 0 4124 6338; ppageno 0'>
   <div class='ocr_carea' id='block_1_1' title="bbox 232 344 3438 431">
    <p class='ocr_par' dir='ltr' id='par_1_1' title="bbox 232 344 3438 431">
     <span class='ocr_line' id='line_1_1' title="bbox 232 344 3438 431; baseline -0.007 -3"><span class='ocrx_word' id='word_1_1' title='bbox 232 362 359 431; x_wconf 75' lang='lat'><strong>1017</strong></span> <span class='ocrx_word' id='word_1_2' title='bbox 1467 355 1763 415; x_wconf 70' lang='lat' dir='ltr'><strong>coN&#39;rttA</strong></span> <span class='ocrx_word' id='word_1_3' title='bbox 1800 348 2139 411; x_wconf 78' lang='lat' dir='ltr'><strong>LATINOS.</strong></span> <span class='ocrx_word' id='word_1_4' title='bbox 3305 344 3438 404; x_wconf 82' lang='lat'><strong>1018</strong></span> 
     </span>
    </p>
   </div>
   <div class='ocr_carea' id='block_1_2' title="bbox 229 457 3429 539">
    <p class='ocr_par' dir='ltr' id='par_1_2' title="bbox 229 457 3429 539">
     <span class='ocr_line' id='line_1_2' title="bbox 229 457 3429 539; baseline -0.008 0"><span class='ocrx_word' id='word_1_5' title='bbox 229 499 343 539; x_wconf 88' lang='lat' dir='ltr'><strong>nam</strong></span> <span class='ocrx_word' id='word_1_6' title='bbox 365 482 669 539; x_wconf 83' lang='lat' dir='ltr'><strong>comederet</strong></span> <span class='ocrx_word' id='word_1_7' title='bbox 709 478 987 533; x_wconf 81' lang='lat' dir='ltr'><strong>Christus?</strong></span> <span class='ocrx_word' id='word_1_8' title='bbox 1039 476 1092 530; x_wconf 94' lang='lat' dir='ltr'><strong>Si</strong></span> <span class='ocrx_word' id='word_1_9' title='bbox 1148 490 1286 528; x_wconf 80' lang='lat' dir='ltr'><strong>enim</strong></span> <span class='ocrx_word' id='word_1_10' title='bbox 1338 474 1475 527; x_wconf 88' lang='lat' dir='ltr'><strong>sicut</strong></span> <span class='ocrx_word' id='word_1_11' title='bbox 1516 472 1708 535; x_wconf 78' lang='lat' dir='ltr'><strong>dicitis,</strong></span> <span class='ocrx_word' id='word_1_12' title='bbox 1740 485 1767 523; x_wconf 92' lang='lat' dir='ltr'><strong>a</strong></span> <span class='ocrx_word' id='word_1_13' title='bbox 1798 472 1843 533; x_wconf 74' lang='grc' dir='ltr'><strong>Α</strong></span> <span class='ocrx_word' id='word_1_14' title='bbox 1873 483 1984 523; x_wconf 93' lang='lat' dir='ltr'><strong>rem</strong></span> <span class='ocrx_word' id='word_1_15' title='bbox 2009 468 2150 521; x_wconf 86' lang='lat' dir='ltr'><strong>circa</strong></span> <span class='ocrx_word' id='word_1_16' title='bbox 2201 480 2320 519; x_wconf 87' lang='lat' dir='ltr'><strong>eum</strong></span> <span class='ocrx_word' id='word_1_17' title='bbox 2356 465 2538 518; x_wconf 83' lang='lat' dir='ltr'><strong>ﬂetum</strong></span> <span class='ocrx_word' id='word_1_18' title='bbox 2590 462 2861 516; x_wconf 88' lang='lat' dir='ltr'><strong>habebant</strong></span> <span class='ocrx_word' id='word_1_19' title='bbox 2893 474 3052 529; x_wconf 90' lang='lat' dir='ltr'><strong>quam</strong></span> <span class='ocrx_word' id='word_1_20' title='bbox 3084 457 3330 530; x_wconf 75' lang='lat' dir='ltr'><strong>gaudium</strong></span> <span class='ocrx_word' id='word_1_21' title='bbox 3366 475 3429 515; x_wconf 74' lang='lat' dir='ltr'><strong>ex</strong></span> 
     </span>
    </p>
   </div>
   <div class='ocr_carea' id='block_1_3' title="bbox 228 551 3437 637">
    <p class='ocr_par' dir='ltr' id='par_1_3' title="bbox 228 551 3437 637">
     <span class='ocr_line' id='line_1_3' title="bbox 228 551 3437 637; baseline -0.007 -10"><span class='ocrx_word' id='word_1_22' title='bbox 228 572 450 627; x_wconf 87' lang='lat' dir='ltr'><strong>Domino</strong></span> <span class='ocrx_word' id='word_1_23' title='bbox 475 569 696 637; x_wconf 82' lang='lat' dir='ltr'><strong>apostoli</strong></span> <span class='ocrx_word' id='word_1_24' title='bbox 726 575 1047 635; x_wconf 79' lang='lat' dir='ltr'><strong>acceperunt</strong></span> <span class='ocrx_word' id='word_1_25' title='bbox 1093 579 1299 634; x_wconf 87' lang='lat' dir='ltr'><strong>azyma,</strong></span> <span class='ocrx_word' id='word_1_26' title='bbox 1356 571 1410 615; x_wconf 92' lang='lat' dir='ltr'><strong>et</strong></span> <span class='ocrx_word' id='word_1_27' title='bbox 1459 562 1533 614; x_wconf 88' lang='lat' dir='ltr'><strong>illi</strong></span> <span class='ocrx_word' id='word_1_28' title='bbox 1585 562 1776 613; x_wconf 88' lang='lat' dir='ltr'><strong>iterum</strong></span> <span class='ocrx_word' id='word_1_29' title='bbox 1885 556 2138 610; x_wconf 82' lang='lat' dir='ltr'><strong>memoria</strong></span> <span class='ocrx_word' id='word_1_30' title='bbox 2192 554 2383 608; x_wconf 78' lang='lat' dir='ltr'><strong>divina:</strong></span> <span class='ocrx_word' id='word_1_31' title='bbox 2429 552 2776 623; x_wconf 88' lang='lat' dir='ltr'><strong>operationis.</strong></span> <span class='ocrx_word' id='word_1_32' title='bbox 2828 570 2845 602; x_wconf 74' lang='grc' dir='ltr'><strong><em>ι</em></strong></span> <span class='ocrx_word' id='word_1_33' title='bbox 2901 551 3275 605; x_wconf 78' lang='lat' dir='ltr'><strong>Verumtamen</strong></span> <span class='ocrx_word' id='word_1_34' title='bbox 3323 551 3437 605; x_wconf 63' lang='lat' dir='ltr'><strong>hanc</strong></span> 
     </span>
    </p>
   </div>
   <div class='ocr_carea' id='block_1_4' title="bbox 228 637 1856 724">
    <p class='ocr_par' dir='ltr' id='par_1_4' title="bbox 228 649 1776 724">
     <span class='ocr_line' id='line_1_4' title="bbox 228 649 1776 724; baseline -0.008 -10"><span class='ocrx_word' id='word_1_35' title='bbox 228 661 557 714; x_wconf 87' lang='lat' dir='ltr'><strong>tradiderunt</strong></span> <span class='ocrx_word' id='word_1_36' title='bbox 589 658 740 711; x_wconf 85' lang='lat' dir='ltr'><strong>vobis</strong></span> <span class='ocrx_word' id='word_1_37' title='bbox 772 657 885 709; x_wconf 78' lang='lat' dir='ltr'><strong>hmc</strong></span> <span class='ocrx_word' id='word_1_38' title='bbox 910 657 960 708; x_wconf 91' lang='lat' dir='ltr'><strong>in</strong></span> <span class='ocrx_word' id='word_1_39' title='bbox 999 656 1165 724; x_wconf 81' lang='lat' dir='ltr'><strong>figura</strong></span> <span class='ocrx_word' id='word_1_40' title='bbox 1220 653 1457 720; x_wconf 89' lang='lat' dir='ltr'><strong>corporis</strong></span> <span class='ocrx_word' id='word_1_41' title='bbox 1499 650 1693 705; x_wconf 75' lang='lat' dir='ltr'><strong>Christi</strong></span> <span class='ocrx_word' id='word_1_42' title='bbox 1726 649 1776 702; x_wconf 89' lang='lat' dir='ltr'><strong>in</strong></span> 
     </span>
    </p>
   </div>
   <div class='ocr_carea' id='block_1_5' title="bbox 1807 637 3435 724">
    <p class='ocr_par' dir='ltr' id='par_1_5' title="bbox 1882 637 3435 713">
     <span class='ocr_line' id='line_1_5' title="bbox 1882 637 3435 713; baseline -0.003 -16"><span class='ocrx_word' id='word_1_43' title='bbox 1882 644 2109 713; x_wconf 75' lang='lat' dir='ltr'><strong>mystice</strong></span> <span class='ocrx_word' id='word_1_44' title='bbox 2134 656 2228 710; x_wconf 89' lang='lat' dir='ltr'><strong>per</strong></span> <span class='ocrx_word' id='word_1_45' title='bbox 2258 641 2583 694; x_wconf 81' lang='lat' dir='ltr'><strong>Clementem</strong></span> <span class='ocrx_word' id='word_1_46' title='bbox 2622 653 2814 707; x_wconf 83' lang='lat' dir='ltr'><strong>papam</strong></span> <span class='ocrx_word' id='word_1_47' title='bbox 2868 637 3279 691; x_wconf 89' lang='lat' dir='ltr'><strong>constituentem</strong></span> <span class='ocrx_word' id='word_1_48' title='bbox 3330 654 3435 692; x_wconf 91' lang='lat' dir='ltr'><strong>non</strong></span> 
     </span>
    </p>
   </div>
   <div class='ocr_carea' id='block_1_6' title="bbox 227 729 3435 818">
    <p class='ocr_par' dir='ltr' id='par_1_6' title="bbox 227 729 3435 818">
     <span class='ocr_line' id='line_1_6' title="bbox 227 729 3435 818; baseline -0.006 -17"><span class='ocrx_word' id='word_1_49' title='bbox 227 750 475 818; x_wconf 85' lang='lat' dir='ltr'><strong>mysterio</strong></span> <span class='ocrx_word' id='word_1_50' title='bbox 507 747 637 799; x_wconf 82' lang='lat' dir='ltr'><strong>Novi</strong></span> <span class='ocrx_word' id='word_1_51' title='bbox 669 745 1014 807; x_wconf 85' lang='lat' dir='ltr'><strong>Testamenti,</strong></span> <span class='ocrx_word' id='word_1_52' title='bbox 1067 743 1189 795; x_wconf 91' lang='lat' dir='ltr'><strong>dum</strong></span> <span class='ocrx_word' id='word_1_53' title='bbox 1236 756 1334 794; x_wconf 91' lang='lat' dir='ltr'><strong>nec</strong></span> <span class='ocrx_word' id='word_1_54' title='bbox 1378 739 1572 792; x_wconf 78' lang='lat' dir='ltr'><strong>ablatio</strong></span> <span class='ocrx_word' id='word_1_55' title='bbox 1627 738 1780 807; x_wconf 87' lang='lat' dir='ltr'><strong>panis</strong></span> <span class='ocrx_word' id='word_1_56' title='bbox 1879 740 2140 787; x_wconf 88' lang='lat' dir='ltr'><strong>steterunt</strong></span> <span class='ocrx_word' id='word_1_57' title='bbox 2194 732 2305 791; x_wconf 85' lang='lat' dir='ltr'><strong>hic,</strong></span> <span class='ocrx_word' id='word_1_58' title='bbox 2353 731 2443 784; x_wconf 86' lang='lat' dir='ltr'><strong>sed</strong></span> <span class='ocrx_word' id='word_1_59' title='bbox 2476 731 2706 783; x_wconf 82' lang='lat' dir='ltr'><strong>scientes</strong></span> <span class='ocrx_word' id='word_1_60' title='bbox 2744 743 2991 796; x_wconf 84' lang='lat' dir='ltr'><strong>magnam</strong></span> <span class='ocrx_word' id='word_1_61' title='bbox 3041 729 3435 783; x_wconf 81' lang='lat' dir='ltr'><strong>damnationem</strong></span> 
     </span>
    </p>
   </div>
   <div class='ocr_carea' id='block_1_7' title="bbox 226 818 3436 901">
    <p class='ocr_par' dir='ltr' id='par_1_7' title="bbox 226 818 3436 901">
     <span class='ocr_line' id='line_1_7' title="bbox 226 818 3436 901; baseline -0.006 -10"><span class='ocrx_word' id='word_1_62' title='bbox 226 838 374 891; x_wconf 90' lang='lat' dir='ltr'><strong>fieret</strong></span> <span class='ocrx_word' id='word_1_63' title='bbox 393 835 681 889; x_wconf 76' lang='lat' dir='ltr'><strong>secundum</strong></span> <span class='ocrx_word' id='word_1_64' title='bbox 713 833 1146 887; x_wconf 91' lang='lat' dir='ltr'><strong>constitutionem</strong></span> <span class='ocrx_word' id='word_1_65' title='bbox 1171 830 1575 901; x_wconf 82' lang='lat' dir='ltr'><strong>Moysi,.neque</strong></span> <span class='ocrx_word' id='word_1_66' title='bbox 1625 836 1789 880; x_wconf 84' lang='lat' dir='ltr'><strong>erant</strong></span> <span class='ocrx_word' id='word_1_67' title='bbox 1878 837 1997 876; x_wconf 91' lang='lat' dir='ltr'><strong>esse</strong></span> <span class='ocrx_word' id='word_1_68' title='bbox 2049 821 2295 889; x_wconf 91' lang='lat' dir='ltr'><strong>jejunare</strong></span> <span class='ocrx_word' id='word_1_69' title='bbox 2344 818 2577 872; x_wconf 86' lang='lat' dir='ltr'><strong>Sabbata</strong></span> <span class='ocrx_word' id='word_1_70' title='bbox 2609 858 2622 879; x_wconf 90' lang='lat'><strong>,</strong></span> <span class='ocrx_word' id='word_1_71' title='bbox 2672 818 3221 872; x_wconf 83' lang='lat' dir='ltr'><strong>excommunicatione</strong></span> <span class='ocrx_word' id='word_1_72' title='bbox 3263 818 3436 872; x_wconf 90' lang='lat' dir='ltr'><strong>valida</strong></span> 
     </span>
    </p>
   </div>
   <div class='ocr_carea' id='block_1_8' title="bbox 226 905 3441 993">
    <p class='ocr_par' dir='ltr' id='par_1_8' title="bbox 226 905 3441 993">
     <span class='ocr_line' id='line_1_8' title="bbox 226 905 3441 993; baseline -0.001 -30"><span class='ocrx_word' id='word_1_73' title='bbox 226 938 349 980; x_wconf 52' lang='lat' dir='ltr'><strong>tunc</strong></span> <span class='ocrx_word' id='word_1_74' title='bbox 378 940 583 993; x_wconf 53' lang='lat' dir='ltr'><strong>azyma,</strong></span> <span class='ocrx_word' id='word_1_75' title='bbox 615 924 936 991; x_wconf 67' lang='lat' dir='ltr'><strong>&quot;birepem</strong></span> <span class='ocrx_word' id='word_1_76' title='bbox 979 923 1137 976; x_wconf 69' lang='lat' dir='ltr'><strong>sum?</strong></span> <span class='ocrx_word' id='word_1_77' title='bbox 1186 920 1461 987; x_wconf 67' lang='lat' dir='ltr'><strong>Quomodo</strong></span> <span class='ocrx_word' id='word_1_78' title='bbox 1512 919 1781 975; x_wconf 73' lang='lat' dir='ltr'><strong>oblivisci-</strong></span> <span class='ocrx_word' id='word_1_79' title='bbox 1880 910 2130 976; x_wconf 82' lang='lat' dir='ltr'><strong>ligantex</strong></span> <span class='ocrx_word' id='word_1_80' title='bbox 2150 910 2249 963; x_wconf 89' lang='lat' dir='ltr'><strong>hoc</strong></span> <span class='ocrx_word' id='word_1_81' title='bbox 2281 907 2594 961; x_wconf 86' lang='lat' dir='ltr'><strong>Ecclesiam.</strong></span> <span class='ocrx_word' id='word_1_82' title='bbox 2640 905 2780 959; x_wconf 91' lang='lat' dir='ltr'><strong>Dicit</strong></span> <span class='ocrx_word' id='word_1_83' title='bbox 2826 906 2968 959; x_wconf 90' lang='lat' dir='ltr'><strong>enim</strong></span> <span class='ocrx_word' id='word_1_84' title='bbox 3004 907 3055 959; x_wconf 93' lang='lat' dir='ltr'><strong>in</strong></span> <span class='ocrx_word' id='word_1_85' title='bbox 3109 907 3441 984; x_wconf 80' lang='lat' dir='ltr'><strong>sexagesimo</strong></span> 
     </span>
    </p>
   </div>
   <div class='ocr_carea' id='block_1_9' title="bbox 224 995 3443 1082">
    <p class='ocr_par' dir='ltr' id='par_1_9' title="bbox 224 995 3443 1082">
     <span class='ocr_line' id='line_1_9' title="bbox 224 995 3443 1082; baseline -0.004 -21"><span class='ocrx_word' id='word_1_86' title='bbox 224 1030 344 1068; x_wconf 78' lang='lat' dir='ltr'><strong>mur</strong></span> <span class='ocrx_word' id='word_1_87' title='bbox 384 1013 775 1082; x_wconf 77' lang='lat' dir='ltr'><strong>lcgislatiomrm</strong></span> <span class='ocrx_word' id='word_1_88' title='bbox 828 1010 1058 1080; x_wconf 81' lang='lat' dir='ltr'><strong>Moysis?</strong></span> <span class='ocrx_word' id='word_1_89' title='bbox 1116 1009 1328 1078; x_wconf 88' lang='lat' dir='ltr'><strong>Septem</strong></span> <span class='ocrx_word' id='word_1_90' title='bbox 1382 1005 1781 1076; x_wconf 77' lang='lat' dir='ltr'><strong>namque-solis</strong></span> <span class='ocrx_word' id='word_1_91' title='bbox 1880 1010 2073 1071; x_wconf 87' lang='lat' dir='ltr'><strong>quarto</strong></span> <span class='ocrx_word' id='word_1_92' title='bbox 2099 1014 2303 1054; x_wconf 89' lang='lat' dir='ltr'><strong>canone</strong></span> <span class='ocrx_word' id='word_1_93' title='bbox 2338 1039 2349 1050; x_wconf 92' lang='lat'><strong>.</strong></span> <span class='ocrx_word' id='word_1_94' title='bbox 2386 1016 2403 1048; x_wconf 83' lang='grc'><strong><em>‹</em></strong></span> <span class='ocrx_word' id='word_1_95' title='bbox 2436 995 2491 1050; x_wconf 89' lang='lat' dir='ltr'><strong>Si</strong></span> <span class='ocrx_word' id='word_1_96' title='bbox 2525 996 2645 1065; x_wconf 85' lang='lat' dir='ltr'><strong>quis</strong></span> <span class='ocrx_word' id='word_1_97' title='bbox 2683 996 2942 1082; x_wconf 84' lang='lat' dir='ltr'><strong>inventus</strong></span> <span class='ocrx_word' id='word_1_98' title='bbox 2993 995 3151 1050; x_wconf 82' lang='lat' dir='ltr'><strong>fuerit</strong></span> <span class='ocrx_word' id='word_1_99' title='bbox 3203 995 3443 1049; x_wconf 88' lang='lat' dir='ltr'><strong>Domini-</strong></span> 
     </span>
    </p>
   </div>
   <div class='ocr_carea' id='block_1_10' title="bbox 224 1081 3440 1157">
    <p class='ocr_par' dir='ltr' id='par_1_10' title="bbox 224 1081 3440 1157">
     <span class='ocr_line' id='line_1_10' title="bbox 224 1081 3440 1157; baseline -0.006 -2"><span class='ocrx_word' id='word_1_100' title='bbox 224 1103 409 1156; x_wconf 87' lang='lat' dir='ltr'><strong>diebus</strong></span> <span class='ocrx_word' id='word_1_101' title='bbox 438 1081 614 1154; x_wconf 70' lang='lat' dir='ltr'><strong>facere</strong></span> <span class='ocrx_word' id='word_1_102' title='bbox 638 1099 855 1153; x_wconf 89' lang='lat' dir='ltr'><strong>tradidit</strong></span> <span class='ocrx_word' id='word_1_103' title='bbox 898 1100 1071 1152; x_wconf 85' lang='lat' dir='ltr'><strong>vobis.</strong></span> <span class='ocrx_word' id='word_1_104' title='bbox 1129 1098 1232 1151; x_wconf 90' lang='lat' dir='ltr'><strong>Sed</strong></span> <span class='ocrx_word' id='word_1_105' title='bbox 1265 1113 1358 1150; x_wconf 87' lang='lat' dir='ltr'><strong>vos</strong></span> <span class='ocrx_word' id='word_1_106' title='bbox 1394 1097 1446 1149; x_wconf 93' lang='lat' dir='ltr'><strong>in</strong></span> <span class='ocrx_word' id='word_1_107' title='bbox 1497 1105 1605 1150; x_wconf 95' lang='lat' dir='ltr'><strong>toto</strong></span> <span class='ocrx_word' id='word_1_108' title='bbox 1643 1110 1782 1149; x_wconf 91' lang='lat' dir='ltr'><strong>anno</strong></span> <span class='ocrx_word' id='word_1_109' title='bbox 1880 1105 2000 1144; x_wconf 92' lang='lat' dir='ltr'><strong>cum</strong></span> <span class='ocrx_word' id='word_1_110' title='bbox 2033 1089 2172 1143; x_wconf 91' lang='lat' dir='ltr'><strong>diem</strong></span> <span class='ocrx_word' id='word_1_111' title='bbox 2215 1088 2481 1157; x_wconf 83' lang='lat' dir='ltr'><strong>jejunare,</strong></span> <span class='ocrx_word' id='word_1_112' title='bbox 2535 1092 2625 1138; x_wconf 92' lang='lat' dir='ltr'><strong>aut</strong></span> <span class='ocrx_word' id='word_1_113' title='bbox 2671 1081 2987 1147; x_wconf 85' lang='lat' dir='ltr'><strong>Sabbatnm,</strong></span> <span class='ocrx_word' id='word_1_114' title='bbox 3044 1093 3235 1151; x_wconf 67' lang='lat' dir='ltr'><strong>praeter</strong></span> <span class='ocrx_word' id='word_1_115' title='bbox 3279 1100 3440 1138; x_wconf 91' lang='lat' dir='ltr'><strong>unum</strong></span> 
     </span>
    </p>
   </div>
   <div class='ocr_carea' id='block_1_11' title="bbox 222 1175 3438 1259">
    <p class='ocr_par' dir='ltr' id='par_1_11' title="bbox 222 1175 3438 1259">
     <span class='ocr_line' id='line_1_11' title="bbox 222 1175 3438 1259; baseline -0.002 -14"><span class='ocrx_word' id='word_1_116' title='bbox 222 1191 549 1246; x_wconf 85' lang='lat' dir='ltr'><strong>conculcatis</strong></span> <span class='ocrx_word' id='word_1_117' title='bbox 577 1192 820 1244; x_wconf 92' lang='lat' dir='ltr'><strong>instituta</strong></span> <span class='ocrx_word' id='word_1_118' title='bbox 852 1190 1062 1259; x_wconf 77' lang='lat' dir='ltr'><strong>Moysis.</strong></span> <span class='ocrx_word' id='word_1_119' title='bbox 1098 1191 1161 1242; x_wconf 87' lang='lat' dir='ltr'><strong>Et</strong></span> <span class='ocrx_word' id='word_1_120' title='bbox 1190 1189 1433 1243; x_wconf 85' lang='lat' dir='ltr'><strong>Christus</strong></span> <span class='ocrx_word' id='word_1_121' title='bbox 1479 1203 1582 1242; x_wconf 92' lang='lat' dir='ltr'><strong>non</strong></span> <span class='ocrx_word' id='word_1_122' title='bbox 1623 1202 1783 1242; x_wconf 83' lang='lat' dir='ltr'><strong>vene—</strong></span> <span class='ocrx_word' id='word_1_123' title='bbox 1882 1182 2075 1243; x_wconf 75' lang='lat' dir='ltr'><strong>solum.</strong></span> <span class='ocrx_word' id='word_1_124' title='bbox 2104 1180 2430 1249; x_wconf 67' lang='lat' dir='ltr'><strong>deponatur;</strong></span> <span class='ocrx_word' id='word_1_125' title='bbox 2457 1177 2499 1230; x_wconf 77' lang='lat' dir='ltr'><strong>Si</strong></span> <span class='ocrx_word' id='word_1_126' title='bbox 2532 1184 2709 1230; x_wconf 70' lang='grc' dir='ltr'><strong>ειυῑεῐη</strong></span> <span class='ocrx_word' id='word_1_127' title='bbox 2749 1175 2936 1239; x_wconf 64' lang='lat' dir='ltr'><strong>laicus,</strong></span> <span class='ocrx_word' id='word_1_128' title='bbox 2994 1185 3377 1243; x_wconf 76' lang='lat' dir='ltr'><strong>sequestretur.</strong></span> <span class='ocrx_word' id='word_1_129' title='bbox 3419 1194 3438 1227; x_wconf 75' lang='grc' dir='ltr'><strong><em>ι</em></strong></span> 
     </span>
    </p>
   </div>
   <div class='ocr_carea' id='block_1_12' title="bbox 223 1265 3445 1350">
    <p class='ocr_par' dir='ltr' id='par_1_12' title="bbox 223 1265 3445 1350">
     <span class='ocr_line' id='line_1_12' title="bbox 223 1265 3445 1350; baseline -0.005 -16"><span class='ocrx_word' id='word_1_130' title='bbox 223 1290 305 1335; x_wconf 85' lang='lat' dir='ltr'><strong>rat</strong></span> <span class='ocrx_word' id='word_1_131' title='bbox 327 1282 534 1335; x_wconf 90' lang='lat' dir='ltr'><strong>solvere</strong></span> <span class='ocrx_word' id='word_1_132' title='bbox 558 1282 749 1350; x_wconf 83' lang='lat' dir='ltr'><strong>legem,</strong></span> <span class='ocrx_word' id='word_1_133' title='bbox 780 1281 871 1333; x_wconf 90' lang='lat' dir='ltr'><strong>sed</strong></span> <span class='ocrx_word' id='word_1_134' title='bbox 903 1280 1190 1347; x_wconf 87' lang='lat' dir='ltr'><strong>adimplere</strong></span> <span class='ocrx_word' id='word_1_135' title='bbox 1222 1278 1428 1344; x_wconf 76' lang='lat' dir='ltr'><strong>(Manli.</strong></span> <span class='ocrx_word' id='word_1_136' title='bbox 1454 1278 1639 1345; x_wconf 78' lang='grc' dir='ltr'><strong>ν,17).</strong></span> <span class='ocrx_word' id='word_1_137' title='bbox 1954 1270 2065 1323; x_wconf 81' lang='lat' dir='ltr'><strong>XII.</strong></span> <span class='ocrx_word' id='word_1_138' title='bbox 2106 1267 2217 1325; x_wconf 79' lang='lat' dir='ltr'><strong>Hoc</strong></span> <span class='ocrx_word' id='word_1_139' title='bbox 2244 1276 2418 1319; x_wconf 90' lang='lat' dir='ltr'><strong>autem</strong></span> <span class='ocrx_word' id='word_1_140' title='bbox 2442 1274 2799 1334; x_wconf 82' lang='lat' dir='ltr'><strong>exsequentes</strong></span> <span class='ocrx_word' id='word_1_141' title='bbox 2831 1273 2885 1318; x_wconf 90' lang='lat' dir='ltr'><strong>et</strong></span> <span class='ocrx_word' id='word_1_142' title='bbox 2914 1265 3004 1335; x_wconf 90' lang='lat' dir='ltr'><strong>qui</strong></span> <span class='ocrx_word' id='word_1_143' title='bbox 3056 1265 3109 1319; x_wconf 94' lang='lat' dir='ltr'><strong>in</strong></span> <span class='ocrx_word' id='word_1_144' title='bbox 3164 1272 3317 1319; x_wconf 79' lang='lat' dir='ltr'><strong>sexta</strong></span> <span class='ocrx_word' id='word_1_145' title='bbox 3357 1280 3445 1336; x_wconf 82' lang='lat' dir='ltr'><strong>sy-</strong></span> 
     </span>
    </p>
   </div>
   <div class='ocr_carea' id='block_1_13' title="bbox 292 1353 3446 1428">
    <p class='ocr_par' dir='ltr' id='par_1_13' title="bbox 292 1353 3446 1428">
     <span class='ocr_line' id='line_1_13' title="bbox 292 1353 3446 1428; baseline -0.005 -6"><span class='ocrx_word' id='word_1_146' title='bbox 292 1368 357 1422; x_wconf 75' lang='lat' dir='ltr'><strong>X.</strong></span> <span class='ocrx_word' id='word_1_147' title='bbox 399 1370 563 1423; x_wconf 79' lang='lat' dir='ltr'><strong>Valde</strong></span> <span class='ocrx_word' id='word_1_148' title='bbox 606 1370 747 1423; x_wconf 90' lang='lat' dir='ltr'><strong>enim</strong></span> <span class='ocrx_word' id='word_1_149' title='bbox 798 1369 1073 1421; x_wconf 79' lang='lat' dir='ltr'><strong>veritatem</strong></span> <span class='ocrx_word' id='word_1_150' title='bbox 1124 1368 1402 1428; x_wconf 86' lang='lat' dir='ltr'><strong>obsistitis,</strong></span> <span class='ocrx_word' id='word_1_151' title='bbox 1458 1366 1669 1419; x_wconf 83' lang='lat' dir='ltr'><strong>fratres.</strong></span> <span class='ocrx_word' id='word_1_152' title='bbox 1724 1364 1780 1419; x_wconf 87' lang='lat' dir='ltr'><strong>Si</strong></span> <span class='ocrx_word' id='word_1_153' title='bbox 1885 1359 2025 1412; x_wconf 92' lang='lat' dir='ltr'><strong>nodo</strong></span> <span class='ocrx_word' id='word_1_154' title='bbox 2047 1356 2256 1419; x_wconf 88' lang='lat' dir='ltr'><strong>Patres,</strong></span> <span class='ocrx_word' id='word_1_155' title='bbox 2291 1354 2673 1409; x_wconf 89' lang='lat' dir='ltr'><strong>convenienter</strong></span> <span class='ocrx_word' id='word_1_156' title='bbox 2697 1353 2822 1407; x_wconf 86' lang='lat' dir='ltr'><strong>huic</strong></span> <span class='ocrx_word' id='word_1_157' title='bbox 2851 1353 2927 1408; x_wconf 89' lang='lat' dir='ltr'><strong>sic</strong></span> <span class='ocrx_word' id='word_1_158' title='bbox 2952 1353 3290 1422; x_wconf 86' lang='lat' dir='ltr'><strong>promulgant</strong></span> <span class='ocrx_word' id='word_1_159' title='bbox 3321 1368 3446 1407; x_wconf 89' lang='lat' dir='ltr'><strong>san-</strong></span> 
     </span>
    </p>
   </div>
   <div class='ocr_carea' id='block_1_14' title="bbox 224 1440 3446 1524">
    <p class='ocr_par' dir='ltr' id='par_1_14' title="bbox 224 1440 3446 1524">
     <span class='ocr_line' id='line_1_14' title="bbox 224 1440 3446 1524; baseline -0.003 -11"><span class='ocrx_word' id='word_1_160' title='bbox 224 1461 362 1514; x_wconf 87' lang='lat' dir='ltr'><strong>cnim</strong></span> <span class='ocrx_word' id='word_1_161' title='bbox 419 1460 671 1512; x_wconf 87' lang='lat' dir='ltr'><strong>traditum</strong></span> <span class='ocrx_word' id='word_1_162' title='bbox 731 1458 883 1511; x_wconf 82' lang='lat' dir='ltr'><strong>vobis</strong></span> <span class='ocrx_word' id='word_1_163' title='bbox 936 1455 1037 1509; x_wconf 78' lang='lat' dir='ltr'><strong>fuit</strong></span> <span class='ocrx_word' id='word_1_164' title='bbox 1087 1457 1153 1509; x_wconf 93' lang='lat' dir='ltr'><strong>ab</strong></span> <span class='ocrx_word' id='word_1_165' title='bbox 1196 1456 1447 1524; x_wconf 86' lang='lat' dir='ltr'><strong>apostolis</strong></span> <span class='ocrx_word' id='word_1_166' title='bbox 1506 1455 1783 1509; x_wconf 82' lang='lat' dir='ltr'><strong>comedere</strong></span> <span class='ocrx_word' id='word_1_167' title='bbox 1884 1454 1990 1510; x_wconf 62' lang='lat' dir='ltr'><strong>Cie,</strong></span> <span class='ocrx_word' id='word_1_168' title='bbox 2028 1443 2346 1512; x_wconf 71' lang='grc' dir='ltr'><strong>Ρταὲδῖάθηῐθ</strong></span> <span class='ocrx_word' id='word_1_169' title='bbox 2382 1442 2585 1511; x_wconf 84' lang='lat' dir='ltr'><strong>synodo</strong></span> <span class='ocrx_word' id='word_1_170' title='bbox 2618 1440 2898 1509; x_wconf 75' lang='lat' dir='ltr'><strong>Agathone</strong></span> <span class='ocrx_word' id='word_1_171' title='bbox 2947 1456 3079 1511; x_wconf 72' lang='lat' dir='ltr'><strong>papa</strong></span> <span class='ocrx_word' id='word_1_172' title='bbox 3136 1442 3341 1506; x_wconf 65' lang='lat' dir='ltr'><strong>“0min.</strong></span> <span class='ocrx_word' id='word_1_173' title='bbox 3393 1451 3446 1494; x_wconf 60' lang='grc' dir='ltr'><strong>(ξι</strong></span> 
     </span>
    </p>
   </div>
   <div class='ocr_carea' id='block_1_15' title="bbox 224 1532 3441 1620">
    <p class='ocr_par' dir='ltr' id='par_1_15' title="bbox 224 1532 3441 1620">
     <span class='ocr_line' id='line_1_15' title="bbox 224 1532 3441 1620; baseline -0.005 -18"><span class='ocrx_word' id='word_1_174' title='bbox 224 1566 433 1620; x_wconf 82' lang='lat' dir='ltr'><strong>azyma,</strong></span> <span class='ocrx_word' id='word_1_175' title='bbox 462 1552 729 1618; x_wconf 89' lang='lat' dir='ltr'><strong>quomodo</strong></span> <span class='ocrx_word' id='word_1_176' title='bbox 756 1550 999 1618; x_wconf 80' lang='lat' dir='ltr'><strong>Agatbon</strong></span> <span class='ocrx_word' id='word_1_177' title='bbox 1032 1548 1403 1602; x_wconf 87' lang='lat' dir='ltr'><strong>sanctissimus</strong></span> <span class='ocrx_word' id='word_1_178' title='bbox 1425 1563 1559 1615; x_wconf 87' lang='lat' dir='ltr'><strong>papa</strong></span> <span class='ocrx_word' id='word_1_179' title='bbox 1585 1558 1782 1607; x_wconf 88' lang='lat' dir='ltr'><strong>vester,</strong></span> <span class='ocrx_word' id='word_1_180' title='bbox 1883 1534 2138 1604; x_wconf 80' lang='lat' dir='ltr'><strong>Gregorio</strong></span> <span class='ocrx_word' id='word_1_181' title='bbox 2159 1548 2279 1587; x_wconf 91' lang='lat' dir='ltr'><strong>cum</strong></span> <span class='ocrx_word' id='word_1_182' title='bbox 2302 1532 2857 1603; x_wconf 83' lang='lat' dir='ltr'><strong>eisAgrigeatinorum</strong></span> <span class='ocrx_word' id='word_1_183' title='bbox 2887 1532 3441 1602; x_wconf 69' lang='lat' dir='ltr'><strong>episcopOpraasente:</strong></span> 
     </span>
    </p>
   </div>
   <div class='ocr_carea' id='block_1_16' title="bbox 223 1623 1851 1708">
    <p class='ocr_par' dir='ltr' id='par_1_16' title="bbox 223 1635 1784 1708">
     <span class='ocr_line' id='line_1_16' title="bbox 223 1635 1784 1708; baseline -0.003 -16"><span class='ocrx_word' id='word_1_184' title='bbox 223 1654 517 1708; x_wconf 72' lang='lat' dir='ltr'><strong>prmsessor</strong></span> <span class='ocrx_word' id='word_1_185' title='bbox 540 1653 659 1692; x_wconf 92' lang='lat' dir='ltr'><strong>cum</strong></span> <span class='ocrx_word' id='word_1_186' title='bbox 696 1645 839 1691; x_wconf 87' lang='lat' dir='ltr'><strong>esset</strong></span> <span class='ocrx_word' id='word_1_187' title='bbox 868 1645 1031 1691; x_wconf 60' lang='lat' dir='ltr'><strong>sexta</strong></span> <span class='ocrx_word' id='word_1_188' title='bbox 1074 1637 1259 1706; x_wconf 83' lang='lat' dir='ltr'><strong>synodi</strong></span> <span class='ocrx_word' id='word_1_189' title='bbox 1293 1637 1391 1690; x_wconf 91' lang='lat' dir='ltr'><strong>sub</strong></span> <span class='ocrx_word' id='word_1_190' title='bbox 1430 1635 1784 1689; x_wconf 84' lang='lat' dir='ltr'><strong>Constantino</strong></span> 
     </span>
    </p>
   </div>
   <div class='ocr_carea' id='block_1_17' title="bbox 1813 1623 3441 1708">
    <p class='ocr_par' dir='ltr' id='par_1_17' title="bbox 1890 1623 3441 1693">
     <span class='ocr_line' id='line_1_17' title="bbox 1890 1623 3441 1693; baseline 0.001 -14"><span class='ocrx_word' id='word_1_191' title='bbox 1890 1646 1907 1679; x_wconf 77' lang='grc' dir='ltr'>ι</span> <span class='ocrx_word' id='word_1_192' title='bbox 1937 1625 2198 1692; x_wconf 83' lang='lat' dir='ltr'><strong>Quoniam</strong></span> <span class='ocrx_word' id='word_1_193' title='bbox 2227 1624 2439 1693; x_wconf 92' lang='lat' dir='ltr'><strong>quidem</strong></span> <span class='ocrx_word' id='word_1_194' title='bbox 2468 1623 2721 1679; x_wconf 88' lang='lat' dir='ltr'><strong>discimus</strong></span> <span class='ocrx_word' id='word_1_195' title='bbox 2745 1638 2838 1678; x_wconf 86' lang='lat' dir='ltr'><strong>eos</strong></span> <span class='ocrx_word' id='word_1_196' title='bbox 2865 1624 2954 1692; x_wconf 91' lang='lat' dir='ltr'><strong>qui</strong></span> <span class='ocrx_word' id='word_1_197' title='bbox 2998 1625 3049 1677; x_wconf 91' lang='lat' dir='ltr'><strong>in</strong></span> <span class='ocrx_word' id='word_1_198' title='bbox 3081 1624 3441 1680; x_wconf 78' lang='lat' dir='ltr'><strong>Romanorum</strong></span> 
     </span>
    </p>
   </div>
   <div class='ocr_carea' id='block_1_18' title="bbox 224 1712 3448 1799">
    <p class='ocr_par' dir='ltr' id='par_1_18' title="bbox 224 1712 3448 1799">
     <span class='ocr_line' id='line_1_18' title="bbox 224 1712 3448 1799; baseline -0.001 -16"><span class='ocrx_word' id='word_1_199' title='bbox 224 1731 567 1798; x_wconf 87' lang='lat' dir='ltr'><strong>imperatore,</strong></span> <span class='ocrx_word' id='word_1_200' title='bbox 596 1737 652 1782; x_wconf 85' lang='lat' dir='ltr'><strong>et</strong></span> <span class='ocrx_word' id='word_1_201' title='bbox 697 1729 907 1783; x_wconf 88' lang='lat' dir='ltr'><strong>divinus</strong></span> <span class='ocrx_word' id='word_1_202' title='bbox 963 1728 1249 1794; x_wconf 82' lang='lat' dir='ltr'><strong>Gregorius</strong></span> <span class='ocrx_word' id='word_1_203' title='bbox 1293 1727 1778 1795; x_wconf 84' lang='lat' dir='ltr'><strong>Acragantinorum</strong></span> <span class='ocrx_word' id='word_1_204' title='bbox 1884 1718 2015 1771; x_wconf 67' lang='lat' dir='ltr'><strong>Urbe</strong></span> <span class='ocrx_word' id='word_1_205' title='bbox 2041 1725 2184 1779; x_wconf 63' lang='lat' dir='ltr'><strong>sunt.</strong></span> <span class='ocrx_word' id='word_1_206' title='bbox 2210 1716 2262 1799; x_wconf 64' lang='lat' dir='ltr'><strong>ill</strong></span> <span class='ocrx_word' id='word_1_207' title='bbox 2290 1722 2487 1768; x_wconf 62' lang='grc'><strong>5³1101³3</strong></span> <span class='ocrx_word' id='word_1_208' title='bbox 2543 1712 2976 1785; x_wconf 73' lang='lat' dir='ltr'><strong>Quadragcsimae</strong></span> <span class='ocrx_word' id='word_1_209' title='bbox 2999 1712 3220 1783; x_wconf 59' lang='grc' dir='ltr'><strong>,ἱθὶηηίίδ</strong></span> <span class='ocrx_word' id='word_1_210' title='bbox 3260 1716 3448 1771; x_wconf 69' lang='lat' dir='ltr'><strong>eadem</strong></span> 
     </span>
    </p>
   </div>
   <div class='ocr_carea' id='block_1_19' title="bbox 223 1801 3449 1888">
    <p class='ocr_par' dir='ltr' id='par_1_19' title="bbox 223 1801 3449 1888">
     <span class='ocr_line' id='line_1_19' title="bbox 223 1801 3449 1888; baseline 0.001 -31"><span class='ocrx_word' id='word_1_211' title='bbox 223 1821 506 1888; x_wconf 67' lang='lat' dir='ltr'><strong>episcopus</strong></span> <span class='ocrx_word' id='word_1_212' title='bbox 534 1835 637 1873; x_wconf 81' lang='grc' dir='ltr'><strong>ηοη</strong></span> <span class='ocrx_word' id='word_1_213' title='bbox 666 1818 1006 1883; x_wconf 51' lang='lat' dir='ltr'><strong>abstinuere;</strong></span> <span class='ocrx_word' id='word_1_214' title='bbox 1047 1832 1190 1880; x_wconf 52' lang='lat' dir='ltr'><strong>cum,</strong></span> <span class='ocrx_word' id='word_1_215' title='bbox 1224 1818 1361 1874; x_wconf 55' lang='lat' dir='ltr'><strong>sicut</strong></span> <span class='ocrx_word' id='word_1_216' title='bbox 1411 1817 1568 1884; x_wconf 73' lang='lat' dir='ltr'><strong>hujus</strong></span> <span class='ocrx_word' id='word_1_217' title='bbox 1600 1816 1785 1887; x_wconf 58' lang='lat' dir='ltr'><strong>synodi</strong></span> <span class='ocrx_word' id='word_1_218' title='bbox 1822 1801 1859 1857; x_wconf 85' lang='grc' dir='ltr'><strong>Β</strong></span> <span class='ocrx_word' id='word_1_219' title='bbox 1891 1806 2125 1861; x_wconf 88' lang='lat' dir='ltr'><strong>Sabbata</strong></span> <span class='ocrx_word' id='word_1_220' title='bbox 2146 1802 2392 1871; x_wconf 87' lang='lat' dir='ltr'><strong>jejunare</strong></span> <span class='ocrx_word' id='word_1_221' title='bbox 2419 1813 2574 1858; x_wconf 78' lang='lat' dir='ltr'><strong>extra</strong></span> <span class='ocrx_word' id='word_1_222' title='bbox 2606 1803 2854 1859; x_wconf 85' lang='lat' dir='ltr'><strong>traditam</strong></span> <span class='ocrx_word' id='word_1_223' title='bbox 2881 1805 2983 1859; x_wconf 88' lang='lat' dir='ltr'><strong>sibi</strong></span> <span class='ocrx_word' id='word_1_224' title='bbox 3026 1805 3449 1861; x_wconf 87' lang='lat' dir='ltr'><strong>ecclesiasticam</strong></span> 
     </span>
    </p>
   </div>
   <div class='ocr_carea' id='block_1_20' title="bbox 223 1894 3449 1979">
    <p class='ocr_par' dir='ltr' id='par_1_20' title="bbox 223 1894 3449 1979">
     <span class='ocr_line' id='line_1_20' title="bbox 223 1894 3449 1979; baseline -0.001 -19"><span class='ocrx_word' id='word_1_225' title='bbox 223 1908 387 1961; x_wconf 87' lang='lat' dir='ltr'><strong>divini</strong></span> <span class='ocrx_word' id='word_1_226' title='bbox 412 1908 619 1973; x_wconf 82' lang='lat' dir='ltr'><strong>Patres,</strong></span> <span class='ocrx_word' id='word_1_227' title='bbox 650 1909 935 1962; x_wconf 89' lang='lat' dir='ltr'><strong>adversum</strong></span> <span class='ocrx_word' id='word_1_228' title='bbox 966 1923 1149 1979; x_wconf 85' lang='lat' dir='ltr'><strong>azyma</strong></span> <span class='ocrx_word' id='word_1_229' title='bbox 1184 1907 1351 1977; x_wconf 88' lang='lat' dir='ltr'><strong>legem</strong></span> <span class='ocrx_word' id='word_1_230' title='bbox 1386 1908 1788 1961; x_wconf 88' lang='lat' dir='ltr'><strong>constituissent</strong></span> <span class='ocrx_word' id='word_1_231' title='bbox 1887 1896 2321 1966; x_wconf 81' lang='lat' dir='ltr'><strong>consequentiam</strong></span> <span class='ocrx_word' id='word_1_232' title='bbox 2375 1912 2387 1947; x_wconf 78' lang='grc' dir='ltr'><em>τ</em></span> <span class='ocrx_word' id='word_1_233' title='bbox 2432 1894 2633 1963; x_wconf 69' lang='lat' dir='ltr'><strong>plaCUit</strong></span> <span class='ocrx_word' id='word_1_234' title='bbox 2679 1906 2879 1951; x_wconf 61' lang='lat' dir='ltr'><strong>sancta!</strong></span> <span class='ocrx_word' id='word_1_235' title='bbox 2927 1898 3128 1968; x_wconf 74' lang='lat' dir='ltr'><strong>synodo</strong></span> <span class='ocrx_word' id='word_1_236' title='bbox 3160 1900 3449 1954; x_wconf 73' lang='lat' dir='ltr'><strong>observare</strong></span> 
     </span>
    </p>
   </div>
   <div class='ocr_carea' id='block_1_21' title="bbox 222 1986 3445 2059">
    <p class='ocr_par' dir='ltr' id='par_1_21' title="bbox 222 1986 3445 2059">
     <span class='ocr_line' id='line_1_21' title="bbox 222 1986 3445 2059; baseline 0.001 -18"><span class='ocrx_word' id='word_1_237' title='bbox 222 2010 251 2046; x_wconf 70' lang='grc' dir='ltr'>ε</span> <span class='ocrx_word' id='word_1_238' title='bbox 282 1997 497 2050; x_wconf 68' lang='lat' dir='ltr'><strong>nomine</strong></span> <span class='ocrx_word' id='word_1_239' title='bbox 527 1996 760 2049; x_wconf 73' lang='lat' dir='ltr'><strong>ﬁdelium</strong></span> <span class='ocrx_word' id='word_1_240' title='bbox 793 1997 893 2051; x_wconf 81' lang='lat' dir='ltr'><strong>hoc</strong></span> <span class='ocrx_word' id='word_1_241' title='bbox 919 1996 1069 2050; x_wconf 73' lang='lat' dir='ltr'><strong>ﬁeri?</strong></span> <span class='ocrx_word' id='word_1_242' title='bbox 1097 1996 1185 2059; x_wconf 63' lang='lat' dir='ltr'><strong>Et,</strong></span> <span class='ocrx_word' id='word_1_243' title='bbox 1215 2004 1271 2048; x_wconf 79' lang='grc' dir='ltr'><strong>ιιι</strong></span> <span class='ocrx_word' id='word_1_244' title='bbox 1311 1996 1587 2050; x_wconf 76' lang='lat' dir='ltr'><strong>ostendam</strong></span> <span class='ocrx_word' id='word_1_245' title='bbox 1638 1994 1789 2047; x_wconf 80' lang='lat' dir='ltr'><strong>vobis</strong></span> <span class='ocrx_word' id='word_1_246' title='bbox 1888 1986 2252 2041; x_wconf 82' lang='lat' dir='ltr'><strong>Romanorum</strong></span> <span class='ocrx_word' id='word_1_247' title='bbox 2284 1986 2578 2040; x_wconf 89' lang='lat' dir='ltr'><strong>Ecclesiam</strong></span> <span class='ocrx_word' id='word_1_248' title='bbox 2610 1987 2932 2042; x_wconf 87' lang='lat' dir='ltr'><strong>immobilem</strong></span> <span class='ocrx_word' id='word_1_249' title='bbox 2967 2005 3230 2045; x_wconf 88' lang='lat' dir='ltr'><strong>canonem</strong></span> <span class='ocrx_word' id='word_1_250' title='bbox 3268 1991 3445 2045; x_wconf 88' lang='lat' dir='ltr'><strong>dicen-</strong></span> 
     </span>
    </p>
   </div>
   <div class='ocr_carea' id='block_1_22' title="bbox 223 2077 3451 2155">
    <p class='ocr_par' dir='ltr' id='par_1_22' title="bbox 223 2077 3451 2155">
     <span class='ocr_line' id='line_1_22' title="bbox 223 2077 3451 2155; baseline -0.001 -17"><span class='ocrx_word' id='word_1_251' title='bbox 223 2084 417 2138; x_wconf 83' lang='lat' dir='ltr'><strong>horum</strong></span> <span class='ocrx_word' id='word_1_252' title='bbox 449 2084 837 2152; x_wconf 87' lang='lat' dir='ltr'><strong>legislationem</strong></span> <span class='ocrx_word' id='word_1_253' title='bbox 868 2095 1057 2139; x_wconf 90' lang='lat' dir='ltr'><strong>contra</strong></span> <span class='ocrx_word' id='word_1_254' title='bbox 1116 2099 1327 2155; x_wconf 80' lang='lat' dir='ltr'><strong>azyma,</strong></span> <span class='ocrx_word' id='word_1_255' title='bbox 1360 2084 1554 2150; x_wconf 89' lang='lat' dir='ltr'><strong>adjicio</strong></span> <span class='ocrx_word' id='word_1_256' title='bbox 1593 2084 1789 2137; x_wconf 89' lang='lat' dir='ltr'><strong>rationi</strong></span> <span class='ocrx_word' id='word_1_257' title='bbox 1890 2086 2033 2133; x_wconf 88' lang='lat' dir='ltr'><strong>tem:</strong></span> <span class='ocrx_word' id='word_1_258' title='bbox 2064 2077 2120 2132; x_wconf 89' lang='lat' dir='ltr'><strong>Si</strong></span> <span class='ocrx_word' id='word_1_259' title='bbox 2146 2080 2265 2147; x_wconf 87' lang='lat' dir='ltr'><strong>quis</strong></span> <span class='ocrx_word' id='word_1_260' title='bbox 2286 2079 2516 2133; x_wconf 90' lang='lat' dir='ltr'><strong>clericus</strong></span> <span class='ocrx_word' id='word_1_261' title='bbox 2569 2078 2727 2132; x_wconf 83' lang='lat' dir='ltr'><strong>fuerit</strong></span> <span class='ocrx_word' id='word_1_262' title='bbox 2776 2080 3047 2145; x_wconf 87' lang='lat' dir='ltr'><strong>inventus,</strong></span> <span class='ocrx_word' id='word_1_263' title='bbox 3076 2101 3093 2135; x_wconf 71' lang='grc' dir='ltr'><strong><em>ι</em></strong></span> <span class='ocrx_word' id='word_1_264' title='bbox 3148 2096 3203 2137; x_wconf 89' lang='lat' dir='ltr'><strong>et</strong></span> <span class='ocrx_word' id='word_1_265' title='bbox 3256 2093 3451 2155; x_wconf 72' lang='lat' dir='ltr'><strong>cmtera</strong></span> 
     </span>
    </p>
   </div>
   <div class='ocr_carea' id='block_1_23' title="bbox 223 2166 3449 2245">
    <p class='ocr_par' dir='ltr' id='par_1_23' title="bbox 223 2166 3449 2245">
     <span class='ocr_line' id='line_1_23' title="bbox 223 2166 3449 2245; baseline -0.001 -18"><span class='ocrx_word' id='word_1_266' title='bbox 223 2182 275 2227; x_wconf 86' lang='lat' dir='ltr'><strong>et</strong></span> <span class='ocrx_word' id='word_1_267' title='bbox 303 2187 561 2228; x_wconf 89' lang='lat' dir='ltr'><strong>canonem</strong></span> <span class='ocrx_word' id='word_1_268' title='bbox 583 2176 818 2242; x_wconf 90' lang='lat' dir='ltr'><strong>ipsorum</strong></span> <span class='ocrx_word' id='word_1_269' title='bbox 845 2175 921 2229; x_wconf 88' lang='lat' dir='ltr'><strong>sic</strong></span> <span class='ocrx_word' id='word_1_270' title='bbox 950 2176 1231 2229; x_wconf 88' lang='lat' dir='ltr'><strong>habentem</strong></span> <span class='ocrx_word' id='word_1_271' title='bbox 1259 2175 1311 2230; x_wconf 92' lang='lat' dir='ltr'><strong>in</strong></span> <span class='ocrx_word' id='word_1_272' title='bbox 1335 2175 1618 2229; x_wconf 89' lang='lat' dir='ltr'><strong>undecimo</strong></span> <span class='ocrx_word' id='word_1_273' title='bbox 1638 2174 1788 2245; x_wconf 86' lang='lat' dir='ltr'><strong>capi-</strong></span> <span class='ocrx_word' id='word_1_274' title='bbox 1889 2183 2006 2238; x_wconf 62' lang='lat' dir='ltr'><strong>quae</strong></span> <span class='ocrx_word' id='word_1_275' title='bbox 2032 2168 2220 2222; x_wconf 89' lang='lat' dir='ltr'><strong>deinde</strong></span> <span class='ocrx_word' id='word_1_276' title='bbox 2249 2168 2457 2223; x_wconf 87' lang='lat' dir='ltr'><strong>scribit.</strong></span> <span class='ocrx_word' id='word_1_277' title='bbox 2485 2166 2610 2223; x_wconf 73' lang='lat' dir='ltr'><strong>Haec</strong></span> <span class='ocrx_word' id='word_1_278' title='bbox 2634 2168 2819 2239; x_wconf 87' lang='lat' dir='ltr'><strong>igitur,</strong></span> <span class='ocrx_word' id='word_1_279' title='bbox 2850 2169 2990 2223; x_wconf 89' lang='lat' dir='ltr'><strong>sicut</strong></span> <span class='ocrx_word' id='word_1_280' title='bbox 3022 2171 3265 2234; x_wconf 80' lang='lat' dir='ltr'><strong>cernitis,</strong></span> <span class='ocrx_word' id='word_1_281' title='bbox 3318 2186 3449 2240; x_wconf 86' lang='lat' dir='ltr'><strong>apo.-</strong></span> 
     </span>
    </p>
   </div>
   <div class='ocr_carea' id='block_1_24' title="bbox 225 2257 3453 2331">
    <p class='ocr_par' dir='ltr' id='par_1_24' title="bbox 225 2257 3453 2331">
     <span class='ocr_line' id='line_1_24' title="bbox 225 2257 3453 2331; baseline 0.004 -30"><span class='ocrx_word' id='word_1_282' title='bbox 225 2264 337 2318; x_wconf 72' lang='grc' dir='ltr'><strong>ιυιο</strong></span> <span class='ocrx_word' id='word_1_283' title='bbox 372 2282 385 2318; x_wconf 67' lang='grc' dir='ltr'>ε</span> <span class='ocrx_word' id='word_1_284' title='bbox 414 2282 433 2315; x_wconf 68' lang='grc' dir='ltr'><strong><em>ι</em></strong></span> <span class='ocrx_word' id='word_1_285' title='bbox 470 2264 639 2320; x_wconf 67' lang='lat' dir='ltr'><strong>Nemo</strong></span> <span class='ocrx_word' id='word_1_286' title='bbox 667 2266 721 2319; x_wconf 73' lang='lat' dir='ltr'><strong>in</strong></span> <span class='ocrx_word' id='word_1_287' title='bbox 754 2267 1077 2321; x_wconf 52' lang='lat' dir='ltr'><strong>sacerdotali</strong></span> <span class='ocrx_word' id='word_1_288' title='bbox 1110 2267 1434 2321; x_wconf 71' lang='grc' dir='ltr'><strong>οοηειῖιυιυε</strong></span> <span class='ocrx_word' id='word_1_289' title='bbox 1463 2265 1673 2331; x_wconf 68' lang='lat' dir='ltr'><strong>ordine,</strong></span> <span class='ocrx_word' id='word_1_290' title='bbox 1698 2274 1791 2320; x_wconf 64' lang='lat' dir='ltr'><strong>aut</strong></span> <span class='ocrx_word' id='word_1_291' title='bbox 1889 2257 2093 2312; x_wconf 89' lang='lat' dir='ltr'><strong>stolicis</strong></span> <span class='ocrx_word' id='word_1_292' title='bbox 2116 2257 2588 2311; x_wconf 85' lang='lat' dir='ltr'><strong>constitutionibus</strong></span> <span class='ocrx_word' id='word_1_293' title='bbox 2618 2266 2671 2311; x_wconf 89' lang='lat' dir='ltr'><strong>et</strong></span> <span class='ocrx_word' id='word_1_294' title='bbox 2697 2257 2973 2312; x_wconf 85' lang='lat' dir='ltr'><strong>canonicis</strong></span> <span class='ocrx_word' id='word_1_295' title='bbox 2996 2258 3228 2313; x_wconf 89' lang='lat' dir='ltr'><strong>fidelium</strong></span> <span class='ocrx_word' id='word_1_296' title='bbox 3269 2259 3453 2313; x_wconf 84' lang='lat' dir='ltr'><strong>Eccle-</strong></span> 
     </span>
    </p>
   </div>
   <div class='ocr_carea' id='block_1_25' title="bbox 227 2342 3451 2426">
    <p class='ocr_par' dir='ltr' id='par_1_25' title="bbox 227 2342 3451 2426">
     <span class='ocr_line' id='line_1_25' title="bbox 227 2342 3451 2426; baseline 0 -22"><span class='ocrx_word' id='word_1_297' title='bbox 227 2355 412 2417; x_wconf 86' lang='lat' dir='ltr'><strong>laicus,</strong></span> <span class='ocrx_word' id='word_1_298' title='bbox 440 2369 502 2408; x_wconf 90' lang='lat' dir='ltr'><strong>ea</strong></span> <span class='ocrx_word' id='word_1_299' title='bbox 547 2370 665 2423; x_wconf 75' lang='lat' dir='ltr'><strong>qua:</strong></span> <span class='ocrx_word' id='word_1_300' title='bbox 708 2356 846 2424; x_wconf 89' lang='lat' dir='ltr'><strong>apud</strong></span> <span class='ocrx_word' id='word_1_301' title='bbox 884 2354 1096 2411; x_wconf 77' lang='lat' dir='ltr'><strong>Judzeos</strong></span> <span class='ocrx_word' id='word_1_302' title='bbox 1141 2356 1471 2426; x_wconf 80' lang='lat' dir='ltr'><strong>suntazyina</strong></span> <span class='ocrx_word' id='word_1_303' title='bbox 1520 2356 1794 2421; x_wconf 77' lang='lat' dir='ltr'><strong>comedat,</strong></span> <span class='ocrx_word' id='word_1_304' title='bbox 1889 2347 2023 2402; x_wconf 75' lang='lat' dir='ltr'><strong>siam</strong></span> <span class='ocrx_word' id='word_1_305' title='bbox 2049 2346 2178 2416; x_wconf 64' lang='lat' dir='ltr'><strong>ligat</strong></span> <span class='ocrx_word' id='word_1_306' title='bbox 2206 2361 2325 2400; x_wconf 87' lang='lat' dir='ltr'><strong>cum</strong></span> <span class='ocrx_word' id='word_1_307' title='bbox 2352 2361 2482 2414; x_wconf 77' lang='lat' dir='ltr'><strong>papa</strong></span> <span class='ocrx_word' id='word_1_308' title='bbox 2509 2345 2690 2399; x_wconf 68' lang='lat' dir='ltr'><strong>Romae</strong></span> <span class='ocrx_word' id='word_1_309' title='bbox 2718 2346 3017 2416; x_wconf 72' lang='lat' dir='ltr'><strong>Agathone.</strong></span> <span class='ocrx_word' id='word_1_310' title='bbox 3069 2347 3173 2400; x_wconf 85' lang='lat' dir='ltr'><strong>Vos</strong></span> <span class='ocrx_word' id='word_1_311' title='bbox 3196 2342 3340 2401; x_wconf 74' lang='lat' dir='ltr'><strong>unde</strong></span> <span class='ocrx_word' id='word_1_312' title='bbox 3362 2348 3451 2403; x_wconf 86' lang='lat' dir='ltr'><strong>ali-</strong></span> 
     </span>
    </p>
   </div>
   <div class='ocr_carea' id='block_1_26' title="bbox 227 2434 3442 2509">
    <p class='ocr_par' dir='ltr' id='par_1_26' title="bbox 227 2434 3442 2509">
     <span class='ocr_line' id='line_1_26' title="bbox 227 2434 3442 2509; baseline 0.001 -15"><span class='ocrx_word' id='word_1_313' title='bbox 227 2452 318 2496; x_wconf 88' lang='lat' dir='ltr'><strong>aut</strong></span> <span class='ocrx_word' id='word_1_314' title='bbox 339 2459 464 2497; x_wconf 87' lang='lat' dir='ltr'><strong>cum</strong></span> <span class='ocrx_word' id='word_1_315' title='bbox 497 2446 574 2498; x_wconf 89' lang='lat' dir='ltr'><strong>eis</strong></span> <span class='ocrx_word' id='word_1_316' title='bbox 598 2446 888 2508; x_wconf 90' lang='lat' dir='ltr'><strong>cohabitet,</strong></span> <span class='ocrx_word' id='word_1_317' title='bbox 919 2457 1008 2499; x_wconf 90' lang='lat' dir='ltr'><strong>aut</strong></span> <span class='ocrx_word' id='word_1_318' title='bbox 1036 2448 1084 2498; x_wconf 93' lang='lat' dir='ltr'><strong>in</strong></span> <span class='ocrx_word' id='word_1_319' title='bbox 1134 2446 1539 2499; x_wconf 88' lang='lat' dir='ltr'><strong>infirmitatibus</strong></span> <span class='ocrx_word' id='word_1_320' title='bbox 1579 2445 1786 2509; x_wconf 77' lang='lat' dir='ltr'><strong>invitet,</strong></span> <span class='ocrx_word' id='word_1_321' title='bbox 1892 2444 1972 2491; x_wconf 67' lang='grc' dir='ltr'><strong>ιον</strong></span> <span class='ocrx_word' id='word_1_322' title='bbox 1997 2445 2051 2490; x_wconf 69' lang='grc' dir='ltr'><strong>ει</strong></span> <span class='ocrx_word' id='word_1_323' title='bbox 2070 2451 2133 2489; x_wconf 74' lang='lat' dir='ltr'><strong>CX</strong></span> <span class='ocrx_word' id='word_1_324' title='bbox 2160 2450 2265 2505; x_wconf 81' lang='grc' dir='ltr'><strong>(1υο</strong></span> <span class='ocrx_word' id='word_1_325' title='bbox 2285 2435 2529 2504; x_wconf 69' lang='lat' dir='ltr'><strong>ieiunare</strong></span> <span class='ocrx_word' id='word_1_326' title='bbox 2548 2434 2781 2489; x_wconf 65' lang='lat' dir='ltr'><strong>sabbata</strong></span> <span class='ocrx_word' id='word_1_327' title='bbox 2809 2436 3126 2505; x_wconf 70' lang='lat' dir='ltr'><strong>accepiSliS?</strong></span> <span class='ocrx_word' id='word_1_328' title='bbox 3146 2436 3442 2503; x_wconf 72' lang='lat' dir='ltr'><strong>Qllillcliam</strong></span> 
     </span>
    </p>
   </div>
   <div class='ocr_carea' id='block_1_27' title="bbox 224 2524 3440 2602">
    <p class='ocr_par' dir='ltr' id='par_1_27' title="bbox 224 2524 3440 2602">
     <span class='ocr_line' id='line_1_27' title="bbox 224 2524 3440 2602; baseline 0 -20"><span class='ocrx_word' id='word_1_329' title='bbox 224 2542 313 2585; x_wconf 88' lang='lat' dir='ltr'><strong>attt</strong></span> <span class='ocrx_word' id='word_1_330' title='bbox 336 2533 656 2586; x_wconf 86' lang='lat' dir='ltr'><strong>medicinam</strong></span> <span class='ocrx_word' id='word_1_331' title='bbox 684 2536 751 2588; x_wconf 89' lang='lat' dir='ltr'><strong>ab</strong></span> <span class='ocrx_word' id='word_1_332' title='bbox 783 2536 861 2588; x_wconf 83' lang='lat' dir='ltr'><strong>eis</strong></span> <span class='ocrx_word' id='word_1_333' title='bbox 890 2535 1139 2602; x_wconf 89' lang='lat' dir='ltr'><strong>accipiat,</strong></span> <span class='ocrx_word' id='word_1_334' title='bbox 1172 2534 1252 2587; x_wconf 84' lang='lat' dir='ltr'><strong>vel</strong></span> <span class='ocrx_word' id='word_1_335' title='bbox 1305 2533 1355 2586; x_wconf 92' lang='lat' dir='ltr'><strong>in</strong></span> <span class='ocrx_word' id='word_1_336' title='bbox 1409 2532 1614 2587; x_wconf 80' lang='lat' dir='ltr'><strong>balneis</strong></span> <span class='ocrx_word' id='word_1_337' title='bbox 1670 2548 1789 2586; x_wconf 88' lang='lat' dir='ltr'><strong>cum</strong></span> <span class='ocrx_word' id='word_1_338' title='bbox 1890 2525 2211 2579; x_wconf 81' lang='lat' dir='ltr'><strong>oblationem</strong></span> <span class='ocrx_word' id='word_1_339' title='bbox 2244 2524 2491 2592; x_wconf 62' lang='lat' dir='ltr'><strong>perfecta:</strong></span> <span class='ocrx_word' id='word_1_340' title='bbox 2522 2526 2697 2578; x_wconf 74' lang='lat' dir='ltr'><strong>missa:</strong></span> <span class='ocrx_word' id='word_1_341' title='bbox 2724 2541 2818 2593; x_wconf 87' lang='lat' dir='ltr'><strong>per</strong></span> <span class='ocrx_word' id='word_1_342' title='bbox 2846 2540 3059 2580; x_wconf 91' lang='lat' dir='ltr'><strong>omnem</strong></span> <span class='ocrx_word' id='word_1_343' title='bbox 3101 2528 3240 2581; x_wconf 85' lang='lat' dir='ltr'><strong>diem</strong></span> <span class='ocrx_word' id='word_1_344' title='bbox 3278 2528 3440 2583; x_wconf 60' lang='lat' dir='ltr'><strong>facere</strong></span> 
     </span>
    </p>
   </div>
   <div class='ocr_carea' id='block_1_28' title="bbox 224 2614 3441 2692">
    <p class='ocr_par' dir='ltr' id='par_1_28' title="bbox 224 2614 3441 2692">
     <span class='ocr_line' id='line_1_28' title="bbox 224 2614 3441 2692; baseline 0 -18"><span class='ocrx_word' id='word_1_345' title='bbox 224 2622 302 2675; x_wconf 79' lang='lat' dir='ltr'><strong>tris</strong></span> <span class='ocrx_word' id='word_1_346' title='bbox 324 2623 556 2674; x_wconf 82' lang='lat' dir='ltr'><strong>lavetur.</strong></span> <span class='ocrx_word' id='word_1_347' title='bbox 596 2622 651 2675; x_wconf 90' lang='lat' dir='ltr'><strong>Si</strong></span> <span class='ocrx_word' id='word_1_348' title='bbox 677 2624 796 2691; x_wconf 87' lang='lat' dir='ltr'><strong>quis</strong></span> <span class='ocrx_word' id='word_1_349' title='bbox 823 2624 922 2676; x_wconf 87' lang='lat' dir='ltr'><strong>hoc</strong></span> <span class='ocrx_word' id='word_1_350' title='bbox 954 2638 1114 2692; x_wconf 88' lang='lat' dir='ltr'><strong>agere</strong></span> <span class='ocrx_word' id='word_1_351' title='bbox 1172 2623 1480 2685; x_wconf 86' lang='lat' dir='ltr'><strong>initiaverit,</strong></span> <span class='ocrx_word' id='word_1_352' title='bbox 1528 2622 1791 2690; x_wconf 86' lang='lat' dir='ltr'><strong>siquidem</strong></span> <span class='ocrx_word' id='word_1_353' title='bbox 1893 2615 1943 2668; x_wconf 84' lang='lat' dir='ltr'><strong>in</strong></span> <span class='ocrx_word' id='word_1_354' title='bbox 1975 2614 2147 2668; x_wconf 60' lang='lat' dir='ltr'><strong>sumis</strong></span> <span class='ocrx_word' id='word_1_355' title='bbox 2179 2614 2366 2667; x_wconf 75' lang='lat' dir='ltr'><strong>diebus</strong></span> <span class='ocrx_word' id='word_1_356' title='bbox 2382 2614 2725 2683; x_wconf 66' lang='lat' dir='ltr'><strong>ieiuniorum.</strong></span> <span class='ocrx_word' id='word_1_357' title='bbox 2751 2615 3122 2670; x_wconf 74' lang='lat' dir='ltr'><strong>siVeSabbalo</strong></span> <span class='ocrx_word' id='word_1_358' title='bbox 3145 2618 3257 2671; x_wconf 83' lang='lat' dir='ltr'><strong>sive</strong></span> <span class='ocrx_word' id='word_1_359' title='bbox 3272 2618 3441 2673; x_wconf 66' lang='lat' dir='ltr'><strong>Domi-</strong></span> 
     </span>
    </p>
   </div>
   <div class='ocr_carea' id='block_1_29' title="bbox 223 2704 3452 2781">
    <p class='ocr_par' dir='ltr' id='par_1_29' title="bbox 223 2704 3452 2781">
     <span class='ocr_line' id='line_1_29' title="bbox 223 2704 3452 2781; baseline 0.001 -20"><span class='ocrx_word' id='word_1_360' title='bbox 223 2710 453 2764; x_wconf 81' lang='lat' dir='ltr'><strong>c‘ericus</strong></span> <span class='ocrx_word' id='word_1_361' title='bbox 481 2710 663 2775; x_wconf 86' lang='lat' dir='ltr'><strong>fuerit,</strong></span> <span class='ocrx_word' id='word_1_362' title='bbox 695 2713 996 2781; x_wconf 87' lang='lat' dir='ltr'><strong>deponatur</strong></span> <span class='ocrx_word' id='word_1_363' title='bbox 1020 2729 1033 2777; x_wconf 93' lang='lat'>;</span> <span class='ocrx_word' id='word_1_364' title='bbox 1070 2713 1111 2765; x_wconf 92' lang='lat' dir='ltr'><strong>si</strong></span> <span class='ocrx_word' id='word_1_365' title='bbox 1140 2720 1316 2765; x_wconf 89' lang='lat' dir='ltr'><strong>autem</strong></span> <span class='ocrx_word' id='word_1_366' title='bbox 1365 2712 1552 2775; x_wconf 90' lang='lat' dir='ltr'><strong>laicus,</strong></span> <span class='ocrx_word' id='word_1_367' title='bbox 1605 2725 1792 2779; x_wconf 88' lang='lat' dir='ltr'><strong>scque-</strong></span> <span class='ocrx_word' id='word_1_368' title='bbox 1893 2704 2013 2759; x_wconf 92' lang='lat' dir='ltr'><strong>nico</strong></span> <span class='ocrx_word' id='word_1_369' title='bbox 2038 2704 2157 2758; x_wconf 87' lang='lat' dir='ltr'><strong>die:</strong></span> <span class='ocrx_word' id='word_1_370' title='bbox 2183 2704 2323 2759; x_wconf 90' lang='lat' dir='ltr'><strong>unde</strong></span> <span class='ocrx_word' id='word_1_371' title='bbox 2353 2706 2699 2760; x_wconf 85' lang='lat' dir='ltr'><strong>assuevistis?</strong></span> <span class='ocrx_word' id='word_1_372' title='bbox 2724 2720 2752 2759; x_wconf 91' lang='lat' dir='ltr'><strong>a</strong></span> <span class='ocrx_word' id='word_1_373' title='bbox 2778 2721 2885 2775; x_wconf 88' lang='lat' dir='ltr'><strong>quo</strong></span> <span class='ocrx_word' id='word_1_374' title='bbox 2908 2706 3125 2762; x_wconf 88' lang='lat' dir='ltr'><strong>doctore</strong></span> <span class='ocrx_word' id='word_1_375' title='bbox 3152 2711 3452 2779; x_wconf 68' lang='lat' dir='ltr'><strong>accepistis!</strong></span> 
     </span>
    </p>
   </div>
   <div class='ocr_carea' id='block_1_30' title="bbox 227 2795 3457 2868">
    <p class='ocr_par' dir='ltr' id='par_1_30' title="bbox 227 2795 3457 2868">
     <span class='ocr_line' id='line_1_30' title="bbox 227 2795 3457 2868; baseline 0.003 -20"><span class='ocrx_word' id='word_1_376' title='bbox 227 2806 450 2851; x_wconf 71' lang='lat' dir='ltr'><strong>stretur.</strong></span> <span class='ocrx_word' id='word_1_377' title='bbox 484 2817 501 2849; x_wconf 76' lang='grc' dir='ltr'><strong>ι</strong></span> <span class='ocrx_word' id='word_1_378' title='bbox 537 2798 637 2863; x_wconf 85' lang='lat' dir='ltr'><strong>Qui</strong></span> <span class='ocrx_word' id='word_1_379' title='bbox 670 2814 917 2868; x_wconf 88' lang='lat' dir='ltr'><strong>azymum</strong></span> <span class='ocrx_word' id='word_1_380' title='bbox 941 2798 1233 2853; x_wconf 85' lang='lat' dir='ltr'><strong>conficitet</strong></span> <span class='ocrx_word' id='word_1_381' title='bbox 1254 2799 1503 2859; x_wconf 91' lang='lat' dir='ltr'><strong>comedit,</strong></span> <span class='ocrx_word' id='word_1_382' title='bbox 1544 2798 1641 2851; x_wconf 90' lang='lat' dir='ltr'><strong>etsi</strong></span> <span class='ocrx_word' id='word_1_383' title='bbox 1686 2812 1790 2851; x_wconf 91' lang='lat' dir='ltr'><strong>non</strong></span> <span class='ocrx_word' id='word_1_384' title='bbox 1894 2795 1970 2849; x_wconf 84' lang='lat' dir='ltr'><strong>Ex</strong></span> <span class='ocrx_word' id='word_1_385' title='bbox 2018 2795 2313 2865; x_wconf 87' lang='lat' dir='ltr'><strong>apostolis?</strong></span> <span class='ocrx_word' id='word_1_386' title='bbox 2366 2796 2695 2849; x_wconf 85' lang='lat' dir='ltr'><strong>nullatenus.</strong></span> <span class='ocrx_word' id='word_1_387' title='bbox 2758 2796 2996 2866; x_wconf 89' lang='lat' dir='ltr'><strong>Apostoli</strong></span> <span class='ocrx_word' id='word_1_388' title='bbox 3047 2798 3187 2851; x_wconf 87' lang='lat' dir='ltr'><strong>enim</strong></span> <span class='ocrx_word' id='word_1_389' title='bbox 3234 2814 3298 2853; x_wconf 83' lang='lat' dir='ltr'><strong>ex</strong></span> <span class='ocrx_word' id='word_1_390' title='bbox 3355 2801 3457 2857; x_wconf 71' lang='lat' dir='ltr'><strong>hoc.</strong></span> 
     </span>
    </p>
   </div>
   <div class='ocr_carea' id='block_1_31' title="bbox 232 2886 3457 2959">
    <p class='ocr_par' dir='ltr' id='par_1_31' title="bbox 232 2886 3457 2959">
     <span class='ocr_line' id='line_1_31' title="bbox 232 2886 3457 2959; baseline 0.002 -19"><span class='ocrx_word' id='word_1_391' title='bbox 232 2888 494 2956; x_wconf 58' lang='lat' dir='ltr'><strong>Acceperit</strong></span> <span class='ocrx_word' id='word_1_392' title='bbox 516 2889 615 2943; x_wconf 88' lang='lat' dir='ltr'><strong>hoc</strong></span> <span class='ocrx_word' id='word_1_393' title='bbox 643 2904 670 2942; x_wconf 94' lang='lat' dir='ltr'><strong>a</strong></span> <span class='ocrx_word' id='word_1_394' title='bbox 692 2888 909 2955; x_wconf 65' lang='lat' dir='ltr'><strong>Iudaeis,</strong></span> <span class='ocrx_word' id='word_1_395' title='bbox 933 2890 1024 2944; x_wconf 87' lang='lat' dir='ltr'><strong>sed</strong></span> <span class='ocrx_word' id='word_1_396' title='bbox 1077 2890 1313 2943; x_wconf 87' lang='lat' dir='ltr'><strong>imitator</strong></span> <span class='ocrx_word' id='word_1_397' title='bbox 1369 2888 1528 2942; x_wconf 85' lang='lat' dir='ltr'><strong>fuerit</strong></span> <span class='ocrx_word' id='word_1_398' title='bbox 1569 2889 1619 2940; x_wconf 95' lang='lat' dir='ltr'><strong>in</strong></span> <span class='ocrx_word' id='word_1_399' title='bbox 1650 2888 1751 2940; x_wconf 89' lang='lat' dir='ltr'><strong>hoc</strong></span> <span class='ocrx_word' id='word_1_400' title='bbox 1776 2925 1791 2949; x_wconf 90' lang='lat'><strong>,</strong></span> <span class='ocrx_word' id='word_1_401' title='bbox 1892 2902 2118 2957; x_wconf 89' lang='lat' dir='ltr'><strong>posuere</strong></span> <span class='ocrx_word' id='word_1_402' title='bbox 2140 2901 2399 2941; x_wconf 87' lang='lat' dir='ltr'><strong>canonem</strong></span> <span class='ocrx_word' id='word_1_403' title='bbox 2438 2888 2514 2941; x_wconf 90' lang='lat' dir='ltr'><strong>sic</strong></span> <span class='ocrx_word' id='word_1_404' title='bbox 2536 2886 2840 2955; x_wconf 90' lang='lat' dir='ltr'><strong>loquentem</strong></span> <span class='ocrx_word' id='word_1_405' title='bbox 2873 2905 2885 2940; x_wconf 88' lang='lat'><strong>:</strong></span> <span class='ocrx_word' id='word_1_406' title='bbox 2921 2906 2937 2938; x_wconf 70' lang='grc' dir='ltr'>ι</span> <span class='ocrx_word' id='word_1_407' title='bbox 2962 2887 3015 2941; x_wconf 89' lang='lat' dir='ltr'><strong>Si</strong></span> <span class='ocrx_word' id='word_1_408' title='bbox 3038 2890 3158 2956; x_wconf 89' lang='lat' dir='ltr'><strong>quis</strong></span> <span class='ocrx_word' id='word_1_409' title='bbox 3177 2889 3457 2959; x_wconf 84' lang='lat' dir='ltr'><strong>episc0pns</strong></span> 
     </span>
    </p>
   </div>
   <div class='ocr_carea' id='block_1_32' title="bbox 243 2976 3454 3049">
    <p class='ocr_par' dir='ltr' id='par_1_32' title="bbox 243 2976 3454 3049">
     <span class='ocr_line' id='line_1_32' title="bbox 243 2976 3454 3049; baseline 0.002 -21"><span class='ocrx_word' id='word_1_410' title='bbox 243 2976 518 3033; x_wconf 69' lang='lat' dir='ltr'><strong>ttJudazns</strong></span> <span class='ocrx_word' id='word_1_411' title='bbox 546 2980 886 3049; x_wconf 85' lang='lat' dir='ltr'><strong>intelligit,et</strong></span> <span class='ocrx_word' id='word_1_412' title='bbox 911 2991 1071 3035; x_wconf 82' lang='lat' dir='ltr'><strong>extra</strong></span> <span class='ocrx_word' id='word_1_413' title='bbox 1100 2980 1267 3049; x_wconf 82' lang='lat' dir='ltr'><strong>legem</strong></span> <span class='ocrx_word' id='word_1_414' title='bbox 1296 2988 1399 3045; x_wconf 88' lang='lat' dir='ltr'><strong>est,</strong></span> <span class='ocrx_word' id='word_1_415' title='bbox 1446 2979 1792 3048; x_wconf 82' lang='lat' dir='ltr'><strong>quematlmo-</strong></span> <span class='ocrx_word' id='word_1_416' title='bbox 1896 2986 1987 3031; x_wconf 91' lang='lat' dir='ltr'><strong>aut</strong></span> <span class='ocrx_word' id='word_1_417' title='bbox 2012 2977 2310 3047; x_wconf 87' lang='lat' dir='ltr'><strong>presbyter,</strong></span> <span class='ocrx_word' id='word_1_418' title='bbox 2342 2986 2423 3030; x_wconf 89' lang='lat' dir='ltr'><strong>vet</strong></span> <span class='ocrx_word' id='word_1_419' title='bbox 2452 2976 2708 3029; x_wconf 89' lang='lat' dir='ltr'><strong>diaconus</strong></span> <span class='ocrx_word' id='word_1_420' title='bbox 2757 2986 2848 3029; x_wconf 91' lang='lat' dir='ltr'><strong>aut</strong></span> <span class='ocrx_word' id='word_1_421' title='bbox 2898 2976 3070 3031; x_wconf 86' lang='lat' dir='ltr'><strong>lector</strong></span> <span class='ocrx_word' id='word_1_422' title='bbox 3107 2989 3197 3032; x_wconf 90' lang='lat' dir='ltr'><strong>aut</strong></span> <span class='ocrx_word' id='word_1_423' title='bbox 3242 2990 3454 3043; x_wconf 84' lang='lat' dir='ltr'><strong>cantor,</strong></span> 
     </span>
    </p>
   </div>
   <div class='ocr_carea' id='block_1_33' title="bbox 236 3066 3457 3147">
    <p class='ocr_par' dir='ltr' id='par_1_33' title="bbox 236 3066 3457 3147">
     <span class='ocr_line' id='line_1_33' title="bbox 236 3066 3457 3147; baseline 0.002 -28"><span class='ocrx_word' id='word_1_424' title='bbox 236 3068 348 3120; x_wconf 80' lang='lat' dir='ltr'><strong>lum</strong></span> <span class='ocrx_word' id='word_1_425' title='bbox 373 3077 427 3122; x_wconf 92' lang='lat' dir='ltr'><strong>et</strong></span> <span class='ocrx_word' id='word_1_426' title='bbox 451 3068 495 3122; x_wconf 90' lang='lat' dir='ltr'><strong>si</strong></span> <span class='ocrx_word' id='word_1_427' title='bbox 524 3068 921 3123; x_wconf 89' lang='lat' dir='ltr'><strong>circumciderit</strong></span> <span class='ocrx_word' id='word_1_428' title='bbox 948 3070 1068 3139; x_wconf 87' lang='lat' dir='ltr'><strong>quis</strong></span> <span class='ocrx_word' id='word_1_429' title='bbox 1121 3070 1375 3138; x_wconf 85' lang='lat' dir='ltr'><strong>seipsum,</strong></span> <span class='ocrx_word' id='word_1_430' title='bbox 1428 3078 1519 3122; x_wconf 91' lang='lat' dir='ltr'><strong>aut</strong></span> <span class='ocrx_word' id='word_1_431' title='bbox 1540 3086 1567 3122; x_wconf 92' lang='lat' dir='ltr'><strong>a</strong></span> <span class='ocrx_word' id='word_1_432' title='bbox 1600 3068 1792 3122; x_wconf 75' lang='lat' dir='ltr'><strong>Judmit.</strong></span> <span class='ocrx_word' id='word_1_433' title='bbox 1824 3126 1863 3147; x_wconf 47' lang='grc' dir='ltr'>Α</span> <span class='ocrx_word' id='word_1_434' title='bbox 1896 3076 2135 3124; x_wconf 87' lang='lat' dir='ltr'><strong>sanctam</strong></span> <span class='ocrx_word' id='word_1_435' title='bbox 2162 3082 2270 3121; x_wconf 93' lang='lat' dir='ltr'><strong>non</strong></span> <span class='ocrx_word' id='word_1_436' title='bbox 2308 3066 2630 3137; x_wconf 81' lang='lat' dir='ltr'><strong>jejunaverit</strong></span> <span class='ocrx_word' id='word_1_437' title='bbox 2665 3067 3137 3138; x_wconf 84' lang='lat' dir='ltr'><strong>Quadragesimam</strong></span> <span class='ocrx_word' id='word_1_438' title='bbox 3185 3080 3457 3140; x_wconf 85' lang='lat' dir='ltr'><strong>quartam-</strong></span> 
     </span>
    </p>
   </div>
   <div class='ocr_carea' id='block_1_34' title="bbox 238 3130 3457 3223">
    <p class='ocr_par' dir='ltr' id='par_1_34' title="bbox 238 3130 3457 3223">
     <span class='ocr_line' id='line_1_34' title="bbox 238 3130 3457 3223; baseline 0.002 -16"><span class='ocrx_word' id='word_1_439' title='bbox 238 3157 651 3222; x_wconf 79' lang='lat' dir='ltr'><strong>;ircumciditur,</strong></span> <span class='ocrx_word' id='word_1_440' title='bbox 684 3159 838 3213; x_wconf 91' lang='lat' dir='ltr'><strong>simul</strong></span> <span class='ocrx_word' id='word_1_441' title='bbox 867 3168 915 3211; x_wconf 88' lang='lat' dir='ltr'><strong>et</strong></span> <span class='ocrx_word' id='word_1_442' title='bbox 949 3160 999 3211; x_wconf 89' lang='lat' dir='ltr'><strong>in</strong></span> <span class='ocrx_word' id='word_1_443' title='bbox 1025 3159 1246 3212; x_wconf 89' lang='lat' dir='ltr'><strong>scientia</strong></span> <span class='ocrx_word' id='word_1_444' title='bbox 1279 3166 1360 3211; x_wconf 91' lang='lat' dir='ltr'><strong>est</strong></span> <span class='ocrx_word' id='word_1_445' title='bbox 1383 3158 1506 3220; x_wconf 91' lang='lat' dir='ltr'><strong>illis,</strong></span> <span class='ocrx_word' id='word_1_446' title='bbox 1538 3172 1795 3212; x_wconf 80' lang='lat' dir='ltr'><strong>canones-</strong></span> <span class='ocrx_word' id='word_1_447' title='bbox 1823 3130 1866 3185; x_wconf 63' lang='grc' dir='ltr'><strong>Ο</strong></span> <span class='ocrx_word' id='word_1_448' title='bbox 1898 3169 2000 3222; x_wconf 87' lang='lat' dir='ltr'><strong>que</strong></span> <span class='ocrx_word' id='word_1_449' title='bbox 2022 3163 2074 3209; x_wconf 87' lang='lat' dir='ltr'><strong>et</strong></span> <span class='ocrx_word' id='word_1_450' title='bbox 2096 3162 2307 3209; x_wconf 79' lang='lat' dir='ltr'><strong>sextam</strong></span> <span class='ocrx_word' id='word_1_451' title='bbox 2353 3155 2567 3219; x_wconf 89' lang='lat' dir='ltr'><strong>feriam,</strong></span> <span class='ocrx_word' id='word_1_452' title='bbox 2625 3157 2943 3223; x_wconf 87' lang='lat' dir='ltr'><strong>deponatur,</strong></span> <span class='ocrx_word' id='word_1_453' title='bbox 2997 3159 3097 3211; x_wconf 88' lang='lat' dir='ltr'><strong>nisi</strong></span> <span class='ocrx_word' id='word_1_454' title='bbox 3149 3158 3457 3216; x_wconf 78' lang='lat' dir='ltr'><strong>infirmitate</strong></span> 
     </span>
    </p>
   </div>
   <div class='ocr_carea' id='block_1_35' title="bbox 244 3243 3455 3317">
    <p class='ocr_par' dir='ltr' id='par_1_35' title="bbox 244 3243 3455 3317">
     <span class='ocr_line' id='line_1_35' title="bbox 244 3243 3455 3317; baseline 0.002 -20"><span class='ocrx_word' id='word_1_455' title='bbox 244 3261 332 3315; x_wconf 62' lang='lat' dir='ltr'><strong>lue</strong></span> <span class='ocrx_word' id='word_1_456' title='bbox 360 3254 418 3299; x_wconf 88' lang='lat' dir='ltr'><strong>et</strong></span> <span class='ocrx_word' id='word_1_457' title='bbox 450 3247 696 3300; x_wconf 90' lang='lat' dir='ltr'><strong>instituta</strong></span> <span class='ocrx_word' id='word_1_458' title='bbox 736 3249 1097 3317; x_wconf 86' lang='lat' dir='ltr'><strong>apostolorum</strong></span> <span class='ocrx_word' id='word_1_459' title='bbox 1130 3256 1546 3316; x_wconf 90' lang='lat' dir='ltr'><strong>sanctorumque</strong></span> <span class='ocrx_word' id='word_1_460' title='bbox 1573 3246 1791 3299; x_wconf 78' lang='lat' dir='ltr'><strong>Patrum</strong></span> <span class='ocrx_word' id='word_1_461' title='bbox 1896 3245 2137 3312; x_wconf 89' lang='lat' dir='ltr'><strong>corporis</strong></span> <span class='ocrx_word' id='word_1_462' title='bbox 2167 3244 2509 3312; x_wconf 90' lang='lat' dir='ltr'><strong>impediatur.</strong></span> <span class='ocrx_word' id='word_1_463' title='bbox 2542 3264 2559 3295; x_wconf 71' lang='grc' dir='ltr'><strong><em>ι</em></strong></span> <span class='ocrx_word' id='word_1_464' title='bbox 2594 3243 2957 3298; x_wconf 83' lang='lat' dir='ltr'><strong>Ministrantes</strong></span> <span class='ocrx_word' id='word_1_465' title='bbox 2981 3261 3107 3313; x_wconf 87' lang='lat' dir='ltr'><strong>ergo</strong></span> <span class='ocrx_word' id='word_1_466' title='bbox 3131 3257 3291 3314; x_wconf 83' lang='lat' dir='ltr'><strong>atque</strong></span> <span class='ocrx_word' id='word_1_467' title='bbox 3313 3263 3455 3302; x_wconf 88' lang='lat' dir='ltr'><strong>eom-</strong></span> 
     </span>
    </p>
   </div>
   <div class='ocr_carea' id='block_1_36' title="bbox 231 3334 3455 3405">
    <p class='ocr_par' dir='ltr' id='par_1_36' title="bbox 231 3334 3455 3405">
     <span class='ocr_line' id='line_1_36' title="bbox 231 3334 3455 3405; baseline 0.001 -16"><span class='ocrx_word' id='word_1_468' title='bbox 231 3336 651 3405; x_wconf 87' lang='lat' dir='ltr'><strong>transgrediens,</strong></span> <span class='ocrx_word' id='word_1_469' title='bbox 678 3344 733 3389; x_wconf 88' lang='lat' dir='ltr'><strong>et</strong></span> <span class='ocrx_word' id='word_1_470' title='bbox 765 3338 915 3390; x_wconf 88' lang='lat' dir='ltr'><strong>irrita</strong></span> <span class='ocrx_word' id='word_1_471' title='bbox 948 3338 1124 3391; x_wconf 89' lang='lat' dir='ltr'><strong>omnia</strong></span> <span class='ocrx_word' id='word_1_472' title='bbox 1158 3336 1305 3399; x_wconf 80' lang='lat' dir='ltr'><strong>facit,</strong></span> <span class='ocrx_word' id='word_1_473' title='bbox 1351 3344 1411 3388; x_wconf 94' lang='lat' dir='ltr'><strong>ut</strong></span> <span class='ocrx_word' id='word_1_474' title='bbox 1442 3334 1579 3388; x_wconf 87' lang='lat' dir='ltr'><strong>ratio</strong></span> <span class='ocrx_word' id='word_1_475' title='bbox 1611 3346 1795 3389; x_wconf 88' lang='lat' dir='ltr'><strong>nostra</strong></span> <span class='ocrx_word' id='word_1_476' title='bbox 1897 3336 2101 3403; x_wconf 89' lang='lat' dir='ltr'><strong>plentes</strong></span> <span class='ocrx_word' id='word_1_477' title='bbox 2129 3336 2575 3390; x_wconf 90' lang='lat' dir='ltr'><strong>ministrationem</strong></span> <span class='ocrx_word' id='word_1_478' title='bbox 2608 3344 2803 3390; x_wconf 72' lang='lat' dir='ltr'><strong>sanctae</strong></span> <span class='ocrx_word' id='word_1_479' title='bbox 2845 3336 3203 3393; x_wconf 82' lang='lat' dir='ltr'><strong>missae-secus</strong></span> <span class='ocrx_word' id='word_1_480' title='bbox 3245 3340 3455 3393; x_wconf 85' lang='lat' dir='ltr'><strong>tertiam</strong></span> 
     </span>
    </p>
   </div>
   <div class='ocr_carea' id='block_1_37' title="bbox 231 3424 3456 3497">
    <p class='ocr_par' dir='ltr' id='par_1_37' title="bbox 231 3424 3456 3497">
     <span class='ocr_line' id='line_1_37' title="bbox 231 3424 3456 3497; baseline 0.003 -22"><span class='ocrx_word' id='word_1_481' title='bbox 231 3426 631 3480; x_wconf 72' lang='lat' dir='ltr'><strong>demonstravit.</strong></span> <span class='ocrx_word' id='word_1_482' title='bbox 677 3427 780 3479; x_wconf 75' lang='lat' dir='ltr'><strong>Sed</strong></span> <span class='ocrx_word' id='word_1_483' title='bbox 804 3426 870 3479; x_wconf 91' lang='lat' dir='ltr'><strong>de</strong></span> <span class='ocrx_word' id='word_1_484' title='bbox 895 3441 1084 3488; x_wconf 81' lang='lat' dir='ltr'><strong>azymo</strong></span> <span class='ocrx_word' id='word_1_485' title='bbox 1116 3425 1444 3479; x_wconf 77' lang='lat' dir='ltr'><strong>sufﬁcienter</strong></span> <span class='ocrx_word' id='word_1_486' title='bbox 1470 3424 1622 3478; x_wconf 86' lang='lat' dir='ltr'><strong>vobis</strong></span> <span class='ocrx_word' id='word_1_487' title='bbox 1652 3424 1793 3491; x_wconf 91' lang='lat' dir='ltr'><strong>quod</strong></span> <span class='ocrx_word' id='word_1_488' title='bbox 1897 3426 2238 3491; x_wconf 64' lang='lat' dir='ltr'><strong>horam‘diei,</strong></span> <span class='ocrx_word' id='word_1_489' title='bbox 2276 3428 2327 3479; x_wconf 91' lang='lat' dir='ltr'><strong>in</strong></span> <span class='ocrx_word' id='word_1_490' title='bbox 2360 3442 2464 3496; x_wconf 92' lang='lat' dir='ltr'><strong>qua</strong></span> <span class='ocrx_word' id='word_1_491' title='bbox 2504 3435 2558 3479; x_wconf 91' lang='lat' dir='ltr'><strong>et</strong></span> <span class='ocrx_word' id='word_1_492' title='bbox 2608 3428 3019 3497; x_wconf 22' lang='lat' dir='ltr'><strong>promulgatum.</strong></span> <span class='ocrx_word' id='word_1_493' title='bbox 3046 3439 3129 3483; x_wconf 91' lang='lat' dir='ltr'><strong>est</strong></span> <span class='ocrx_word' id='word_1_494' title='bbox 3158 3430 3334 3484; x_wconf 79' lang='lat' dir='ltr'><strong>oil&#39;crri</strong></span> <span class='ocrx_word' id='word_1_495' title='bbox 3367 3447 3456 3484; x_wconf 79' lang='lat' dir='ltr'><strong>sa-</strong></span> 
     </span>
    </p>
   </div>
   <div class='ocr_carea' id='block_1_38' title="bbox 226 3515 3454 3586">
    <p class='ocr_par' dir='ltr' id='par_1_38' title="bbox 226 3515 3454 3586">
     <span class='ocr_line' id='line_1_38' title="bbox 226 3515 3454 3586; baseline 0.002 -19"><span class='ocrx_word' id='word_1_496' title='bbox 226 3517 557 3583; x_wconf 65' lang='lat' dir='ltr'><strong>probibitum</strong></span> <span class='ocrx_word' id='word_1_497' title='bbox 609 3517 679 3571; x_wconf 91' lang='lat' dir='ltr'><strong>sit</strong></span> <span class='ocrx_word' id='word_1_498' title='bbox 716 3516 781 3570; x_wconf 90' lang='lat' dir='ltr'><strong>ab</strong></span> <span class='ocrx_word' id='word_1_499' title='bbox 832 3517 978 3570; x_wconf 91' lang='lat' dir='ltr'><strong>omni</strong></span> <span class='ocrx_word' id='word_1_500' title='bbox 1038 3516 1315 3585; x_wconf 86' lang='lat' dir='ltr'><strong>Scriptura</strong></span> <span class='ocrx_word' id='word_1_501' title='bbox 1356 3515 1531 3568; x_wconf 89' lang='lat' dir='ltr'><strong>divina</strong></span> <span class='ocrx_word' id='word_1_502' title='bbox 1576 3516 1794 3568; x_wconf 91' lang='lat' dir='ltr'><strong>demon-</strong></span> <span class='ocrx_word' id='word_1_503' title='bbox 1895 3515 2175 3579; x_wconf 80' lang='lat' dir='ltr'><strong>orificium,</strong></span> <span class='ocrx_word' id='word_1_504' title='bbox 2204 3516 2466 3583; x_wconf 88' lang='lat' dir='ltr'><strong>quomodo</strong></span> <span class='ocrx_word' id='word_1_505' title='bbox 2490 3515 2747 3583; x_wconf 89' lang='lat' dir='ltr'><strong>jejunium</strong></span> <span class='ocrx_word' id='word_1_506' title='bbox 2792 3532 2958 3586; x_wconf 91' lang='lat' dir='ltr'><strong>usque</strong></span> <span class='ocrx_word' id='word_1_507' title='bbox 3006 3518 3069 3570; x_wconf 90' lang='lat' dir='ltr'><strong>ad</strong></span> <span class='ocrx_word' id='word_1_508' title='bbox 3118 3519 3303 3573; x_wconf 89' lang='lat' dir='ltr'><strong>horam</strong></span> <span class='ocrx_word' id='word_1_509' title='bbox 3354 3520 3454 3573; x_wconf 88' lang='lat' dir='ltr'><strong>dici</strong></span> 
     </span>
    </p>
   </div>
   <div class='ocr_carea' id='block_1_39' title="bbox 223 3605 3457 3675">
    <p class='ocr_par' dir='ltr' id='par_1_39' title="bbox 223 3605 3457 3675">
     <span class='ocr_line' id='line_1_39' title="bbox 223 3605 3457 3675; baseline 0.001 -17"><span class='ocrx_word' id='word_1_510' title='bbox 223 3606 537 3659; x_wconf 83' lang='lat' dir='ltr'><strong>stravimus.</strong></span> <span class='ocrx_word' id='word_1_511' title='bbox 1895 3622 2088 3660; x_wconf 88' lang='lat' dir='ltr'><strong>nonam</strong></span> <span class='ocrx_word' id='word_1_512' title='bbox 2111 3605 2441 3660; x_wconf 86' lang='lat' dir='ltr'><strong>observatis?</strong></span> <span class='ocrx_word' id='word_1_513' title='bbox 2462 3607 2727 3661; x_wconf 88' lang='lat' dir='ltr'><strong>solventes</strong></span> <span class='ocrx_word' id='word_1_514' title='bbox 2749 3608 2861 3660; x_wconf 78' lang='lat' dir='ltr'><strong>lunt:</strong></span> <span class='ocrx_word' id='word_1_515' title='bbox 2909 3608 2963 3661; x_wconf 90' lang='lat' dir='ltr'><strong>in</strong></span> <span class='ocrx_word' id='word_1_516' title='bbox 3018 3620 3252 3675; x_wconf 87' lang='lat' dir='ltr'><strong>tempore</strong></span> <span class='ocrx_word' id='word_1_517' title='bbox 3301 3610 3457 3661; x_wconf 83' lang='lat' dir='ltr'><strong>mini-</strong></span> 
     </span>
    </p>
   </div>
   <div class='ocr_carea' id='block_1_40' title="bbox 297 3693 3457 3769">
    <p class='ocr_par' dir='ltr' id='par_1_40' title="bbox 297 3693 3457 3769">
     <span class='ocr_line' id='line_1_40' title="bbox 297 3693 3457 3769; baseline 0.003 -24"><span class='ocrx_word' id='word_1_518' title='bbox 297 3693 383 3746; x_wconf 72' lang='lat' dir='ltr'><strong>Xl.</strong></span> <span class='ocrx_word' id='word_1_519' title='bbox 430 3695 543 3761; x_wconf 78' lang='lat' dir='ltr'><strong>Age</strong></span> <span class='ocrx_word' id='word_1_520' title='bbox 568 3708 710 3747; x_wconf 92' lang='lat' dir='ltr'><strong>nunc</strong></span> <span class='ocrx_word' id='word_1_521' title='bbox 732 3695 823 3762; x_wconf 93' lang='lat' dir='ltr'><strong>qui</strong></span> <span class='ocrx_word' id='word_1_522' title='bbox 853 3703 1047 3749; x_wconf 71' lang='lat' dir='ltr'><strong>cmtera</strong></span> <span class='ocrx_word' id='word_1_523' title='bbox 1102 3696 1585 3749; x_wconf 84' lang='lat' dir='ltr'><strong>demonstravimus</strong></span> <span class='ocrx_word' id='word_1_524' title='bbox 1625 3696 1790 3757; x_wconf 86' lang='lat' dir='ltr'><strong>vobis,</strong></span> <span class='ocrx_word' id='word_1_525' title='bbox 1896 3697 2169 3751; x_wconf 89' lang='lat' dir='ltr'><strong>strationis</strong></span> <span class='ocrx_word' id='word_1_526' title='bbox 2200 3697 2409 3751; x_wconf 81' lang='lat' dir='ltr'><strong>missae?</strong></span> <span class='ocrx_word' id='word_1_527' title='bbox 2435 3696 2797 3766; x_wconf 87' lang='lat' dir='ltr'><strong>Nequaquam.</strong></span> <span class='ocrx_word' id='word_1_528' title='bbox 2826 3697 2882 3752; x_wconf 90' lang='lat' dir='ltr'><strong>Si</strong></span> <span class='ocrx_word' id='word_1_529' title='bbox 2911 3706 3088 3753; x_wconf 89' lang='lat' dir='ltr'><strong>autem</strong></span> <span class='ocrx_word' id='word_1_530' title='bbox 3115 3700 3213 3753; x_wconf 90' lang='lat' dir='ltr'><strong>hoc</strong></span> <span class='ocrx_word' id='word_1_531' title='bbox 3257 3700 3457 3769; x_wconf 85' lang='lat' dir='ltr'><strong>impos-</strong></span> 
     </span>
    </p>
   </div>
   <div class='ocr_carea' id='block_1_41' title="bbox 224 3785 2915 3856">
    <p class='ocr_par' dir='ltr' id='par_1_41' title="bbox 224 3785 2915 3856">
     <span class='ocr_line' id='line_1_41' title="bbox 224 3785 2915 3856; baseline 0.002 -20"><span class='ocrx_word' id='word_1_532' title='bbox 224 3796 276 3836; x_wconf 87' lang='lat' dir='ltr'><strong>et</strong></span> <span class='ocrx_word' id='word_1_533' title='bbox 305 3786 491 3839; x_wconf 90' lang='lat' dir='ltr'><strong>subito</strong></span> <span class='ocrx_word' id='word_1_534' title='bbox 525 3786 794 3839; x_wconf 56' lang='lat' dir='ltr'><strong>memorias</strong></span> <span class='ocrx_word' id='word_1_535' title='bbox 843 3792 1145 3856; x_wconf 79' lang='lat' dir='ltr'><strong>suggestum</strong></span> <span class='ocrx_word' id='word_1_536' title='bbox 1191 3794 1274 3840; x_wconf 91' lang='lat' dir='ltr'><strong>est</strong></span> <span class='ocrx_word' id='word_1_537' title='bbox 1303 3785 1453 3839; x_wconf 89' lang='lat' dir='ltr'><strong>vobis</strong></span> <span class='ocrx_word' id='word_1_538' title='bbox 1490 3786 1555 3839; x_wconf 86' lang='lat' dir='ltr'><strong>de</strong></span> <span class='ocrx_word' id='word_1_539' title='bbox 1594 3785 1795 3853; x_wconf 86' lang='lat' dir='ltr'><strong>jejunio</strong></span> <span class='ocrx_word' id='word_1_540' title='bbox 1895 3787 2047 3842; x_wconf 90' lang='lat' dir='ltr'><strong>sibile</strong></span> <span class='ocrx_word' id='word_1_541' title='bbox 2068 3796 2167 3849; x_wconf 85' lang='lat' dir='ltr'><strong>est,</strong></span> <span class='ocrx_word' id='word_1_542' title='bbox 2192 3787 2568 3842; x_wconf 89' lang='lat' dir='ltr'><strong>maledictione</strong></span> <span class='ocrx_word' id='word_1_543' title='bbox 2593 3787 2915 3850; x_wconf 87' lang='lat' dir='ltr'><strong>plectemini.</strong></span> 
     </span>
    </p>
   </div>
   <div class='ocr_carea' id='block_1_42' title="bbox 225 3874 3453 3946">
    <p class='ocr_par' dir='ltr' id='par_1_42' title="bbox 225 3874 3453 3946">
     <span class='ocr_line' id='line_1_42' title="bbox 225 3874 3453 3946; baseline 0.001 -17"><span class='ocrx_word' id='word_1_544' title='bbox 225 3876 592 3930; x_wconf 80' lang='lat' dir='ltr'><strong>Sabbatorum</strong></span> <span class='ocrx_word' id='word_1_545' title='bbox 622 3916 636 3941; x_wconf 96' lang='lat'><strong>,</strong></span> <span class='ocrx_word' id='word_1_546' title='bbox 658 3879 910 3945; x_wconf 83' lang='lat' dir='ltr'><strong>quoniam</strong></span> <span class='ocrx_word' id='word_1_547' title='bbox 964 3876 1234 3931; x_wconf 84' lang='lat' dir='ltr'><strong>insultatis</strong></span> <span class='ocrx_word' id='word_1_548' title='bbox 1275 3876 1427 3930; x_wconf 90' lang='lat' dir='ltr'><strong>nobis</strong></span> <span class='ocrx_word' id='word_1_549' title='bbox 1453 3894 1465 3929; x_wconf 88' lang='lat'><strong>:</strong></span> <span class='ocrx_word' id='word_1_550' title='bbox 1492 3877 1630 3929; x_wconf 61' lang='lat' dir='ltr'><strong>unde</strong></span> <span class='ocrx_word' id='word_1_551' title='bbox 1662 3875 1791 3943; x_wconf 84' lang='lat' dir='ltr'><strong>jeju-</strong></span> <span class='ocrx_word' id='word_1_552' title='bbox 1966 3876 2096 3929; x_wconf 81' lang='lat' dir='ltr'><strong>Xlll.</strong></span> <span class='ocrx_word' id='word_1_553' title='bbox 2138 3876 2235 3943; x_wconf 89' lang='lat' dir='ltr'><strong>Qui</strong></span> <span class='ocrx_word' id='word_1_554' title='bbox 2267 3877 2318 3929; x_wconf 94' lang='lat' dir='ltr'><strong>in</strong></span> <span class='ocrx_word' id='word_1_555' title='bbox 2346 3875 2631 3945; x_wconf 83' lang='lat' dir='ltr'><strong>Gangreno</strong></span> <span class='ocrx_word' id='word_1_556' title='bbox 2665 3874 2813 3929; x_wconf 81' lang='lat' dir='ltr'><strong>fuere</strong></span> <span class='ocrx_word' id='word_1_557' title='bbox 2855 3876 3041 3931; x_wconf 85' lang='lat' dir='ltr'><strong>Patres</strong></span> <span class='ocrx_word' id='word_1_558' title='bbox 3066 3878 3291 3931; x_wconf 85' lang='lat' dir='ltr'><strong>concilio</strong></span> <span class='ocrx_word' id='word_1_559' title='bbox 3336 3891 3453 3946; x_wconf 86' lang='lat' dir='ltr'><strong>cap.</strong></span> 
     </span>
    </p>
   </div>
   <div class='ocr_carea' id='block_1_43' title="bbox 224 3962 3457 4038">
    <p class='ocr_par' dir='ltr' id='par_1_43' title="bbox 224 3962 3457 4038">
     <span class='ocr_line' id='line_1_43' title="bbox 224 3962 3457 4038; baseline -0.001 -17"><span class='ocrx_word' id='word_1_560' title='bbox 224 3984 359 4022; x_wconf 84' lang='lat' dir='ltr'><strong>nare</strong></span> <span class='ocrx_word' id='word_1_561' title='bbox 400 3967 659 4032; x_wconf 88' lang='lat' dir='ltr'><strong>Sabbata,</strong></span> <span class='ocrx_word' id='word_1_562' title='bbox 688 3984 753 4023; x_wconf 81' lang='lat' dir='ltr'><strong>ex</strong></span> <span class='ocrx_word' id='word_1_563' title='bbox 781 3984 884 4035; x_wconf 89' lang='lat' dir='ltr'><strong>qua</strong></span> <span class='ocrx_word' id='word_1_564' title='bbox 934 3978 1119 4023; x_wconf 88' lang='lat' dir='ltr'><strong>sancta</strong></span> <span class='ocrx_word' id='word_1_565' title='bbox 1152 3968 1423 4038; x_wconf 89' lang='lat' dir='ltr'><strong>Scriptura</strong></span> <span class='ocrx_word' id='word_1_566' title='bbox 1478 3970 1794 4037; x_wconf 90' lang='lat' dir='ltr'><strong>accepistis?</strong></span> <span class='ocrx_word' id='word_1_567' title='bbox 1896 3966 1962 4020; x_wconf 84' lang='grc'><strong>19</strong></span> <span class='ocrx_word' id='word_1_568' title='bbox 1989 3965 2113 4018; x_wconf 90' lang='lat' dir='ltr'><strong>talia</strong></span> <span class='ocrx_word' id='word_1_569' title='bbox 2144 3962 2374 4017; x_wconf 75' lang='lat' dir='ltr'><strong>eﬂ‘antur</strong></span> <span class='ocrx_word' id='word_1_570' title='bbox 2406 3982 2419 4016; x_wconf 89' lang='lat'><strong>:</strong></span> <span class='ocrx_word' id='word_1_571' title='bbox 2450 3981 2467 4014; x_wconf 74' lang='grc' dir='ltr'>ι</span> <span class='ocrx_word' id='word_1_572' title='bbox 2500 3962 2554 4017; x_wconf 90' lang='lat' dir='ltr'><strong>Si</strong></span> <span class='ocrx_word' id='word_1_573' title='bbox 2579 3964 2697 4032; x_wconf 84' lang='lat' dir='ltr'><strong>quis</strong></span> <span class='ocrx_word' id='word_1_574' title='bbox 2748 3964 3062 4018; x_wconf 69' lang='lat' dir='ltr'><strong>zontincntia</strong></span> <span class='ocrx_word' id='word_1_575' title='bbox 3112 3965 3227 4019; x_wconf 90' lang='lat' dir='ltr'><strong>sine</strong></span> <span class='ocrx_word' id='word_1_576' title='bbox 3271 3980 3457 4034; x_wconf 87' lang='lat' dir='ltr'><strong>corpo-</strong></span> 
     </span>
    </p>
   </div>
   <div class='ocr_carea' id='block_1_44' title="bbox 224 4054 3457 4127">
    <p class='ocr_par' dir='ltr' id='par_1_44' title="bbox 224 4054 3457 4127">
     <span class='ocr_line' id='line_1_44' title="bbox 224 4054 3457 4127; baseline 0 -16"><span class='ocrx_word' id='word_1_577' title='bbox 224 4059 305 4113; x_wconf 85' lang='lat' dir='ltr'><strong>Ab</strong></span> <span class='ocrx_word' id='word_1_578' title='bbox 338 4058 631 4127; x_wconf 86' lang='lat' dir='ltr'><strong>apostolis?</strong></span> <span class='ocrx_word' id='word_1_579' title='bbox 652 4057 1015 4126; x_wconf 83' lang='lat' dir='ltr'><strong>Nequaquam.</strong></span> <span class='ocrx_word' id='word_1_580' title='bbox 1063 4059 1434 4125; x_wconf 88' lang='lat' dir='ltr'><strong>Apostolorum</strong></span> <span class='ocrx_word' id='word_1_581' title='bbox 1485 4058 1712 4113; x_wconf 85' lang='lat' dir='ltr'><strong>vertices</strong></span> <span class='ocrx_word' id='word_1_582' title='bbox 1741 4059 1792 4110; x_wconf 89' lang='lat' dir='ltr'><strong>in</strong></span> <span class='ocrx_word' id='word_1_583' title='bbox 1896 4057 1995 4111; x_wconf 87' lang='lat' dir='ltr'><strong>rali</strong></span> <span class='ocrx_word' id='word_1_584' title='bbox 2022 4056 2344 4111; x_wconf 87' lang='lat' dir='ltr'><strong>necessitate</strong></span> <span class='ocrx_word' id='word_1_585' title='bbox 2369 4056 2542 4109; x_wconf 91' lang='lat' dir='ltr'><strong>elatus</strong></span> <span class='ocrx_word' id='word_1_586' title='bbox 2568 4054 2749 4120; x_wconf 80' lang='lat' dir='ltr'><strong>fuerit,</strong></span> <span class='ocrx_word' id='word_1_587' title='bbox 2779 4066 2832 4110; x_wconf 91' lang='lat' dir='ltr'><strong>et</strong></span> <span class='ocrx_word' id='word_1_588' title='bbox 2859 4056 3147 4110; x_wconf 86' lang='lat' dir='ltr'><strong>constituta</strong></span> <span class='ocrx_word' id='word_1_589' title='bbox 3178 4055 3379 4125; x_wconf 91' lang='lat' dir='ltr'><strong>jejttnia</strong></span> <span class='ocrx_word' id='word_1_590' title='bbox 3402 4057 3457 4112; x_wconf 88' lang='lat' dir='ltr'><strong>in</strong></span> 
     </span>
    </p>
   </div>
   <div class='ocr_carea' id='block_1_45' title="bbox 224 4143 3455 4216">
    <p class='ocr_par' dir='ltr' id='par_1_45' title="bbox 224 4143 3455 4216">
     <span class='ocr_line' id='line_1_45' title="bbox 224 4143 3455 4216; baseline -0.001 -15"><span class='ocrx_word' id='word_1_591' title='bbox 224 4150 420 4215; x_wconf 91' lang='lat' dir='ltr'><strong>quinto</strong></span> <span class='ocrx_word' id='word_1_592' title='bbox 455 4147 669 4215; x_wconf 87' lang='lat' dir='ltr'><strong>quidem</strong></span> <span class='ocrx_word' id='word_1_593' title='bbox 704 4148 839 4201; x_wconf 91' lang='lat' dir='ltr'><strong>libro</strong></span> <span class='ocrx_word' id='word_1_594' title='bbox 867 4148 1283 4211; x_wconf 84' lang='lat' dir='ltr'><strong>ordinationum,</strong></span> <span class='ocrx_word' id='word_1_595' title='bbox 1332 4148 1422 4215; x_wconf 89' lang='lat' dir='ltr'><strong>qui</strong></span> <span class='ocrx_word' id='word_1_596' title='bbox 1476 4149 1541 4200; x_wconf 88' lang='lat' dir='ltr'><strong>de</strong></span> <span class='ocrx_word' id='word_1_597' title='bbox 1596 4156 1794 4216; x_wconf 85' lang='lat' dir='ltr'><strong>marty-</strong></span> <span class='ocrx_word' id='word_1_598' title='bbox 1896 4160 2179 4200; x_wconf 89' lang='lat' dir='ltr'><strong>commune</strong></span> <span class='ocrx_word' id='word_1_599' title='bbox 2202 4143 2558 4199; x_wconf 87' lang='lat' dir='ltr'><strong>etobservata</strong></span> <span class='ocrx_word' id='word_1_600' title='bbox 2583 4144 2651 4197; x_wconf 90' lang='lat' dir='ltr'><strong>ab</strong></span> <span class='ocrx_word' id='word_1_601' title='bbox 2680 4144 2919 4198; x_wconf 88' lang='lat' dir='ltr'><strong>Ecclesia</strong></span> <span class='ocrx_word' id='word_1_602' title='bbox 2949 4143 3272 4210; x_wconf 85' lang='lat' dir='ltr'><strong>dissolverit,</strong></span> <span class='ocrx_word' id='word_1_603' title='bbox 3316 4160 3455 4214; x_wconf 61' lang='lat' dir='ltr'><strong>prae-</strong></span> 
     </span>
    </p>
   </div>
   <div class='ocr_carea' id='block_1_46' title="bbox 227 4233 3446 4305">
    <p class='ocr_par' dir='ltr' id='par_1_46' title="bbox 227 4233 3446 4305">
     <span class='ocr_line' id='line_1_46' title="bbox 227 4233 3446 4305; baseline -0.002 -16"><span class='ocrx_word' id='word_1_604' title='bbox 227 4235 377 4290; x_wconf 87' lang='lat' dir='ltr'><strong>ribus</strong></span> <span class='ocrx_word' id='word_1_605' title='bbox 406 4236 743 4298; x_wconf 81' lang='lat' dir='ltr'><strong>inscribitur,</strong></span> <span class='ocrx_word' id='word_1_606' title='bbox 775 4235 923 4303; x_wconf 75' lang='lat' dir='ltr'><strong>juxta</strong></span> <span class='ocrx_word' id='word_1_607' title='bbox 959 4235 1288 4289; x_wconf 87' lang='lat' dir='ltr'><strong>Clementem</strong></span> <span class='ocrx_word' id='word_1_608' title='bbox 1319 4254 1330 4287; x_wconf 88' lang='lat'>:</span> <span class='ocrx_word' id='word_1_609' title='bbox 1372 4254 1389 4285; x_wconf 86' lang='grc'><strong>‹</strong></span> <span class='ocrx_word' id='word_1_610' title='bbox 1427 4235 1681 4301; x_wconf 84' lang='lat' dir='ltr'><strong>Quartam</strong></span> <span class='ocrx_word' id='word_1_611' title='bbox 1720 4235 1794 4287; x_wconf 87' lang='lat' dir='ltr'><strong>fe-</strong></span> <span class='ocrx_word' id='word_1_612' title='bbox 1895 4239 2153 4291; x_wconf 82' lang='lat' dir='ltr'><strong>sumendo</strong></span> <span class='ocrx_word' id='word_1_613' title='bbox 2184 4237 2280 4290; x_wconf 90' lang='lat' dir='ltr'><strong>sibi</strong></span> <span class='ocrx_word' id='word_1_614' title='bbox 2304 4235 2592 4305; x_wconf 80' lang='lat' dir='ltr'><strong>perfectam</strong></span> <span class='ocrx_word' id='word_1_615' title='bbox 2624 4235 2907 4297; x_wconf 86' lang='lat' dir='ltr'><strong>rationem,</strong></span> <span class='ocrx_word' id='word_1_616' title='bbox 2955 4234 3238 4286; x_wconf 90' lang='lat' dir='ltr'><strong>anathema</strong></span> <span class='ocrx_word' id='word_1_617' title='bbox 3284 4233 3375 4286; x_wconf 88' lang='lat' dir='ltr'><strong>sit.</strong></span> <span class='ocrx_word' id='word_1_618' title='bbox 3428 4252 3446 4285; x_wconf 75' lang='grc' dir='ltr'><strong><em>ι</em></strong></span> 
     </span>
    </p>
   </div>
   <div class='ocr_carea' id='block_1_47' title="bbox 224 4321 3452 4395">
    <p class='ocr_par' dir='ltr' id='par_1_47' title="bbox 224 4321 3452 4395">
     <span class='ocr_line' id='line_1_47' title="bbox 224 4321 3452 4395; baseline 0.001 -21"><span class='ocrx_word' id='word_1_619' title='bbox 224 4326 361 4380; x_wconf 80' lang='lat' dir='ltr'><strong>riam</strong></span> <span class='ocrx_word' id='word_1_620' title='bbox 393 4333 453 4378; x_wconf 84' lang='lat' dir='ltr'><strong>et</strong></span> <span class='ocrx_word' id='word_1_621' title='bbox 482 4333 688 4377; x_wconf 83' lang='lat' dir='ltr'><strong>sextam</strong></span> <span class='ocrx_word' id='word_1_622' title='bbox 719 4323 971 4391; x_wconf 70' lang='lat' dir='ltr'><strong>praecepit</strong></span> <span class='ocrx_word' id='word_1_623' title='bbox 1024 4324 1175 4377; x_wconf 86' lang='lat' dir='ltr'><strong>nobis</strong></span> <span class='ocrx_word' id='word_1_624' title='bbox 1229 4321 1472 4393; x_wconf 79' lang='lat' dir='ltr'><strong>jejunure</strong></span> <span class='ocrx_word' id='word_1_625' title='bbox 1516 4324 1793 4385; x_wconf 82' lang='lat' dir='ltr'><strong>Dominus.</strong></span> <span class='ocrx_word' id='word_1_626' title='bbox 1898 4327 2154 4381; x_wconf 90' lang='lat' dir='ltr'><strong>Similiter</strong></span> <span class='ocrx_word' id='word_1_627' title='bbox 2202 4326 2386 4380; x_wconf 90' lang='lat' dir='ltr'><strong>Patres</strong></span> <span class='ocrx_word' id='word_1_628' title='bbox 2412 4326 2501 4395; x_wconf 90' lang='lat' dir='ltr'><strong>qui</strong></span> <span class='ocrx_word' id='word_1_629' title='bbox 2546 4326 2599 4379; x_wconf 91' lang='lat' dir='ltr'><strong>in</strong></span> <span class='ocrx_word' id='word_1_630' title='bbox 2647 4324 2957 4379; x_wconf 88' lang='lat' dir='ltr'><strong>Laodicensi</strong></span> <span class='ocrx_word' id='word_1_631' title='bbox 3003 4323 3150 4378; x_wconf 90' lang='lat' dir='ltr'><strong>fuere</strong></span> <span class='ocrx_word' id='word_1_632' title='bbox 3204 4324 3452 4391; x_wconf 90' lang='lat' dir='ltr'><strong>concilio,</strong></span> 
     </span>
    </p>
   </div>
   <div class='ocr_carea' id='block_1_48' title="bbox 228 4412 3451 4483">
    <p class='ocr_par' dir='ltr' id='par_1_48' title="bbox 228 4412 3451 4483">
     <span class='ocr_line' id='line_1_48' title="bbox 228 4412 3451 4483; baseline -0.001 -14"><span class='ocrx_word' id='word_1_633' title='bbox 228 4415 403 4469; x_wconf 82' lang='lat' dir='ltr'><strong>Unam</strong></span> <span class='ocrx_word' id='word_1_634' title='bbox 447 4413 663 4481; x_wconf 83' lang='lat' dir='ltr'><strong>quidem</strong></span> <span class='ocrx_word' id='word_1_635' title='bbox 702 4422 921 4480; x_wconf 82' lang='lat' dir='ltr'><strong>propter</strong></span> <span class='ocrx_word' id='word_1_636' title='bbox 978 4412 1344 4475; x_wconf 87' lang='lat' dir='ltr'><strong>traditionem,</strong></span> <span class='ocrx_word' id='word_1_637' title='bbox 1402 4412 1623 4465; x_wconf 87' lang='lat' dir='ltr'><strong>alteram</strong></span> <span class='ocrx_word' id='word_1_638' title='bbox 1672 4426 1795 4480; x_wconf 91' lang='lat' dir='ltr'><strong>pro--</strong></span> <span class='ocrx_word' id='word_1_639' title='bbox 1826 4474 1863 4483; x_wconf 34' lang='grc' dir='ltr'><strong><em>ᾳ</em></strong></span> <span class='ocrx_word' id='word_1_640' title='bbox 1897 4415 2187 4470; x_wconf 88' lang='lat' dir='ltr'><strong>secundum</strong></span> <span class='ocrx_word' id='word_1_641' title='bbox 2219 4415 2716 4483; x_wconf 80' lang='lat' dir='ltr'><strong>quinquagesimum</strong></span> <span class='ocrx_word' id='word_1_642' title='bbox 2743 4426 3003 4466; x_wconf 90' lang='lat' dir='ltr'><strong>canonem</strong></span> <span class='ocrx_word' id='word_1_643' title='bbox 3033 4413 3111 4468; x_wconf 89' lang='lat' dir='ltr'><strong>sic</strong></span> <span class='ocrx_word' id='word_1_644' title='bbox 3132 4412 3278 4467; x_wconf 82' lang='lat' dir='ltr'><strong>efl&#39;ati</strong></span> <span class='ocrx_word' id='word_1_645' title='bbox 3304 4423 3451 4468; x_wconf 89' lang='lat' dir='ltr'><strong>sunt:</strong></span> 
     </span>
    </p>
   </div>
   <div class='ocr_carea' id='block_1_49' title="bbox 222 4474 3454 4572">
    <p class='ocr_par' dir='ltr' id='par_1_49' title="bbox 222 4474 3454 4572">
     <span class='ocr_line' id='line_1_49' title="bbox 222 4474 3454 4572; baseline 0.001 -18"><span class='ocrx_word' id='word_1_646' title='bbox 222 4513 344 4571; x_wconf 88' lang='lat' dir='ltr'><strong>pter</strong></span> <span class='ocrx_word' id='word_1_647' title='bbox 400 4501 729 4569; x_wconf 83' lang='lat' dir='ltr'><strong>passionem.</strong></span> <span class='ocrx_word' id='word_1_648' title='bbox 772 4501 944 4568; x_wconf 89' lang='lat' dir='ltr'><strong>Ipsum</strong></span> <span class='ocrx_word' id='word_1_649' title='bbox 986 4510 1161 4553; x_wconf 81' lang='lat' dir='ltr'><strong>autem</strong></span> <span class='ocrx_word' id='word_1_650' title='bbox 1193 4474 1482 4554; x_wconf 88' lang='lat' dir='ltr'><strong>Sabbatum</strong></span> <span class='ocrx_word' id='word_1_651' title='bbox 1538 4517 1640 4555; x_wconf 91' lang='lat' dir='ltr'><strong>non</strong></span> <span class='ocrx_word' id='word_1_652' title='bbox 1674 4474 1789 4553; x_wconf 72' lang='lat' dir='ltr'><strong>tra-</strong></span> <span class='ocrx_word' id='word_1_653' title='bbox 1826 4474 1871 4532; x_wconf 72' lang='grc' dir='ltr'>ί)</span> <span class='ocrx_word' id='word_1_654' title='bbox 1904 4521 1920 4553; x_wconf 76' lang='lat' dir='ltr'><strong>t</strong></span> <span class='ocrx_word' id='word_1_655' title='bbox 1956 4503 2090 4569; x_wconf 82' lang='lat' dir='ltr'><strong>Quia</strong></span> <span class='ocrx_word' id='word_1_656' title='bbox 2117 4474 2532 4572; x_wconf 51' lang='lat' dir='ltr'><strong>nonoportet—in</strong></span> <span class='ocrx_word' id='word_1_657' title='bbox 2569 4501 2987 4570; x_wconf 83' lang='lat' dir='ltr'><strong>Quadragesima</strong></span> <span class='ocrx_word' id='word_1_658' title='bbox 3015 4511 3306 4572; x_wconf 88' lang='lat' dir='ltr'><strong>martyrum</strong></span> <span class='ocrx_word' id='word_1_659' title='bbox 3351 4518 3454 4556; x_wconf 81' lang='lat' dir='ltr'><strong>na-</strong></span> 
     </span>
    </p>
   </div>
   <div class='ocr_carea' id='block_1_50' title="bbox 226 4587 3451 4659">
    <p class='ocr_par' dir='ltr' id='par_1_50' title="bbox 226 4587 3451 4659">
     <span class='ocr_line' id='line_1_50' title="bbox 226 4587 3451 4659; baseline 0.001 -16"><span class='ocrx_word' id='word_1_660' title='bbox 226 4591 363 4644; x_wconf 85' lang='lat' dir='ltr'><strong>tlidit</strong></span> <span class='ocrx_word' id='word_1_661' title='bbox 422 4589 581 4643; x_wconf 90' lang='lat' dir='ltr'><strong>nobis</strong></span> <span class='ocrx_word' id='word_1_662' title='bbox 628 4587 890 4655; x_wconf 77' lang='lat' dir='ltr'><strong>jejunare,</strong></span> <span class='ocrx_word' id='word_1_663' title='bbox 931 4590 1180 4655; x_wconf 88' lang='lat' dir='ltr'><strong>quoniam</strong></span> <span class='ocrx_word' id='word_1_664' title='bbox 1236 4604 1339 4642; x_wconf 92' lang='lat' dir='ltr'><strong>non</strong></span> <span class='ocrx_word' id='word_1_665' title='bbox 1389 4600 1618 4659; x_wconf 90' lang='lat' dir='ltr'><strong>oportet,</strong></span> <span class='ocrx_word' id='word_1_666' title='bbox 1673 4605 1796 4659; x_wconf 88' lang='lat' dir='ltr'><strong>pro—</strong></span> <span class='ocrx_word' id='word_1_667' title='bbox 1899 4593 2066 4647; x_wconf 86' lang='lat' dir='ltr'><strong>talitia</strong></span> <span class='ocrx_word' id='word_1_668' title='bbox 2092 4593 2502 4656; x_wconf 83' lang='lat' dir='ltr'><strong>celebrare,sed</strong></span> <span class='ocrx_word' id='word_1_669' title='bbox 2532 4601 2840 4646; x_wconf 90' lang='lat' dir='ltr'><strong>sanctorum</strong></span> <span class='ocrx_word' id='word_1_670' title='bbox 2890 4593 3451 4648; x_wconf 86' lang='lat' dir='ltr'><strong>commemorationem</strong></span> 
     </span>
    </p>
   </div>
   <div class='ocr_carea' id='block_1_51' title="bbox 224 4679 3450 4750">
    <p class='ocr_par' dir='ltr' id='par_1_51' title="bbox 224 4679 3450 4750">
     <span class='ocr_line' id='line_1_51' title="bbox 224 4679 3450 4750; baseline 0.001 -20"><span class='ocrx_word' id='word_1_671' title='bbox 224 4690 342 4745; x_wconf 68' lang='lat' dir='ltr'><strong>pter</strong></span> <span class='ocrx_word' id='word_1_672' title='bbox 378 4680 513 4733; x_wconf 82' lang='lat' dir='ltr'><strong>illud</strong></span> <span class='ocrx_word' id='word_1_673' title='bbox 537 4679 727 4742; x_wconf 91' lang='lat' dir='ltr'><strong>solum,</strong></span> <span class='ocrx_word' id='word_1_674' title='bbox 764 4679 947 4747; x_wconf 92' lang='lat' dir='ltr'><strong>inquo</strong></span> <span class='ocrx_word' id='word_1_675' title='bbox 985 4679 1211 4732; x_wconf 75' lang='lat' dir='ltr'><strong>(ircator</strong></span> <span class='ocrx_word' id='word_1_676' title='bbox 1257 4682 1493 4733; x_wconf 85' lang='lat' dir='ltr'><strong>omnium</strong></span> <span class='ocrx_word' id='word_1_677' title='bbox 1520 4682 1617 4733; x_wconf 88' lang='lat' dir='ltr'><strong>sub</strong></span> <span class='ocrx_word' id='word_1_678' title='bbox 1650 4691 1790 4733; x_wconf 91' lang='lat' dir='ltr'><strong>terra</strong></span> <span class='ocrx_word' id='word_1_679' title='bbox 1897 4681 2073 4735; x_wconf 82' lang='lat' dir='ltr'><strong>facere</strong></span> <span class='ocrx_word' id='word_1_680' title='bbox 2101 4680 2151 4733; x_wconf 90' lang='lat' dir='ltr'><strong>in</strong></span> <span class='ocrx_word' id='word_1_681' title='bbox 2186 4680 2431 4734; x_wconf 87' lang='lat' dir='ltr'><strong>Sabbatis</strong></span> <span class='ocrx_word' id='word_1_682' title='bbox 2457 4689 2510 4733; x_wconf 90' lang='lat' dir='ltr'><strong>et</strong></span> <span class='ocrx_word' id='word_1_683' title='bbox 2548 4680 2839 4735; x_wconf 84' lang='lat' dir='ltr'><strong>Dominicis</strong></span> <span class='ocrx_word' id='word_1_684' title='bbox 2890 4681 3094 4734; x_wconf 90' lang='lat' dir='ltr'><strong>diebus.</strong></span> <span class='ocrx_word' id='word_1_685' title='bbox 3124 4699 3140 4730; x_wconf 72' lang='grc' dir='ltr'><strong><em>ι</em></strong></span> <span class='ocrx_word' id='word_1_686' title='bbox 3203 4682 3265 4734; x_wconf 86' lang='lat' dir='ltr'><strong>Et</strong></span> <span class='ocrx_word' id='word_1_687' title='bbox 3298 4682 3450 4750; x_wconf 82' lang='lat' dir='ltr'><strong>juxta</strong></span> 
     </span>
    </p>
   </div>
   <div class='ocr_carea' id='block_1_52' title="bbox 224 4766 3448 4840">
    <p class='ocr_par' dir='ltr' id='par_1_52' title="bbox 224 4766 3448 4840">
     <span class='ocr_line' id='line_1_52' title="bbox 224 4766 3448 4840; baseline 0.001 -18"><span class='ocrx_word' id='word_1_688' title='bbox 224 4770 343 4822; x_wconf 87' lang='lat' dir='ltr'><strong>fuit.</strong></span> <span class='ocrx_word' id='word_1_689' title='bbox 386 4788 403 4818; x_wconf 74' lang='grc' dir='ltr'><strong><em>ι</em></strong></span> <span class='ocrx_word' id='word_1_690' title='bbox 454 4766 799 4833; x_wconf 85' lang='lat' dir='ltr'><strong>Unde,juxta</strong></span> <span class='ocrx_word' id='word_1_691' title='bbox 828 4768 1027 4821; x_wconf 82' lang='lat' dir='ltr'><strong>calcem</strong></span> <span class='ocrx_word' id='word_1_692' title='bbox 1062 4768 1299 4836; x_wconf 88' lang='lat' dir='ltr'><strong>ejusdem</strong></span> <span class='ocrx_word' id='word_1_693' title='bbox 1326 4769 1469 4829; x_wconf 85' lang='lat' dir='ltr'><strong>libri,</strong></span> <span class='ocrx_word' id='word_1_694' title='bbox 1497 4770 1688 4823; x_wconf 87' lang='lat' dir='ltr'><strong>iterum</strong></span> <span class='ocrx_word' id='word_1_695' title='bbox 1718 4772 1794 4825; x_wconf 89' lang='lat' dir='ltr'><strong>sic</strong></span> <span class='ocrx_word' id='word_1_696' title='bbox 1895 4771 2357 4840; x_wconf 78' lang='lat' dir='ltr'><strong>quadragesimum</strong></span> <span class='ocrx_word' id='word_1_697' title='bbox 2387 4779 2633 4823; x_wconf 88' lang='lat' dir='ltr'><strong>octavum</strong></span> <span class='ocrx_word' id='word_1_698' title='bbox 2667 4783 2923 4823; x_wconf 87' lang='lat' dir='ltr'><strong>canonem</strong></span> <span class='ocrx_word' id='word_1_699' title='bbox 2954 4769 3079 4821; x_wconf 87' lang='lat' dir='ltr'><strong>item</strong></span> <span class='ocrx_word' id='word_1_700' title='bbox 3109 4769 3259 4822; x_wconf 88' lang='lat' dir='ltr'><strong>aiunt</strong></span> <span class='ocrx_word' id='word_1_701' title='bbox 3308 4770 3405 4837; x_wconf 90' lang='lat' dir='ltr'><strong>ipsi</strong></span> <span class='ocrx_word' id='word_1_702' title='bbox 3434 4788 3448 4825; x_wconf 89' lang='lat'><strong>:</strong></span> 
     </span>
    </p>
   </div>
   <div class='ocr_carea' id='block_1_53' title="bbox 223 4854 3449 4929">
    <p class='ocr_par' dir='ltr' id='par_1_53' title="bbox 223 4854 3449 4929">
     <span class='ocr_line' id='line_1_53' title="bbox 223 4854 3449 4929; baseline 0.002 -20"><span class='ocrx_word' id='word_1_703' title='bbox 223 4857 469 4925; x_wconf 88' lang='lat' dir='ltr'><strong>loquitur</strong></span> <span class='ocrx_word' id='word_1_704' title='bbox 497 4873 508 4906; x_wconf 91' lang='lat'>:</span> <span class='ocrx_word' id='word_1_705' title='bbox 549 4874 567 4905; x_wconf 85' lang='grc'><strong>‹</strong></span> <span class='ocrx_word' id='word_1_706' title='bbox 598 4855 766 4908; x_wconf 87' lang='lat' dir='ltr'><strong>Omne</strong></span> <span class='ocrx_word' id='word_1_707' title='bbox 796 4854 1007 4923; x_wconf 87' lang='lat' dir='ltr'><strong>quidem</strong></span> <span class='ocrx_word' id='word_1_708' title='bbox 1046 4854 1335 4909; x_wconf 89' lang='lat' dir='ltr'><strong>Sabbatnm</strong></span> <span class='ocrx_word' id='word_1_709' title='bbox 1364 4864 1417 4910; x_wconf 91' lang='lat' dir='ltr'><strong>et</strong></span> <span class='ocrx_word' id='word_1_710' title='bbox 1443 4872 1655 4911; x_wconf 88' lang='lat' dir='ltr'><strong>omnem</strong></span> <span class='ocrx_word' id='word_1_711' title='bbox 1686 4858 1790 4911; x_wconf 91' lang='lat' dir='ltr'><strong>Do-</strong></span> <span class='ocrx_word' id='word_1_712' title='bbox 1900 4880 1917 4912; x_wconf 71' lang='grc' dir='ltr'><strong>ε</strong></span> <span class='ocrx_word' id='word_1_713' title='bbox 1950 4862 2100 4928; x_wconf 87' lang='lat' dir='ltr'><strong>Quod</strong></span> <span class='ocrx_word' id='word_1_714' title='bbox 2132 4877 2233 4914; x_wconf 90' lang='lat' dir='ltr'><strong>non</strong></span> <span class='ocrx_word' id='word_1_715' title='bbox 2266 4861 2415 4914; x_wconf 86' lang='lat' dir='ltr'><strong>decet</strong></span> <span class='ocrx_word' id='word_1_716' title='bbox 2447 4861 2497 4912; x_wconf 81' lang='lat' dir='ltr'><strong>in</strong></span> <span class='ocrx_word' id='word_1_717' title='bbox 2529 4860 2944 4929; x_wconf 82' lang='lat' dir='ltr'><strong>Quadragesima</strong></span> <span class='ocrx_word' id='word_1_718' title='bbox 2984 4874 3197 4920; x_wconf 86' lang='lat' dir='ltr'><strong>panem</strong></span> <span class='ocrx_word' id='word_1_719' title='bbox 3233 4860 3449 4927; x_wconf 79' lang='lat' dir='ltr'><strong>offerre,</strong></span> 
     </span>
    </p>
   </div>
   <div class='ocr_carea' id='block_1_54' title="bbox 225 4942 2931 5006">
    <p class='ocr_par' dir='ltr' id='par_1_54' title="bbox 225 4942 2931 5006">
     <span class='ocr_line' id='line_1_54' title="bbox 225 4942 2931 5006; baseline 0.002 -11"><span class='ocrx_word' id='word_1_720' title='bbox 225 4944 489 4997; x_wconf 90' lang='lat' dir='ltr'><strong>tninicum</strong></span> <span class='ocrx_word' id='word_1_721' title='bbox 523 4942 897 4996; x_wconf 90' lang='lat' dir='ltr'><strong>celebrandum</strong></span> <span class='ocrx_word' id='word_1_722' title='bbox 921 4958 1038 4997; x_wconf 91' lang='lat' dir='ltr'><strong>esse</strong></span> <span class='ocrx_word' id='word_1_723' title='bbox 1068 4944 1313 4997; x_wconf 89' lang='lat' dir='ltr'><strong>dicimus.</strong></span> <span class='ocrx_word' id='word_1_724' title='bbox 1355 4943 1601 4999; x_wconf 89' lang='lat' dir='ltr'><strong>Gaudere</strong></span> <span class='ocrx_word' id='word_1_725' title='bbox 1649 4946 1798 4999; x_wconf 87' lang='lat' dir='ltr'><strong>enim</strong></span> <span class='ocrx_word' id='word_1_726' title='bbox 1899 4952 1999 5006; x_wconf 79' lang='lat' dir='ltr'><strong>nisi</strong></span> <span class='ocrx_word' id='word_1_727' title='bbox 2026 4952 2076 5004; x_wconf 80' lang='lat' dir='ltr'><strong>in</strong></span> <span class='ocrx_word' id='word_1_728' title='bbox 2110 4951 2344 5005; x_wconf 82' lang='lat' dir='ltr'><strong>Sabbato</strong></span> <span class='ocrx_word' id='word_1_729' title='bbox 2371 4960 2427 5004; x_wconf 85' lang='lat' dir='ltr'><strong>et</strong></span> <span class='ocrx_word' id='word_1_730' title='bbox 2448 4950 2721 5004; x_wconf 88' lang='lat' dir='ltr'><strong>Dominico</strong></span> <span class='ocrx_word' id='word_1_731' title='bbox 2745 4949 2876 5003; x_wconf 86' lang='lat' dir='ltr'><strong>solo.</strong></span> <span class='ocrx_word' id='word_1_732' title='bbox 2912 4968 2931 4999; x_wconf 72' lang='grc' dir='ltr'><strong><em>ι</em></strong></span> 
     </span>
    </p>
   </div>
   <div class='ocr_carea' id='block_1_55' title="bbox 223 5033 3447 5109">
    <p class='ocr_par' dir='ltr' id='par_1_55' title="bbox 223 5033 3447 5109">
     <span class='ocr_line' id='line_1_55' title="bbox 223 5033 3447 5109; baseline 0.002 -20"><span class='ocrx_word' id='word_1_733' title='bbox 223 5042 447 5104; x_wconf 83' lang='lat' dir='ltr'><strong>oportet</strong></span> <span class='ocrx_word' id='word_1_734' title='bbox 476 5034 529 5086; x_wconf 94' lang='lat' dir='ltr'><strong>in</strong></span> <span class='ocrx_word' id='word_1_735' title='bbox 550 5033 633 5087; x_wconf 92' lang='lat' dir='ltr'><strong>bis</strong></span> <span class='ocrx_word' id='word_1_736' title='bbox 658 5041 713 5087; x_wconf 92' lang='lat' dir='ltr'><strong>et</strong></span> <span class='ocrx_word' id='word_1_737' title='bbox 746 5048 849 5087; x_wconf 88' lang='lat' dir='ltr'><strong>non</strong></span> <span class='ocrx_word' id='word_1_738' title='bbox 880 5034 1081 5103; x_wconf 83' lang='lat' dir='ltr'><strong>lugere.</strong></span> <span class='ocrx_word' id='word_1_739' title='bbox 1121 5053 1139 5083; x_wconf 73' lang='grc' dir='ltr'><strong>ι</strong></span> <span class='ocrx_word' id='word_1_740' title='bbox 1191 5033 1428 5102; x_wconf 90' lang='lat' dir='ltr'><strong>Septimo</strong></span> <span class='ocrx_word' id='word_1_741' title='bbox 1461 5038 1672 5105; x_wconf 82' lang='lat' dir='ltr'><strong>quidem</strong></span> <span class='ocrx_word' id='word_1_742' title='bbox 1725 5037 1791 5090; x_wconf 86' lang='lat' dir='ltr'><strong>li-</strong></span> <span class='ocrx_word' id='word_1_743' title='bbox 1966 5040 2099 5094; x_wconf 73' lang='lat' dir='ltr'><strong>XIV.</strong></span> <span class='ocrx_word' id='word_1_744' title='bbox 2140 5041 2206 5094; x_wconf 89' lang='lat' dir='ltr'><strong>Et</strong></span> <span class='ocrx_word' id='word_1_745' title='bbox 2228 5041 2314 5109; x_wconf 90' lang='lat' dir='ltr'><strong>qui</strong></span> <span class='ocrx_word' id='word_1_746' title='bbox 2346 5040 2397 5092; x_wconf 92' lang='lat' dir='ltr'><strong>in</strong></span> <span class='ocrx_word' id='word_1_747' title='bbox 2424 5048 2575 5093; x_wconf 83' lang='lat' dir='ltr'><strong>sexto</strong></span> <span class='ocrx_word' id='word_1_748' title='bbox 2598 5039 2881 5093; x_wconf 90' lang='lat' dir='ltr'><strong>universali</strong></span> <span class='ocrx_word' id='word_1_749' title='bbox 2912 5040 3136 5095; x_wconf 85' lang='lat' dir='ltr'><strong>concilio</strong></span> <span class='ocrx_word' id='word_1_750' title='bbox 3186 5056 3447 5096; x_wconf 72' lang='lat' dir='ltr'><strong>convene-</strong></span> 
     </span>
    </p>
   </div>
   <div class='ocr_carea' id='block_1_56' title="bbox 222 5123 3447 5199">
    <p class='ocr_par' dir='ltr' id='par_1_56' title="bbox 222 5123 3447 5199">
     <span class='ocr_line' id='line_1_56' title="bbox 222 5123 3447 5199; baseline 0.002 -21"><span class='ocrx_word' id='word_1_751' title='bbox 222 5127 320 5179; x_wconf 88' lang='lat' dir='ltr'><strong>bro</strong></span> <span class='ocrx_word' id='word_1_752' title='bbox 359 5138 556 5177; x_wconf 90' lang='lat' dir='ltr'><strong>earum</strong></span> <span class='ocrx_word' id='word_1_753' title='bbox 579 5123 1177 5190; x_wconf 77' lang='lat' dir='ltr'><strong>constitutionntnjuxta</strong></span> <span class='ocrx_word' id='word_1_754' title='bbox 1209 5126 1515 5179; x_wconf 79' lang='lat' dir='ltr'><strong>vicesimum</strong></span> <span class='ocrx_word' id='word_1_755' title='bbox 1543 5138 1790 5195; x_wconf 89' lang='lat' dir='ltr'><strong>quartum</strong></span> <span class='ocrx_word' id='word_1_756' title='bbox 1897 5140 2018 5183; x_wconf 88' lang='lat' dir='ltr'><strong>runt</strong></span> <span class='ocrx_word' id='word_1_757' title='bbox 2047 5129 2231 5183; x_wconf 86' lang='lat' dir='ltr'><strong>Patres</strong></span> <span class='ocrx_word' id='word_1_758' title='bbox 2255 5127 2661 5195; x_wconf 71' lang='lat' dir='ltr'><strong>similiter-juxta</strong></span> <span class='ocrx_word' id='word_1_759' title='bbox 2713 5130 3206 5199; x_wconf 77' lang='lat' dir='ltr'><strong>quinquagesimum</strong></span> <span class='ocrx_word' id='word_1_760' title='bbox 3259 5146 3447 5185; x_wconf 83' lang='lat' dir='ltr'><strong>secun-</strong></span> 
     </span>
    </p>
   </div>
   <div class='ocr_carea' id='block_1_57' title="bbox 222 5212 3448 5291">
    <p class='ocr_par' dir='ltr' id='par_1_57' title="bbox 222 5212 3448 5291">
     <span class='ocr_line' id='line_1_57' title="bbox 222 5212 3448 5291; baseline 0.003 -24"><span class='ocrx_word' id='word_1_761' title='bbox 222 5223 386 5283; x_wconf 87' lang='lat' dir='ltr'><strong>caput</strong></span> <span class='ocrx_word' id='word_1_762' title='bbox 428 5213 533 5265; x_wconf 80' lang='lat' dir='ltr'><strong>hoc</strong></span> <span class='ocrx_word' id='word_1_763' title='bbox 562 5212 844 5279; x_wconf 78' lang='lat' dir='ltr'><strong>inquiunt:</strong></span> <span class='ocrx_word' id='word_1_764' title='bbox 876 5232 893 5264; x_wconf 78' lang='lat' dir='ltr'><strong>t</strong></span> <span class='ocrx_word' id='word_1_765' title='bbox 921 5212 1211 5265; x_wconf 75' lang='lat' dir='ltr'><strong>Sabbatnm</strong></span> <span class='ocrx_word' id='word_1_766' title='bbox 1235 5229 1463 5282; x_wconf 80' lang='lat' dir='ltr'><strong>namque</strong></span> <span class='ocrx_word' id='word_1_767' title='bbox 1511 5225 1566 5269; x_wconf 85' lang='lat' dir='ltr'><strong>et</strong></span> <span class='ocrx_word' id='word_1_768' title='bbox 1615 5217 1787 5269; x_wconf 87' lang='lat' dir='ltr'><strong>Domi-</strong></span> <span class='ocrx_word' id='word_1_769' title='bbox 1894 5223 2017 5275; x_wconf 84' lang='lat' dir='ltr'><strong>dum</strong></span> <span class='ocrx_word' id='word_1_770' title='bbox 2041 5235 2297 5273; x_wconf 89' lang='lat' dir='ltr'><strong>canonem</strong></span> <span class='ocrx_word' id='word_1_771' title='bbox 2328 5220 2570 5273; x_wconf 90' lang='lat' dir='ltr'><strong>sanciunt</strong></span> <span class='ocrx_word' id='word_1_772' title='bbox 2623 5235 2741 5273; x_wconf 89' lang='lat' dir='ltr'><strong>cum</strong></span> <span class='ocrx_word' id='word_1_773' title='bbox 2787 5221 3123 5275; x_wconf 87' lang='lat' dir='ltr'><strong>sanctissimo</strong></span> <span class='ocrx_word' id='word_1_774' title='bbox 3174 5221 3448 5291; x_wconf 87' lang='lat' dir='ltr'><strong>Agathone</strong></span> 
     </span>
    </p>
   </div>
   <div class='ocr_carea' id='block_1_58' title="bbox 224 5301 3444 5383">
    <p class='ocr_par' dir='ltr' id='par_1_58' title="bbox 224 5301 3444 5383">
     <span class='ocr_line' id='line_1_58' title="bbox 224 5301 3444 5383; baseline 0.003 -28"><span class='ocrx_word' id='word_1_775' title='bbox 224 5303 407 5357; x_wconf 66' lang='lat' dir='ltr'><strong>nicum</strong></span> <span class='ocrx_word' id='word_1_776' title='bbox 434 5301 796 5366; x_wconf 88' lang='lat' dir='ltr'><strong>celebramus,</strong></span> <span class='ocrx_word' id='word_1_777' title='bbox 826 5303 946 5371; x_wconf 85' lang='lat' dir='ltr'><strong>quia</strong></span> <span class='ocrx_word' id='word_1_778' title='bbox 978 5303 1101 5356; x_wconf 89' lang='lat' dir='ltr'><strong>illud</strong></span> <span class='ocrx_word' id='word_1_779' title='bbox 1135 5304 1344 5370; x_wconf 88' lang='lat' dir='ltr'><strong>quidem</strong></span> <span class='ocrx_word' id='word_1_780' title='bbox 1365 5305 1557 5358; x_wconf 73' lang='lat' dir='ltr'><strong>divina:</strong></span> <span class='ocrx_word' id='word_1_781' title='bbox 1604 5321 1792 5373; x_wconf 87' lang='lat' dir='ltr'><strong>opera-</strong></span> <span class='ocrx_word' id='word_1_782' title='bbox 1891 5326 2026 5378; x_wconf 82' lang='lat' dir='ltr'><strong>papa</strong></span> <span class='ocrx_word' id='word_1_783' title='bbox 2060 5310 2270 5364; x_wconf 89' lang='lat' dir='ltr'><strong>dicente</strong></span> <span class='ocrx_word' id='word_1_784' title='bbox 2299 5309 2375 5364; x_wconf 90' lang='lat' dir='ltr'><strong>sic</strong></span> <span class='ocrx_word' id='word_1_785' title='bbox 2404 5326 2417 5360; x_wconf 90' lang='lat'><strong>:</strong></span> <span class='ocrx_word' id='word_1_786' title='bbox 2460 5328 2475 5359; x_wconf 75' lang='grc' dir='ltr'>ι</span> <span class='ocrx_word' id='word_1_787' title='bbox 2505 5308 2559 5361; x_wconf 89' lang='lat' dir='ltr'><strong>In</strong></span> <span class='ocrx_word' id='word_1_788' title='bbox 2609 5310 2855 5363; x_wconf 86' lang='lat' dir='ltr'><strong>omnibus</strong></span> <span class='ocrx_word' id='word_1_789' title='bbox 2898 5311 3095 5365; x_wconf 86' lang='lat' dir='ltr'><strong>sanctis</strong></span> <span class='ocrx_word' id='word_1_790' title='bbox 3144 5309 3444 5383; x_wconf 81' lang='lat' dir='ltr'><strong>Quadrage-</strong></span> 
     </span>
    </p>
   </div>
   <div class='ocr_carea' id='block_1_59' title="bbox 225 5389 3451 5468">
    <p class='ocr_par' dir='ltr' id='par_1_59' title="bbox 225 5389 3451 5468">
     <span class='ocr_line' id='line_1_59' title="bbox 225 5389 3451 5468; baseline 0.002 -21"><span class='ocrx_word' id='word_1_791' title='bbox 225 5393 390 5447; x_wconf 76' lang='lat' dir='ltr'><strong>tionis</strong></span> <span class='ocrx_word' id='word_1_792' title='bbox 418 5398 506 5444; x_wconf 89' lang='lat' dir='ltr'><strong>est</strong></span> <span class='ocrx_word' id='word_1_793' title='bbox 528 5390 813 5455; x_wconf 89' lang='lat' dir='ltr'><strong>memoria;</strong></span> <span class='ocrx_word' id='word_1_794' title='bbox 844 5389 932 5443; x_wconf 90' lang='lat' dir='ltr'><strong>hic</strong></span> <span class='ocrx_word' id='word_1_795' title='bbox 978 5406 1104 5445; x_wconf 85' lang='lat' dir='ltr'><strong>vero</strong></span> <span class='ocrx_word' id='word_1_796' title='bbox 1133 5393 1560 5446; x_wconf 83' lang='lat' dir='ltr'><strong>resurrectionis.</strong></span> <span class='ocrx_word' id='word_1_797' title='bbox 1617 5393 1788 5447; x_wconf 87' lang='lat' dir='ltr'><strong>Unum</strong></span> <span class='ocrx_word' id='word_1_798' title='bbox 1892 5400 2038 5453; x_wconf 66' lang='lat' dir='ltr'><strong>sima:</strong></span> <span class='ocrx_word' id='word_1_799' title='bbox 2068 5399 2387 5468; x_wconf 80' lang='lat' dir='ltr'><strong>jejuniorum</strong></span> <span class='ocrx_word' id='word_1_800' title='bbox 2420 5400 2622 5465; x_wconf 89' lang='lat' dir='ltr'><strong>diebus,</strong></span> <span class='ocrx_word' id='word_1_801' title='bbox 2655 5401 2768 5453; x_wconf 89' lang='lat' dir='ltr'><strong>sine</strong></span> <span class='ocrx_word' id='word_1_802' title='bbox 2795 5400 3031 5456; x_wconf 90' lang='lat' dir='ltr'><strong>Sabbato</strong></span> <span class='ocrx_word' id='word_1_803' title='bbox 3060 5411 3115 5457; x_wconf 86' lang='lat' dir='ltr'><strong>et</strong></span> <span class='ocrx_word' id='word_1_804' title='bbox 3168 5404 3451 5459; x_wconf 88' lang='lat' dir='ltr'><strong>Dominico</strong></span> 
     </span>
    </p>
   </div>
   <div class='ocr_carea' id='block_1_60' title="bbox 225 5478 3442 5555">
    <p class='ocr_par' dir='ltr' id='par_1_60' title="bbox 225 5478 3442 5555">
     <span class='ocr_line' id='line_1_60' title="bbox 225 5478 3442 5555; baseline 0.003 -19"><span class='ocrx_word' id='word_1_805' title='bbox 225 5496 355 5536; x_wconf 71' lang='lat' dir='ltr'><strong>vero</strong></span> <span class='ocrx_word' id='word_1_806' title='bbox 404 5487 620 5532; x_wconf 86' lang='lat' dir='ltr'><strong>tantum</strong></span> <span class='ocrx_word' id='word_1_807' title='bbox 666 5478 954 5531; x_wconf 85' lang='lat' dir='ltr'><strong>Sabbatnm</strong></span> <span class='ocrx_word' id='word_1_808' title='bbox 1001 5480 1403 5535; x_wconf 86' lang='lat' dir='ltr'><strong>custodiendum</strong></span> <span class='ocrx_word' id='word_1_809' title='bbox 1450 5492 1529 5535; x_wconf 90' lang='lat' dir='ltr'><strong>est</strong></span> <span class='ocrx_word' id='word_1_810' title='bbox 1577 5482 1627 5535; x_wconf 92' lang='lat' dir='ltr'><strong>in</strong></span> <span class='ocrx_word' id='word_1_811' title='bbox 1681 5491 1791 5537; x_wconf 91' lang='lat' dir='ltr'><strong>toto</strong></span> <span class='ocrx_word' id='word_1_812' title='bbox 1890 5489 1994 5551; x_wconf 91' lang='lat' dir='ltr'><strong>die,</strong></span> <span class='ocrx_word' id='word_1_813' title='bbox 2027 5497 2081 5541; x_wconf 95' lang='lat' dir='ltr'><strong>et</strong></span> <span class='ocrx_word' id='word_1_814' title='bbox 2102 5490 2218 5543; x_wconf 88' lang='lat' dir='ltr'><strong>sine</strong></span> <span class='ocrx_word' id='word_1_815' title='bbox 2246 5498 2433 5543; x_wconf 90' lang='lat' dir='ltr'><strong>sancto</strong></span> <span class='ocrx_word' id='word_1_816' title='bbox 2453 5489 2887 5544; x_wconf 87' lang='lat' dir='ltr'><strong>Annuntiationis</strong></span> <span class='ocrx_word' id='word_1_817' title='bbox 2911 5491 3017 5555; x_wconf 85' lang='lat' dir='ltr'><strong>die,</strong></span> <span class='ocrx_word' id='word_1_818' title='bbox 3062 5493 3151 5544; x_wconf 88' lang='lat' dir='ltr'><strong>flat</strong></span> <span class='ocrx_word' id='word_1_819' title='bbox 3179 5492 3338 5547; x_wconf 80' lang='lat' dir='ltr'><strong>missa</strong></span> <span class='ocrx_word' id='word_1_820' title='bbox 3374 5506 3442 5547; x_wconf 82' lang='lat' dir='ltr'><strong>ex</strong></span> 
     </span>
    </p>
   </div>
   <div class='ocr_carea' id='block_1_61' title="bbox 224 5572 3446 5649">
    <p class='ocr_par' dir='ltr' id='par_1_61' title="bbox 224 5572 3446 5649">
     <span class='ocr_line' id='line_1_61' title="bbox 224 5572 3446 5649; baseline 0.002 -20"><span class='ocrx_word' id='word_1_821' title='bbox 224 5592 368 5630; x_wconf 85' lang='lat' dir='ltr'><strong>anno</strong></span> <span class='ocrx_word' id='word_1_822' title='bbox 388 5572 678 5643; x_wconf 73' lang='lat' dir='ltr'><strong>sepultura:</strong></span> <span class='ocrx_word' id='word_1_823' title='bbox 694 5574 921 5637; x_wconf 90' lang='lat' dir='ltr'><strong>Domini,</strong></span> <span class='ocrx_word' id='word_1_824' title='bbox 942 5590 1046 5642; x_wconf 92' lang='lat' dir='ltr'><strong>quo</strong></span> <span class='ocrx_word' id='word_1_825' title='bbox 1055 5573 1300 5643; x_wconf 87' lang='lat' dir='ltr'><strong>jejunare</strong></span> <span class='ocrx_word' id='word_1_826' title='bbox 1313 5585 1542 5645; x_wconf 84' lang='lat' dir='ltr'><strong>oportet.</strong></span> <span class='ocrx_word' id='word_1_827' title='bbox 1568 5575 1790 5641; x_wconf 86' lang='lat' dir='ltr'><strong>Quando</strong></span> <span class='ocrx_word' id='word_1_828' title='bbox 1890 5577 2360 5631; x_wconf 86' lang='lat' dir='ltr'><strong>antcsanctiflcatis</strong></span> <span class='ocrx_word' id='word_1_829' title='bbox 2384 5578 2761 5631; x_wconf 86' lang='lat' dir='ltr'><strong>oblationibus.</strong></span> <span class='ocrx_word' id='word_1_830' title='bbox 2801 5598 2821 5631; x_wconf 67' lang='grc' dir='ltr'>ι</span> <span class='ocrx_word' id='word_1_831' title='bbox 2855 5577 2943 5633; x_wconf 89' lang='lat' dir='ltr'><strong>Sic</strong></span> <span class='ocrx_word' id='word_1_832' title='bbox 2972 5594 3100 5649; x_wconf 84' lang='lat' dir='ltr'><strong>ergo</strong></span> <span class='ocrx_word' id='word_1_833' title='bbox 3122 5578 3446 5649; x_wconf 77' lang='lat' dir='ltr'><strong>accipientes</strong></span> 
     </span>
    </p>
   </div>
   <div class='ocr_carea' id='block_1_62' title="bbox 226 5661 3448 5733">
    <p class='ocr_par' dir='ltr' id='par_1_62' title="bbox 226 5661 3448 5733">
     <span class='ocr_line' id='line_1_62' title="bbox 226 5661 3448 5733; baseline 0.002 -16"><span class='ocrx_word' id='word_1_834' title='bbox 226 5666 370 5717; x_wconf 74' lang='lat' dir='ltr'><strong>enim</strong></span> <span class='ocrx_word' id='word_1_835' title='bbox 404 5663 658 5718; x_wconf 77' lang='lat' dir='ltr'><strong>Christus</strong></span> <span class='ocrx_word' id='word_1_836' title='bbox 692 5661 741 5713; x_wconf 92' lang='lat' dir='ltr'><strong>in</strong></span> <span class='ocrx_word' id='word_1_837' title='bbox 782 5665 1024 5729; x_wconf 69' lang='lat' dir='ltr'><strong>sepulcro</strong></span> <span class='ocrx_word' id='word_1_838' title='bbox 1050 5665 1235 5732; x_wconf 67' lang='lat' dir='ltr'><strong>jacttit,</strong></span> <span class='ocrx_word' id='word_1_839' title='bbox 1268 5666 1505 5733; x_wconf 71' lang='lat' dir='ltr'><strong>discipuli</strong></span> <span class='ocrx_word' id='word_1_840' title='bbox 1534 5665 1790 5733; x_wconf 82' lang='lat' dir='ltr'><strong>potentio-</strong></span> <span class='ocrx_word' id='word_1_841' title='bbox 1894 5682 1989 5720; x_wconf 87' lang='lat' dir='ltr'><strong>nos</strong></span> <span class='ocrx_word' id='word_1_842' title='bbox 2043 5666 2277 5720; x_wconf 88' lang='lat' dir='ltr'><strong>Sabbato</strong></span> <span class='ocrx_word' id='word_1_843' title='bbox 2308 5675 2360 5719; x_wconf 92' lang='lat' dir='ltr'><strong>et</strong></span> <span class='ocrx_word' id='word_1_844' title='bbox 2398 5666 2665 5720; x_wconf 84' lang='lat' dir='ltr'><strong>Dominica</strong></span> <span class='ocrx_word' id='word_1_845' title='bbox 2717 5668 2823 5732; x_wconf 87' lang='lat' dir='ltr'><strong>die,</strong></span> <span class='ocrx_word' id='word_1_846' title='bbox 2872 5682 3027 5723; x_wconf 83' lang='lat' dir='ltr'><strong>secus</strong></span> <span class='ocrx_word' id='word_1_847' title='bbox 3078 5669 3291 5723; x_wconf 84' lang='lat' dir='ltr'><strong>tertiam</strong></span> <span class='ocrx_word' id='word_1_848' title='bbox 3336 5668 3448 5727; x_wconf 72' lang='lat' dir='ltr'><strong>diei</strong></span> 
     </span>
    </p>
   </div>
  </div>
