4124 6338
686 326 824 393 1019

1517 335 1808 400 NICETIS
1845 339 2270 403 PECTOHATI
2307 343 2602 406 CONTRA
2639 349 2972 418 LATINOS.

3719 369 3855 433 meo

687 455 903 550 horam,-
926 454 976 509 in
1005 471 1104 550 qua
1127 469 1195 550 et
1210 459 1436 529 Spiritus
1471 473 1690 519 sanctus
1733 466 2005 522 descendit
2049 484 2208 538 super
2236 475 2281 532 Α
2307 469 2406 524 bus
2431 471 2683 538 ipsorum,
2711 477 2806 541 qui
2826 488 2853 526 a
2881 474 3033 528 nobis
3055 477 3291 545 praedicti
3321 489 3464 545 sunt,
3493 495 3595 535 non
3619 483 3850 550 abiieere

684 539 989 608 discipulos,
1018 544 1367 611 immolantes,
1421 550 1471 603 in
1500 550 1626 618 ipsis
1653 554 2043 609 sanctiﬁcamus
2094 571 2210 608 mu-

683 644 834 695 nera,
862 633 926 684 ex
949 632 1137 699 quibus
1167 633 1477 691 sufﬁcientia
1505 638 1555 690 in
1583 648 1686 691 tota
1718 641 2040 696 bebdomada
2087 658 2212 698 cono

683 733 973 775 servamus.
1002 722 1056 774 In
1087 723 1202 777 aliis
1230 733 1403 778 autem
1449 727 1632 782 diebus
1681 731 2019 784 hebdomadis
2060 732 2212 800 iuxta

683 816 888 874 tempus
908 800 1051 862 horae
1080 826 1229 866 none
1250 813 1353 867 diei
1383 815 1758 871 concludentes
1803 833 2011 873 omnem
2055 820 2213 874 mini-

681 895 990 950 strationem
1021 899 1072 950 in
1104 905 1610 959 consummationem
1631 907 1975 975 completorii,
2010 909 2214 976 agimus

682 996 778 1034 nos
803 984 1103 1040 sacerdotes
1121 1001 1238 1040 cum
1270 991 1575 1047 diaconibus
1605 995 1919 1060 ingressum,
1971 997 2212 1052 thuribu-

681 1065 786 1120 Ium
813 1067 978 1123 solum
1007 1071 1254 1126 ferentes.
1285 1076 1347 1128 Et
1367 1086 1488 1144 post
1517 1079 1793 1133 lectionem
1839 1082 2213 1150 prophetarum

682 1155 994 1211 constitutas
1033 1163 1301 1214 orationes
1332 1177 1360 1215 a
1388 1179 1578 1232 magno
1621 1166 1813 1220 Basilio
1862 1159 2132 1232 facientes,
2161 1177 2215 1223 et

681 1255 896 1294 munera
922 1246 1306 1303 transferentes
1331 1253 1674 1320 appositiOnis
1708 1254 1896 1309 altario
1925 1265 1977 1310 et
1999 1267 2216 1312 orantes

680 1341 799 1380 cum
835 1329 987 1397 ipsis.
1019 1333 1235 1401 Insuper
1281 1347 1454 1391 autem
1497 1349 1550 1392 et
1591 1342 1836 1395 traditam
1884 1339 2036 1398 nobis
2060 1360 2089 1398 a
2115 1345 2219 1401 Do-

680 1413 822 1468 mino
858 1419 1151 1474 orationem
1201 1423 1458 1492 dicentes,
1489 1427 1779 1484 exaltamus
1816 1431 2218 1499 praesanctiiica-

675 1508 796 1567 tum
814 1520 1022 1572 panem,
1051 1518 1106 1563 et
1133 1511 1318 1566 damus
1362 1516 1793 1582 pratsanctiilcata
1852 1530 2033 1574 sancta
2084 1537 2213 1576 san-

678 1590 799 1656 ctis,
829 1602 882 1645 et
912 1597 1041 1650 uniti
1071 1603 1440 1658 communione
1468 1620 1605 1676 pane
1628 1615 1680 1659 et
1723 1608 1890 1662 calice
1934 1611 2217 1679 mysterio-

678 1697 794 1735 rum
819 1683 1036 1742 ChrISti.
1073 1690 1138 1744 Et
1162 1693 1231 1744 ita
1279 1705 1490 1762 agentes
1519 1699 1717 1765 gratias
1761 1701 1885 1765 Deo,
1934 1702 2218 1772 linquimus

2309 559 2583 629 episcopos
2604 571 2656 615 et
2681 561 3016 629 presbyteros
3045 566 3325 620 occasione
3370 569 3660 637 religionis,
3718 585 3851 626 uxo-

2310 664 2392 703 res
2419 659 2728 713 sanxerunt,
2757 660 2811 704 et
2851 659 2907 704 ut
2937 652 3187 706 caderent
3235 669 3321 707 res
3371 658 3735 724 episcoporum
3782 672 3854 712 ex

2309 737 2659 804 potestatibus
2692 751 2874 791 eorum
2899 746 3116 803 propter
3144 739 3278 790 ﬁlios
3329 751 3383 793 et
3409 743 3657 799 mulieres
3711 745 3854 813 ipso-

2308 837 2448 881 rum.

2381 909 2514 965 XVI.
2554 911 2612 965 Si
2639 919 2814 967 autem
2852 912 3045 982 aliquis
3074 913 3270 971 dixerit
3297 916 3568 972 desancta
3619 928 3675 974 et
3732 921 3856 974 nni-

2311 995 2502 1054 versali
2531 1001 2756 1069 synodo,
2811 1003 2950 1070 quod
3003 1015 3188 1072 papam
3233 1002 3415 1058 Romae
3463 1007 3853 1062 sanctissimum

2311 1086 2661 1157 Agathonem,
2689 1097 2749 1141 at
2769 1089 3057 1157 miissinie
3081 1091 3331 1156 diximus,
3360 1108 3733 1159 prasessorem
3756 1097 3854 1149 ha-

2313 1175 2450 1240 buit,
2479 1176 2593 1244 ipsa
2615 1184 2825 1230 centum
2850 1179 3184 1249 septuaginta
3205 1178 3442 1246 Patrum,
3473 1184 3572 1236 sub
3593 1182 3855 1238 Constan-

2316 1263 2424 1315 tino
2449 1263 2787 1331 imperatore,
2802 1273 2994 1330 nepote
3022 1253 3246 1319 Heraclii
3276 1275 3330 1319 et
3359 1276 3509 1337 patre
3529 1266 3851 1323 Iustiniani:

2314 1354 2578 1420 quomodo
2612 1367 2717 1406 non
2745 1353 2951 1408 obstitit
2978 1355 3186 1410 divinus
3232 1357 3474 1426 Agathon
3528 1368 3738 1413 sanctas
3769 1375 3859 1430 sy-

2316 1439 2452 1492 nodo
2475 1440 2734 1493 sancienti
2763 1440 3014 1512 adversus
3039 1442 3133 1497 hos
3155 1442 3344 1511 impios
3365 1459 3498 1512 quos
3528 1460 3692 1512 usque
3721 1461 3865 1500 nunc

2316 1528 2554 1582 habetis?
2579 1528 2633 1582 Si
2664 1544 2788 1582 vero
2807 1529 2872 1583 ab
2899 1530 3150 1597 apostolis
3179 1532 3448 1586 haberetis
3473 1533 3568 1586 has
3609 1535 3853 1587 traditio-

2317 1630 2430 1680 nes,
2484 1617 2768 1670 obsisteret
2817 1616 3062 1681 forsitan,
3119 1626 3173 1670 et
3216 1632 3320 1671 non
3375 1621 3692 1687 suscepisset
3746 1622 3863 1675 hinc

2318 1719 2435 1774 quae
2458 1704 2595 1772 apud
2633 1719 2729 1759 nos
2760 1705 2825 1758 ab
2873 1718 2935 1758 ea
2982 1705 3311 1774 promulgata
3363 1716 3505 1761 sunt.
3556 1708 3693 1776 Papa
3740 1723 3863 1762 cum

676 1785 769 1825 eos
797 1785 953 1843 atque
995 1778 1308 1836 dimittimus
1359 1800 1424 1838 ex
1472 1791 1895 1858 congregatione,
1948 1803 2215 1848 sumentes
2243 1779 2290 1841 Β
2318 1801 2461 1847 esset
2485 1801 2682 1857 vester,
2717 1793 2965 1861 quoniam
2993 1794 3259 1848 adulteras
3302 1796 3650 1863 cognoscebat
3695 1797 3858 1851 tradi-

679 1877 775 1915 nos
800 1879 1134 1921 communem
1161 1885 1396 1926 mensam
1422 1890 1517 1943 per
1565 1875 1687 1932 folia
1736 1887 1789 1934 et
1834 1879 2116 1950 legumina,
2167 1889 2220 1937 et

677 1950 895 2004 calidam
926 1969 1116 2022 aquam
1149 1959 1238 2026 qui
1293 1961 1573 2027 voluerint.
1629 1964 1763 2022 Sunt
1804 1977 1981 2022 autem
2032 1979 2086 2023 et
2131 1969 2217 2023 alii

678 2041 764 2106 qui
789 2043 898 2094 sola
923 2049 1290 2101 communione
1315 2059 1368 2103 et
1397 2051 1758 2110 benedictione
1787 2073 1882 2126 per
1909 2067 2070 2114 totam
2098 2075 2220 2128 per-

677 2141 920 2184 severant
952 2133 1352 2190 hebdomadam.
1406 2139 1513 2194 Vos
1561 2155 1737 2200 autem
1796 2145 2083 2202 referentes
2126 2163 2220 2216 per

677 2232 1109 2289 unumquemque
1159 2223 1296 2278 diem
1353 2226 1646 2294 perfectam
1703 2231 1756 2286 in
1805 2233 2218 2305 Quadragesima

676 2307 1140 2377 ministrationem,
1173 2330 1289 2382 quae
1319 2331 1549 2386 congrua
1574 2330 1656 2375 est
1673 2323 1821 2389 juxta
1861 2328 2072 2381 tertiam
2119 2331 2218 2384 ho-

679 2409 790 2448 ram
842 2396 942 2450 diei
995 2398 1171 2453 oderri
1206 2443 1220 2466 ,
1275 2406 1473 2472 positos
1522 2412 1947 2478 transgredimini
1994 2431 2221 2472 canones

675 2481 942 2574 Ecclesiae.
968 2486 1032 2540 Et
1055 2489 1106 2540 in
1139 2490 1238 2544 hoc
1264 2495 1621 2552 maledictioni
1655 2499 1867 2556 Patrum
1912 2506 2218 2574 subiacetis,

676 2573 816 2626 sicut
843 2575 1041 2629 dictum
1067 2586 1168 2632 est.

746 2659 857 2751 XAV.
896 2663 1025 2728 Quis
1077 2667 1164 2722 ille
1195 2679 1276 2723 est
1322 2672 1412 2739 qui
1463 2676 1678 2731 tradidit
1721 2680 1870 2735 vobis
1940 2683 2219 2751 prohibere

673 2755 727 2802 et
755 2749 1064 2808 abscindere
1093 2757 1299 2823 nuptias
1346 2763 1716 2819 sacerdotum?
1745 2765 1873 2832 Quis
1921 2749 1984 2822 ex
2040 2772 2222 2824 docto-

674 2840 820 2894 ribus
847 2841 1091 2896 Ecclesiae
1113 2845 1247 2900 hanc
1275 2850 1424 2904 vobis
1474 2854 1689 2908 tradidit
1741 2859 2090 2925 pravitatem?
2138 2862 2220 2914 Si-

673 2929 882 2996 quidem
907 2931 1003 2985 nisi
1032 2936 1292 3000 nupserit,
1325 2954 1510 2994 manus
1562 2944 1920 3011 impositionis
1971 2951 2212 3018 accipiet.

674 3016 742 3105 Et
770 3017 841 3070 ita
873 3020 937 3071 ad
969 3022 1178 3088 nuptias
1219 3026 1343 3086 ruit,
1393 3029 1480 3094 qui
1521 3031 1796 3087 ordinatus
1835 3045 1914 3089 est
1945 3016 2216 3105 innuptus,

674 3102 924 3173 legitime.
956 3106 1063 3161 Hoc
1110 3119 1162 3162 et
1191 3112 1478 3166 secundum
1525 3130 1753 3172 canones
1789 3119 1980 3185 facitis,
2042 3083 2221 3190 huius:
2246 3083 2293 3145 Ο

671 3194 812 3246 modi
842 3196 1054 3261 nuptias
1081 3200 1453 3264 prohibentes?
1480 3203 1533 3257 Si
1560 3217 1742 3260 autem
1790 3219 1916 3262 ante
1974 3211 2221 3266 habuerit

675 3297 892 3336 uxorem
924 3285 1010 3339 ille
1037 3287 1125 3353 qui
1163 3290 1437 3344 ordinatus
1458 3302 1538 3346 est
1588 3299 1856 3362 sacerdos,
1907 3315 2218 3368 persevera-

670 3374 921 3438 veritque
978 3375 1027 3428 in
1082 3380 1324 3433 castitate
1371 3397 1666 3452 magnaque
1687 3388 1811 3452 vita,
1862 3391 2070 3458 nuptias
2107 3393 2222 3458 ejus

676 3461 899 3523 solvitis,
957 3470 1409 3534 transgredlmini,
1460 3483 1517 3525 ut
1551 3489 1612 3526 ex
1649 3490 1912 3546 prcecepto
1961 3482 2218 3548 apostoli-

678 3564 861 3603 corum
893 3567 1154 3606 canonum
1186 3558 1461 3611 ostendam
1497 3563 1667 3616 vobis.
1699 3564 1753 3618 In
1785 3576 1934 3620 sexto
1987 3569 2128 3620 enim
2161 3568 2221 3621 Ii-

677 3638 772 3690 bro
799 3637 1080 3696 Clementis
1111 3643 1505 3700 ordinationum
1543 3666 1659 3718 qtue
1687 3652 1753 3706 ab
1797 3669 1859 3708 eo
1911 3656 2221 3725 conscripta:

678 3737 825 3790 sunt,
849 3727 1000 3794 iuxta
1033 3733 1314 3798 septimum
1343 3735 1606 3792 decimum
1632 3750 1791 3808 caput
1821 3744 2056 3811 Apostoli
2109 3747 2222 3800 ιιωο

679 3815 900 3867 dicunt:
932 3835 948 3866 ‹
982 3818 1296 3888 Episc0pum
1341 3831 1396 3876 et
1442 3826 1804 3896 presbyterum
1835 3840 1889 3884 et
1941 3833 2222 3887 diaconum

679 3906 922 3972 dicimus,
955 3909 1041 3976 qui
1083 3926 1238 3964 unam
1266 3914 1459 3967 habent
1483 3931 1720 3976 uxorem.
1759 3921 2011 3986 ordinari,
2039 3938 2226 3990 quam-

679 3995 758 4047 vis
788 3996 963 4050 vivant
987 4012 1165 4050 eorum
1198 4000 1465 4070 coniuges,
1518 4006 1759 4071 quamvis
1807 4007 2088 4072 defunctze,
2121 4025 2224 4063 non

682 4081 805 4134 licet
825 4098 916 4136 eos
943 4095 1061 4151 post
1107 4102 1292 4140 manus
1346 4090 1731 4157 impositiouem
1789 4093 2037 4161 iunuptos
2087 4109 2222 4159 esse,

682 4171 1020 4244 mcpinsnper
1045 4173 1108 4224 ad
1133 4177 1342 4241 nuptias
1373 4176 1468 4239 ire,
1495 4189 1584 4229 aut
1623 4180 1666 4231 si
1706 4182 2000 4246 nupserint,
2033 4184 2228 4236 alteras

683 4260 946 4330 amplecti,
977 4263 1066 4315 sed
1091 4264 1328 4317 suilicere
1351 4281 1482 4332 quas
1516 4267 1709 4321 habent
1735 4285 1853 4323 cum
1898 4271 1962 4325 ad
2007 4275 2223 4326 ordina-

2321 1880 2490 1933 tiones
2518 1882 2657 1948 ipsas
2683 1890 2737 1934 et
2758 1889 3040 1934 extraneas
3065 1881 3132 1934 ab
3161 1882 3516 1950 apostolorum
3565 1885 3810 1936 doctrina
3845 1899 3865 1936 :

2318 1978 2595 2037 propterea
2619 1969 2817 2038 pariter
2839 1965 2958 2022 cum
2986 1968 3230 2023 Patribus
3259 1985 3422 2024 sacrae
3462 1980 3630 2023 sextae
3655 1971 3862 2041 synodi,

2319 2057 2454 2110 sicut
2482 2058 2546 2111 de
2575 2058 2776 2126 azymis
2820 2065 2874 2111 et
2909 2056 3125 2126 ieiuniis
3181 2057 3529 2113 Sabbatorum
3589 2067 3641 2111 et
3697 2072 3869 2111 sacra:

2321 2146 2494 2199 missae
2521 2146 2806 2215 mysteriis,
2838 2146 2914 2200 sic
2935 2155 2989 2199 et
3027 2146 3092 2199 de
3141 2147 3338 2215 nuptiis
3367 2147 3696 2200 sacerdotum
3741 2161 3861 2214 pro-

2320 2235 2571 2302 mulgavit
2598 2237 2778 2290 dicens
2810 2236 2861 2289 in
2891 2237 3099 2291 decimo
3129 2237 3287 2290 tertio
3313 2236 3486 2303 capite
3515 2253 3527 2288 :
3562 2253 3581 2287 ι
3615 2236 3751 2302 Quia
3808 2235 3865 2289 in

2320 2320 2679 2376 Romanorum
2708 2323 2943 2379 Ecclesia
2973 2325 3024 2379 in
3059 2325 3242 2379 ordine
3270 2326 3486 2378 canonis
3509 2325 3641 2377 tradi
3665 2338 3866 2392 cognoo

2320 2410 2512 2475 vimus,
2541 2422 2828 2481 prtesentes
2851 2415 3056 2468 diaconi
3081 2421 3170 2466 aut
3202 2415 3495 2483 presbyteri
3523 2415 3705 2482 dignas
3753 2413 3873 2467 fore

2321 2513 2569 2552 manuum
2603 2499 2965 2566 impositiones
2991 2499 3257 2563 confiteri,
3307 2509 3363 2553 ut
3410 2515 3513 2553 non
3569 2500 3796 2568 amplius
3835 2516 3866 2554 a

2320 2590 2431 2644 suis
2467 2586 2835 2654 disiungantur
2879 2585 3208 2653 coniugibus.
3266 2585 3369 2639 Nos
3403 2587 3675 2652 antiquum
3715 2601 3876 2641 exse-

2319 2688 2540 2746 quentes
2567 2688 2823 2728 canonem
2855 2675 3158 2741 apostolicae
3186 2675 3469 2743 diligentiae
3493 2685 3545 2728 et
3566 2676 3863 2729 ordinatio-

2320 2771 2418 2831 nis,
2454 2748 2754 2823 sanctorum
2780 2766 3012 2819 virorum
3038 2766 3401 2833 copulationes
3447 2762 3735 2818 secundum
3793 2762 3871 2816 Ie-

2321 2870 2435 2921 gcm
2469 2839 2522 2907 et
2542 2869 2570 2905 a
2598 2853 2752 2906 modo
2780 2851 2957 2904 valere
2983 2851 3239 2914 volumus,
3280 2851 3578 2905 nullatenus
3625 2866 3653 2902 a
3680 2848 3857 2916 coniu-

2321 2959 2442 3014 gum
2475 2942 2807 3011 c0pulatione
2838 2940 3184 2994 dissolventes
3210 2950 3300 2992 aut
3348 2941 3617 3008 privantes
3662 2953 3754 2992 eos
3797 2939 3865 2990 ab

2323 3033 2584 3094 invicem,
2638 3029 2925 3083 secundum
2978 3037 3185 3097 tempus
3229 3044 3516 3096 congruum
3572 3027 3875 3082 locationis.

2322 3123 2452 3188 Quia
2489 3110 2613 3174 vero
2641 3119 2685 3173 si
2714 3119 2834 3186 quis
2854 3119 3041 3186 dignus
3064 3119 3308 3170 inventus
3349 3116 3527 3179 fuerit,
3558 3129 3743 3169 manus
3769 3114 3874 3168 im-

2319 3209 2586 3276 positione
2614 3207 2869 3259 diaconus
2900 3203 2982 3256 vel
3032 3202 3384 3257 subdiaconus
3431 3213 3521 3256 aut
3569 3205 3869 3271 presbyter,

2318 3299 2402 3350 hic
2447 3296 2745 3349 nullatenus
2797 3293 3142 3361 prohibeatur
3189 3291 3252 3344 ad
3306 3290 3604 3362 huiusmodi
3645 3291 3870 3359 gradum

2319 3384 2624 3447 ascendere,
2662 3379 2873 3450 coniugi
2906 3382 3312 3434 cohabitaturus
3363 3379 3629 3449 legitime;
3686 3393 3863 3446 neque

2318 3476 2370 3528 in
2397 3465 2630 3541 tempore
2653 3471 3005 3526 ordinationis
3032 3472 3278 3536 exigatur
3334 3470 3579 3524 conﬁteri
3611 3470 3675 3522 ad
3703 3470 3874 3538 legent

2319 3560 2545 3628 propriae
2577 3559 2856 3612 locationis
2902 3565 3120 3624 propter
3157 3558 3426 3625 propriam
3474 3571 3711 3609 uxorem.
3752 3574 3769 3605 ι
3803 3555 3876 3609 Et

2315 3658 2436 3716 post
2473 3661 2637 3714 pauca
2669 3665 2680 3699 :
2715 3665 2731 3696 ‹
2757 3644 2811 3698 Si
2835 3645 2953 3713 quis
2989 3659 3115 3712 ergo
3149 3645 3539 3712 praesumpserit
3566 3653 3714 3695 extra
3743 3657 3877 3710 apo~

2319 3735 2531 3788 stolicos
2554 3733 2774 3786 ordines
2802 3741 2976 3785 motus
3001 3733 3282 3800 quemdam
3333 3746 3602 3784 sacrorum
3654 3729 3876 3798 presby-

2323 3833 2551 3876 terorum
2585 3832 2636 3875 et
2666 3823 3010 3875 diaconorum
3059 3823 3271 3888 privare
3303 3837 3330 3871 a
3360 3820 3692 3887 copulatione
3743 3819 3876 3888 legi-

2323 3912 2572 3966 timarum
2631 3908 2935 3971 mulierum,
2997 3923 3024 3961 a
3070 3909 3443 3962 communione
3488 3916 3872 3974 sequestretur.

2323 3996 2581 4050 Similiter
2603 3997 2645 4048 si
2669 3995 2787 4062 quis
2810 3997 3088 4065 presbyter
3115 4005 3204 4048 aut
3223 3997 3475 4049 diaconus
3492 3995 3872 4048 collactaneam

2324 4101 2471 4138 suam
2521 4085 2802 4139 occasione
2859 4085 3130 4150 religionis
3181 4085 3504 4152 proiecerit,
3561 4092 3871 4149 separetur;

2325 4189 2665 4241 perseverans
2699 4182 2873 4226 autem
2906 4174 3216 4241 deponatur.
3251 4189 3271 4224 ι

2395 4261 2548 4315 XVII.
2593 4262 2742 4316 Unde
2765 4263 2925 4330 igitur
2947 4262 3096 4314 vobis
3120 4272 3173 4314 et
3193 4275 3255 4313 ex
3284 4261 3475 4327 quibus
3520 4261 3598 4311 ha:
3620 4259 3878 4315 horibiles

685 4351 881 4405 tionem
903 4363 1177 4406 venerunt.
1208 4371 1226 4403 ι
1283 4354 1336 4406 In
1376 4355 1564 4422 quinto
1619 4369 1918 4412 sanctorum
1964 4378 2224 4416 canonum

2331 4351 2661 4403 infirmitates
2697 4357 3140 4416 supervenerunt,
3167 4362 3197 4399 ο
3237 4347 3332 4398 viri
3383 4346 3738 4398 Romanorum
3791 4361 3880 4398 sa-

686 4439 757 4491 ita
813 4438 955 4493 fatur
1010 4441 1060 4493 in
1087 4441 1119 4492 2
1145 4455 1257 4508 cap.
1299 4456 1312 4492 :
1349 4460 1365 4492 t
1399 4442 1690 4510 EpiscOpus
1720 4456 1807 4498 aut
1842 4449 2114 4516 presbyter
2142 4458 2230 4501 aut

683 4526 936 4579 diaconus
956 4541 1173 4580 uxorem
1204 4542 1349 4580 suam
1386 4544 1488 4582 non
1521 4524 1733 4596 abjiciat
1775 4533 1992 4585 obtentu
2023 4533 2231 4602 religio-

687 4616 796 4676 nis;
825 4613 869 4667 si
898 4624 1071 4668 autem
1124 4616 1394 4682 abiecerit,
1440 4627 1818 4685 sequestretur.
1879 4619 2231 4674 Perseverans

686 4713 860 4758 autem
882 4705 1193 4772 deponatur.
1227 4725 1243 4756 ι
1288 4707 1342 4759 In
1374 4711 1775 4777 quadragesimo
1822 4726 1952 4764 vero
1986 4727 2224 4774 'eanone,

691 4792 930 4857 inquiunt
956 4793 1124 4860 palam
1154 4811 1164 4844 :
1200 4812 1218 4842 ι
1253 4792 1483 4861 Propriae
1527 4797 1757 4864 episc0pi
1810 4813 1911 4850 res.
1943 4814 1963 4850 s
2019 4798 2083 4851 Et
2113 4810 2230 4867 post

693 4892 857 4943 pauca
891 4895 902 4928 :
933 4896 948 4925 ι
978 4878 1051 4931 Ne
1079 4880 1356 4933 occasione
1400 4881 1876 4935 ecclesiasticarum
1918 4898 2092 4936 rerum
2136 4901 2227 4938 ca-

693 4966 818 5017 tlere
847 4965 1144 5031 episcopum
1194 4968 1257 5017 ah
1288 4969 1363 5019 eis
1415 4983 1534 5034 qua:
1562 4979 1681 5021 sunt
1732 4970 1986 5038 episc0pi,
2035 4972 2085 5023 in
2119 4987 2230 5023 mu-

693 5053 874 5105 lierem
907 5060 959 5104 et
999 5066 1186 5118 pueros
1215 5065 1264 5106 et
1293 5058 1641 5123 propinquos,
1669 5075 1728 5109 uc
1754 5074 1845 5122 per
1896 5062 2232 5111 occasionem

692 5156 898 5204 eorum,
932 5155 990 5194 ea
1019 5155 1135 5208 qnse
1162 5141 1404 5195 Ecclesiae
1426 5156 1544 5196 sunt
1574 5147 1864 5197 subtrahat.
1898 5167 1913 5197 ι
1948 5146 2231 5200 Etdeinde:

701 5249 718 5279 α
757 5231 1026 5298 Siquidem
1055 5238 1176 5282 sunt
1202 5232 1288 5297 qui
1319 5233 1630 5298 prohibeant
1657 5235 1956 5287 sacerdotes
1983 5234 2232 5300 legitimis

696 5319 1020 5386 coniugibus.
1056 5338 1073 5369 ι
1129 5317 1239 5371 Non
1292 5320 1361 5371 ita
1409 5321 1631 5372 vertices
1679 5322 2030 5388 apostolorum
2075 5336 2234 5389 expo-

697 5415 915 5462 suerunt
938 5407 1322 5461 ecélesiasticos
1345 5424 1595 5463 canones.
1659 5411 1710 5461 Si
1743 5423 1916 5463 autem
1949 5412 2080 5463 dicis
2121 5427 2232 5462 mu-

703 5496 883 5548 iicrem
925 5494 1214 5547 Ecclesiam
1245 5497 1442 5549 dixisse
1489 5496 1771 5564 apostolos,
1835 5508 1958 5549 tunc
2011 5498 2233 5549 iuiideiis

703 5584 968 5655 apparebit
998 5600 1170 5638 sermo
1199 5594 1315 5639 tuus
1349 5596 1401 5639 et
1436 5602 1648 5650 vacuus,
1681 5603 1798 5640 cum
1830 5588 1988 5640 sacris
2021 5589 2232 5639 canoni-

2331 4439 2642 4506 pientissimi
2673 4447 2723 4490 et
2749 4437 2984 4489 omnium
3016 4435 3239 4486 aliarum
3264 4436 3497 4501 gentium
3524 4434 3881 4486 nobilissimi?

2331 4528 2555 4582 Estimo
2583 4528 2719 4594 quod
2746 4528 2954 4594 quidam
2984 4542 3047 4578 ex
3077 4524 3270 4577 Judtcis
3293 4526 3343 4577 in
3375 4535 3610 4591 tempore
3662 4534 3884 4591 aposto-

2330 4616 2498 4667 lorum
2522 4615 2817 4677 credentes,
2845 4627 2972 4663 vana
3025 4612 3167 4663 lucra
3219 4612 3488 4679 cupientes
3536 4620 3589 4662 et
3629 4613 3884 4677 pecunia-

2331 4717 2444 4755 rum
2477 4710 2736 4754 amatores
2759 4701 2968 4767 reperti,
3008 4699 3243 4752 volentes
3282 4700 3472 4751 multos
3497 4698 3725 4750 fidelium
3754 4701 3878 4749 abs-

2331 4793 2541 4844 trahere
2571 4806 2632 4843 ex
2676 4789 2975 4857 Evangelio,
3003 4791 3102 4841 hoc
3129 4798 3225 4849 est,
3250 4803 3310 4840 ex
3337 4790 3452 4841 iidei
3476 4790 3877 4856 prtedicntione,

2330 4871 2593 4948 corruptis
2620 4882 2740 4933 dum
2773 4881 3140 4949 praedixissent
3163 4879 3258 4940 eis,
3285 4879 3334 4930 in
3359 4877 3457 4930 hoc
3480 4890 3534 4930 et
3561 4878 3881 4929 Christiani-

2332 4977 2413 5021 tas
2436 4977 2489 5021 et
2513 4968 2815 5021 Judaismus
2843 4975 3088 5032 corrupta
3115 4975 3253 5017 sunt.
3287 4965 3357 5017 De
3408 4966 3598 5031 quibus
3642 4963 3880 5016 Joannes

2335 5056 2472 5110 fatus
2497 5068 2577 5110 est
2602 5075 2613 5109 :
2646 5075 2664 5107 ε
2696 5057 2770 5109 Ex
2796 5056 2945 5108 nobis
2970 5056 3228 5117 exierunt,
3254 5055 3344 5106 sed
3371 5070 3474 5106 non
3500 5063 3651 5106 erant
3681 5069 3742 5104 ex
3775 5069 3877 5105 no-

2335 5148 2434 5200 bis.
2476 5144 2530 5198 Si
2559 5146 2698 5198 enim
2738 5144 2960 5196 fuissent
2991 5157 3054 5195 ex
3104 5143 3274 5205 nobis,
3320 5142 3736 5208 permansissent
3773 5141 3878 5193 uti-

2336 5249 2436 5302 que
2465 5233 2734 5286 nobiscum
2759 5232 2805 5296 (1
2831 5231 2986 5283 Joan.
3037 5246 3092 5290 ιι,
3145 5229 3250 5297 I9),
3282 5249 3299 5279 ι
3357 5230 3421 5281 de
3469 5229 3550 5281 his
3599 5230 3688 5295 qui
3735 5231 3878 5283 circa

2336 5321 2601 5374 Simonem
2653 5329 2705 5371 et
2763 5318 2994 5377 Deman,
3058 5314 3429 5382 Nicolaumque
3493 5323 3544 5366 et
3599 5315 3873 5367 Cleobium

2335 5407 2679 5461 subtexendo.
2711 5403 2914 5469 Reliqui
2962 5411 3134 5454 autem
3168 5402 3423 5453 verticum
3462 5401 3514 5452 in
3545 5401 3770 5466 septimo
3815 5402 3874 5454 li-

2337 5497 2430 5549 bro
2459 5492 3018 5556 Institutionumjuxta
3065 5499 3270 5542 sextum
3302 5491 3561 5543 decimum
3606 5501 3765 5556 caput
3810 5490 3875 5542 Ii-

2334 5583 2544 5650 quidius
2573 5581 2815 5632 dixerunt
2852 5596 2862 5628 :
2903 5599 2916 5626 ‹
2949 5577 3156 5630 Scimus
3195 5577 3356 5638 enim,
3403 5576 3591 5642 inquit.
3643 5577 3759 5638 quia
3820 5574 3875 5619 l-i
