4126 6338
283 390 428 457 ῙΟΞῙ
927 392 1333 456 HUMBERTI
1371 395 1438 454 S.
1471 393 1542 456 Ρ..
1578 394 1645 455 Ε.
1678 393 2142 460 CARDINALIS
2171 393 2458 463 CONTRA
2499 396 2848 468 NICETMI.
3307 401 3438 468 li22

278 510 405 580 qui,
435 511 579 564 circa
606 510 950 566 Simonenret
981 513 1252 568 Cleobium
1285 522 1337 568 et
1356 512 1566 578 Judam,
1601 515 1835 570 conscri-
1859 518 1906 579 Α
1932 533 2093 585 nunc,
2119 520 2257 590 quod
2283 520 2507 591 primum
2527 529 2606 579 est
2627 535 2906 588 caruitne!
2935 521 3072 578 omni
3097 534 3125 576 a
3150 520 3254 575 Deo
3279 521 3438 591 inspi-

278 611 510 669 pserunt
540 603 702 656 libros
750 604 799 656 in
858 605 1069 656 nomine
1118 602 1314 657 Christi
1356 612 1412 656 et
1458 603 1832 671 discipulorum
1929 615 2043 662 rata
2071 607 2368 679 Scriptura;
2395 607 2552 674 fugite
2577 623 2690 676 qua
2710 606 2997 676 huiusmodi
3043 617 3162 662 sunt
3195 611 3434 671 actitare,

279 690 427 758 ejus,
458 691 835 746 circumierunt
863 694 928 744 ad
955 693 1314 746 sedtlctionem
1347 705 1597 757 vestram,
1641 703 1694 748 et
1742 710 1831 750 eo-
1926 709 2045 749 cum
2071 696 2189 751 sitis
2214 695 2446 752 Ecclesia
2471 696 2560 751 Dei
2582 703 2634 748 et
2656 694 2810 752 totius
2840 693 2980 752 orbis
3022 707 3229 763 semper
3267 696 3433 764 splen-

279 793 410 861 rum
443 781 530 849 qui
560 781 780 850 diligunt
807 780 1074 836 Christum
1097 820 1112 844 ,
1165 793 1219 836 et
1249 796 1347 835 nos
1376 797 1558 836 servos
1588 783 1767 850 ipsius.
1802 802 1822 835 ι
1926 786 2079 840 didus
2128 786 2328 850 oculus,
2355 793 2412 841 ut
2457 785 2587 844 uniti
2635 786 2783 843 nobis
2809 785 2996 844 vestris
3033 785 3387 843 conhatribus
3415 804 3429 840 :

281 868 352 924 Et
383 881 434 921 in
473 872 739 923 veteribus
768 871 981 937 quidam
1024 872 1451 938 conscripserunt
1508 871 1671 925 libros
1709 886 1828 941 apo-
1923 889 2056 944 quos
2081 889 2172 944 per
2187 874 2294 942 jam
2318 873 2457 932 diota
2482 873 2730 940 scidistis,
2769 888 2885 932 cum
2914 875 3026 931 sitis
3065 888 3252 944 carpus
3275 873 3429 928 Chri-

274 960 514 1026 cryphos
545 958 707 1028 Moysi
735 968 787 1012 et
808 959 985 1012 Enoch
1019 969 1072 1013 et
1093 960 1281 1022 Adam,
1308 961 1455 1014 Isaiae
1481 969 1532 1014 et
1559 961 1742 1026 David,
1774 971 1828 1014 et
1922 963 2024 1026 sti;
2055 962 2279 1019 revelata
2322 961 2455 1021 facie
2491 961 2707 1032 gloriam
2746 961 2948 1020 Domini
2992 965 3040 1019 in
3087 969 3342 1020 concentu
3375 969 3429 1018 et

273 1047 436 1109 Elim,
481 1057 534 1100 et
565 1050 724 1102 trium
743 1049 1202 1117 patriarcharum,
1231 1051 1600 1116 corruptiones
1625 1048 1821 1102 facien-
1923 1049 2123 1104 unitate
2144 1063 2261 1105 cum
2283 1049 2569 1107 orthodon
2615 1048 2714 1106 lldo
2743 1049 3188 1119 conspeculemur,
3215 1059 3268 1104 et
3293 1049 3424 1104 ima-

273 1144 365 1188 tes
401 1145 558 1202 atque
587 1136 826 1188 veritatis
847 1135 1088 1189 inimicos
1109 1135 1292 1190 libros.
1355 1135 1461 1189 Sed
1515 1146 1568 1190 et
1601 1135 1822 1190 Paulum
1920 1138 2096 1206 ginem
2120 1137 2234 1203 eius
2259 1138 2692 1197 transformemus
2715 1137 2766 1194 in
2788 1137 3085 1203 nobis,vivs
3106 1141 3426 1194 demonstra-

274 1224 490 1277 Dmnini
518 1225 811 1292 apostolum
837 1225 946 1277 hinc
973 1225 1356 1293 praescientem,
1399 1234 1454 1278 ut
1478 1226 1702 1289 aestimo,
1746 1225 1823 1278 sic
1921 1226 2083 1288 tione,
2135 1234 2191 1280 et
2233 1225 2394 1291 ipsius
2451 1225 2516 1282 sd
2564 1224 2779 1293 gloriam
2808 1223 3192 1292 sempiternam,
3234 1223 3364 1279 sicut
3393 1238 3421 1276 a

271 1311 350 1363 ad
375 1326 466 1365 vos
497 1313 797 1365 ascendisse
819 1311 1113 1379 huiusmodi
1137 1312 1459 1371 seductores,
1520 1311 1696 1364 dolum
1747 1319 1823 1365 te—
1917 1310 2122 1366 Domini
2153 1311 2355 1381 spiritu,
2388 1310 2627 1378 quoniam
2663 1311 2772 1379 ipse
2797 1318 2874 1368 est
2917 1317 3070 1380 caput
3111 1320 3300 1366 nostra:
3328 1309 3424 1384 Ec-

267 1407 468 1451 xentes
493 1399 666 1461 vobis,
695 1399 1116 1467 Pbiiippensibus
1136 1399 1321 1453 scribit
1352 1416 1365 1452 :
1397 1417 1415 1449 ι
1437 1399 1621 1452 Videte
1644 1413 1819 1462 canes,
1919 1399 2091 1454 clesize
2112 1401 2376 1468 corporis;
2400 1407 2453 1453 et
2471 1398 2524 1455 in
2551 1414 2614 1454 eo
2645 1401 2780 1456 sicut
2824 1399 2873 1455 in
2915 1413 3017 1454 uno
3047 1412 3283 1471 corpore,
3309 1411 3420 1452 ont-

269 1485 454 1540 videte
473 1487 638 1540 malos
664 1488 950 1555 operarios,
983 1487 1155 1542 videte
1173 1488 1548 1542 abscissionem
1571 1486 1818 1556 (Philipp.
1918 1502 2010 1542 nes
2040 1504 2136 1544 nos
2157 1488 2536 1557 conjungimur.

265 1589 362 1636 ιιι,
392 1575 465 1635 2).
497 1594 515 1626 ι
545 1576 610 1628 Ει
641 1575 918 1628 Timotheo
943 1575 1136 1627 iterum
1172 1591 1184 1626 :
1217 1592 1236 1626 ‹
1271 1573 1325 1628 In
1353 1574 1551 1627 ultimis
1576 1578 1822 1642 tempori-
1987 1575 2121 1630 XIX.
2163 1575 2281 1634 Hinc
2313 1575 2457 1632 vobis
2483 1573 2746 1632 Romanis.
2780 1574 2834 1629 Si
2858 1587 2979 1646 ergo
3023 1575 3281 1642 possimus
3306 1589 3415 1634 vos,

266 1663 376 1714 Irus
396 1662 667 1715 discedent
696 1664 908 1729 quidam
932 1677 962 1714 a
992 1662 1119 1726 ﬁde,
1171 1664 1504 1716 attendentes
1549 1663 1821 1731 spiritibus
1917 1681 2033 1718 cum
2059 1665 2175 1720 sitis
2200 1665 2454 1726 homines,
2488 1665 2550 1721 ad
2582 1661 2941 1721 credulitatem
2979 1663 3242 1718 nobiscum
3271 1662 3418 1716 redu—

261 1764 330 1808 et
381 1755 636 1809 doctrinis
693 1757 988 1809 daemonum
1014 1794 1027 1818 ,
1089 1757 1140 1809 in
1197 1757 1460 1825 hypocrisi
1498 1756 1818 1824 loquentium
1918 1768 2036 1806 cere
2065 1768 2158 1821 per
2183 1767 2243 1808 ea
2271 1768 2386 1823 qua
2409 1753 2653 1817 diximus,
2679 1762 2732 1810 et
2763 1751 2991 1810 docendo
3018 1765 3108 1808 vos
3143 1763 3208 1807 ex
3247 1750 3418 1805 divina

264 1841 572 1903 mendacia,
607 1851 660 1894 et
697 1843 1051 1896 incedentium
1075 1844 1286 1912 propria
1317 1844 1664 1908 conscientia,
1715 1838 1812 1897 im?
1842 1828 1884 1885 Β
1917 1841 2190 1909 Scriptura
2219 1842 2514 1912 arguimus;
2546 1841 2712 1913 gratia
2751 1840 2865 1906 Dei,
2888 1848 2941 1895 st
2964 1837 3111 1896 vobis
3140 1837 3422 1896 scientibus

263 1929 595 1996 psnlientium
633 1929 849 1990 nubere,
881 1937 933 1981 et
965 1930 1235 1983 abstinere
1255 1945 1282 1981 a
1310 1930 1444 1983 cibis
1490 1946 1623 1997 quos
1677 1931 1814 1985 Deus
1913 1932 2049 1984 bene
2079 1929 2299 1998 Spiritui
2329 1929 2509 1984 sancto
2537 1928 2769 1990 credere.
2812 1935 2864 1984 et
2897 1924 3138 1997 prosequi
3169 1926 3419 1980 rationem

261 2018 474 2072 creavit
497 2018 546 2086 (l
579 2018 708 2071 Tim.
740 2035 812 2083 tv,
842 2020 1046 2086 1-3).»
1087 2021 1150 2073 Et
1173 2036 1231 2073 ea
1263 2036 1376 2087 qua:
1427 2022 1635 2075 exinde.
1687 2021 1814 2074 Pro—

263 2115 390 2173 pter
412 2107 550 2173 quod
602 2115 654 2159 et
682 2106 799 2159 Tito
855 2109 1104 2174 praecepit
1135 2125 1147 2160 :
1181 2127 1197 2158 ι
1222 2111 1394 2176 Argue
1445 2125 1568 2172 eos,
1622 2110 1810 2177 inquit,

259 2191 493 2256 duriter,
524 2204 576 2246 ut
601 2195 715 2248 sani
747 2196 852 2248 sint
889 2197 938 2248 in
961 2195 1082 2260 ﬁde,
1124 2211 1224 2248 non
1257 2199 1588 2252 attendentes
1627 2196 1809 2251 Judai-

259 2281 353 2338 cis
396 2282 610 2346 fabulis,
655 2293 708 2339 et
743 2285 1018 2354 praeceptis
1072 2286 1344 2340 hominum
1391 2289 1808 2344 subvertentium

258 2372 546 2423 veritatem
572 2371 693 2441 (Tit.
716 2387 755 2434 ι,
791 2372 898 2440 Ν).
935 2391 952 2424 ι

341 2457 516 2512 XVIII.
565 2461 917 2522 Quamobrem
971 2463 1372 2533 diligentissime
1429 2463 1802 2532 inquisivimus

260 2547 336 2599 de
355 2555 550 2600 caetero
572 2547 711 2600 circa
747 2550 877 2613 haec,
923 2564 956 2602 ο
980 2549 1192 2614 fratres,
1224 2565 1290 2602 ne
1318 2549 1600 2618 aliquando
1625 2565 1690 2605 ex
1723 2552 1803 2606 his

260 2648 387 2702 quae
427 2636 563 2690 dicta
611 2647 733 2690 sunt
774 2647 827 2692 et
870 2639 1147 2707 redarguta
1177 2639 1325 2694 vobis
1361 2642 1652 2704 mendacia,
1687 2641 1803 2695 dico

261 2735 410 2776 nunc
433 2737 639 2791 azyma,
673 2723 1025 2778 Sabbatorum
1044 2725 1266 2794 jejunis,
1311 2729 1522 2796 nuptias
1550 2730 1797 2784 sacerdo-

266 2817 382 2862 tum
408 2817 460 2863 et
487 2812 538 2862 in
563 2811 777 2880 jejuniis
798 2811 1092 2867 oblationes
1129 2814 1430 2882 accipiatis;
1456 2816 1549 2869 sed
1571 2815 1800 2870 scientes

1907 2020 2015 2088 jam
2042 2021 2232 2074 dictam
2262 2035 2321 2073 ex
2347 2018 2650 2086 Scripturis.
2682 2017 2736 2069 Si
2759 2031 2878 2073 vero
2899 2015 3046 2071 aliter
3073 2012 3276 2077 tenetis,
3304 2013 3422 2070 dats

1914 2110 2065 2164 nobis
2098 2109 2398 2162 testimonia
2424 2124 2487 2161 ex
2511 2107 2681 2162 divina
2727 2103 2994 2173 Scriptura
3036 2101 3371 2161 consistentia
3405 2119 3418 2155 :

1911 2200 1964 2252 in
1991 2199 2182 2266 quibus
2224 2198 2342 2251 volo
2383 2194 2666 2252 benevolos
2701 2206 2795 2249 vos
2847 2207 2981 2258 esse,
3013 2202 3067 2250 ut
3095 2206 3250 2260 super
3275 2191 3424 2246 sedes

1914 2287 2273 2355 intelligentia:
2312 2285 2675 2354 requiescatis,
2702 2289 2757 2340 et
2807 2295 2925 2347 nos,
2971 2283 3194 2337 scientes
3217 2280 3423 2336 obedire

1909 2376 2250 2430 inenarrabili
2304 2375 2493 2428 rationi
2543 2373 2776 2441 spiritus,
2812 2370 3001 2426 docere
3020 2370 3191 2424 omnia
3219 2383 3330 2435 qua:
3359 2367 3420 2422 ad

1909 2482 2003 2520 vos
2043 2465 2369 2532 scripsimus.
2400 2462 2698 2516 Salutamus
2743 2476 2835 2515 vos
2865 2461 2917 2516 in
2940 2458 3149 2514 Christo
3172 2455 3294 2513 Jesu
3321 2466 3417 2510 uo-

1909 2556 2056 2608 mino
2081 2562 2284 2616 nostro,
2311 2553 2394 2607 cui
2424 2560 2505 2605 est
2526 2551 2688 2621 gloria
2710 2559 2764 2604 et
2783 2550 3036 2619 potentia.
3067 2561 3181 2602 cum
3205 2545 3353 2600 Patre
3373 2552 3425 2599 et

1912 2642 2112 2712 Spiritu
2143 2649 2346 2705 sancto,
2377 2652 2515 2693 nunc
2537 2645 2590 2705 et
2615 2652 2838 2708 semper,
2870 2643 2922 2690 et
2944 2636 2996 2690 in
3036 2633 3222 2692 smculu
3266 2646 3421 2686 auscu-

1905 2731 2095 2802 lqrum.
2120 2731 2307 2785 Amen.

713 2918 863 2974 Finis
886 2919 1045 2975 libelli
1073 2902 1290 2986 Nicetis,
1319 2924 1594 2991 presbyteri
1621 2933 1667 2977 et
1689 2924 1928 2976 monachi
1952 2924 2249 2976 monasterii
2281 2922 2477 2987 Studii,
2496 2903 2674 2975 contra
2700 2919 2928 2972 Latinos.

269 3096 3416 3133 Μ

758 3120 816 3130 ⁵-

1634 3257 2084 3347 INCIPIT

695 3467 1437 3600 RESPONSIO
1549 3463 1864 3581 SIVE
1973 3460 3014 3577 CONTRADICTIO

1383 3680 1463 3740 IN
1524 3679 1861 3740 EUMDEM
1903 3676 2298 3739 LIBELLUM

845 3853 977 3966 Δ
1049 3850 1788 3962 FRATRI?-
1860 3839 2865 3959 HUMBEBTO

1358 4055 1679 4112 EPISCOI’O
1718 4051 1936 4108 SILVIS
1999 4050 2334 4106 CANDIDIE.

317 4328 360 4384 l.
418 4329 472 4383 Si
525 4327 801 4397 diligenter
856 4332 1054 4379 sancta:
1104 4318 1549 4377 Chalcedonensis
1599 4315 1783 4386 synodi
1813 4320 1857 4379 C
1889 4314 2074 4376 leonis,
2103 4322 2156 4366 et
2183 4325 2392 4365 murum
2421 4310 2814 4364 adamantinum
2835 4308 3079 4378 frangere
3104 4310 3311 4364 tentasti
3334 4311 3348 4364 ε
3369 4309 3424 4364 In

247 4431 496 4492 quartum
543 4417 938 4472 considerasses
979 4422 1157 4481 caput,
1198 4413 1374 4480 quiete
1423 4407 1711 4462 menastica
1740 4414 1790 4457 et

240 4511 462 4583 jejuniis
493 4520 653 4576 atque
675 4508 1004 4561 orationibus
1039 4507 1088 4559 in
1114 4504 1433 4560 monasterio
1460 4511 1547 4554 tuo
1575 4509 1790 4554 conten-

246 4611 354 4661 tus,
386 4611 718 4665 nequaquam
744 4593 1119 4648 ecclesiasticis
1145 4595 1301 4644 rebus
1321 4589 1787 4647 communicasses,

247 4705 343 4742 nec
373 4685 819 4755 importunitatem
860 4684 1147 4736 intuiisses.
1195 4682 1522 4747 Quapropter
1564 4690 1784 4731 sexcen-

245 4788 420 4828 torum
456 4777 671 4844 triginta
706 4776 920 4827 Patrum
971 4772 1219 4826 concordi
1249 4771 1460 4823 decreto
1483 4781 1511 4820 a
1554 4779 1788 4818 commu-

247 4865 409 4918 nione
460 4879 518 4918 es
577 4879 897 4930 suspensus,
954 4878 1019 4914 ne
1074 4876 1168 4928 per
1220 4868 1271 4911 te
1328 4872 1518 4910 nomen
1583 4854 1786 4908 Domini

249 4953 665 5020 biasphentetur.
701 4953 860 5006 Decet
883 4952 1020 5003 enim
1058 4961 1480 5015 unamquamque
1506 4943 1788 5013 professio-

252 5056 373 5093 nem
397 5056 452 5092 se
476 5041 572 5091 sub
604 5054 848 5092 mensura
881 5037 958 5089 sui
993 5038 1202 5088 habitus
1223 5042 1276 5086 et
1302 5035 1493 5101 gradus
1517 5032 1783 5094 cohibere,

253 5142 323 5182 ne
347 5130 626 5181 conturbet
667 5125 1009 5180 ecclesiastici
1039 5125 1297 5191 dogmatis
1333 5123 1570 5174 ordinem
1597 5129 1785 5180 totum,

251 5219 394 5277 dum,
441 5233 542 5270 non
571 5233 666 5271 suo
709 5225 992 5269 contentus
1032 5213 1222 5275 oilicio,
1270 5212 1554 5280 praeripere
1599 5209 1788 5276 quaerit

247 5307 500 5362 alienum.
532 5307 635 5360 Sed
663 5322 741 5359 va:
785 5307 897 5370 tibi,
923 5304 1218 5365 Sarabaita,
1259 5304 1348 5371 qui
1381 5301 1520 5354 nulla
1549 5299 1785 5353 emnobi-

245 5394 337 5449 tali
362 5397 696 5448 examinatus
717 5393 1009 5460 disciplina,
1042 5391 1311 5442 voluntate
1337 5399 1494 5456 atque
1523 5387 1788 5453 voluptate

247 5482 442 5537 ductus
493 5483 724 5549 propria,
781 5489 964 5534 contra
1008 5487 1244 5532 sanctam
1294 5485 1346 5530 et
1396 5475 1686 5528 Romanam
1735 5483 1787 5526 et

245 5569 586 5641 apostolicam
610 5569 905 5624 Ecclesium
921 5567 1222 5622 etomnium
1242 5575 1542 5619 sanctorum
1565 5563 1780 5616 Patrum
1811 5624 1815 5628 η

251 5658 480 5714 concilia
509 5657 836 5712 horribiliter
865 5656 1088 5718 latrasti,
1132 5654 1342 5706 stultior
1369 5653 1534 5713 asino,
1562 5652 1782 5704 frontem

1889 4419 1994 4473 quo
2022 4404 2205 4472 utique
2232 4410 2445 4463 conatu,
2477 4415 2577 4453 non
2611 4415 2668 4453 es
2691 4399 2859 4452 victor
2899 4400 3115 4460 erroris,
3142 4399 3232 4451 sed
3255 4399 3424 4452 victus

1889 4505 2098 4556 errore;
2131 4505 2227 4545 nec
2251 4492 2547 4559 presbyter,
2589 4489 2679 4542 sed
2727 4489 3047 4540 inveteratus
3089 4487 3289 4539 dierum
3315 4502 3424 4537 ma-

1889 4583 2080 4645 lorum,
2126 4589 2178 4634 el
2200 4594 2331 4647 puer
2355 4588 2564 4631 centum
2590 4590 2844 4629 annorum
2873 4573 3180 4627 maledictus
3206 4589 3218 4636 ;
3252 4575 3426 4640 potius

1888 4671 2139 4727 dicendus
2166 4669 2447 4736 Epicurus,
2471 4680 2625 4734 quam
2655 4663 2961 4717 monachus.
3005 4662 3110 4714 Nec
3133 4661 3425 4715 credendus

1889 4774 1947 4814 es
1976 4761 2170 4828 degere
2198 4758 2249 4810 in
2277 4754 2596 4809 monasterio
2637 4751 2814 4813 studii,
2845 4751 2934 4802 sed
2961 4751 3008 4802 in
3035 4749 3422 4816 amphitheatro

1888 4859 1980 4904 aut
2008 4847 2269 4917 lupanari.
2299 4844 2395 4909 Qui
2422 4843 2581 4896 etiam
2624 4856 2747 4895 vere
2776 4839 3171 4908 praenominaris
3195 4848 3424 4902 pectora-

1887 4950 1991 5000 ωε,
2041 4936 2286 5005 quoniam
2345 4946 2462 4985 cum
2512 4938 2755 4997 serpente
2802 4928 3018 4994 antiquo
3065 4938 3220 4993 super
3243 4934 3424 4990 pectus

1890 5037 2033 5082 tuum
2058 5023 2315 5096 gradcris.
2347 5021 2516 5086 Quod,
2542 5021 2676 5071 sicut
2713 5019 2922 5085 quidam
2978 5016 3192 5069 Palmm
3226 5015 3358 5066 dixit
3406 5033 3417 5064 :

1893 5134 1909 5164 ‹
1945 5113 2254 5178 Quicunque
2307 5108 2447 5171 vult,
2499 5107 2660 5158 intrat
2708 5113 2760 5157 et
2812 5101 2967 5156 solvit
3009 5102 3209 5155 asinum
3249 5115 3260 5149 :
3304 5116 3322 5147 ι
3355 5112 3420 5150 ex

1887 5199 2212 5254 abundantia
2237 5196 2378 5250 enim
2405 5193 2580 5248 cordis
2601 5205 2659 5245 os
2688 5191 2920 5260 loquitur
2947 5187 3158 5255 (Matth.
3188 5201 3281 5245 ιιι,
3309 5184 3417 5252 54).

1888 5290 2084 5343 Deinde
2113 5285 2472 5339 detestabilior
2510 5281 2649 5335 omni
2698 5276 2974 5340 veneilcio,
2999 5277 3140 5347 labia
3163 5273 3418 5328 mortiferi

1887 5378 2059 5447 poculi
2107 5375 2260 5429 melle
2298 5373 2572 5428 charitatis
2615 5382 2668 5424 et
2716 5370 2855 5422 bono
2894 5367 3054 5423 odore
3105 5363 3418 5426 humilitatis

1889 5465 2148 5526 imbuens,
2193 5476 2256 5516 ex
2305 5459 2568 5528 praedictis
2605 5457 2887 5509 virtutibus
2935 5450 3240 5508 delectabile
3269 5450 3418 5502 exhi-

1887 5553 2046 5606 buisti
2101 5550 2435 5619 prommium,
2493 5558 2549 5600 ut
2599 5554 2914 5615 prmgustata
2961 5528 3180 5597 dulcedo
3225 5539 3423 5592 faceret

1891 5646 2258 5699 incunctanter
2301 5637 2566 5692 absorberi
2617 5635 2681 5689 fel
2734 5636 3014 5688 draconum
3068 5640 3122 5684 et
3163 5629 3428 5696 reliquum
