4124 6338
673 386 805 454 1023

1633 384 2039 451 HUMBERTI
2075 386 2135 447 S.
2182 386 2252 443 ll.
2295 384 2362 444 E.
2410 383 2869 447 CARillNALIS

3730 382 3855 445 102i.

666 508 995 564 veneﬁcium.
1027 506 1129 560 Sed
1177 520 1249 555 τμη
1297 507 1342 557 ei
1372 506 1458 571 qui
1492 513 1639 572 potat
1670 503 1898 557 amicum
1925 516 2078 556 suum
2112 515 2207 569 po-
2238 500 2283 560 Α
2317 504 2547 557 tenebris
2575 505 2810 558 ambulat
2833 504 2882 574 (1
2909 502 3066 557 Joan.
3106 519 3165 568 ιι,
3190 504 3264 573 9).
3298 519 3319 553 ι
3354 501 3448 556 llic
3491 500 3647 569 plane
3700 500 3859 571 Ιὶψιςιι

663 602 807 657 tione
831 598 1161 653 turbulenta!
1202 594 1370 661 Quam
1420 594 1538 648 ideo
1579 594 1938 647 necessariam
1965 592 2215 645 duximus

661 688 920 746 subtiliori
948 687 1110 740 linteo
1139 672 1377 739 colatum
1402 684 1501 747 ire,
1529 692 1587 735 ut
1637 684 1821 737 modus
1847 680 2210 735 coucinnatio-

659 778 744 833 nis
770 776 902 846 ejus,
931 781 984 829 et
1017 772 1251 843 potentia
1303 772 1642 840 aliquatenus
1674 770 1840 839 possit
1867 767 2210 837 deprehendi,

657 877 713 922 e‘.
754 866 1005 933 deinceps
1050 862 1248 925 caveri,
1281 862 1404 930 quia
1454 861 1749 931 ingreditur
1778 859 1987 923 blande,
2028 860 2119 914 sed
2160 857 2212 911 in

657 951 947 1006 novissimo
994 948 1262 1004 mordebit
1312 955 1367 1001 ut
1416 946 1656 1011 coluber,
1713 955 1766 1001 et
1811 946 1952 1001 sicut
2000 943 2212 1014 regulus

562 1085 567 1090 -
655 1056 857 1099 venena
887 1041 1160 1096 dilIundet.

724 1131 786 1187 11.
826 1131 966 1184 Ecce
993 1128 1051 1183 in
1101 1128 1217 1197 ipso
1262 1128 1521 1182 livoratus
1547 1128 1619 1181 tui
1669 1127 1928 1181 vestibulo
1962 1126 2060 1179 tria
2090 1140 2211 1194 pro-

659 1220 888 1291 posuisti
924 1238 936 1273 :
964 1220 1029 1274 de
1058 1234 1246 1288 azymo
1274 1218 1582 1281 scilicet,de
1607 1218 1841 1271 Sabbato
1865 1228 1917 1271 et
1942 1220 2007 1269 de
2036 1232 2211 1271 sacer-

657 1309 841 1363 dotum
871 1309 1085 1378 nuptiis.
1121 1308 1192 1361 Ex
1226 1308 1418 1377 quibus
1460 1318 1533 1361 tot
1561 1316 1613 1361 et
1655 1316 1796 1361 tanta
1822 1306 2122 1367 evonmisti,
2156 1317 2211 1358 ut

656 1398 708 1453 in
738 1398 1089 1468 pervertendo
1113 1398 1319 1451 divinas
1339 1398 1630 1451 sententias
1653 1412 1756 1450 nou
1785 1395 2005 1449 inferior
2033 1394 2211 1448 videa-

655 1488 731 1542 ris
757 1490 1022 1557 perversis
1050 1495 1102 1540 et
1132 1486 1357 1555 rabiosis
1385 1487 1606 1539 canibus
1632 1485 1845 1540 Iuliano
1870 1494 1918 1538 et
1968 1484 2209 1554 P0rpby-

656 1575 756 1629 rio.
789 1575 1026 1643 Denique
1046 1574 1211 1628 divini
1241 1573 1438 1642 eloquii
1488 1572 1686 1627 scalam
1715 1573 1780 1626 ad
1830 1571 1995 1627 caelos
2020 1572 2206 1626 subre-

656 1672 819 1728 ctam,
848 1673 1106 1733 quantum
1138 1663 1189 1717 in
1222 1672 1272 1719 te
1321 1663 1442 1729 fuit,
1474 1664 1734 1718 retorsisti
1779 1664 1844 1718 ad
1892 1664 2114 1729 inferos,
2143 1680 2210 1719 ne

654 1767 799 1806 cum
839 1752 1048 1822 angelis
1098 1753 1383 1808 scandercs
1436 1753 1501 1807 ad
1554 1753 1882 1819 catholicos,
1943 1755 2034 1808 sed
2087 1769 2207 1809 cum

655 1840 915 1909 apostatis
961 1840 1314 1894 descenderes
1357 1841 1421 1893 ad
1454 1839 1748 1896 haereticos.
1776 1841 1898 1894 Inde
1932 1849 2013 1895 est
2046 1844 2205 1910 quod,

655 1939 856 1986 sancta:
886 1932 1141 1985 Reinaua:
1193 1940 1245 1985 ct
1272 1932 1576 2000 apostolica:
1635 1933 1775 1987 sedis
1818 1932 2083 1987 sacrificio
2120 1933 2209 1987 de-

656 2020 893 2085 trahens,
936 2020 1221 2076 falsissime
1259 2020 1542 2075 definivisti
1586 2037 1682 2077 nos
1724 2038 1961 2078 mensam
2006 2022 2209 2079 Iudaeo-

655 2109 771 2163 rum
802 2113 1101 2165 comedere.
1135 2112 1283 2177 Quod
1324 2112 1455 2166 satis
1501 2114 1798 2167 ostenditur
1846 2115 1896 2168 in
1944 2113 2206 2183 superiori

654 2205 833 2251 nostra
861 2198 1187 2262 narratione,
1221 2198 1309 2251 ubi
1363 2201 1678 2254 commentis
1732 2201 2046 2270 complicum
2095 2213 2209 2255 tuo-

657 2301 795 2351 rum,
827 2286 1105 2344 Michaelis
1146 2288 1353 2344 scilicet
1395 2288 1967 2358 Constantinopolitani
1994 2303 2046 2346 et
2072 2291 2205 2346 Leo-

654 2374 738 2427 n':s
782 2373 1037 2429 Acridani
1096 2375 1357 2430 voluimus
1412 2378 1650 2432 obviare.
1698 2378 1811 2433 Nec
1852 2390 1934 2434 est
1990 2395 2209 2435 necesse

652 2465 838 2520 eadem
886 2483 984 2523 nos
1036 2469 1192 2524 toties
1238 2480 1498 2539 repetere.
1542 2472 1674 2539 Quia
1728 2482 1932 2543 stuppa:
1976 2475 2207 2531 collecta:

653 2564 706 2608 et
734 2555 897 2625 paleas
944 2559 1198 2627 conjecta:
1247 2562 1572 2632 zizaniisque
1612 2564 1847 2619 collectis
1888 2582 1991 2620 una
2035 2577 2207 2635 potest

653 2644 865 2699 ﬂamma
890 2646 1152 2701 sufﬁcere.
1189 2649 1336 2704 Unde
1364 2665 1423 2704 ea
1478 2661 1678 2706 tantum
1722 2654 2208 2711 decrevimnsievi-

652 2740 737 2787 ter
769 2736 1127 2800 succendere,
1166 2753 1283 2807 qua:
1335 2740 1481 2794 solus
1537 2744 1734 2797 videris
1775 2745 1892 2812 plus
1941 2747 2043 2800 illis
2077 2762 2204 2801 con-

651 2825 898 2892 gessisse.

721 2910 804 2965 lll.
846 2912 1029 2981 itaque
1072 2916 1211 2981 quod
1256 2917 1435 2971 dixisti
1478 2922 1989 2977 consubstantialem
2024 2934 2077 2978 et
2120 2940 2207 2978 su-

652 3001 1153 3075 persnhstantialem
1188 3004 1326 3058 idem
1359 3021 1497 3068 esse.
1526 3010 1744 3062 omnino
1766 3020 1845 3064 est
1875 3010 2042 3065 futile.
2076 3012 2206 3079 Quia

651 3080 912 3144 Dominus
949 3089 1122 3156 Jesus,
1152 3095 1396 3157 quamvis
1428 3096 1581 3150 nobis
1610 3098 1940 3153 lmmauitatc
1981 3100 2050 3153 sit
2076 3098 2206 3155 coni

651 3179 1049 3245 substantialis;
1099 3183 1176 3234 sic
1223 3191 1277 3235 et
1320 3183 1567 3237 humame
1618 3201 1811 3240 meusm
1855 3204 2038 3254 panes,
2087 3190 2209 3245 licet

649 3269 753 3321 sint
771 3268 1253 3325 consubstantialrs
1275 3272 1396 3333 sibi,
1417 3288 1611 3329 meus-ie
1636 3284 1811 3328 tamen
1835 3278 2026 3332 divinae
2051 3283 2203 3349 panis

647 3358 1177 3424 supersubstantialis
1198 3370 1278 3413 est
1299 3360 1393 3414 eis.
1414 3361 1494 3424 Et,
1514 3378 1545 3417 ο
1567 3366 1783 3420 mentite
1799 3366 1923 3432 Deo,
1948 3379 2000 3423 et
2026 3383 2207 3440 aperte

651 3446 993 3515 irupnguator
1040 3448 1209 3501 sancti
1260 3448 1560 3518 Evangelii!
1597 3452 1680 3505 ubi
1723 3463 1775 3506 et
1825 3458 2040 3519 quando
2071 3457 2207 3513 dixit

649 3536 885 3599 Veritas,
936 3535 1145 3590 veracis
1184 3536 1359 3591 Patris
1392 3538 1557 3594 Filius
1586 3556 1600 3595 :
1644 3554 1674 3591 τ
1698 3542 1893 3598 Cavete
1930 3546 1996 3599 ab
2021 3563 2206 3617 azymo

647 3624 910 3677 fermento
931 3623 1358 3680 Pharisaeorum?
1387 3646 1405 3679 ι
1441 3627 1629 3697 (Marc.
1665 3647 1778 3695 vut,
1820 3632 1931 3704 i5.)
1958 3635 2205 3705 Nunquid

644 3728 884 3794 azymum
949 3715 1186 3783 quolibet
1246 3717 1403 3772 modo
1469 3728 1639 3787 potest
1693 3722 1797 3775 dici
1848 3706 2201 3793 ifermenlum,

644 3804 858 3870 quando
886 3820 1131 3874 azymnm
1184 3806 1413 3872 dicatur,
1440 3822 1505 3863 eo
1532 3810 1671 3877 quod
1715 3794 1918 3881 absque
1945 3812 2205 3871 fermento

642 3892 746 3945 sit?
774 3899 831 3944 et
868 3892 1169 3962 ubicunque
1222 3893 1540 3950 fermentum
1573 3897 1754 3962 interit,
1800 3886 2015 3957 necesse
2040 3915 2204 3959 estut

620 3991 733 4035 aut
764 3982 1083 4038 fermentum
1115 3983 1325 4051 efficiat,
1377 3996 1465 4040 aut
1494 3988 1811 4043 fermentum
1859 3976 2204 4058 permaneat?

640 4074 771 4127 Cum
816 4090 942 4145 ergo
982 4074 1359 4130 fermentatum
1388 4093 1492 4131 non
1539 4079 1743 4133 sitsine
1776 4080 2059 4147 fermento,
2102 4100 2202 4139 nec

642 4161 961 4216 fermentum
982 4164 1268 4233 aliquando
1290 4166 1459 4232 possit
1487 4181 1607 4221 esse
1630 4168 1747 4222 sine
1772 4171 1907 4237 ipso,
1932 4174 2200 4240 quomodo

640 4250 826 4305 saltem
881 4254 1147 4306 somniare
1188 4268 1349 4308 ausus
1396 4271 1455 4309 es
1510 4270 1756 4326 azymum
1790 4259 2200 4316 fermentatum?

642 4339 747 4394 Sed
775 4342 1018 4409 quamvis
1067 4343 1193 4396 talia
1243 4344 1470 4399 dicendo
1520 4346 1650 4400 telas
1695 4363 1904 4403 aranea:
1942 4351 2197 4415 tcxueris,

2314 593 2451 659 quod
2483 607 2586 646 non
2612 592 2677 645 ab
2706 594 2946 663 apostolo
2966 602 3169 654 sancto,
3196 594 3288 647 sed
3320 596 3385 647 ab
3409 600 3645 661 apostata
3675 593 3859 659 allgt'lu

2315 683 2592 752 accepisti,
2624 691 2680 737 ut
2712 684 2917 739 diceres
2951 702 2963 735 :
2999 684 3099 748 Qui
3142 699 3261 751 ergo
3310 698 3490 750 azyma
3543 682 3779 741 comedit,
3808 684 3859 733 iu

2313 772 2525 824 tenebris
2566 772 2690 840 legis
2737 772 2987 835 ambulat,
3025 772 3148 839 quia
3189 780 3293 824 tota
3337 770 3560 837 epistola
3610 768 3718 830 illa,
3766 782 3860 821 nec

2313 860 2691 913 fermentatum
2737 874 2835 913 uer
2869 875 3113 913 azvmum
3143 865 3545 917 commemorat,
3575 856 3667 912 sed
3693 855 3860 911 solum

2311 947 2659 1002 charitatem:

2384 1037 2443 1092 V.
2486 1037 2613 1091 Post
2668 1039 2780 1092 haec
2811 1053 2913 1092 non
2950 1038 3140 1091 minori
3189 1036 3467 1107 sacrilegio
3519 1038 3714 1091 almsus
3762 1033 3861 1089 alio

2314 1126 2622 1185 testimonio
2648 1125 2883 1195 ejusdem
2926 1126 3151 1194 apostoli
3192 1127 3419 1180 dicentis
3464 1143 3476 1177 τ
3514 1144 3532 1175 ι
3584 1125 3714 1178 Tres
3743 1133 3864 1178 sunt

2310 1216 2398 1284 qui
2430 1216 2796 1286 testimonium
2823 1217 3106 1285 perhibent
3139 1218 3189 1268 in
3238 1226 3397 1277 terra,
3446 1214 3697 1282 Spiritus,
3728 1228 3861 1281 aqua

2309 1315 2362 1360 et
2406 1308 2641 1375 sanguis,
2670 1314 2725 1360 et
2755 1307 2806 1360 hi
2840 1315 2947 1359 tres
2996 1322 3158 1375 puum
3204 1315 3328 1359 sunt
3376 1304 3427 1372 (Ι
3465 1305 3621 1358 Joau.
3652 1320 3700 1366 v,
3729 1302 3805 1371 7);
3842 1321 3859 1353 ι

2311 1410 2560 1463 perverse
2579 1396 2791 1451 conaris
2812 1396 2877 1450 ad
2905 1412 3095 1465 panem
3120 1411 3314 1449 meusm
3332 1396 3525 1449 Christi
3557 1392 3863 1465 transferre,

2310 1484 2447 1552 quod
2468 1484 2551 1540 ille
2576 1484 2641 1539 de
2659 1484 2925 1553 baptismo
2944 1481 3058 1550 ejus
3075 1484 3239 1537 voluit
3260 1485 3521 1538 intimare.
3537 1482 3589 1535 In
3607 1480 3865 1549 baptismo

2310 1574 2572 1641 siquidem
2606 1574 2718 1627 lucc
2741 1573 2841 1626 tria
2870 1582 3013 1637 sunt,
3040 1582 3091 1627 et
3123 1588 3284 1626 unum
3312 1573 3576 1641 baptisma
3608 1569 3861 1626 efﬁciunt.

2315 1663 2377 1715 Et
2407 1661 2639 1731 Spiritus
2665 1662 2881 1731 quidem
2918 1663 3236 1727 sanctificat,
3268 1677 3404 1729 aqua
3435 1661 3621 1724 abluit,
3652 1659 3868 1729 sanguis

2313 1752 2545 1805 redimit.
2604 1750 2659 1805 Si
2707 1751 2984 1819 quodlibet
3026 1752 3216 1806 borum
3266 1750 3526 1812 defuerit,
3572 1751 3869 1820 baptismus

2312 1858 2417 1896 non
2463 1843 2584 1903 erit,
2643 1844 2784 1897 sicut
2828 1843 3148 1897 venerabilis
3195 1851 3347 1912 pater
3391 1843 3711 1913 Augustinus
3749 1842 3866 1896 ait:

2317 1952 2332 1983 ‹
2372 1934 2523 1988 Tolle
2552 1948 2766 2003 aquam,
2816 1944 3041 1990 non-cst
3095 1935 3406 2005 baptismus.
3458 1934 3579 1988 tolle
3627 1933 3868 1997 verbum,

2311 2036 2414 2076 non
2437 2034 2520 2077 est
2544 2022 2862 2091 baptismus.
2889 2022 2993 2077 Sed
3045 2023 3253 2077 accedit
3298 2022 3515 2077 venbum
3547 2022 3609 2084 ad
3642 2020 3845 2075 elemen

2312 2122 2445 2175 tum,
2476 2122 2530 2167 et
2560 2113 2617 2166 lit
2646 2122 3062 2168 sacramentum.
3087 2132 3103 2162 ι
3131 2113 3208 2166 Tu
3233 2121 3409 2166 autem
3436 2128 3661 2180 nequam
3691 2120 3858 2179 pecto-
3922 2146 3925 2147 ν

2312 2205 2728 2270 rate,.ncquiter
2754 2202 3153 2272 interpretando
3182 2212 3236 2256 et
3269 2202 3609 2272 depravando
3651 2211 3862 2256 sentem

2312 2291 2440 2343 tiam
2470 2291 2830 2345 recumbentis
2857 2306 3017 2360 super
3043 2301 3229 2361 pectus
3255 2290 3399 2354 Jesu,
3452 2292 3632 2345 dixiin
3666 2310 3677 2342 :
3710 2291 3781 2344 Et
3817 2290 3865 2344 Id

2309 2388 2411 2431 tres
2440 2396 2495 2433 ιη
2543 2395 2645 2433 uno
2672 2391 2810 2443 sunt,
2856 2366 3061 2434 scilicet
3103 2380 3154 2433 in
3198 2394 3423 2449 corpore
3473 2380 3691 2445 Christi,
3727 2378 3867 2447 quod

2309 2467 2538 2523 dilectus
2568 2468 2703 2537 ejus,
2732 2484 2832 2524 nec
2855 2469 3045 2532 sensit,
3076 2483 3175 2525 nec
3205 2462 3437 2540 scripsit,
3474 2469 3585 2533 sed,
3622 2488 3638 2519 ι
3678 2469 3731 2523 hi
3760 2479 3867 2523 tres

2310 2574 2472 2612 unum
2504 2568 2626 2613 sunt
2658 2559 2708 2629 (Ι
2733 2558 2895 2613 Joan.
2929 2575 3021 2625 vn,
3051 2558 3179 2629 8),»
3216 2560 3503 2614 secundum
3539 2562 3867 2616 superiorem

2310 2647 2374 2699 de
2404 2646 2665 2715 baptismo
2692 2661 2924 2701 sensum.

2380 2734 2465 2789 Vl.
2504 2734 2680 2790 Parva
2724 2744 2848 2790 sunt
2892 2738 3005 2792 haec
3049 2748 3102 2793 et
3149 2753 3284 2809 pene
3334 2737 3473 2792 nulla
3497 2739 3561 2791 ad
3586 2749 3864 2807 compara-

2313 2824 2509 2877 tionem
2535 2825 2807 2893 sequentis
2836 2826 3198 2895 blasphemiae,
3227 2842 3329 2895 qua
3361 2842 3599 2882 asserere
3629 2826 3861 2890 laboras,

2310 2911 2452 2979 quod
2480 2919 2719 2980 tempore
2761 2912 3046 2967 Dominica:
3076 2914 3340 2983 passionis
3382 2924 3435 2968 et
3475 2914 3859 2975 erucilixionis.

2284 3000 2526 3070 quando
2559 3004 2776 3073 sanguis
2798 3012 2853 3060 et
2874 3018 3007 3072 aqua
3034 3006 3095 3058 de
3117 3005 3280 3059 latere
3302 3004 3417 3071 ejus
3439 3006 3617 3068 exivit,
3646 3015 3866 3060 sanctus

2311 3101 2363 3144 ct
2395 3093 2640 3147 vivificus
2666 3095 2885 3163 spiritus
2914 3096 2965 3149 in
2993 3088 3234 3150 deiiicata
3265 3097 3378 3165 ejus
3402 3111 3559 3150 Carne
3586 3097 3861 3151 remansit.

2311 3181 2461 3247 Quod
2498 3183 2540 3235 si
2590 3183 2917 3247 constiterit,
2964 3194 3206 3238 lliOl'lllllS
3251 3185 3498 3238 nonfuit.
3534 3186 3588 3240 Si
3623 3195 3864 3240 mortuus

2290 3270 2551 3335 nonfuit,
2587 3288 2757 3341 neque
2792 3276 3099 3327 resurrexit.
3134 3274 3189 3327 Si
3224 3290 3326 3327 non
3352 3276 3661 3341 resurrexit,
3692 3276 3861 3330 insitis

2308 3368 2390 3415 est
2417 3360 2548 3416 ﬁdes
2575 3369 2626 3415 et
2657 3363 2967 3431 praedicatio
3009 3373 3210 3426 nostra,
3241 3365 3365 3432 quia
3414 3380 3511 3418 nec
3558 3380 3654 3418 nos
3690 3380 3863 3418 resur-

2304 3462 2511 3517 gcmus.
2568 3450 2635 3503 Et
2684 3451 2822 3505 sicut
2879 3451 3163 3518 Apostolus
3204 3452 3280 3505 ait
3322 3458 3344 3505 :‘
3384 3470 3401 3502 ι
3452 3450 3506 3506 Si
3553 3453 3618 3507 ad
3662 3452 3864 3506 bestias

2305 3538 2531 3607 pugnavi
2580 3539 2797 3607 Ephesi,
2846 3540 2972 3607 quid
3026 3540 3153 3593 mihi
3183 3542 3419 3609 prodest.
3448 3543 3491 3595 si
3540 3541 3731 3595 mortui
3759 3556 3859 3594 non

2308 3630 2628 3699 resurgunt?
2663 3649 2680 3683 ι
2715 3630 2764 3700 (1
2792 3629 2913 3685 Cor.
2958 3646 3045 3696 xv,
3077 3631 3189 3701 32.)
3214 3632 3281 3686 Ut
3306 3632 3431 3701 quid
3455 3632 3594 3685 enim
3626 3633 3861 3702 quotidie

2310 3727 2458 3772 tanta
2484 3719 2750 3788 patimur?
2775 3721 3128 3775 Comedamus
3156 3730 3208 3775 et
3238 3721 3480 3775 bibamus
3505 3721 3643 3775 :imo
3665 3722 3860 3776 bestia-

2302 3806 2428 3862 liter
2454 3808 2713 3871 vivatnus,
2742 3822 2862 3863 cras
2889 3810 3030 3863 cnim
3060 3818 3115 3864 ut
3156 3809 3341 3864 bestia:
3381 3812 3689 3864 moricumr.
3724 3811 3778 3864 Si
3808 3815 3858 3865 in

2304 3899 2403 3953 hac
2434 3898 2539 3952 vita
2572 3908 2776 3953 tantum
2825 3900 2875 3952 in
2901 3902 3116 3954 Christo
3162 3912 3441 3970 sperantes
3471 3903 3857 3964 sumus,-mise-

2304 3986 2582 4040 rabiiiores
2606 3987 2853 4039 omnibus
2879 4002 3067 4040 smnus
3107 3987 3439 4053 hominibus;
3469 3989 3561 4061 sed
3602 3985 3740 4043 absit
3762 3989 3862 4042 hoc

2302 4075 2367 4126 ab
2387 4076 2530 4128 omni
2554 4090 2752 4144 genere
2777 4077 3044 4129 humano!
3074 4075 3202 4130 Nam
3233 4077 3372 4131 idem
3398 4077 3687 4147 przeciarus
3708 4092 3862 4131 evan-

2299 4165 2505 4234 gelista,
2540 4166 2631 4233 qui
2689 4167 2789 4219 hoc
2845 4167 3013 4234 ipsum
3060 4182 3298 4235 prmsens
3352 4168 3505 4232 vidit,
3576 4176 3860 4221 attestatur

2299 4269 2511 4306 carnem
2544 4254 2744 4307 Christi
2797 4270 2917 4306 vero
2963 4248 3324 4309 exanimatam
3375 4257 3425 4309 in
3474 4268 3634 4309 cruce
3671 4256 3858 4321 fuisse,

2298 4340 2522 4394 dicens:
2556 4359 2573 4391 ι
2608 4341 2670 4393 Et
2698 4341 2955 4395 inclinato
2986 4342 3162 4411 capite
3197 4342 3375 4397 emisit
3407 4343 3650 4410 spiritum
3680 4342 3857 4408 (Joau.

641 4441 853 4482 muscas
872 4437 925 4481 et
946 4429 1145 4485 culices
1170 4444 1261 4485 seu
1288 4432 1609 4487 vermiculos
1629 4436 2040 4491 aberrantcsbis
2063 4438 2195 4493 irrc-
2227 4463 2272 4520 ο
2300 4429 2569 4500 Χιι,“3θ)-
2630 4450 2647 4481 ο
2711 4430 2877 4484 ιόιίὈ
2915 4430 3124 4484 Marcus
3171 4439 3224 4483 οι
3272 4430 3445 4485 Lucas
3501 4432 3684 4484 dicunt
3739 4446 3858 4484 eum

642 4518 743 4570 tire
763 4517 1001 4587 poteris;
1033 4532 1139 4572 non
1188 4529 1365 4575 autem
1396 4523 1669 4579 columnas
1702 4526 1968 4595 simplices
1996 4537 2048 4581 et
2071 4542 2196 4582 oves

640 4616 1084 4674 recognoscentes
1105 4623 1290 4663 vocem
1320 4610 1398 4665 sui
1427 4612 1679 4665 auctoris.

710 4694 794 4748 IV.
835 4697 1066 4763 Deinde,
1119 4713 1151 4752 ο
1208 4701 1462 4755 subverso
1510 4703 1827 4767 subversor,
1884 4708 2195 4763 subvertere

639 4792 861 4838 conatus
905 4788 1223 4841 sententiam
1266 4791 1488 4858 apostoli
1526 4790 1749 4848 Joannis
1774 4794 1998 4850 dicentis
2034 4815 2045 4848 :
2086 4815 2101 4847 ‹
2136 4799 2191 4851 Si

644 4869 936 4926 dixerimus
965 4874 1089 4940 quia
1126 4875 1437 4930 societatem
1488 4879 1744 4934 habemus
1788 4897 1907 4935 cum
1936 4898 2018 4946 eo,
2052 4894 2104 4938 et
2142 4886 2191 4937 in

643 4960 878 5013 tenebris
923 4964 1275 5027 ambulamus,
1310 4969 1595 5022 mentimur
1618 4979 1671 5023 et
1700 4989 1803 5026 non
1855 4974 2082 5029 facimus
2105 4991 2195 5029 ve-

641 5050 847 5104 ritatem
876 5050 927 5121 (Ι
955 5053 1110 5105 Joan.
1140 5071 1177 5114 ι,
1208 5054 1285 5123 6),
1326 5075 1343 5105 ι
1374 5065 1429 5111 et
1453 5060 1663 5113 caeteris
1705 5063 1929 5130 nequius
1958 5079 2087 5117 usus
2134 5079 2194 5118 es

641 5142 741 5193 hoc
782 5140 894 5207 ejus
939 5144 1263 5207 testimonio,
1318 5161 1477 5214 quam
1524 5148 1731 5202 adulter
1768 5151 1923 5203 oculo
1950 5160 2003 5205 et
2051 5151 2189 5207 latro

636 5226 801 5291 ferro,
846 5243 963 5295 qua:
1010 5231 1194 5298 utique
1242 5232 1377 5287 bona
1402 5242 1543 5288 sunt.
1574 5235 1650 5289 illi
1689 5237 1830 5291 cnim
1862 5238 2190 5293 iaaderetenc

636 5325 753 5368 tant
781 5317 1006 5387 aliquos,
1042 5330 1092 5373 tu
1123 5319 1348 5389 perdere
1373 5333 1612 5378 cunctos.
1671 5315 1823 5382 Unde
1870 5337 1922 5381 et
1950 5329 2029 5382 sic
2057 5345 2186 5383 con-

634 5405 805 5461 cludis
838 5424 850 5459 :
880 5409 983 5472 Qui
1006 5427 1126 5480 erg)
1171 5427 1354 5482 azyma
1402 5416 1639 5481 comedit,
1692 5418 1744 5470 in
1790 5417 2008 5472 tenebris
2061 5418 2189 5489 legis

633 5496 881 5550 ambulat.
916 5499 1019 5554 Sed
1049 5502 1183 5553 idem
1214 5499 1447 5557 Joannes
1477 5502 1821 5558 intentionem
1854 5516 1997 5559 tuam
2030 5522 2186 5561 enar-

634 5598 782 5645 rans,
810 5585 927 5639 lucc
951 5577 1146 5643 clarius
1190 5590 1542 5654 demonstrat,
1572 5592 1661 5658 qui
1717 5593 1933 5654 dixerit.
1971 5594 2186 5661 subjun-

634 5688 761 5738 gt-ns
789 5689 799 5725 :
831 5698 846 5726 ‹
880 5677 975 5742 Qui
1004 5681 1114 5733 odit
1138 5694 1289 5733 suum
1318 5679 1560 5745 fratrem,
1593 5680 1641 5734 in
1670 5681 1897 5737 tenebris
1925 5694 2022 5749 est,
2049 5694 2100 5739 et
2124 5688 2175 5739 in

2298 4520 2599 4587 exspirasse
2653 4519 2843 4589 (Marc.
2901 4535 2989 4581 xv,
3043 4519 3137 4583 59;
3190 4518 3315 4572 Luc.
3367 4533 3523 4581 mu,
3570 4517 3681 4588 46).
3714 4517 3860 4573 Unde

2301 4622 2351 4667 et
2379 4614 2429 4666 in
2453 4613 2692 4682 symbolo
2724 4615 3041 4668 confitentur
3060 4623 3318 4666 mortuum
3349 4626 3393 4665 et
3416 4613 3690 4681 sepultum.
3720 4614 3859 4665 Aliu-

2298 4704 2388 4773 qui
2417 4704 2625 4773 sepeliri
2651 4720 2752 4757 non
2780 4705 2984 4768 debuit,
3008 4706 3096 4772 qui
3129 4712 3370 4757 llittl‘lllus
3396 4720 3495 4757 non
3526 4704 3860 4757 fuit.0innu-

2300 4804 2462 4859 tesce,
2494 4794 2645 4847 cauis
2669 4811 2681 4845 :
2708 4794 2962 4861 linguam,
2992 4796 3140 4847 nmis
3171 4794 3427 4861 improbe,
3460 4794 3677 4856 morde;
3709 4792 3855 4846 Chri-

2299 4893 2415 4937 stus
2444 4884 2585 4937 enim
2611 4898 2737 4936 vere
2764 4891 3008 4936 mortuus
3042 4891 3126 4935 est
3174 4893 3389 4950 propter
3419 4882 3607 4934 delicta
3654 4890 3853 4944 ttostra,

2298 4982 2351 5025 et
2392 4981 2611 5040 propter
2648 4971 3082 5038 justificationem
3133 4981 3371 5025 nostram
3418 4970 3590 5039 (llam.
3641 4986 3715 5034 ιν,
3766 4970 3853 5039 25)

2301 5062 2591 5114 resurrexit
2619 5077 2645 5113 a
2675 5062 2900 5115 mortuis
2930 5060 3179 5129 primitia:
3219 5060 3600 5114 dormientium
3644 5061 3694 5131 (1
3734 5060 3850 5113 Cor.

2298 5165 2383 5212 xv,
2420 5149 2531 5223 20)³

2375 5241 2473 5294 Vll.
2517 5241 2653 5295 Ecce
2701 5241 2955 5310 pestifera
2998 5242 3262 5305 doctrina,
3295 5256 3417 5296 cccc
3446 5241 3706 5294 diabolica
3735 5256 3852 5306 Sug-

2295 5330 2486 5397 gestio,
2514 5330 2667 5398 cujus
2700 5340 2753 5383 tu
2799 5329 3020 5398 signifer
3049 5329 3272 5384 effectus
3316 5330 3528 5383 conaris
3575 5328 3852 5397 opiniones

2290 5425 2344 5470 et
2372 5416 2785 5470 adinveutiones
2818 5426 3029 5469 tuorum
3064 5425 3249 5470 contra
3276 5418 3613 5470 traditionem
3640 5426 3851 5484 aposto-

2293 5507 2472 5568 licam,
2522 5517 2576 5559 et
2620 5516 2807 5560 contra
2856 5506 3195 5559 manifestam
3240 5508 3512 5559 veritatem
3545 5508 3849 5568 defendere,

2291 5599 2517 5651 dicendo
2547 5615 2558 5649 :
2589 5599 2792 5665 Aquam
2840 5596 3067 5650 calidam
3103 5608 3151 5649 et
3190 5599 3500 5663 sanguinem
3552 5610 3614 5646 ue
3649 5598 3769 5649 vivo
3795 5603 3849 5651 et

2294 5690 2467 5745 ualido
2491 5690 2685 5745 Christi
2720 5705 2942 5759 corpore
2964 5691 3160 5753 exisse,
3192 5702 3243 5742 et
3272 5692 3387 5743 idro
3417 5690 3628 5743 (ii-meos
3655 5700 3849 5757 aquam
