4124 6338
235 372 360 438 1025

237 503 521 555 ferventem
555 497 812 565 sanguine
843 497 954 565 ejus
1001 496 1122 565 jure
1154 497 1391 548 miseere.
1425 487 1576 559 Quod
1612 503 1777 548 totum
1811 499 1854 555 Α

236 588 380 657 longe
407 587 564 640 aliter
591 595 693 639 est.
727 583 856 640 Nam
910 599 1126 639 veraces
1182 573 1523 653 evangelista.
1571 598 1791 637 concor-

234 680 368 733 diter
394 686 618 732 narrant
646 677 927 730 Dominum
951 683 1195 729 nostrum
1225 677 1357 728 hora
1392 690 1534 728 nona
1561 674 1612 726 in
1634 688 1793 727 cruce

237 778 520 832 mortuum,
552 777 607 821 et
650 781 770 820 sero
801 783 830 819 a
866 763 1096 834 Josepho
1139 764 1458 833 postulatum
1493 763 1789 832 depositum

234 862 292 915 de
320 859 464 928 ligno
496 866 547 912 et
580 856 865 925 sepultum.
892 855 1009 923 Ipso
1038 855 1180 908 enim
1212 853 1488 907 emittente
1516 853 1786 921 spiritum,

235 946 403 999 velum
461 944 642 1011 templi
689 953 742 996 et
794 953 957 1011 petrzc
1000 942 1184 996 scissa:
1232 949 1374 1002 sunt,
1427 949 1567 993 terra
1626 950 1786 1002 mota,

236 1040 575 1086 monumenta
606 1040 827 1097 aperta,
879 1041 933 1082 et
983 1028 1147 1081 multa
1203 1043 1430 1095 corpora
1482 1035 1787 1080 sanctorum

238 1126 664 1172 resurrcxerunt.
725 1116 778 1167 In
835 1125 981 1168 tanta
1041 1116 1220 1182 itaque
1274 1115 1675 1182 perturbatione
1736 1122 1789 1166 et

237 1209 385 1275 quasi
437 1205 714 1272 naufragio
760 1205 922 1255 totius
953 1211 1231 1265 creatura},
1273 1194 1379 1256 non
1432 1201 1601 1254 solum
1653 1201 1790 1266 latus

240 1297 442 1351 Domini
493 1287 595 1348 non
625 1295 723 1346 fuit
777 1305 1016 1360 apertum
1067 1292 1282 1353 lancea,
1309 1293 1401 1345 sed
1433 1292 1593 1344 etiam
1620 1291 1672 1342 hi
1700 1289 1790 1357 qui

236 1389 380 1456 prius
406 1385 452 1439 ei
483 1385 898 1444 insultaverunt,
922 1391 975 1435 et
1017 1383 1080 1435 ad
1120 1381 1485 1450 spectaculum
1517 1380 1642 1433 illud
1668 1393 1795 1432 con-

237 1481 511 1534 venerant,
539 1472 651 1524 viso
682 1479 986 1524 terrmmotu
1011 1479 1064 1522 et
1096 1462 1180 1521 his
1212 1484 1330 1536 quae
1361 1467 1579 1529 fiebant,
1611 1476 1797 1534 peetus

236 1578 389 1617 suum
440 1561 830 1630 percutientes,
879 1558 1308 1611 revertebantur.
1367 1556 1515 1610 Adeo
1580 1565 1641 1608 ut
1684 1555 1798 1622 ipse

234 1651 498 1712 centurio,
529 1651 612 1702 cui
651 1649 879 1702 traditus
926 1647 1100 1700 fuerat
1154 1646 1217 1698 ad
1260 1645 1610 1714 puniendum,
1657 1644 1800 1697 dice-

211 1749 316 1795 ‘ret
350 1758 360 1792 :
397 1757 416 1790 ‹
450 1739 588 1792 Vere
620 1738 710 1791 Dei
742 1738 881 1790 ﬁlius
907 1745 1022 1790 erat
1064 1737 1165 1790 iste
1190 1735 1401 1803 (Matt/1.
1428 1751 1598 1799 xxvn,
1631 1733 1739 1801 54).
1778 1753 1795 1785 ι

1510 365 1803 428 CONTRA
1861 366 1908 425 Ν
1922 366 1937 423 l
1950 363 2129 424 CETA
2139 363 2214 422 Μ.

3301 369 3432 428 t026

1953 496 2038 548 IX.
2084 496 2160 549 Tu
2202 510 2327 549 vero
2361 493 2641 550 maledicte
2680 502 2732 546 et
2772 493 3084 547 maledictus
3128 507 3304 545 sermo
3327 494 3434 545 oris

1895 588 1989 649 tui,
2027 595 2267 640 sanctam
2313 585 2504 653 legem,
2541 585 2674 637 sicut
2723 583 3062 644 Severianus,
3104 583 3435 635 maledictam

1894 674 2095 727 dixisti.
2126 672 2233 726 Nec
2256 672 2470 736 mirum,
2496 687 2615 725 cum
2646 671 2804 723 etiam
2828 685 3015 737 panem
3049 678 3194 721 tuum
3219 669 3439 722 laudare

1891 779 2049 832 Supra
2100 765 2312 818 modum
2363 763 2615 830 cupiens,
2668 761 2886 813 nimium
2931 759 3242 827 vituperasti
3290 759 3436 812 illum

1890 853 2072 907 dicens
2112 868 2125 904 :
2158 872 2175 903 ι
2201 845 2458 906 Modicum
2494 850 2809 904 fermentum
2851 856 3009 900 totam
3036 863 3264 901 massam
3315 861 3438 900 cor-

1891 943 2106 1010 rumpti,
2139 953 2192 995 et
2220 943 2372 1010 panis
2402 940 2645 1002 tandem,
2689 954 2791 992 non
2843 953 3082 1006 azymum
3138 936 3383 990 edicitur.
3415 954 3433 986 ι

1887 1034 1997 1086 Deo
2044 1033 2232 1099 gratia,
2264 1032 2385 1099 quia
2438 1045 2681 1102 azymum
2739 1043 2842 1080 non
2884 1027 3105 1080 efﬁcitur
3148 1029 3211 1083 de
3261 1042 3438 1082 massa

1889 1119 2440 1185 fermentocorrupta,
2473 1120 2610 1172 sicut
2635 1126 2753 1169 tuus
2797 1116 2967 1184 panis.
2999 1115 3125 1168 Nam
3167 1117 3438 1188 corruptio

1889 1221 2155 1273 nunquam
2208 1214 2259 1258 et
2314 1220 2570 1271 nusquam
2625 1205 2675 1255 in
2735 1205 2928 1255 bonum
2977 1204 3262 1270 accipitur;
3313 1205 3437 1272 quia

1891 1297 2191 1364 ubicunque
2212 1294 2502 1360 corruptio,
2535 1294 2603 1347 ibi
2632 1293 2789 1346 etiam
2812 1292 3119 1345 substantia:
3148 1293 3442 1346 deteriora-

1895 1387 1987 1441 tio.
2040 1385 2345 1451 Quinetiam
2399 1399 2518 1437 cum
2574 1398 2865 1451 exponeres
2921 1384 3237 1436 sententiam
3297 1383 3439 1436 beati

1896 1476 2065 1538 Pauli,
2099 1491 2258 1544 quam
2294 1483 2410 1543 post
2452 1482 2525 1527 tot
2560 1473 2884 1526 orthodoxos
2914 1471 3123 1534 Patres,
3169 1473 3320 1525 nobis
3349 1487 3442 1525 no-

1897 1567 2072 1618 lumus
2102 1566 2168 1617 ab
2201 1564 2464 1628 haereticis
2491 1562 2706 1629 exponi,
2729 1561 2973 1628 quamvis
2991 1561 3174 1613 nolens
3197 1574 3442 1629 azymtzm

1898 1652 2123 1705 laudasti
2162 1652 2343 1703 dicens
2373 1664 2385 1701 :
2419 1649 2566 1702 Sicut
2597 1648 2726 1701 estis
2754 1648 3026 1715 baptizati,
3057 1647 3108 1699 id
3137 1658 3237 1710 est,
3272 1647 3446 1716 azymi

1905 1752 1956 1797 et
2020 1742 2158 1810 puri.
2223 1739 2278 1794 Si
2348 1755 2472 1807 ergo
2511 1737 2800 1792 secundum
2857 1745 2998 1789 tuam
3058 1733 3448 1789 confessionem

234 1829 298 1881 At
327 1827 415 1880 ubi
462 1825 717 1879 tumultus
770 1827 952 1879 mundi
1004 1826 1408 1893 conquieverat,
1440 1835 1493 1878 et
1532 1824 1795 1878 securitas
1827 1823 1866 1881 Β
1895 1833 2144 1902 baptizati
2187 1840 2310 1884 sunt
2343 1830 2533 1900 azymi,
2569 1829 2693 1897 quid
2730 1838 2852 1882 sunt
2897 1843 2998 1881 non
3038 1829 3311 1892 baptizati,
3343 1826 3447 1882 nisi

234 1917 412 1985 aliqua
455 1917 636 1978 rediit,
681 1932 802 1968 etnn
829 1915 938 1983 jam
973 1929 1095 1968 sero
1125 1922 1287 1976 esset,
1345 1913 1596 1968 Pharisazi
1641 1928 1794 1981 roga-

233 2015 426 2060 verunt
455 2005 685 2059 Pilatum
727 2014 783 2057 nt
815 2013 1033 2072 propter
1081 2005 1370 2057 solemnem
1403 2003 1540 2056 diem
1574 2001 1792 2056 Sabbati

233 2091 614 2163 frangerentur
663 2095 1040 2146 crucifixorum
1075 2106 1230 2145 crura
1286 2101 1339 2144 et
1380 2092 1792 2158 deponerentur.

233 2182 382 2236 Tune
409 2198 615 2250 quoque
637 2181 832 2251 Joseph
861 2181 1064 2247 rogavit
1096 2180 1323 2233 Pilatum
1355 2189 1410 2232 ut
1451 2179 1654 2233 tolleret
1678 2194 1795 2232 cor-

233 2286 329 2338 pus
354 2269 498 2322 Jcsu.
529 2269 728 2328 Pilatus
753 2283 880 2321 vero
912 2268 1210 2321 mirabatur
1233 2267 1276 2320 si
1313 2267 1422 2335 jam
1458 2267 1696 2320 obiisset.
1732 2265 1796 2331 Et

239 2361 509 2415 accersito
536 2359 866 2420 centurione,
917 2358 1002 2410 ubi
1031 2359 1279 2426 cognovit
1307 2354 1490 2409 Jesum
1515 2355 1622 2423 jam
1655 2369 1795 2407 mor-

236 2457 412 2509 tuum,
447 2448 663 2500 donavit
687 2461 880 2514 corpus
915 2445 1127 2514 Joseph.
1155 2445 1320 2499 Porro
1351 2445 1545 2499 milites
1572 2444 1638 2497 ad
1663 2459 1796 2512 pne-

229 2547 443 2606 ceptnm
505 2538 654 2590 Ptiati
711 2537 985 2605 fregerunt
1037 2551 1194 2589 crura
1230 2535 1426 2604 prioris
1472 2545 1526 2587 et
1575 2533 1796 2586 alterius

230 2625 478 2696 latronis.
507 2627 586 2679 Ad
630 2627 810 2680 Jesum
867 2634 1044 2679 autem
1076 2641 1196 2678 eum
1235 2627 1524 2688 venissent,
1564 2631 1623 2677 ut
1647 2624 1794 2676 vide-

231 2726 355 2769 runt
379 2698 501 2769 eum
524 2717 632 2784 jam
681 2725 970 2777 mortuum,
1021 2732 1125 2768 non
1156 2715 1430 2785 fregerunt
1472 2716 1585 2784 ejus
1615 2731 1794 2780 crura,

230 2807 322 2861 sed
354 2821 494 2858 unus
528 2806 753 2859 militum
803 2805 984 2859 lancea
1028 2805 1166 2859 latus
1197 2806 1310 2874 ejus
1340 2805 1567 2874 aperuit,
1592 2813 1645 2858 et
1671 2820 1796 2858 con-

233 2896 382 2949 tinuo
404 2897 569 2949 exivit
600 2884 814 2964 sangitis
841 2905 893 2963 et
921 2913 1080 2965 aqua,
1104 2897 1297 2964 quibus
1347 2895 1667 2949 formaretur
1699 2895 1795 2948 Ec-

230 2983 428 3048 clesia,
482 2983 929 3052 quemadmodum
985 2999 1050 3036 ex
1107 2993 1254 3037 costa
1302 2982 1428 3037 Adze
1482 2980 1798 3035 dormientis

232 3070 470 3123 formata
502 3081 583 3123 est
612 3071 738 3123 Eva.
785 3072 923 3125 Ecce
965 3072 1010 3125 si
1037 3073 1166 3125 hora
1198 3088 1334 3124 nona
1380 3071 1530 3135 obiit,
1562 3080 1613 3123 et
1652 3085 1793 3135 sero,

227 3160 337 3226 jam
371 3159 442 3212 de
485 3174 646 3213 Cruce
698 3161 1061 3226 deponendus,
1114 3161 1294 3214 lancea
1339 3175 1624 3228 percussus
1669 3159 1797 3222 fuit;
1827 3148 1871 3207 (ἶ

233 3248 460 3314 sanguis
489 3247 588 3298 fuit
615 3247 723 3309 ille,
765 3249 1083 3301 naturaliter
1130 3249 1333 3302 calidus
1383 3263 1486 3300 non
1529 3248 1647 3311 fuit,
1691 3256 1801 3301 toto

222 3350 469 3406 corpore
496 3336 606 3403 jam
637 3346 961 3403 praemortuo
1001 3345 1054 3390 et
1084 3337 1294 3407 frigido.
1341 3338 1489 3403 Quod
1537 3338 1582 3391 si
1625 3339 1802 3405 aliquo

235 3427 396 3480 modo
427 3428 598 3480 caluit
632 3444 642 3477 :
679 3429 1021 3496 Evangelium
1047 3443 1212 3496 quare
1255 3438 1460 3481 tantum
1490 3431 1798 3484 miraculum

230 3527 287 3571 et
325 3528 728 3572 sacramentum
779 3518 977 3571 tacuit?
1027 3503 1175 3572 Unde
1223 3533 1315 3571 vos
1352 3519 1473 3571 novi
1500 3527 1803 3588 sytnmysta:

236 3605 491 3660 volumus
521 3600 711 3659 dicatis
763 3621 829 3659 an
862 3608 1078 3674 sanguis
1128 3615 1359 3668 tantum,
1406 3617 1493 3659 aut
1519 3621 1653 3675 aqua
1686 3615 1802 3660 tan-

235 3705 376 3759 tttm,
433 3711 504 3748 an
555 3694 712 3750 simul
744 3705 1026 3763 utrumque
1055 3695 1315 3749 caluerit?
1361 3694 1416 3748 Si
1443 3697 1659 3764 sanguis
1691 3704 1804 3748 tan-

235 3794 375 3848 tum,
437 3800 610 3852 quare
659 3800 849 3852 aquam
906 3785 1227 3856 calefacitis;
1290 3785 1333 3838 si
1392 3799 1526 3852 aqua
1572 3793 1799 3849 tantum,

233 3887 414 3942 quare
478 3888 543 3926 ex
613 3888 675 3926 ea
731 3873 1023 3927 calefacitis
1086 3873 1392 3941 sanguinem
1451 3872 1689 3926 Christi?
1747 3873 1800 3926 Si

233 3971 539 4028 utrumque
565 3961 744 4024 simul,
771 3977 934 4029 quare
960 3973 1244 4028 utrumque
1291 3961 1446 4014 simul
1474 3977 1576 4014 non
1599 3962 1803 4020 calefit?

233 4047 338 4102 Sed
371 4049 535 4118 cujus
579 4051 694 4101 visu
725 4049 804 4101 vel
858 4057 1000 4101 tactu
1045 4050 1212 4116 potuit
1250 4050 1498 4111 discerni,
1533 4051 1804 4118 quodlibet

231 4138 431 4189 borum
462 4139 692 4191 duorum
721 4154 783 4191 ex
810 4154 915 4191 uno
942 4137 1159 4192 vulnere
1196 4138 1350 4191 simul
1388 4141 1800 4206 erumpentium,

228 4225 475 4279 calidum
503 4227 862 4294 autl'rigidutn
895 4226 1093 4279 fuisse?
1129 4227 1392 4280 Praeterea
1443 4229 1483 4281 si
1531 4243 1667 4294 aqua
1716 4228 1798 4279 illa

228 4317 420 4381 caluit,
453 4331 625 4385 quare
655 4329 708 4369 et
735 4333 873 4386 aqua
923 4317 1262 4385 baptismatis
1303 4333 1406 4370 non
1462 4317 1656 4378 caleﬁt,
1685 4331 1804 4370 cum

228 4405 523 4474 praecipue
552 4405 662 4472 ipsa
693 4405 1012 4471 baptismum
1033 4403 1413 4473 praafiguravit,
1437 4404 1806 4471 sicutsanguis

205 4494 710 4564 redemptionem?
735 4492 990 4547 Volumus
1014 4503 1188 4545 autem
1219 4493 1356 4545 seire
1378 4506 1480 4559 qua
1513 4491 1805 4544 intentione

226 4595 443 4642 costam
501 4583 704 4638 Christi
752 4583 1146 4637 immaculatam
1198 4583 1432 4636 dixeris?
1467 4581 1521 4634 Si
1557 4597 1651 4649 pro
1678 4596 1802 4634 san-

227 4677 430 4730 ctitate
461 4682 524 4728 et
551 4673 854 4727 innocentia
881 4692 893 4725 :
919 4675 1148 4742 Optime;
1177 4675 1221 4728 si
1250 4683 1428 4726 autem
1456 4687 1549 4741 pro
1574 4689 1638 4726 eo
1666 4674 1805 4741 quod

226 4764 678 4835 impenetrabilis
723 4762 865 4824 ferro
912 4763 1009 4815 fuit
1052 4781 1065 4816 :
1100 4763 1358 4830 pessime;
1412 4763 1533 4829 quia
1573 4762 1638 4815 de
1679 4777 1805 4816 vero

225 4853 462 4907 Vulnere
513 4865 726 4914 verum,
782 4867 884 4903 non
907 4850 1328 4919 phantasticum,
1357 4850 1674 4917 sanguinem
1707 4866 1803 4918 pro

226 4942 390 4996 nobis
416 4940 587 4995 fudit.
620 4937 686 4991 Et
714 4953 814 4990 non
840 4939 904 4991 de
923 4947 1102 5006 costa,
1128 4938 1263 4990 sicut
1294 4947 1347 4989 tu
1379 4938 1590 5007 scribis,
1623 4938 1711 4990 sed
1739 4937 1804 4989 de

226 5029 423 5092 latere,
459 5027 598 5096 quia
622 5041 684 5081 os
706 5027 1012 5095 sanguinem
1045 5041 1148 5078 non
1173 5025 1304 5078 solet
1327 5026 1590 5090 emittere,
1619 5038 1719 5079 nec
1743 5041 1805 5080 os

225 5117 642 5173 comminutum
666 5113 763 5166 fuit
784 5129 848 5166 ex
874 5112 1148 5165 Dominico
1174 5126 1419 5179 corpore.

297 5205 437 5260 Vill.
474 5203 748 5257 Caeterum
779 5203 917 5271 quod
972 5202 1121 5270 panis
1171 5203 1238 5254 sit
1289 5211 1341 5254 et
1391 5203 1598 5255 dicatur
1641 5204 1800 5256 etiam

227 5309 482 5367 azymns,
541 5297 600 5343 et
644 5290 785 5357 quod
836 5302 941 5343 non
980 5304 1099 5342 cum
1143 5289 1548 5357 Thenpaschitis
1574 5290 1624 5342 in
1653 5305 1800 5343 sacra

224 5383 518 5440 oblatione
557 5391 823 5440 erremus,
867 5386 921 5430 et
972 5377 1112 5445 quod
1158 5391 1260 5429 non
1311 5391 1556 5445 azymum
1607 5378 1805 5431 veteris

227 5473 385 5543 legis,
422 5472 524 5524 sed
548 5466 874 5521 sinceritatis
901 5475 955 5520 et
980 5465 1220 5520 veritatis
1245 5465 1608 5530 comedamus,
1633 5467 1803 5534 quod-

226 5581 336 5635 que
388 5570 592 5614 vetera
639 5556 986 5619 transierunt,
1037 5563 1090 5608 et
1148 5552 1285 5606 facta
1324 5562 1448 5606 sunt
1475 5569 1628 5617 nova,
1679 5555 1810 5608 satis

229 5653 556 5711 ostenditur
593 5649 645 5701 in
689 5643 795 5700 alia
820 5656 999 5702 nostra
1023 5645 1267 5716 epistola.

1894 1920 2221 1982 fermentati,
2257 1920 2308 1973 id
2338 1928 2442 1982 est,
2472 1918 2747 1986 corrupti?

1967 2007 2029 2061 Χ.
2056 2006 2152 2059 Dic
2183 2013 2358 2059 tamen
2399 2005 2485 2058 ubi
2514 2014 2566 2058 et
2595 2005 2859 2072 quomodo
2903 2003 3097 2058 Paulus
3134 2019 3253 2058 cum
3284 2005 3450 2059 unde—

1895 2098 1999 2152 cim
2039 2095 2295 2165 apostolis
2323 2109 2554 2148 canones
2592 2095 2710 2146 illos
2743 2109 2863 2146 cum
2899 2093 3449 2147 excommunicatione

1895 2186 2162 2257 exposuit,
2213 2200 2435 2254 quorum
2493 2193 2545 2237 tu
2597 2185 2747 2238 nobis
2787 2184 3242 2252 septuagesimum
3293 2193 3452 2254 caput

1894 2278 2118 2348 objicise?
2156 2277 2373 2330 omnino
2416 2275 2659 2328 nesciens
2690 2275 2815 2343 quid
2854 2275 3127 2343 loquaris:
3172 2294 3187 2326 ι
3225 2275 3279 2330 Si
3309 2277 3449 2342 quis,

1895 2369 2083 2437 inquit,
2139 2370 2420 2435 episcopus
2451 2377 2538 2418 aut
2568 2368 2846 2436 presbyter
2900 2378 2990 2420 aut
3043 2369 3320 2426 diaconus,
3357 2378 3450 2421 aut

1896 2458 2113 2511 omnino
2136 2472 2197 2508 ex
2235 2471 2458 2508 numero
2483 2456 2796 2507 clericorum
2825 2454 3147 2523 ieiunaverit
3185 2471 3306 2509 cum
3343 2454 3447 2508 Ile-

1895 2545 2075 2606 brzeis,
2103 2550 2194 2596 aut
2227 2543 2467 2612 epulatus
2493 2541 2649 2596 fuerit
2689 2559 2806 2596 cum
2842 2545 2942 2604 eis,
2975 2553 3026 2597 et
3059 2545 3325 2613 acceperit
3367 2545 3448 2597 fe-

1897 2634 2191 2688 stivitatum
2216 2648 2400 2686 eorum
2431 2646 2671 2694 munera,
2702 2640 2910 2685 ut-sunt
2945 2648 3154 2702 azyma,
3187 2641 3278 2685 aut
3309 2633 3449 2686 aliud

1897 2722 2221 2789 bujusmodi,
2254 2720 2581 2788 deponatur;
2617 2720 2783 2772 laicus
2811 2729 2987 2774 autem
3020 2730 3401 2788 scquestretur.
3427 2742 3444 2773 ι

1897 2811 2068 2864 Etiam
2102 2811 2144 2862 si
2179 2810 2275 2863 hoc
2301 2809 2590 2876 capitulum
2624 2823 2687 2861 ex
2726 2809 2874 2861 libris
2910 2810 3234 2862 authenticis
3269 2810 3450 2877 prola-

1899 2910 2010 2956 tum
2039 2909 2200 2958 esset.
2235 2901 2378 2953 nullo
2410 2902 2565 2953 modo
2601 2915 2696 2954 nos
2737 2909 2999 2969 tangeret,
3043 2903 3164 2969 quia
3199 2917 3298 2956 nec
3332 2918 3450 2955 cum

1899 2991 2134 3045 Hebrwis
2174 2991 2496 3060 jejunamus,
2534 3005 2630 3042 nec
2674 3005 2798 3065 eum
2832 2991 2910 3042 eis
2943 2991 3223 3058 epulamur
3253 3001 3343 3044 aut
3374 2990 3452 3044 fe-

1901 3081 2197 3134 stivitatnm
2239 3095 2423 3130 eorum
2464 3093 2682 3131 munera
2734 3079 2912 3146 aliqua
2962 3080 3270 3147 accipimus.
3301 3081 3452 3146 Quod

1903 3177 2080 3220 autem
2114 3176 2166 3219 tu
2198 3180 2391 3218 vesane
2424 3165 2696 3233 subjnngis
2721 3183 2736 3218 :
2763 3164 2886 3217 Sive
2917 3167 2982 3220 ab
3019 3167 3119 3219 illis
3157 3169 3450 3236 accipiatis.

1903 3259 2014 3311 sive
2043 3258 2183 3311 domi
2226 3257 2455 3318 faciatis,
2507 3272 2692 3324 azyma
2723 3265 2866 3307 sunt.
2899 3257 2949 3308 Id
2987 3258 3217 3324 jaculum
3257 3260 3346 3311 tibi
3382 3274 3438 3311 re

1905 3359 2210 3416 torquemus
2248 3349 2486 3402 dicentes
2525 3365 2536 3399 :
2576 3364 2592 3396 ι
2633 3347 2755 3400 Sive
2787 3363 2904 3399 eum
2954 3347 3190 3401 Hebraeis
3223 3347 3453 3401 Sabhato

1902 3440 2212 3509 epulemini,
2271 3439 2382 3490 sive
2437 3437 2597 3495 domi,
2652 3437 2886 3504 epulatio
2940 3445 3036 3490 est.
3101 3455 3117 3486 ι
3177 3436 3316 3490 Sane
3356 3439 3453 3491 hor

1903 3529 2117 3595 dignius
2143 3533 2328 3578 contra
2375 3540 2467 3577 vos
2501 3525 2841 3591 dirigeretur,
2871 3525 2995 3591 quia
3028 3539 3121 3578 vos
3151 3525 3280 3577 nihil
3315 3525 3455 3578 aliud

1905 3617 1957 3669 in
1987 3614 2219 3669 Sabbato
2253 3629 2410 3681 quam
2445 3612 2833 3666 solemnitatem
2873 3612 3197 3676 Judzeorum,
3236 3616 3333 3667 no‘s
3364 3629 3453 3666 au-

1906 3716 2009 3758 tem
2052 3704 2116 3756 in‘
2141 3717 2328 3770 azymo
2367 3701 2522 3768 longe
2561 3699 2702 3752 aliud
2742 3701 3454 3772 sacramentumretinemus

1904 3801 1957 3845 et
1985 3791 2382 3859 amplectimur.
2416 3789 2471 3842 Si
2502 3790 2644 3841 enim
2680 3787 3309 3857 interrogemusludaeos,
3328 3788 3450 3856 quid

1904 3878 2266 3945 celebrentin
2297 3875 2568 3931 Sabbato?
2613 3875 3028 3944 Respondebunt
3071 3895 3083 3928 :
3133 3894 3150 3926 ι
3197 3876 3452 3944 Requiem

1909 3967 2133 4019 Domini.
2182 3985 2200 4018 ι
2243 3964 2299 4018 Si
2338 3964 2578 4025 Graecos,
2630 3964 2766 4016 idem
2811 3973 2860 4016 et
2907 3980 3009 4017 non
3055 3963 3198 4016 aliud
3253 3965 3450 4018 dicent.

1908 4055 2047 4122 Ergo
2089 4053 2188 4106 sub
2219 4053 2488 4106 servitute
2536 4051 2667 4114 legis
2705 4060 2848 4104 sunt.
2893 4050 2947 4103 in
2988 4051 3139 4119 cujus
3178 4051 3362 4105 umbra
3402 4063 3455 4104 et

1910 4141 2144 4195 tenebris
2182 4140 2557 4200 consederunt.

1979 4232 2064 4284 XI.
2109 4229 2306 4284 Deinde
2351 4238 2471 4296 post
2511 4230 2695 4283 inanes
2733 4231 2956 4299 latratus
2995 4243 3154 4297 super
3201 4233 3455 4304 voeabqu

1907 4323 2080 4392 panis,
2106 4321 2362 4375 reduxisti
2389 4319 2542 4374 nobis
2577 4335 2744 4372 annos
2779 4321 2852 4373 ab
2875 4320 3026 4372 initio
3058 4319 3258 4377 mutuli,
3289 4334 3454 4383 usque

1910 4413 1973 4464 ad
2006 4413 2303 4480 passionem
2345 4409 2564 4477 Christi,
2607 4410 2817 4475 quando
2852 4407 3142 4461 secundum
3197 4417 3244 4459 te
3277 4407 3455 4475 cyelus

1908 4501 2098 4553 solaris
2127 4506 2239 4552 erat
2267 4513 2394 4568 xvnt
2430 4507 2481 4549 et
2514 4498 2648 4549 lunae
2673 4513 2700 4548 v
2734 4511 2746 4552 :
2777 4506 2834 4548 ut
2868 4497 2967 4549 hoc
2991 4496 3174 4548 saltem
3206 4495 3453 4562 ﬁgmento

1908 4589 2078 4656 possis
2111 4587 2338 4639 evadere
2385 4602 2505 4638 cum
2544 4585 2802 4638 fermento
2835 4589 2943 4646 tuo,
2972 4583 3284 4651 quasijuxta
3319 4584 3452 4637 hanc

1907 4677 2332 4744 supputationem
2386 4685 2557 4738 tuatn,
2614 4683 2861 4728 occvrrat
2912 4673 2962 4725 in
3019 4672 3180 4725 C(ena
3246 4671 3448 4726 Domini

1909 4766 2032 4816 luna
2084 4779 2211 4825 xm,
2266 4763 2317 4813 in
2370 4777 2473 4830 qua
2529 4763 2761 4814 nondum
2813 4761 3129 4813 fermentum
3183 4758 3452 4824 abjecerat

1908 4852 2056 4920 plebs
2084 4849 2327 4916 Hebrtea.
2367 4848 2470 4901 Sed
2502 4863 2598 4902 nos
2632 4848 3050 4915 chronographis
3079 4855 3133 4899 et
3160 4847 3448 4900 calculato-

1909 4936 2054 4990 ribt’ts
2077 4936 2199 4989 talia
2232 4935 2616 5003 relinquentes,
2647 4936 2874 4986 maxime
2908 4948 3027 4986 cum
3067 4935 3204 5001 apud
3238 4933 3450 4986 Grzecos

1906 5040 1958 5081 et
2005 5028 2220 5079 Latinos
2258 5036 2419 5093 atque
2456 5025 2704 5077 Hebre-os
2747 5023 2970 5076 diversa:
3015 5023 3080 5077 de
3125 5022 3450 5090 temporibus

1906 5117 2202 5169 habeantur
2255 5116 2490 5167 rationes
2539 5130 2550 5165 :
2600 5114 2699 5165 hoc
2760 5122 2961 5165 tantum
3015 5112 3266 5174 dicimus,
3326 5111 3447 5180 quia

1904 5204 2146 5257 Christus
2170 5217 2266 5255 nec
2300 5217 2459 5253 utnnn
2491 5201 2598 5252 iota
2619 5210 2710 5252 aut
2741 5203 2942 5267 apicem
2976 5201 3171 5253 veteris
3201 5200 3332 5268 legis
3363 5215 3448 5252 re-

1905 5293 2080 5346 solvit.
2131 5291 2281 5345 Unde
2310 5301 2364 5344 et
2395 5305 2480 5342 xw
2523 5289 2642 5341 luna
2673 5290 2737 5340 ad
2772 5304 3048 5356 vesperum
3085 5289 3269 5356 quinta
3317 5288 3447 5342 Sab~

1906 5383 2012 5435 bati
2049 5381 2251 5434 Pascha
2279 5380 2585 5442 celebravit,
2627 5389 2679 5431 et.
2708 5394 2829 5432 mox
2879 5381 3058 5432 eadem
3106 5388 3260 5431 nocte
3308 5393 3450 5433 como

1908 5470 2224 5537 prehensus,
2261 5466 2549 5520 cruciﬁxus
2582 5476 2663 5518 est
2689 5465 3091 5533 quintadeeitna
3128 5464 3270 5526 luna,
3294 5464 3343 5516 id
3367 5473 3449 5516 est

1912 5569 2067 5612 sexta.
2093 5557 2335 5619 Sabbati,
2362 5572 2479 5624 qua:
2509 5557 2806 5623 specialiter
2827 5555 3099 5607 dicebatur
3128 5554 3296 5622 prima
3335 5553 3448 5605 dies

1915 5661 2246 5714 azymorum.
2286 5643 2539 5710 Quamvis
2575 5651 2626 5696 et
2672 5644 2722 5694 in
2760 5652 2867 5695 tota
2905 5643 3233 5709 praecedente
3264 5640 3365 5701 die,
3397 5640 3446 5692 id
