4126 6338
313 393 448 456 1029

1605 392 1902 479 CONTRA
1944 418 2300 485 NICETAM.

3354 449 3489 520 1030

304 532 528 585 Domino
557 545 738 587 nostro
761 533 885 589 Jesu
913 537 1127 592 Christo
1158 539 1298 593 sicut
1333 543 1448 596 dure
1476 555 1600 597 sunt
1629 555 1850 610 naturae,
1882 553 1925 609 Α
1955 551 2254 613 liramenta.
2294 569 2344 610 ct
2384 575 2500 627 qua:
2532 571 2620 616 aut
2649 564 2874 621 ﬂnxistis
2898 573 3148 639 capitula,
3180 589 3300 626 rum
3335 552 3492 635 etiam

301 621 408 675 hoc
456 632 559 684 est,
605 622 696 677 Dei
734 635 788 678 et
823 625 1072 691 hominis,
1102 630 1178 683 sic
1214 632 1371 683 etiam
1412 633 1528 685 dua:
1569 635 1856 690 credantur

299 726 423 768 esse
463 714 765 768 voluntates
809 716 922 769 sive
959 720 1313 785 operationes.
1359 721 1449 773 Vis
1486 723 1675 776 audire
1716 727 1855 792 quod

298 803 512 858 deitatis
546 806 661 858 est?
695 823 712 855 ι
752 806 881 875 Ego,
923 808 1110 875 inquit,
1156 819 1209 862 et
1256 811 1412 864 Pater
1468 830 1623 866 unum
1673 831 1854 870 sumus

298 892 479 962 (Joan.
514 910 578 955 x,
609 894 717 962 50).
757 914 774 945 ι
814 897 902 948 Vis
924 899 1105 951 audire
1139 900 1277 965 qttod
1307 902 1688 956 humanitatis?
1722 923 1738 952 ι
1765 903 1854 956 Pa.

298 991 386 1032 ter
417 981 584 1048 major
623 997 705 1033 me
751 993 832 1034 est
863 983 1038 1050 (Joan.
1071 1001 1158 1037 xtv
1189 1026 1203 1049 ,
1235 987 1345 1056 ‘28).
1390 1006 1408 1038 ι
1445 988 1613 1042 Cerne
1665 1006 1853 1043 secun-

298 1069 424 1119 dum
459 1069 842 1123 humanitatem
873 1086 991 1124 eum
1033 1073 1082 1125 in
1117 1074 1234 1125 navi
1271 1075 1646 1130 dormientem.
1683 1078 1851 1132 Cerne

292 1155 413 1221 ejus
465 1158 794 1212 divinitatem
849 1177 968 1214 cum
1015 1165 1338 1232 evangelista
1393 1167 1572 1220 dicit:
1621 1187 1639 1219 ‹
1703 1169 1850 1226 Tunc

281 1260 531 1314 surgens
556 1248 834 1316 imperavit
867 1251 1039 1304 ventis
1082 1259 1135 1305 et
1176 1253 1327 1317 mari,
1351 1264 1405 1307 et
1435 1255 1570 1310 facta
1596 1267 1678 1311 est
1706 1269 1850 1312 tran-

290 1337 531 1404 quillitas
556 1354 741 1408 magna
774 1339 960 1408 (Matii.
987 1356 1105 1406 Vttt,
1137 1342 1245 1411 26).
1276 1361 1294 1394 ι

367 1425 505 1481 XIX.
540 1429 662 1481 Haec
699 1438 780 1482 est
806 1441 956 1484 sexta
981 1434 1214 1501 synodus
1244 1435 1566 1490 universalis
1592 1439 1849 1493 Constan-

288 1515 513 1584 tinopoli
565 1517 830 1570 celebrata
872 1527 924 1572 et
980 1519 1164 1575 Graeco
1220 1537 1467 1577 sermone
1522 1528 1845 1598 conscripta,

289 1608 623 1676 temporibus
646 1623 794 1677 papae
812 1610 1122 1678 Agathonis,
1144 1624 1468 1681 exsequente
1491 1630 1554 1669 ac
1582 1618 1846 1673 residente

287 1696 534 1766 piissimo
561 1696 802 1764 principe
828 1696 1178 1752 Constantino
1212 1699 1346 1753 intra
1390 1701 1646 1769 palatium
1667 1719 1839 1769 suum,

283 1784 555 1852 simulque
593 1784 783 1854 legatis
827 1788 1128 1856 apostolica:
1167 1791 1308 1845 sedis
1335 1800 1388 1847 et
1424 1791 1686 1862 episcopis
1741 1795 1840 1849 150

1954 639 2299 734 ipsi-Domino
2320 646 2442 700 Jesu
2467 659 2517 700 et
2539 653 2792 718 apostolis
2812 657 2924 724 ejus
2945 661 3213 729 imputctis
3229 668 3492 734 figmenta.

1957 726 2110 781 Unde
2132 735 2491 792 nos,scimics
2517 749 2719 792 sextam
2749 746 3003 812 synodum
3018 726 3089 801 ad
3118 726 3493 810 destrhendam

1953 820 2196 874 haeresim
2254 824 2555 880 Grzecorum
2603 830 3094 903 Monothelitarum,
3150 858 3252 895 non
3316 857 3492 901 autem

1949 908 2015 959 ad
2049 910 2359 964 tradendum
2389 914 2641 971 Romanis
2677 935 2840 975 novas
2875 923 3229 985 institutiones
3271 949 3489 1004 congre-

1950 1005 2159 1062 gatant,
2215 1001 2442 1066 capitula
2493 1021 2608 1071 quae
2655 1011 2806 1065 nobis
2865 1015 2962 1066 sub
3017 1015 3130 1082 ejus
3177 1001 3489 1079 auctoriiate

1948 1088 2230 1196 opponitis.
2285 1092 2501 1144 omnino
2555 1095 2864 1163 refutamus,
2913 1105 3036 1169 quia
3068 1087 3240 1170 prima
3275 1121 3328 1163 et
3358 1129 3486 1196 apo-

1948 1173 2130 1226 stolica
2163 1176 2336 1238 sedes,
2361 1194 2458 1233 nec
2488 1181 2766 1250 aliquando
2789 1190 2848 1240 ea
2873 1194 3094 1258 accepit.
3124 1212 3216 1249 nec
3246 1173 3490 1262 obser‘vat

1949 1259 2237 1324 hactenus;
2284 1275 2336 1317 et
2383 1269 2504 1334 quia
2553 1281 2645 1322 aut
2686 1286 2804 1326 sunt
2855 1279 3043 1341 nulla;
3087 1293 3194 1345 aut,
3230 1297 3286 1336 ut
3339 1259 3488 1343 vost

1947 1346 2120 1410 libuit,
2172 1351 2455 1418 depravata
2506 1368 2646 1410 sunt.
2694 1361 3024 1429 Depravastis
3065 1369 3285 1426 Joannis
3324 1378 3490 1448 Chry-

1947 1439 2166 1490 sostomi
2207 1451 2362 1507 atque
2390 1442 2627 1512 Gregorii
2668 1449 2893 1519 theologi
2936 1455 3260 1527 aliorumque
3309 1439 3492 1520 orthb-

1945 1528 2198 1582 doxorum
2233 1529 2447 1583 Patrum
2479 1535 2640 1598 dicta,
2683 1546 2736 1590 et
2762 1541 3074 1597 exhibuistis
3101 1546 3151 1599 in
3179 1552 3358 1604 eadem
3394 1569 3488 1623 sy-

1944 1617 2081 1708 nodo
2118 1626 2286 1671 sexta.
2333 1618 2530 1690 Nempe
2568 1638 2595 1674 a
2639 1625 2812 1692 prima
2848 1632 3048 1696 synodo
3086 1632 3290 1689 Nicaena
3320 1617 3487 1708 usque

1944 1705 2008 1758 ad
2047 1707 2180 1761 hanc
2223 1720 2423 1762 sextam
2465 1713 2682 1765 trecenti
2731 1721 2784 1767 et
2823 1717 3048 1782 amplius
3085 1723 3205 1774 anni
3247 1705 3489 1782 dicuntur

1941 1795 2154 1850 evoluti.
2194 1797 2254 1849 Et
2291 1800 2556 1865 quomodo
2593 1801 2642 1854 iu
2675 1800 2886 1856 Nicena
2925 1815 2978 1858 et
3016 1806 3232 1876 reliquis
3262 1824 3490 1879 quatuor

286 1875 668 1937 residentibus,
713 1877 802 1945 qui
840 1892 1024 1933 omnes
1077 1880 1287 1948 quidem
1334 1882 1578 1936 haeresim
1618 1883 1839 1939 damna-
1870 1871 1913 1931 Β
1942 1888 2156 1958 synodis
2207 1889 2590 1943 universalibus
2640 1892 2778 1945 nulla
2823 1897 3019 1949 mentio
3055 1871 3213 1952 tit-de
3251 1871 3355 1954 tam
3395 1919 3486 1956 ne-

283 1971 498 2016 verunt.
547 1963 695 2042 Tunc
733 1965 1008 2033 piissimus
1056 1968 1298 2036 princeps
1344 1969 1726 2026 Constantinus
1757 1972 1841 2026 in-

285 2051 582 2120 terrogavit
604 2067 696 2106 eos
739 2054 964 2121 qualiter
981 2050 1215 2109 Romana
1243 2057 1557 2113 Ecclesiade
1581 2061 1843 2116 sacriﬁcio

286 2140 539 2207 corporis
591 2149 645 2194 et
681 2141 956 2210 sanguinis
999 2142 1207 2202 Domini
1244 2146 1411 2199 nostri
1470 2145 1595 2200 Jesu
1644 2147 1840 2202 Christi

281 2229 529 2284 ordinem
550 2231 776 2285 teneret?
788 2231 864 2286 illi
883 2233 1270 2302 respbndcrunt
1291 2253 1302 2288 :
1326 2256 1341 2285 ι
1366 2235 1421 2289 ln
1449 2237 1614 2291 calice
1635 2237 1840 2292 Domini

283 2335 396 2374 non
427 2319 584 2375 debet
615 2320 785 2375 solum
840 2321 1017 2388 qﬂ'erri
1060 2323 1265 2390 vinum,
1300 2326 1390 2380 sed
1428 2341 1566 2395 aqua
1600 2326 1836 2382 mistum.

283 2407 424 2463 Nam
450 2411 494 2464 si
519 2410 687 2463 solum
717 2410 895 2465 vinum
922 2411 1162 2478 offertur,
1187 2415 1404 2485 sanguis
1432 2416 1626 2471 Christi
1658 2417 1841 2488 incipit

280 2514 406 2554 esse
434 2500 548 2554 sine
574 2502 743 2555 nobis.
778 2503 842 2556 Et
874 2503 918 2558 si
943 2519 1078 2572 aqua
1103 2520 1235 2573 pura
1265 2505 1505 2573 offertur,
1536 2509 1648 2564 sola
1690 2509 1840 2580 plebs

285 2587 474 2659 incipit
509 2605 627 2645 esse
655 2591 768 2647 sine
798 2591 1030 2646 Christo.
1072 2594 1295 2658 Quando
1338 2603 1622 2664 utrumque
1673 2597 1842 2650 admi-

285 2686 491 2744 scetur,
538 2679 588 2732 id
634 2689 746 2745 est,
779 2681 959 2733 vinum
993 2687 1048 2734 et
1084 2695 1241 2749 aqua,
1286 2689 1410 2735 tunc
1448 2691 1838 2737 sacramentum

281 2767 565 2840 spirituale
617 2772 911 2839 perficitur.
961 2770 1178 2828 Oblatio
1226 2787 1500 2842 veroqutn
1547 2774 1598 2826 in
1640 2775 1842 2829 sacrifi-

281 2855 430 2911 cium
484 2857 672 2913 altaris
721 2859 965 2928 oll'ertur,
1013 2861 1214 2916 nullam
1269 2862 1696 2917 commistionem
1748 2874 1838 2918 aut

280 2947 680 3014 corruptionem
729 2947 973 3004 fermenti
1021 2950 1178 3005 debet
1225 2951 1441 3014 habere,
1492 2952 1631 3006 sicut
1682 2953 1837 3008 beata

283 3036 436 3105 virgo
465 3036 627 3091 Maria
649 3039 849 3108 absque
871 3042 1016 3096 omni
1042 3044 1384 3112 corruptione
1417 3044 1687 3098 Christum
1715 3061 1839 3099 con-

281 3125 506 3194 cepitet
548 3130 769 3197 peperit.
810 3131 946 3186 Hinc
985 3134 1035 3185 iu
1073 3131 1310 3189 Ecclesia
1359 3151 1474 3189 mos
1505 3137 1734 3190 obtinuit
1781 3146 1837 3190 ut

1940 1979 2186 2031 cossariis
2215 1978 2405 2032 rebus?
2433 1978 2675 2046 Nunquid
2705 1996 2870 2049 usque
2904 1984 2970 2037 ad
2992 1994 3200 2039 sextam
3232 1992 3484 2056 synodum

1939 2067 2111 2122 Graaci
2140 2078 2192 2121 et
2218 2067 2391 2121 Latini
2423 2067 2678 2122 rationem
2710 2070 2882 2124 missa:
2913 2088 2974 2125 ac
2994 2071 3310 2139 jejuniorum
3344 2078 3485 2145 igno-

1943 2168 2211 2221 raverunt,
2248 2167 2300 2212 et
2334 2172 2428 2225 per
2463 2170 2738 2212 sexcentos
2774 2169 2827 2212 et
2865 2161 3090 2229 amplius
3113 2178 3280 2218 annos
3311 2182 3339 2219 a
3369 2183 3488 2234 pas-

1940 2249 2088 2302 sione
2117 2246 2312 2303 Christi
2355 2247 2407 2301 in
2447 2246 2637 2300 talibus
2674 2250 2956 2302 errarunt?
2991 2250 3068 2303 An
3107 2249 3283 2306 forsan
3319 2253 3486 2309 (ἔφρεί

1940 2338 2051 2392 haec
2102 2346 2390 2402 noverunt,
2437 2347 2490 2391 et
2538 2338 2758 2391 Romani
2813 2340 3224 2409 ignoraverunt?
3273 2342 3375 2396 Sed
3420 2359 3488 2399 ex

1939 2427 2236 2483 Missalibus
2275 2428 2629 2480 Romanorum
2667 2426 2836 2492 libris,
2867 2431 2933 2482 ah
2956 2431 3098 2483 omni
3125 2430 3357 2485 Ecclesia
3387 2431 3487 2487 0c-

1939 2518 2181 2575 cidentali
2224 2518 2513 2586 antiquitus
2551 2519 2806 2583 receptis,
2847 2520 3117 2574 evidenter
3151 2522 3487 2590 cognoscitur

1938 2622 2095 2676 quam
2133 2606 2395 2660 rationem
2432 2603 2616 2675 jejunii
2656 2616 2706 2660 et
2746 2608 2920 2663 missae
2958 2608 3240 2662 habuerint
3273 2610 3374 2664 sub
3406 2625 3489 2663 re-

1939 2697 2332 2751 verendissimis
2359 2696 2719 2762 pontificibus,
2762 2695 3016 2751 Silvestre
3047 2698 3246 2751 scilicet
3270 2689 3488 2752 auctore

1937 2786 2162 2841 Nicaeum
2208 2787 2416 2856 synodi,
2464 2785 2672 2839 Gelasio
2719 2787 3028 2841 damnatore
3073 2788 3232 2841 vestri
3284 2787 3484 2850 Acacii,

1937 2877 2270 2944 maximeque
2297 2874 2554 2944 Gregorio
2584 2874 2810 2944 dialogo,
2847 2885 3118 2943 compatre
3153 2861 3488 2945 imperatoris

1938 2966 2186 3024 Mauritii.
2227 2967 2281 3020 in
2317 2966 2467 3034 cujus
2501 2967 2646 3020 libris
2679 2966 2974 3021 Missalibus
3003 2969 3173 3022 omnis
3203 2969 3316 3023 dies
3345 2968 3486 3032 Quae

1938 3060 2249 3130 dragesimte
2276 3061 2434 3114 habet
2460 3061 2697 3129 specialis
2720 3063 2890 3116 missa:
2919 3063 3209 3131 plenarium
3233 3065 3484 3127 officium,

1937 3158 2012 3212 et,
2054 3159 2270 3216 excepta
2301 3149 2592 3212 Dominica,
2629 3151 2803 3204 nullus
2833 3153 2943 3206 dies
2969 3153 3082 3221 ejus
3112 3153 3264 3206 solvit
3301 3168 3482 3208 sitsuc-

284 3215 611 3269 sacrificium
633 3217 815 3272 altaris
841 3235 945 3274 non
979 3221 1029 3273 in
1057 3223 1227 3276 serico
1256 3223 1419 3277 autin
1448 3239 1623 3291 panno
1647 3225 1834 3287 tincto,
1867 3202 1908 3265 (ἶ
1942 3202 2083 3308 prim,
2118 3202 2393 3305 jejunium,
2425 3202 2592 3307 quan"
2628 3242 2959 3295 ιηιάίιεοηρηι
2988 3202 3032 3295 ἐξ
3068 3252 3325 3297 tentasse;
3348 3259 3482 3312 ριψτε

281 3306 378 3360 sed
406 3306 456 3359 in
483 3307 590 3361 lino
620 3317 833 3364 terreno
858 3312 1182 3378 celebretur,
1218 3316 1354 3370 sicut
1391 3331 1588 3384 corpus
1628 3316 1834 3370 Domini

282 3392 386 3450 fuit
444 3397 496 3450 in
545 3398 767 3452 sindone
821 3401 1014 3457 munda
1063 3403 1346 3471 sepultum.
1401 3405 1489 3460 Sic
1535 3414 1588 3459 et
1641 3406 1838 3460 oblatio

279 3482 476 3535 munda
519 3484 675 3539 debet
715 3501 832 3541 esse
862 3505 890 3540 a
913 3488 1199 3556 fermento,
1223 3491 1371 3558 juxta
1409 3498 1549 3562 quod
1586 3495 1636 3548 in
1675 3497 1838 3564 gestis

283 3572 677 3640 pontificalibus
717 3591 744 3626 a
782 3578 935 3632 beato
968 3580 1224 3634 Silvestre
1265 3582 1488 3651 legimus
1525 3599 1643 3639 esse
1670 3593 1835 3639 statu-

283 3670 414 3716 tum.
467 3682 485 3713 )
537 3661 685 3718 Tunc
711 3666 907 3734 placuit
945 3669 1184 3737 piissimo
1219 3673 1440 3741 principi
1481 3673 1833 3730 Constantino

289 3753 402 3806 lucc
454 3756 664 3810 traditio
710 3761 1017 3827 apostolicae
1058 3762 1219 3817 sedis.
1269 3763 1405 3818 Ecce
1450 3765 1604 3820 istius
1644 3775 1697 3820 et
1743 3783 1834 3821 sex

282 3852 597 3896 exterarum
627 3847 949 3915 synodorum
982 3852 1228 3905 erunibus
1265 3854 1465 3907 sanctis
1506 3853 1754 3908 Patrihus
1781 3863 1832 3907 et

281 3933 594 3989 orthodoxis
644 3937 1069 4005 imperatoribus,
1129 3957 1222 4009 per
1270 3943 1443 3996 omnia
1474 3943 1671 4012 placuit
1707 3944 1836 3999 ﬁdes

283 4028 339 4076 et
360 4024 576 4079 traditio
598 4027 901 4094 apostolica:
938 4029 1098 4083 sedis.
1127 4031 1190 4083 Et
1223 4041 1273 4084 tu
1308 4033 1396 4100 qui
1426 4048 1503 4097 es,
1528 4033 1612 4086 cui
1649 4033 1832 4102 displi-

285 4112 410 4165 cet?
449 4112 550 4167 Sed
594 4115 834 4169 volumus
881 4119 1061 4173 dicas:
1093 4119 1383 4174 Videturne
1425 4122 1513 4174 tibi
1545 4137 1834 4191 congruum

284 4211 344 4254 ut
368 4203 510 4256 omni
546 4215 734 4273 quarta
758 4216 810 4260 et
843 4218 990 4260 sexta
1024 4207 1154 4260 feria
1175 4207 1385 4277 jejunes
1422 4220 1637 4280 prepter
1666 4213 1832 4264 tradi-

282 4293 483 4350 tionem
512 4307 564 4350 et
592 4299 893 4366 passionem
925 4301 1144 4365 Chri5ti,
1175 4313 1227 4356 et
1260 4312 1474 4371 propter
1510 4305 1832 4373 sepulturam

282 4383 432 4438 nullo
455 4385 708 4452 Sahhato,
751 4389 850 4442 nisi
888 4391 1033 4443 uno?
1064 4391 1195 4445 Cum
1238 4408 1364 4460 ergo
1389 4395 1532 4447 omni
1565 4394 1832 4449 Dominica

279 4474 518 4531 celebres
569 4481 1027 4546 resurrectionem,
1080 4484 1328 4552 oiunique
1354 4496 1543 4554 quarta
1589 4498 1643 4540 et
1682 4497 1830 4540 sexta

1938 3329 2140 3397 Agatho
2177 3329 2507 3396 aliquatenus
2549 3345 2818 3384 removere
2844 3331 3113 3394 Romanis,
3142 3349 3246 3385 nun
3271 3334 3482 3385 audire-

1939 3427 2024 3472 tur
2050 3420 2114 3472 ab
2134 3419 2229 3472 eis.
2259 3418 2410 3483 Quia,
2434 3420 2552 3472 licet
2571 3420 2680 3486 ipse
2704 3434 2924 3489 magnus
2951 3422 3230 3484 exstiterit,
3253 3421 3486 3490 praefatis

1940 3517 2111 3561 tamen
2144 3508 2507 3562 decessoribus
2539 3509 2647 3562 suis
2683 3509 2819 3562 sicut
2859 3519 3118 3577 tempore,
3160 3512 3227 3564 ita
3265 3512 3484 3565 scientia

1936 3604 1986 3647 et
2019 3597 2330 3649 auctoritate
2358 3599 2528 3649 minor
2558 3596 2673 3650 fuit.
2708 3598 3057 3664 Quamobrem
3085 3609 3240 3667 caput
3263 3615 3367 3668 quo
3393 3616 3482 3653 a3-

1937 3686 2115 3740 seritis
2143 3700 2263 3738 eum
2291 3686 2651 3754 promulgasse
2680 3697 2733 3740 ut
2764 3687 2805 3741 si
2835 3689 2953 3755 quis
2976 3687 3198 3742 clericus
3223 3688 3487 3758 jejunaret

1939 3774 2227 3828 Sahhatum
2256 3783 2448 3840 praeter
2485 3790 2667 3837 unum,
2702 3775 3073 3844 deponeretur;
3101 3779 3268 3846 magis
3301 3779 3482 3831 dicen—

1937 3866 2057 3917 dum
2089 3873 2168 3917 est
2202 3863 2593 3918 Nazarenorum
2620 3879 2734 3918 esse
2757 3854 3320 3933 qu‘am‘apostolorum,
3345 3865 3483 3919 Chev

1937 3954 2058 4006 rinti
2088 3961 2140 4007 et
2176 3953 2423 4007 ilehionis
2459 3969 2613 4022 quam
2655 3966 2816 4008 sextae
2854 3954 3038 4023 synodi
3077 3961 3131 4008 et
3166 3969 3311 4023 papa:
3340 3955 3481 4022 Aga-

1937 4042 2131 4095 thonis.
2174 4043 2267 4096 Cui
2307 4057 2434 4095 sane
2472 4043 2699 4109 capitulo
2731 4043 2946 4110 epistola
2974 4043 3117 4096 Pauli
3147 4034 3326 4110 aperte
3352 4058 3482 4097 con-

1937 4131 2165 4194 tradicit,
2197 4131 2282 4183 ubi
2311 4132 2384 4183 ait
2409 4148 2420 4182 :
2453 4149 2468 4180 ‹
2504 4130 2668 4184 Nemo
2691 4147 2781 4184 vos
2802 4131 3000 4199 judicet
3025 4134 3074 4184 in
3099 4133 3217 4185 cibo
3246 4142 3332 4184 aut
3357 4142 3481 4200 potu

1935 4229 2025 4273 aut
2052 4220 2101 4272 in
2139 4229 2289 4288 parte
2319 4221 2418 4273 diei
2448 4219 2583 4280 festi,
2616 4228 2669 4272 et
2703 4222 2990 4274 neomeniaz
3029 4229 3082 4274 et
3107 4221 3480 4286 Sabbatorum,

1935 4323 2052 4377 quae
2077 4316 2199 4362 sunt
2221 4308 2403 4360 umbra
2436 4307 2750 4360 futurorum.
2787 4327 2804 4358 ι
2843 4308 2990 4361 Unde
3021 4308 3244 4362 Romani
3270 4312 3482 4378 preprio

1937 4396 2134 4450 auctori
2165 4405 2217 4450 et
2253 4397 2503 4463 magistro
2532 4399 2764 4465 gentium
2804 4397 2853 4453 in
2886 4396 2987 4450 fide
3019 4405 3072 4450 et
3102 4398 3321 4450 veritate
3357 4401 3484 4458 obe-

1937 4487 2160 4548 dientes,
2193 4486 2318 4540 nulli
2362 4485 2590 4540 Sabbato
2620 4486 2808 4540 festum
2847 4485 2927 4539 vel
2957 4488 3121 4540 otium
3159 4489 3478 4555 dependunt.

285 4565 418 4618 feria
461 4565 670 4635 jejunes
715 4579 929 4637 prepter
981 4572 1316 4626 traditionem
1361 4584 1414 4627 et
1449 4589 1687 4640 crucem;
1734 4591 1830 4629 cur
1861 4559 1908 4619 Ῑ)
1933 4578 2069 4631 sicut
2109 4591 2207 4629 nec
2248 4577 2541 4639 neomenia,
2583 4574 2705 4643 quia
2747 4573 2988 4635 profecto
3013 4573 3231 4629 Judaica
3261 4585 3399 4635 sunt,
3429 4584 3482 4628 et

283 4668 388 4709 non
422 4664 476 4709 et
510 4658 653 4710 omni
697 4657 930 4713 Sahhato
976 4670 1190 4730 propter
1231 4663 1573 4731 sepulturam,
1606 4681 1724 4718 cum
1763 4666 1828 4718 de

279 4745 598 4802 celebrando
647 4749 877 4803 Sabbato
925 4753 1119 4804 nullam
1173 4754 1434 4806 rationem
1493 4762 1690 4817 teneas,
1727 4755 1828 4806 nisi

282 4853 442 4907 quam
485 4837 675 4902 Judaei,
717 4840 924 4894 scilitet
965 4842 1086 4908 quia
1140 4842 1190 4895 in
1240 4857 1304 4895 eo
1352 4843 1610 4911 requievit
1659 4843 1830 4897 Deus?

280 4926 380 4995 Qui
405 4929 583 4999 utique
613 4929 860 5000 fatigatus
898 4947 999 4984 non
1032 4942 1132 4996 est,
1173 4935 1333 4986 verbo
1358 4949 1546 4987 creans
1576 4934 1827 5002 quidquid

279 5019 467 5087 voluit,
520 5021 612 5075 sed
655 5023 705 5076 in
754 5024 854 5076 hoc
895 5031 1129 5076 nostram
1179 5025 1416 5092 requiem
1453 5025 1830 5094 przefiguravit.

283 5109 435 5176 Quod
473 5110 516 5164 si
560 5109 664 5163 uno
690 5110 925 5165 Sahhato
953 5113 1001 5164 in
1037 5119 1144 5166 toto
1173 5127 1314 5166 anno
1347 5111 1690 5179 jejunandum
1724 5122 1829 5175 est,

281 5209 499 5267 propter
553 5201 881 5268 sepulturam
934 5200 1159 5262 Christi,
1204 5215 1330 5269 ergo
1373 5205 1427 5254 et
1489 5215 1590 5253 una
1642 5208 1829 5266 quarta

281 5288 414 5342 feria
452 5301 665 5360 pmptcr
709 5291 1065 5355 traditionem,
1119 5299 1172 5345 et
1208 5305 1308 5343 una
1356 5298 1501 5343 sexta
1535 5290 1662 5341 feria
1703 5304 1827 5356 pro-

285 5388 403 5442 βίον
464 5383 795 5452 passionem,
869 5383 920 5435 in
973 5390 1079 5434 toto
1134 5395 1272 5433 anno
1328 5388 1410 5433 est
1461 5378 1825 5447 jejunaudum.

287 5467 400 5528 Una
426 5487 635 5541 quoque
667 5472 938 5526 Duminica
981 5482 1194 5540 propter
1230 5471 1669 5524 resurrectionem
1694 5467 1832 5522 cclc-

284 5564 502 5616 branda.

357 5659 476 5713 XX.
527 5660 638 5713 Non
697 5669 871 5713 autem
925 5661 1117 5713 mirum
1184 5660 1226 5714 si
1272 5659 1531 5728 Agathoni
1590 5672 1736 5725 papae
1781 5664 1834 5708 et

291 5755 490 5805 sanctis
526 5745 768 5808 l'atribus
816 5756 980 5802 sexta:
1012 5750 1196 5818 synodi
1228 5758 1401 5802 vestra
1442 5747 1709 5814 impulatis
1739 5743 1832 5796 de-

1928 4666 2108 4732 utique
2136 4666 2319 4718 umbra
2352 4665 2668 4718 futurorum.

1999 4753 2138 4807 XXI.
2158 4754 2323 4808 Porro
2349 4756 2485 4808 unde
2509 4757 2869 4821 acceperimus
2891 4757 3031 4808 omni
3059 4756 3139 4806 die
3159 4753 3476 4822 jejuniorum

1929 4845 2214 4915 perfectam
2266 4847 2480 4898 missam
2529 4845 2721 4909 facere,
2769 4863 2926 4914 supra
2966 4847 3263 4899 curavimus
3303 4855 3477 4896 osten-

1931 4937 2054 4992 dcre
2082 4955 2093 4989 :
2125 4951 2219 4990 nec
2262 4938 2507 4990 timemus
2545 4949 2702 5004 caput
2741 4938 2875 5004 quod
2911 4937 3083 4988 dicitis
3119 4936 3474 5000 apostolorum

1936 5028 1998 5081 de
2023 5027 2103 5080 his
2130 5027 2217 5094 qui
2250 5041 2354 5078 non
2393 5022 2744 5091 jejunaverint
2776 5025 3256 5092 Quadragesimam,
3287 5031 3474 5088 quarta

1935 5131 2144 5185 quoque
2178 5124 2226 5168 et
2269 5125 2416 5167 sexta
2456 5114 2606 5176 feria,
2635 5129 2757 5179 qua,
2797 5122 3013 5180 excepta
3053 5111 3359 5178 gravissima
3399 5108 3475 5159 in-

1937 5212 2208 5273 firmitate,
2246 5208 2470 5262 sollicite
2501 5208 2670 5260 cuncti
2705 5206 2997 5272 jejunami-ts
3024 5205 3206 5258 diebus
3239 5204 3476 5269 Quadra-

1933 5297 2164 5366 gesimae,
2188 5298 2317 5348 adeo
2341 5305 2394 5346 ut
2418 5295 2676 5346 interdum
2705 5294 2962 5344 decennes
2984 5305 3171 5357 pueros
3203 5290 3472 5342 nobiscum

1937 5386 2190 5438 faciamus
2221 5383 2490 5450 jejunare,
2529 5395 2624 5432 nec
2666 5379 2918 5432 solvimus
2957 5395 3047 5445 per
3085 5377 3310 5430 Sahbata
3346 5389 3476 5443 qna-

1933 5470 2334 5538 dragesimalem
2365 5468 2766 5529 abstinentiam,
2817 5481 2971 5532 quam
3021 5466 3269 5518 Dominus
3298 5473 3478 5516 noster

1933 5580 2036 5617 non
2063 5561 2219 5616 solvit
2251 5560 2301 5611 in
2329 5561 2672 5624 quadraginta
2699 5557 2880 5625 jejnnii
2907 5556 2986 5608 sui
3014 5556 3215 5608 diebus.
3247 5553 3350 5606 Nec
3379 5554 3477 5606 sol-

1932 5664 2177 5702 veremus
2199 5648 2358 5700 etiam
2392 5654 2444 5699 in
2477 5647 2559 5699 dte
2592 5647 2884 5706 Dominica,
2912 5641 3350 5711 quemadmodum
3380 5655 3476 5692 nec

1938 5739 2067 5805 ipse,
2098 5734 2196 5787 nisi
2227 5748 2334 5802 prae
2371 5734 2560 5802 gaudio
2600 5732 3000 5787 resurrectionis
3029 5729 3139 5795 ejus
3176 5729 3274 5780 hoc
3314 5727 3472 5779 inter-
