4126 6338
651 429 776 497 tos:

1702 428 2111 492 HUMBEBTI
2160 427 2220 488 S.
2262 430 2329 490 ll.
2359 429 2431 490 E.
2474 427 2933 488 CARDI'NALI'c

3752 426 3904 488 1032

641 561 864 618 illisut
888 559 955 613 ab
980 551 1132 610 initio
1167 556 1405 610 omnium
1430 553 1814 608 catholicorum
1843 548 2062 602 Patrum
2092 562 2211 602 seno
2243 547 2284 604 Α
2316 542 2480 595 ιΙίιιιη.
2524 542 2631 596 Nec
2658 542 3003 596 dubitandum
3053 543 3102 595 in
3135 544 3601 613 quantulacunque
3646 551 3908 615 portione

642 648 830 709 tentia,
865 634 1028 702 etiam
1071 658 1194 698 cum
1229 643 1593 698 anathemate.
1639 641 1784 707 Quos
1829 638 1997 693 secuti
2039 636 2208 690 sancti

645 737 832 792 Patres
855 733 1184 804 Gangrensis
1219 733 1430 787 concilii
1468 732 1722 787 dixerunt
1751 747 1762 783 :
1802 749 1819 780 ι
1855 728 1912 782 Si
1949 728 2070 796 quis
2106 741 2210 780 non

643 826 943 896 dijudicans
971 825 1113 894 diem
1137 822 1494 887 Dominicam,
1521 819 1844 891 jejunaverit
1872 829 2124 886 tanquam
2159 816 2210 870 in

644 914 761 983 ejus
787 920 1114 982 contemptu,
1144 910 1430 965 anathema
1462 911 1550 964 sit.
1584 929 1602 961 ι
1635 908 1736 972 Ubi
1775 917 1921 964 certe
1958 907 2096 962 sicut
2132 904 2212 959 eis

644 1012 967 1060 attestantur
989 1015 1178 1056 otnaes
1208 999 1500 1054 autentbici
1533 999 1674 1062 libri,
1709 1014 1811 1052 non
1843 994 2212 1051 contradicunt

639 1095 838 1164 jejunio
865 1091 1107 1156 Sabbati,
1135 1083 1229 1146 sed
1257 1090 1548 1144 Dominice
1575 1089 1701 1143 diei.

710 1181 876 1238 XXII.
915 1180 1041 1246 Sed,
1093 1195 1126 1235 ο
1169 1178 1853 1250 perfldeStercorianista,
1911 1174 2000 1244 qui
2054 1182 2210 1242 putas

644 1275 783 1330 fl'deli
838 1271 1246 1343 participatione
1292 1271 1531 1337 corporis
1576 1277 1631 1323 et
1676 1267 1950 1336 sanguinis
2000 1265 2208 1320 Domini

641 1359 1126 1432 quadragesimalia
1158 1369 1318 1434 atque
1347 1359 1709 1412 ecclesiastica
1741 1357 1953 1410 dissolvi
1984 1354 2205 1424 jejuuia,

639 1453 859 1506 omnino
885 1451 1109 1505 credens
1135 1449 1408 1504 caelestem
1442 1458 1617 1505 meam
1650 1455 1792 1501 velut
1821 1456 2088 1500 terrenam
2116 1458 2211 1512 per

639 1541 921 1612 aqualiculi
951 1539 1168 1593 fetidam
1197 1548 1251 1592 et
1279 1538 1547 1614 sordidam
1574 1537 1902 1607 egestionem
1940 1534 1990 1586 in
2028 1547 2206 1586 seces-

637 1647 756 1687 sum
799 1631 1023 1691 dimitti.
1073 1631 1230 1698 plane
1273 1629 1438 1683 sentis
1469 1643 1588 1682 cum
1622 1628 1770 1681 Ario.
1815 1625 1914 1692 Qui
1961 1641 2081 1679 eum
2114 1639 2208 1691 pro

640 1723 760 1794 aliis
786 1721 1134 1790 blasphemiis
1164 1721 1214 1775 in
1241 1719 1433 1773 Filium
1463 1719 1586 1780 Dei,
1629 1725 1737 1771 tum
1768 1716 1929 1769 etiam
1957 1730 2056 1783 pro
2083 1715 2204 1776 ista,

638 1798 845 1866 loveam
881 1810 1126 1879 delapsus
1169 1811 1222 1863 in
1264 1817 1460 1872 atram,
1501 1807 1794 1862 visceribus
1840 1806 1973 1859 fusis
2008 1821 2207 1859 vacuus

2313 630 2428 695 ejus
2479 631 2662 686 fideles
2713 627 3038 686 manducare
3107 632 3206 686 sibi
3255 641 3419 687 totam
3472 636 3656 700 vitam,
3711 638 3763 692 id
3808 649 3911 691 est

2314 721 2584 775 Christum
2604 761 2632 796 ,η
2653 721 2894 776 infideles
2925 731 3103 776 autem
3134 731 3358 776 mortem
3377 764 3390 788 ,
3423 725 3474 778 id
3499 735 3602 790 est,
3624 727 3924 796 judicium

2315 827 2491 875 suum,
2523 792 2705 878 utpote
2733 811 2822 880 qui
2854 813 2926 865 rei
2960 813 3094 864 bunt
3125 813 3370 882 corporis
3400 823 3452 866 et
3477 792 3752 886 sanguinis
3788 817 3910 870 Do-

2314 900 2462 952 mini.
2515 899 2714 954 Deinde
2757 901 2995 968 quotidie
3036 902 3148 955 sive
3193 902 3366 965 tertia,
3413 903 3522 957 sive
3567 921 3727 970 nona,
3777 908 3911 960 sive

2313 1003 2629 1056 quacunque
2665 990 2792 1042 hora
2823 989 2917 1042 flat
2949 1007 2974 1042 a
3006 991 3156 1044 nobis
3196 991 3377 1054 missa,
3415 1008 3516 1044 non
3549 994 3604 1046 fit
3633 996 3735 1049 nisi
3770 1012 3910 1064 pcr-

2314 1080 2469 1133 fecta.
2504 1077 2614 1132 Nec
2639 1090 2944 1134 reservatur
2965 1096 3032 1134 ex
3061 1081 3328 1135 oblatione
3369 1081 3484 1150 ejus
3529 1100 3649 1151 pars
3679 1085 3906 1152 al.qu.‘.

2313 1179 2369 1222 ut
2403 1185 2497 1238 per
2524 1171 2640 1226 dies
2677 1172 2910 1240 quinque
2939 1181 3131 1240 agatur
3175 1173 3334 1225 missa
3370 1172 3696 1238 imperfecta.
3749 1179 3906 1242 Quia

2313 1275 2412 1314 nec
2441 1262 2611 1315 sancti
2645 1260 2865 1330 apostoli
2895 1261 3144 1330 leguntur
3175 1247 3466 1332 quidquam
3495 1281 3557 1317 ex
3592 1266 3678 1320 illo
3710 1271 3904 1334 pl‘iltln

2312 1351 2553 1418 corporis
2577 1361 2630 1405 et
2659 1353 2935 1421 sanguinis
2956 1352 3151 1405 Christi
3183 1356 3436 1422 mysterio
3463 1355 3560 1408 sub
3586 1357 3690 1424 ipsa
3725 1374 3902 1412 C(Bttra

2313 1440 2598 1495 distributo
2625 1455 2925 1495 reservasse
2945 1481 2958 1502 ,
3003 1457 3098 1493 nec
3131 1452 3280 1496 actus
3309 1459 3492 1496 eorum
3524 1447 3760 1499 indicant
3795 1466 3905 1501 ens

2312 1531 2598 1598 aliquando
2625 1532 2726 1585 tale
2754 1533 2880 1601 quid
2906 1533 3077 1601 egisse
3127 1542 3215 1585 aut
3247 1537 3580 1604 praecepisse.
3609 1536 3897 1602 Quinimo,

2311 1619 2448 1672 sicut
2480 1619 2649 1673 Lucas
2679 1629 2861 1673 narrat
2893 1637 2903 1672 :
2945 1638 2960 1669 ι
2997 1620 3159 1673 Erant
3189 1620 3370 1676 fideles
3398 1634 3802 1690 perseverantes
3829 1627 3894 1678 in

2311 1708 2552 1762 doctrina
2586 1708 2948 1777 apostolorum
2979 1717 3033 1761 et
3075 1711 3560 1766 communicatione
3603 1713 3900 1769 fraetionis

2313 1797 2464 1864 panis
2490 1797 2627 1866 (Act.
2657 1813 2715 1856 II,
2745 1797 2856 1866 42).
2892 1817 2909 1849 ›
2953 1797 3081 1863 Quze
3118 1801 3535 1855 communicatio
3565 1803 3797 1870 qualiter
3834 1816 3899 1860 et

639 1915 850 1971 quoque
880 1869 1065 1953 ventre
1117 1900 1396 1953 remansit.
1447 1869 1513 1951 Et
1559 1897 1648 1958 ubi
1697 1905 1780 1951 est
1827 1896 2076 1950 Salvator
2117 1896 2205 1963 qui
2245 1869 2284 1924 Β
2308 1892 2502 1958 quibus
2518 1890 2703 1944 diebus
2727 1890 2895 1954 fleret,
2930 1901 3048 1958 post
3074 1907 3240 1958 pauca
3271 1869 3619 1956 demonstrat,
3650 1895 3843 1949 dicens
3873 1916 3890 1948 .-

638 1990 773 2046 dans
809 1990 1087 2058 discipulis
1123 2006 1314 2059 panem
1354 2004 1385 2042 a
1421 2003 1478 2043 se
1514 1987 1852 2042 benedictum
1893 1995 1944 2039 et
1978 1985 2206 2039 fractum

637 2081 774 2135 dixit
807 2095 841 2146 ,τ
904 2099 922 2131 ο
974 2081 1213 2148 Accipite
1263 2088 1316 2133 et
1373 2079 1677 2142 comcdile,‘
1733 2079 1835 2130 hoc
1884 2087 1966 2131 est
2015 2091 2206 2144 corpus

638 2171 852 2225 meum?
895 2189 913 2222 ι
950 2170 1163 2240 (Matth.
1208 2185 1354 2233 un,
1384 2169 1496 2237 26.)
1527 2167 1582 2221 In
1629 2181 1735 2235 quo
1775 2167 1904 2234 quid
1951 2165 2202 2226 traderet,

637 2261 758 2315 alibi
791 2260 918 2314 dicit
945 2276 964 2313 τ
1001 2281 1018 2310 ι
1055 2260 1214 2313 Panis
1243 2276 1397 2328 quem
1436 2251 1535 2328 ego
1564 2259 1778 2321 dedero,
1806 2257 1934 2312 caro
1959 2273 2075 2311 mea
2103 2265 2202 2318 est,

636 2337 734 2417 pro
763 2346 942 2402 mundi
989 2349 1097 2402 vita
1143 2347 1321 2417 (loan.
1365 2365 1446 2410 vr,
1490 2347 1621 2414 52):
1667 2365 1684 2396 ι
1725 2353 1806 2408 et;
1853 2363 1870 2396 ι
1908 2345 2047 2399 Caro
2087 2361 2202 2400 mea

636 2451 762 2491 vere
797 2445 881 2490 est
934 2437 1114 2500 cibus,
1157 2444 1208 2490 et
1276 2435 1492 2503 sanguis
1549 2448 1698 2486 meus
1744 2447 1870 2486 vere
1912 2441 1994 2486 est
2053 2443 2205 2502 potus

636 2527 818 2598 (han.
857 2545 938 2591 vr,-
976 2527 1087 2597 56).
1129 2547 1148 2579 ι
1185 2527 1460 2593 Quomodo
1491 2525 1684 2578 verus?
1711 2524 1842 2590 Quia
1883 2542 1901 2574 ι
1939 2526 2027 2591 qui
2061 2540 2198 2578 man-

635 2616 796 2669 ducat
825 2630 1042 2670 carnem
1077 2628 1272 2678 meam,
1303 2623 1355 2666 et
1386 2614 1519 2666 bibit
1543 2613 1852 2680 sanguinem
1883 2618 2077 2673 meum,
2114 2615 2205 2664 ba-

633 2703 724 2758 bet
751 2706 915 2758 vitam
952 2715 1204 2758 aeternam
1234 2703 1413 2773 (Joan.
1445 2718 1516 2760 vt.
1548 2701 1655 2771 55).
1693 2722 1710 2752 ι
1746 2701 1810 2754 Et
1847 2715 1962 2768 quae
1988 2710 2070 2752 est
2098 2702 2202 2753 vita

633 2798 866 2849 aeterna?
915 2793 1114 2862 Nempe
1160 2793 1404 2847 Christus
1449 2791 1622 2854 Iesus,
1677 2792 1815 2844 sicut
1862 2791 1973 2857 ipse
2020 2786 2150 2842 dicit
2180 2803 2201 2841 τ

640 2899 659 2931 ι
697 2881 806 2950 ligo
840 2896 956 2935 sum
987 2883 1092 2942 via.
1131 2882 1327 2935 veritas
1357 2891 1411 2933 et
1451 2881 1555 2932 vita
1583 2878 1761 2948 (Joan.
1793 2893 1900 2942 ιη’,
1936 2878 2009 2945 6).
2049 2898 2067 2928 ι
2102 2877 2201 2944 Qui

632 2983 760 3040 ergo
790 2984 981 3038 panem
1010 2970 1100 3022 Dei
1131 2970 1437 3031 manducat,
1467 2979 1680 3022 carnem
1709 2967 1799 3020 Dei
1829 2967 2025 3020 Christi
2056 2983 2204 3021 man-

636 3058 812 3112 ducat.
854 3058 954 3124 Qui
983 3067 1161 3112 autem
1197 3072 1410 3111 carnem
1447 3057 1562 3130 ejus
1597 3056 1903 3119 manducat,
1934 3057 2201 3111 Christum

634 3149 950 3212 manducat,
1001 3147 1090 3216 qui
1142 3147 1413 3206 Christum
1467 3147 1778 3210 manducat,
1827 3146 2009 3214 procul
2045 3147 2203 3200 dubio

633 3239 798 3292 vitam
829 3246 1085 3292 aeternam
1128 3238 1432 3290 manducat.
1465 3235 1624 3304 Ergo,
1661 3251 1692 3289 ο
1718 3233 1938 3302 pestifer
1963 3235 2083 3290 leno
2111 3251 2203 3288 au-

635 3329 768 3396 tiq’ui
801 3329 1086 3396 serpentis,
1116 3328 1206 3395 qui
1235 3327 1448 3382 conaris
1489 3327 1684 3380 astutia
1734 3336 1820 3378 tua
1860 3341 2204 3392 corrumpere

635 3434 825 3472 sensus
847 3419 1049 3472 Christi
1078 3432 1308 3486 sponsae,
1339 3432 1457 3486 qua!
1483 3426 1564 3470 est
1605 3415 1866 3478 Ecclesia,
1912 3425 1969 3467 ut
1993 3415 2205 3468 excida-

635 3518 722 3561 tur
749 3523 776 3560 a
807 3507 1068 3562 charitate
1099 3508 1231 3561 tanti
1274 3515 1330 3560 et
1375 3507 1496 3560 talis
1529 3507 1743 3574 sponsi,
1781 3505 1954 3559 credis
1991 3520 2085 3558 nos
2129 3508 2203 3557 vi-

636 3606 743 3649 tam
784 3596 1240 3670 incorruptibilem
1281 3595 1643 3661 comedentes,
1690 3608 2031 3661 corrumpere
2072 3595 2204 3646 inte-

632 3683 880 3754 gritatem
901 3683 1251 3752 jejuniorum,
1281 3682 1427 3736 velut
1469 3682 1649 3751 aliquo
1678 3681 1798 3735 cibo
1828 3682 2204 3749 corruptibili?

704 3772 889 3827 XXIII.
933 3773 1224 3828 Horremus
1246 3772 1461 3842 quidem
1487 3772 1687 3834 dicere,
1717 3771 1809 3824 sed
1837 3771 2204 3839 compellimur

634 3879 664 3917 a
691 3873 780 3918 tua
815 3864 1106 3929 impudenti
1135 3863 1496 3932 improbitate.
1528 3861 1751 3916 Conaris
1779 3861 2069 3925 Christum,
2097 3863 2203 3916 imo

634 3951 804 4022 ipsam
850 3952 1012 4006 vitam
1056 3967 1150 4021 per
1179 3951 1530 4022 dlgcstiouem
1576 3952 1715 4005 sicut
1755 3966 1965 4004 omnum
2004 3951 2200 4006 olidmu

635 4040 918 4095 demittere
938 4040 990 4093 in
1023 4038 1294 4093 latrinam.
1326 4039 1392 4094 Et
1419 4039 1506 4092 ubi
1536 4048 1636 4101 est,
1674 4040 1811 4107 quod
1837 4039 1970 4092 dixit
2003 4057 2014 4091 :
2046 4058 2064 4090 ι
2100 4039 2199 4105 Qui

637 4131 926 4184 manducat
944 4144 1160 4184 carnem
1185 4145 1379 4194 meam,
1410 4138 1465 4184 et
1497 4130 1626 4183 bibit
1647 4129 1965 4198 sanguinem
1999 4145 2197 4195 meum,

636 4219 692 4274 in
719 4234 802 4274 me
826 4231 1024 4284 manet,
1055 4231 1108 4274 et
1132 4235 1229 4290 ego
1252 4222 1302 4273 in
1327 4221 1431 4274 eo?
1451 4241 1468 4272 ι
1496 4221 1672 4289 (Joan.
1702 4237 1778 4285 vr,
1806 4221 1919 4290 57.)
1941 4221 2070 4275 Siue
2097 4237 2202 4292 qua

637 4309 929 4366 refectione
956 4311 1080 4379 quia
1107 4297 1208 4364 non
1241 4311 1469 4364 habetur
1498 4311 1622 4372 vita,
1660 4311 1768 4378 ipsa
1799 4311 1935 4375 Vita,
1967 4326 2086 4380 quae
2121 4322 2201 4366 est

635 4398 901 4462 Christus,
941 4399 1091 4468 quasi
1130 4400 1357 4467 quodam
1391 4400 1738 4468 jurejurando
1762 4410 2087 4467 protestatur
2123 4401 2198 4453 di-

2311 2001 2330 2031 c
2369 1982 2617 2047 Quotidie
2662 1992 3068 2049 perseverantes
3108 1983 3430 2036 unanimiter
3469 1985 3520 2037 in
3570 1985 3786 2054 templo,
3832 1999 3899 2040 et

2309 2068 2616 2138 frangentes
2636 2071 2776 2123 circa
2801 2071 2986 2124 domos
3008 2084 3195 2139 panem
3219 2072 3502 2126 sumebant
3518 2073 3696 2141 (Ibid.,
3715 2075 3834 2145 46).
3868 2097 3888 2126 ι

2308 2159 2444 2213 Ecce
2474 2175 2631 2219 verax
2661 2160 2984 2229 evangelista
3021 2169 3247 2215 testatur
3289 2163 3387 2216 sub
3413 2165 3664 2232 apostolis
3694 2165 3895 2220 fideles

2297 2249 2544 2317 quotidie
2572 2264 2756 2303 orasse
2787 2261 2839 2304 et
2867 2265 3055 2318 panem
3099 2250 3342 2320 fregisse.
3379 2253 3441 2306 Et
3465 2269 3579 2318 vos,
3606 2255 3690 2322 qui
3721 2259 3890 2318 estis,

2307 2339 2396 2405 qui
2433 2338 2610 2391 dicitis
2652 2338 2858 2393 duobus
2896 2348 3100 2394 tantum
3141 2342 3325 2396 diebus
3366 2344 3708 2398 hebdomadis
3754 2348 3895 2399 mis-

2307 2443 2418 2480 sam
2451 2425 2740 2494 perfectam
2791 2429 2904 2481 fieri
2950 2429 3172 2493 debere,
3224 2433 3440 2499 reliquis
3486 2448 3612 2486 vero
3642 2435 3890 2504 quinque

2309 2515 2712 2582 imperfectam?
2745 2515 2945 2585 Nempe
2975 2517 3060 2570 hic
3091 2519 3141 2570 in
3179 2520 3329 2585 partis
3360 2521 3618 2576 fiactiouc
3645 2537 3695 2575 et
3732 2520 3891 2577 corn-

2308 2604 2687 2667 municatione,
2738 2620 2843 2658 non
2901 2607 3001 2659 nisi
3047 2606 3334 2674 perfectam
3383 2610 3648 2666 {ICliLIICIII
3697 2613 3890 2666 missae

2307 2691 2561 2745 debemus
2596 2693 2859 2760 accipere,
2895 2695 3341 2760 quemadmodum
3384 2706 3438 2749 et
3477 2699 3649 2766 ipsum
3697 2700 3893 2754 Domi-

2307 2797 2431 2835 num
2461 2781 2706 2851 legimus,
2737 2798 2841 2836 non
2867 2783 3260 2852 imperfectam,
3287 2787 3378 2839 sed
3410 2786 3699 2854 perfectam
3724 2805 3889 2844 com-

2307 2875 2742 2928 memorationem
2789 2876 2900 2930 suis
2940 2875 3214 2943 discipulis
3246 2879 3549 2942 tradidisse,
3589 2879 3640 2932 in
3677 2895 3816 2948 pane
3849 2899 3884 2936 a

2305 2980 2362 3021 sc
2389 2966 2676 3033 benedicto
2697 2975 2752 3020 et
2789 2982 2909 3020 mox
2943 2967 3112 3020 fracto
3153 2979 3205 3020 ct
3237 2968 3540 3022 distributo.
3584 2969 3696 3024 Non
3729 2973 3885 3026 enim

2306 3055 2570 3110 benedixit
2603 3064 2806 3110 tantum
2834 3065 2888 3108 et
2928 3058 3161 3110 servavit
3190 3056 3541 3126 frangendum
3592 3059 3640 3112 in
3683 3064 3886 3114 crasti—

2308 3162 2455 3209 num,
2485 3160 2582 3200 nec
2610 3145 2766 3215 fregit
2795 3155 2996 3198 tantum
3026 3155 3080 3200 et
3105 3147 3361 3215 reposuit,
3393 3149 3481 3200 sed
3511 3148 3736 3202 fractum
3766 3161 3891 3204 sta~

2309 3233 2400 3286 tim
2449 3219 2736 3287 distribuit.
2790 3232 2938 3287 Unde
2988 3235 3172 3287 beatus
3216 3234 3518 3288 Alexander
3565 3249 3771 3307 martyr
3821 3250 3887 3291 et

2306 3339 2439 3392 papa
2473 3324 2509 3377 γ
2542 3324 2608 3376 ab
2645 3323 2882 3393 apostolo
2919 3324 3105 3389 Petro,
3137 3326 3437 3393 passionem
3478 3330 3682 3382 Domini
3731 3330 3886 3385 inso-

2307 3417 2430 3466 reus
2446 3413 2642 3466 canoni
2686 3413 2879 3475 missze,
2915 3428 3017 3466 non
3052 3415 3165 3467 ait:
3199 3415 3310 3469 Hoc
3347 3418 3770 3486 quotiescunque
3803 3419 3885 3473 fe-

2304 3501 2505 3562 ceritis,
2531 3502 2620 3554 sed
2649 3519 2670 3551 ‹
2703 3499 2822 3555 Hzec
2845 3503 3263 3571 quotiescunque
3289 3504 3543 3570 feceritis,
3577 3508 3625 3561 id
3647 3518 3753 3572 est,
3783 3511 3892 3564 be-

2306 3592 2635 3655 nedixeritis,
2667 3591 2935 3662 fregeritis
2956 3602 3010 3647 et
3035 3595 3436 3660 distribueritis,
3464 3596 3513 3649 in
3547 3597 3648 3650 mei
3673 3613 3887 3654 memo-

2307 3680 2438 3733 riam
2466 3680 2690 3745 facietis,
2724 3699 2741 3730 ι
2777 3682 2897 3750 quia
2929 3682 3199 3750 quodlibet
3235 3683 3422 3737 horum
3465 3686 3641 3750 trium,
3675 3687 3717 3740 si
3756 3688 3887 3742 sine

2305 3774 2523 3840 reliquis
2567 3775 2676 3836 fiat,
2726 3773 2930 3828 scilicet
2974 3775 3272 3829 benedictio
3316 3777 3431 3829 sine
3477 3777 3882 3843 distributione,

2305 3871 2395 3914 aut
2438 3863 2629 3916 fractis
2669 3864 2783 3916 sine
2825 3865 3195 3919 Iacnedictione
3237 3875 3292 3919 et
3333 3867 3723 3929 distributione,
3749 3882 3856 3935 per

2303 3950 2496 4003 fectum
2537 3951 2735 4005 Christi
2783 3953 3095 4006 memoriam
3139 3969 3241 4006 non
3290 3963 3688 4020 repraesentant,
3730 3955 3884 4010 sicut

2305 4043 2608 4096 distributio
2631 4043 2772 4096 nulla
2795 4043 2909 4096 sine
2931 4043 3300 4098 benedictione
3329 4051 3384 4096 et
3411 4041 3690 4097 fractione.
3715 4044 3879 4108 Quod

2305 4142 2480 4185 autem
2509 4134 2746 4201 quotidie
2773 4141 2826 4187 et
2850 4141 3226 4203 quotacunque
3257 4135 3382 4188 hora
3410 4135 3535 4199 diei,
3561 4150 3662 4189 non
3688 4146 3877 4189 autem

2303 4223 2412 4276 sola
2444 4224 2597 4276 tertia
2637 4222 2926 4292 perfectam
2972 4225 3188 4278 missam
3229 4225 3456 4293 agimus,
3494 4225 3880 4278 auctoritatem

2307 4321 2546 4364 tenemus
2575 4325 2640 4364 ex
2676 4313 2849 4366 verbis
2879 4313 3045 4379 ipsius
3075 4313 3282 4367 Domini
3307 4312 3460 4379 juxta
3490 4314 3699 4367 beatum
3723 4313 3878 4368 Pau-

2303 4401 2408 4453 lum
2438 4402 2698 4455 dicentis:
2731 4420 2748 4451 ‹
2777 4401 2887 4456 Iloe
2919 4401 3073 4454 facite
3103 4403 3521 4470 quotiescunque
3555 4401 3785 4467 sumitis,
3811 4397 3878 4457 in

637 4502 805 4544 cens:
836 4508 853 4539 ι
880 4487 1072 4555 Amen,
1106 4503 1260 4541 aruen
1284 4489 1404 4542 dico
1427 4479 1591 4547 vobis,
1623 4489 1721 4541 nisi
1745 4490 2191 4544 manducaveritis
2223 4499 2268 4557 ι)
2297 4505 2468 4544 meam
2507 4491 3066 4544 commemorationem
3108 4489 3160 4553 (l
3201 4489 3322 4542 Cor.
3368 4505 3454 4553 χι,
3491 4489 3602 4558 25).
3643 4509 3660 4542 ι
3709 4489 3873 4545 Unde

637 4589 855 4630 carnem
867 4578 982 4631 Filii
999 4578 1318 4640 hominis,et
1339 4576 1578 4630 biberitis
1600 4577 1713 4645 ejus
1733 4579 2069 4647 sanguinem,
2094 4592 2198 4631 non

641 4655 1515 4735 habebitisvitaminvdbis(fbid.,
1551 4666 1661 4731 st).
1686 4686 1703 4717 »
1726 4657 1971 4735 Nunquid
2004 4669 2088 4721 hic
2123 4669 2199 4720 di-

641 4754 760 4808 xit:
800 4755 856 4808 Si
895 4755 1344 4808 manducaveritis
1383 4769 1597 4808 carnem
1649 4769 1820 4808 meam
1863 4765 1916 4808 et
1960 4757 2200 4810 biberitis

639 4843 950 4912 sanguinem
983 4856 1192 4905 meum,
1223 4843 1527 4896 dissolvetis
1555 4841 1852 4908 jejunium?
1893 4845 1957 4898 Et
1996 4847 2196 4898 utinam

642 4933 742 4984 hoc
768 4930 880 4984 δοῗο
905 4940 1261 4994 sacramento,
1286 4946 1388 4983 non
1411 4932 1476 4985 ad
1487 4931 1751 4999 judicium
1775 4943 2032 4998 nostrum,
2055 4938 2197 4990 onmi

644 5020 773 5075 hora
805 5018 1174 5072 reficerentur!
1215 5017 1322 5072 Sed
1351 5021 1473 5086 quia
1515 5035 1740 5087 corpore
1766 5024 2116 5090 corruptibili,
2148 5035 2198 5078 et

644 5109 805 5163 nimia
840 5108 1050 5163 miseria
1080 5109 1422 5162 conscientia:
1450 5117 1645 5162 nostra:
1671 5113 1896 5179 gravati,
1921 5113 2081 5166 etiam
2108 5116 2197 5167 bo-

643 5215 770 5254 num
802 5211 1037 5253 nostrum
1070 5199 1351 5267 nequimus
1384 5196 1623 5263 sull‘erre,
1662 5215 1689 5252 a
1723 5201 1920 5259 sanctis
1953 5200 2198 5257 Patribus

644 5299 806 5344 certa:
855 5288 920 5342 ad
956 5288 1348 5358 percipiendum
1390 5297 1591 5341 tantum
1638 5297 2026 5342 sacramentum
2067 5305 2197 5359 pra:-

647 5380 764 5434 flrae
793 5390 918 5435 sunt
958 5379 1118 5434 bene.
1154 5378 1303 5445 QuOd
1335 5395 1400 5435 ne
1441 5381 1662 5435 vilescat
1689 5380 2008 5445 carnalibus,
2049 5391 2103 5436 et
2146 5382 2195 5434 in

644 5473 984 5541 percipiendo
1006 5485 1181 5526 escam
1206 5471 1424 5541 spiritus
1448 5473 1842 5525 submurmuret
1869 5471 2058 5539 aliquis
2083 5487 2198 5525 car-

646 5563 730 5615 nis
756 5561 1036 5629 appetitus,
1072 5576 1194 5614 cum
1237 5574 1442 5613 summa
1485 5559 1742 5627 parcitate
1783 5568 2191 5629 prmgustamus;

648 5651 825 5703 videre
861 5650 1225 5703 tantummodo
1251 5649 1523 5738 cupientes
1559 5663 1716 5718 quam
1764 5653 1942 5702 suavis
1981 5661 2062 5703 cst
2097 5651 2196 5703 Do-

649 5743 841 5799 tuinus,
870 5739 1018 5800 cujus
1047 5740 1194 5802 panis
1227 5733 1490 5804 nonwvult,
1518 5739 1672 5793 sicuti
1706 5753 1800 5792 nec
1827 5753 2017 5792 manna
2049 5739 2191 5794 fasti-

2303 4596 2423 4632 mox
2459 4579 2597 4634 idem
2623 4579 2909 4649 Apostolus
2928 4589 3151 4634 secutus
3178 4579 3371 4648 adjecit
3401 4597 3412 4633 :
3455 4598 3472 4630 σ
3510 4578 3874 4644 Quotiescun-

2301 4685 2404 4737 que
2446 4670 2834 4724 manducabitis
2875 4681 3083 4738 panem‘
3109 4671 3250 4724 hunc
3290 4680 3344 4724 et
3388 4671 3605 4725 calicem
3649 4671 3873 4734 bibetis,

2303 4766 2524 4810 mortem
2559 4758 2764 4810 Domini
2797 4758 3180 4813 annuntiabitts
3206 4758 3391 4826 (lbid.,
3419 4758 3530 4825 26).
3565 4777 3580 4807 ι
3611 4757 3672 4810 Et
3694 4771 3872 4826 quan-

2301 4846 2427 4898 ditt?
2460 4846 2628 4898 Donec
2658 4847 2822 4899 verum
2854 4846 3038 4916 (Ibid.)
3075 4862 3088 4899 :
3131 4847 3337 4901 scilicet
3368 4848 3611 4916 judicare
3639 4848 3786 4898 vivos
3817 4858 3880 4899 (-t

2301 4943 2556 4986 mort-tos.
2601 4932 2832 4987 Putasne
2871 4935 3064 4988 alicubi
3095 4935 3291 4989 dixerit
3327 4952 3340 4988 :
3382 4934 3492 4989 Hoc
3531 4935 3690 4988 facile
3737 4935 3875 4987 hora

2303 5023 2455 5073 tertia
2489 5023 2540 5074 in
2575 5035 2744 5074 meam
2776 5024 3370 5077 commemorationem?
3399 5022 3512 5076 Non
3544 5024 3751 5091 utique,
3773 5023 3875 5076 sed

2301 5110 2495 5162 nullam
2525 5109 2709 5162 horam
2742 5122 2832 5163 aut
2863 5123 3100 5180 tempora
3127 5114 3399 5181 excipiens
3425 5113 3557 5166 dixit
3581 5130 3593 5165 :
3621 5111 3872 5176 Quoties-

2299 5217 2516 5269 cunque.
2553 5200 2660 5254 Nec
2690 5203 2798 5268 ipse
2827 5202 3020 5256 Paulus
3064 5203 3257 5272 iejunia
3299 5205 3476 5274 aliqua
3524 5214 3615 5256 aut
3657 5214 3870 5257 certam

2299 5291 2587 5358 quamlibet
2615 5292 2966 5348 evolutionem
2993 5310 3250 5350 annorum
3278 5297 3558 5351 attendens
3585 5297 3659 5348 ait
3683 5311 3696 5346 :
3718 5294 3867 5360 Quo-

2302 5382 2621 5447 tiescunque
2655 5396 2748 5448 per
2795 5391 2869 5436 tot
2907 5397 3076 5437 annos
3124 5385 3256 5437 hora
3293 5401 3430 5438 nona
3474 5381 3873 5440 manducabitis

2299 5473 2486 5538 panem
2521 5472 2679 5537 hunc,
2708 5481 2759 5524 et
2787 5473 3007 5526 calicem
3040 5473 3250 5540 bibetis,
3280 5486 3499 5529 mortem
3527 5475 3736 5530 Domini
3765 5492 3867 5528 an-

2301 5560 2640 5623 nuntiabitis;
2684 5561 2773 5616 sed
2818 5561 3182 5618 indifferenter
3221 5582 3232 5616 :
3281 5564 3724 5633 Quoziesnmqn-c;
3761 5578 3808 5617 et
3846 5581 3862 5616 :

2300 5648 2470 5701 Donec
2503 5653 2684 5704 veniat.

2369 5740 2551 5794 XXIV.
2604 5743 2710 5798 Nec
2748 5747 3014 5798 nescimus
3058 5753 3269 5798 sanctos
3314 5745 3492 5798 Patres
3535 5746 3634 5798 diei
3680 5744 3857 5797 Domi-
