4124 6338
216 363 353 429 ιωί

1478 346 1780 409 CONTRA
1796 344 2163 407 ‘NlCE'l‘AM.

3274 336 3413 401 1034‘

220 486 352 537 “tua
376 488 430 534 et
454 485 839 547 pracipuarnm
872 468 1256 524 solemmtatum
1280 462 1469 518 missas
1498 461 1628 515 hora
1656 467 1761 513 ter-
1793 465 1837 519 Α
1864 451 2369 547 unampblatiouem
2411 450 2654 547 videmini
2693 450 2777 547 bis
2802 452 3016 547 offerre.
3059 451 3141 547 Et
3164 466 3261 507 cur
3303 470 3406 509 non

217 575 289 628 tia
319 568 613 624 celebrasse
638 562 842 625 solitos,
871 568 1086 630 propter
1106 555 1335 625 Spiritus
1360 552 1524 607 sancti
1548 549 1765 605 effusio-

218 672 339 714 nem
379 656 507 710 hora
541 650 697 705 tertia
743 648 795 701 in
822 644 1129 713 discipulos,
1168 651 1221 695 et
1268 643 1368 695 hoc
1394 637 1672 692 mandasse
1699 636 1766 690 ad

218 752 455 813 posteros
497 748 785 811 quatenus
817 735 907 795 illa
952 734 1108 789 unius
1150 732 1290 785 actio
1336 729 1513 783 missa:
1555 727 1765 796 gemino

216 830 490 901 privilegio
515 826 888 894 insigniretur:
910 820 1299 875 resurrectione
1318 813 1763 901 videlicetChristi

212 899 269 972 et
311 919 538 971 adventu
578 910 857 972 Paracleti,
896 916 1057 977 utque
1102 914 1319 974 propter
1356 902 1605 971 gaudium
1643 899 1765 954 festi

211 1004 538 1074 sommribtts
581 1000 946 1055 relaxarentur
985 994 1189 1049 cunctis
1238 992 1381 1045 frena
1418 990 1627 1058 ieiunii.
1660 989 1762 1043 Ve-

210 1101 509 1145 rumtamen
537 1087 639 1142 alia
666 1088 937 1140 causaest
969 1081 1252 1137 Dominicze
1272 1079 1399 1142 diei,
1427 1092 1489 1132 ac
1512 1078 1764 1131 solemni-

211 1188 399 1241 tatutn,
432 1177 535 1228 alia
558 1174 909 1242 ieiuniorum;
954 1171 999 1224 si
1030 1184 1156 1239 ergo
1192 1170 1319 1221 hora
1362 1181 1497 1220 nona
1539 1176 1631 1219 aut
1667 1181 1761 1219 ve-

206 1264 445 1335 spertina
474 1262 661 1317 diebus
700 1258 1046 1327 ieiuniorum,
1088 1254 1325 1324 perfecta
1358 1255 1537 1324 agitur
1581 1255 1759 1316 missa,

212 1354 352 1408 nulla
392 1352 575 1423 procul
606 1349 766 1403 dubio
809 1348 930 1401 inde
970 1344 1305 1399 contrahitur
1345 1358 1511 1407 noxa,
1555 1344 1676 1412 quia
1708 1354 1763 1398 et

210 1444 467 1498 Dominus
489 1441 540 1493 in
573 1452 723 1493 caena
749 1437 815 1490 ad
839 1448 1117 1503 vesperum
1141 1432 1365 1502 primam
1392 1441 1445 1485 et
1469 1431 1759 1501 perfectam

208 1528 720 1585 administrationem
766 1524 896 1577 tanti
937 1522 1257 1577 sacramenti
1302 1520 1581 1589 discipulis
1609 1521 1758 1573 insti-

206 1620 339 1682 tuit,
376 1628 431 1673 et
467 1620 595 1672 hora
625 1631 761 1671 nona
802 1615 1048 1684 spiritum
1081 1613 1295 1667 tradens
1324 1611 1640 1665 sacriﬁcium
1668 1625 1753 1665 ve-

203 1710 501 1779 spertinum
532 1706 777 1776 expansis
814 1704 1059 1757 manibus
1098 1702 1150 1755 in
1183 1715 1368 1760 cruce.
1404 1710 1458 1753 et
1487 1700 1759 1766 prtemissa

1865 541 2165 596 attendistis
2202 540 2253 594 in
2287 538 2506 610 epistola
2545 554 2689 610 papa:
2722 540 3028 607 Clementis,
3063 544 3212 613 cuius
3250 547 3410 601 tradi-

1868 630 2063 695 tiones,
2105 639 2161 683 ut
2207 631 2423 697 putatis,
2453 626 2636 685 contra
2685 645 2780 685 nos
2824 631 3121 699 defenditis,
3149 637 3290 705 quod
3340 636 3409 692 ibi

1865 719 2227 786 promulgasse
2258 720 2507 784 putatur?
2539 738 2555 769 ι
2594 719 2772 786 Certe,
2798 721 2996 791 inquit,
3034 732 3177 777 tanta
3207 724 3258 779 in
3287 724 3419 779 alts-

1866 806 1947 859 rio
1977 806 2281 860 holocausta
2319 805 2560 871 offerant,
2596 819 2789 876 quanta
2825 811 3017 878 populo
3054 811 3416 882 suﬂicereﬁe-

1864 895 2045 947 beant.
2072 894 2221 976 Quod
2248 895 2292 948 si
2322 899 2691 963 remanserint,
2719 899 2769 952 in
2797 902 3085 954 crastinum
3117 918 3217 956 non
3246 919 3414 959 reser-

1865 992 2073 1048 ventur,
2112 985 2202 1041 sed
2231 1000 2351 1039 cum
2384 987 2570 1040 timore
2602 999 2658 1042 et
2691 998 2920 1043 tremore
2953 993 3265 1048 clericorum
3295 1011 3412 1049 cau-

1866 1072 1967 1125 tela
1994 1082 2047 1126 et
2070 1074 2341 1143 diligentia
2370 1087 2769 1132 consumantur.
2803 1098 2823 1131 ›
2856 1081 2934 1134 Ad
2964 1080 3077 1137 haec
3106 1087 3244 1153 quod
3274 1100 3415 1141 asse-

1864 1162 1956 1221 ris,
1987 1175 2081 1215 vos
2124 1165 2191 1216 ab
2221 1164 2330 1231 ipsa
2361 1154 2944 1223 sanctacomtnunione
2969 1172 3145 1223 statim
3177 1173 3241 1225 ad
3272 1190 3412 1230 cotu-

1864 1261 2051 1301 munes
2072 1248 2218 1302 cibos
2241 1250 2487 1313 transire,
2513 1266 2618 1304 non
2650 1253 2729 1307 sic
2749 1254 2979 1310 sensisse
3007 1257 3144 1312 idem
3169 1258 3413 1316 Clemens

1863 1335 2130 1389 invenitur
2159 1337 2209 1389 in
2238 1335 2456 1404 prtefata
2485 1339 2727 1407 epistola,
2754 1343 2842 1397 ubi
2877 1344 2942 1398 de
2970 1345 3054 1399 his
3082 1349 3171 1414 qui
3204 1350 3412 1405 residua

1863 1424 2109 1478 sacrificii
2149 1431 2575 1496 consumpserint
2602 1429 2867 1499 subiecit:
2903 1451 2921 1483 ι
2959 1434 3058 1500 Qui
3100 1446 3300 1502 autem,
3333 1440 3415 1492 in-

1862 1513 1996 1579 quit,
2024 1514 2232 1568 rcsidua
2255 1515 2495 1584 corporis
2521 1516 2728 1572 Domini
2750 1533 2867 1587 qua
2891 1520 2942 1574 in
2974 1526 3208 1577 sacrario
3235 1527 3414 1581 relicta

1862 1612 1983 1656 sunt
2008 1614 2343 1681 consumunt,
2378 1621 2479 1658 non
2509 1608 2691 1661 statim
2727 1610 2794 1663 ad
2817 1625 3126 1667 communes
3148 1616 3414 1685 accipien-

1862 1692 1985 1747 dum
2020 1694 2166 1748 cibos
2211 1696 2549 1759 conveniant,
2596 1712 2661 1751 ne
2704 1706 2897 1766 putent
2940 1696 3136 1758 sanctae
3182 1708 3411 1775 portioni

201 1764 448 1853 oi-atione
475 1798 540 1850 ad
572 1764 783 1849 Patrem
814 1789 1223 1846 consummavit.
1257 1764 1543 1856 Propterea
1572 1802 1760 1854 quam-
1794 1764 1836 1822 Β
1862 1797 1978 1838 esse
2005 1784 2421 1840 commiscendos
2447 1788 2592 1841 cibos
2641 1790 2860 1858 qui-per
2890 1793 3173 1861 aqualiculi
3204 1808 3417 1868 egestus

202 1889 286 1942 vis
314 1888 445 1941 hora
477 1885 629 1940 tertia
659 1892 713 1937 et
741 1896 879 1936 nona
909 1889 1127 1950 propter
1158 1878 1491 1947 supradictas
1527 1878 1761 1931 rationes

200 1975 315 2031 sint
356 1975 589 2043 aptiores
622 1973 903 2025 missarum
952 1968 1172 2030 actioni,
1219 1967 1637 2034 quotiescunque
1677 1975 1760 2019 ta-

201 2078 324 2119 men
354 2064 503 2117 horis
529 2062 648 2115 aliis
676 2061 807 2114 fiunt
834 2056 1183 2125 occupatione
1208 2054 1439 2115 itineris,
1471 2062 1562 2108 aut
1588 2056 1760 2122 gratia

199 2152 484 2220 cuiuslibet
509 2150 824 2204 necessaria:
846 2147 946 2210 rei,
969 2147 1019 2198 in
1045 2144 1352 2197 memoriam
1380 2143 1510 2196 fiunt
1531 2142 1756 2207 Christi;

200 2252 308 2295 nec.
353 2239 583 2292 violatur
627 2237 751 2291 inde
806 2226 1085 2302 integritas
1126 2229 1331 2299 ieiunii.
1384 2230 1532 2296 Quod
1578 2231 1760 2299 utique

198 2326 393 2382 beatus
413 2326 806 2394 Thelesphorus
830 2338 964 2391 papa
986 2336 1016 2374 a
1037 2320 1195 2375 Petro
1219 2320 1477 2387 septimus
1502 2319 1756 2384 sentiens,

196 2414 365 2469 etiam
403 2424 557 2469 nocte
584 2412 885 2468 Nativitatis
920 2409 1130 2463 Domini
1170 2410 1361 2463 missas
1391 2408 1652 2462 celebrari
1687 2408 1760 2462 in-

208 2503 401 2567 stituit,
445 2518 543 2557 nec
586 2501 745 2554 ullam
792 2499 1168 2553 resolutionem
1194 2496 1378 2565 ieiunii
1417 2506 1541 2550 ante
1574 2498 1757 2551 horam

199 2594 416 2646 tertiam
446 2599 499 2645 et
528 2593 768 2644 diurnam
799 2590 1013 2643 missam
1043 2587 1163 2641 inde
1194 2587 1329 2650 fieri,
1359 2588 1495 2641 sicut
1523 2604 1616 2641 vos
1642 2602 1759 2656 per-

200 2696 360 2735 verse
388 2682 602 2750 putatis,
634 2680 829 2734 timuit.
873 2678 1039 2732 Dicite
1082 2686 1275 2741 autem,
1301 2679 1344 2730 si
1390 2677 1630 2745 potestis,
1663 2693 1759 2732 cur

199 2771 495 2825 Sabbatum
542 2781 593 2825 et
636 2780 841 2823 caetera:
880 2779 1030 2822 extra
1066 2769 1393 2822 Dominicam
1442 2768 1585 2822 feria:
1628 2770 1756 2822 hora

195 2858 359 2913 tertia
408 2861 620 2913 missam
653 2859 877 2911 debeant
919 2858 1132 2920 habere,
1177 2873 1297 2910 cum
1329 2858 1380 2910 in
1416 2858 1494 2911 eis
1529 2856 1756 2926 Spiritus

192 2956 420 3003 sanctus
450 2963 552 3002 non
586 2947 792 3016 legatur
826 2945 1182 3001 descendisse.
1216 2946 1402 3014 Itaque
1460 2962 1575 3010 nos,
1620 2948 1758 3001 sicut

194 3051 362 3106 supra
391 3035 708 3099 ostenditur,
750 3034 927 3089 divina
954 3035 1271 3089 auctoritate
1294 3034 1524 3098 subnixi,
1558 3050 1655 3089 nec
1675 3036 1759 3103 ie-

188 3124 341 3193 iunia
372 3124 684 3179 resolvimus
723 3124 774 3177 in
798 3123 1156 3181 celebratione
1184 3123 1357 3177 missa:
1386 3133 1758 3191 quotacunque

191 3216 329 3270 hora
372 3213 478 3267 diei
521 3213 607 3278 tit;
641 3227 737 3266 nec
768 3214 819 3265 in
847 3212 1025 3281 aliquo
1052 3211 1293 3265 natalitio
1322 3220 1636 3282 martyrum,
1667 3212 1756 3265 sed

192 3316 293 3358 nec
316 3303 372 3355 in
399 3300 812 3354 Annuntiatione
837 3300 1015 3354 Mariae
1044 3300 1287 3371 virginis.
1320 3298 1387 3353 Et
1415 3300 1531 3353 ideo
1568 3299 1758 3353 nullius

193 3390 518 3447 universalis
564 3391 748 3459 synodi
785 3389 1123 3457 percellimur
1165 3391 1521 3444 anathemate.
1567 3390 1757 3445 Ceteri

190 3490 377 3536 autem
415 3479 654 3545 quamvis
697 3489 1000 3531 sanctorum
1033 3479 1247 3531 Patrum
1310 3488 1622 3543 conventus,
1656 3481 1756 3533 etsi

191 3578 484 3638 potuerunt
513 3568 577 3622 de
610 3568 835 3621 utilitate
861 3576 916 3621 et
948 3568 1351 3621 conversatione
1399 3566 1753 3620 Ecclesiarum

190 3675 413 3714 suarum
448 3669 700 3723 tractare,
728 3659 901 3712 nullas
925 3666 1099 3711 tamen
1130 3656 1443 3710 traditiones
1471 3656 1752 3710 universali

192 3749 449 3803 Ecclesia:
489 3746 780 3815 prmﬁgere.
814 3747 886 3798 De
930 3760 1062 3812 papa
1102 3759 1313 3812 quoque
1344 3746 1617 3813 Agathone
1643 3760 1757 3797 om-

190 3837 320 3891 nino
368 3835 570 3888 scimus
633 3834 754 3901 quia
804 3847 901 3884 nec
948 3842 1110 3885 sexta:
1147 3832 1345 3900 synodo
1388 3846 1484 3899 per
1524 3833 1753 3898 seipsmn

193 3923 469 3993 prasedit,
515 3938 614 3975 nec
658 3921 924 3988 aliquibus
970 3919 1215 3988 capitulis
1258 3917 1371 3985 eius
1419 3919 1752 3986 subscripsit,

190 4013 293 4067 nisi
321 4029 445 4080 qua:
473 4012 803 4080 promulgata
847 4009 1061 4064 fuerunt
1089 4008 1343 4064 adversus
1390 4008 1756 4063 Monothelita-

190 4119 310 4158 rum
337 4101 612 4156 ἥξει-θείω.
647 4101 753 4154 Vos
796 4098 970 4152 videte
1014 4098 1150 4151 unde
1176 4098 1288 4151 haec
1313 4112 1430 4166 quae
1457 4099 1753 4165 proponitis

190 4191 457 4248 habeatis,
486 4190 606 4257 quia
639 4187 870 4242 Ecclesia
902 4187 1140 4258 Romana
1166 4186 1288 4239 talia
1321 4187 1579 4239 hactenus
1607 4188 1752 4254 igno-

190 4283 350 4336 ravit.
394 4278 504 4331 Nec
540 4279 683 4332 credi
721 4287 895 4346 potest
931 4287 1049 4346 post
1090 4286 1165 4330 tot
1194 4291 1361 4329 annos
1392 4275 1749 4329 Romanorum

188 4368 501 4437 pontificem
528 4365 727 4419 Graecis
754 4366 1117 4435 promulgasse
1144 4363 1349 4430 aliquas
1378 4364 1442 4416 de
1468 4364 1630 4417 missa
1658 4364 1752 4417 oho
1782 4388 1826 4445 ι)

187 4460 550 4516 serrationes.
604 4459 797 4513 Deinde
827 4460 983 4511 ritum
1015 4469 1202 4512 vestra:
1232 4459 1436 4511 discere
1468 4472 1570 4510 non
1598 4472 1751 4511 cura-

190 4564 329 4612 mus,
364 4548 491 4616 quia
539 4548 808 4600 minimam
856 4548 1118 4601 cautelam
1165 4556 1218 4599 et
1264 4548 1546 4600 maximam
1591 4546 1751 4615 negli-

188 4638 432 4707 gentiam
478 4637 524 4689 ei
563 4636 733 4689 inesse
775 4637 1163 4704 cognoscimus,
1204 4634 1324 4687 dum
1373 4642 1611 4688 sanctum
1658 4649 1750 4703 pa-

190 4743 315 4781 nem
361 4724 665 4792 frangentes
704 4733 758 4775 et
801 4732 1085 4783 sumentes,
1131 4724 1249 4775 hinc
1290 4722 1409 4775 inde
1447 4723 1750 4778 decidentes

188 4816 359 4869 micas
410 4827 515 4865 non
565 4813 784 4865 curatis.
835 4811 981 4875 Quod
1031 4811 1188 4863 etiam
1244 4810 1375 4863 solet
1422 4810 1745 4877 contingere,

186 4907 314 4959 dum
354 4902 572 4972 patinas
612 4911 825 4969 sanctas
864 4899 1002 4953 foliis
1040 4900 1331 4967 palmarum
1375 4909 1425 4952 et
1468 4915 1745 4966 porcorum

188 4994 319 5047 setis
360 4990 570 5043 fricatis
617 4990 914 5043 inhoneste.
956 4987 1099 5040 Multi
1137 5002 1347 5055 quoque
1378 4996 1608 5039 vestrum
1643 4999 1745 5039 tam

190 5082 559 5135 irreverenter
605 5092 796 5143 corpus
841 5074 1035 5129 Christi
1086 5084 1375 5141 reponunt,
1427 5082 1483 5125 ut
1530 5073 1747 5141 pyxides

187 5169 311 5223 inde
340 5166 634 5227 cutnulent,
676 5174 728 5220 ct
770 5180 834 5218 ne
869 5165 1075 5218 decidat
1110 5173 1202 5216 aut
1241 5163 1549 5232 superfluat,
1590 5179 1745 5216 manu

187 5255 484 5309 inculcant.
530 5252 802 5321 Reliquias
842 5268 1048 5320 quoque
1091 5252 1392 5315 oblationis,
1422 5253 1562 5305 velut
1603 5269 1746 5307 com-

189 5358 383 5397 munes
421 5356 605 5409 panes,
648 5356 1031 5409 nonnunquam
1054 5356 1219 5409 usque
1253 5342 1318 5395 ad
1354 5343 1622 5395 fastidium
1660 5357 1745 5397 su-

190 5440 361 5483 munt.
405 5430 543 5482 Etsi
582 5444 789 5483 stituerc
829 5445 933 5483 non
978 5428 1262 5492 sufﬁciunt,
1294 5430 1619 5491 subterrant,
1657 5437 1746 5481 aut

191 5520 242 5572 in
268 5528 493 5588 puteum
527 5518 821 5585 projiciunt.
855 5518 910 5570 Si
934 5527 1131 5581 autem,
1160 5527 1215 5569 ut
1243 5518 1395 5580 dicis,
1424 5532 1608 5584 panem
1636 5518 1743 5585 jam

192 5611 402 5663 pridem
428 5607 662 5660 oblatum
692 5618 744 5659 et
768 5606 1148 5661 sanctiﬁcatum
1174 5607 1416 5661 exaltatis
1449 5607 1611 5661 altera
1640 5608 1741 5671 die,

502 5695 773 5755 Parnm.
813 5696 929 5759 Gn.
979 5693 1151 5755 CXX.

1860 1871 1912 1923 in
1962 1886 2227 1925 secessum
2266 1872 2575 1926 funduntur.
2630 1874 2687 1927 Si
2739 1878 2898 1945 igitur
2944 1895 3097 1935 mane
3142 1882 3414 1943 Dominica

1860 1959 2032 2027 portio
2062 1960 2114 2012 in
2146 1962 2381 2014 sacrario
2409 1962 2618 2026 edatur,
2667 1978 2834 2032 usque
2866 1966 2917 2019 in
2948 1978 3150 2023 sextam
3172 1972 3417 2041 joiuncnt

1858 2050 2086 2103 ministri
2139 2049 2227 2117 qui
2277 2051 2387 2103 lure
2431 2054 2875 2120 consumpserint.
2922 2056 2987 2111 Et
3032 2058 3075 2112 si
3123 2064 3274 2115 tertia
3325 2077 3417 2117 ant

1859 2146 2068 2204 quarta,
2111 2135 2354 2206 ieiunent
2403 2152 2569 2206 usque
2617 2140 2667 2191 in
2713 2155 3011 2211 vesperum.
3062 2166 3077 2195 ι
3131 2148 3183 2200 In
3227 2152 3418 2218 quibus

1859 2239 1987 2277 sane
2017 2226 2188 2278 verbis
2218 2225 2382 2293 liquet
2433 2229 2574 2294 quod
2606 2243 2709 2281 non
2741 2230 2910 2286 solum
2954 2234 3087 2291 hora
3120 2241 3293 2305 tertia,
3327 2245 3455 2297 sed.

1858 2313 2019 2365 etiam
2064 2328 2220 2365 mane
2262 2314 2388 2366 hora
2418 2326 2609 2383 quarta
2639 2318 2831 2373 missas
2858 2322 2969 2377 fieri
3000 2324 3143 2387 licet,
3174 2332 3419 2398 quodque

1858 2417 1922 2454 ex
1953 2402 2215 2456 sacriﬁcio
2233 2401 2491 2473 jejunium
2518 2421 2621 2459 non
2653 2407 2895 2475 solvitur,
2924 2412 3047 2467 dum
3074 2415 3179 2471 illic
3203 2420 3415 2480 dicitur.

1859 2498 1916 2541 ut
1937 2490 2026 2557 qui
2049 2492 2475 2558 consumpserint
2496 2508 2662 2561 usque
2683 2495 2748 2549 ad
2772 2507 2977 2553 sextam
3001 2503 3081 2556 vel
3106 2520 3417 2572 vesperum:

1858 2576 2051 2645 alioqui
2074 2579 2336 2645 quomodo
2352 2577 2683 2647 ieiunabant,
2710 2584 2753 2637 si
2776 2598 2841 2637 ex
2869 2589 3136 2643 sacrificio
3157 2591 3419 2659 ieiunium

1856 2668 2163 2721 solverunt?
2196 2668 2396 2723 Deinde
2440 2672 2815 2727 abstinentiam
2847 2680 3287 2744 paucissimorum
3325 2699 3421 2737 no-

1857 2760 1937 2815 bis
1982 2762 2355 2831 przedicantes,
2407 2765 2593 2818 tacetis
2643 2766 2925 2833 ingluviem
2978 2770 3286 2835 multorum,
3328 2775 3420 2842 qui

1856 2859 1949 2901 aut
2000 2865 2186 2917 parum
2236 2862 2327 2904 aut
2370 2852 2501 2905 nihil
2540 2852 3025 2925 Quadragesimalis
3072 2859 3261 2927 ieiunii
3311 2865 3419 2914 Deo

1856 2938 2114 3003 oderunt,
2150 2941 2273 2992 dum
2319 2956 2347 2993 a
2394 2943 2566 3010 primo
2595 2959 2751 2999 mane
2783 2962 2950 3014 usque
2994 2964 3272 3018 vesperum
3301 2968 3419 3006 cra-

1858 3026 2027 3094 pulari
2068 3042 2171 3081 non
2224 3038 2468 3082 metuunt
2520 3046 2621 3085 nec
2660 3033 3002 3089 erubescunt.
3048 3037 3221 3107 Aliqui
3258 3043 3417 3094 etiam

1857 3116 1923 3168 ad
1967 3115 2258 3169 Ecclesiam
2309 3118 2572 3184 legumina
2608 3128 2662 3173 et
2706 3119 2811 3173 alia
2858 3123 3079 3177 obsonia
3123 3127 3423 3183 defcrentcs

1859 3206 1983 3258 inibi
2018 3208 2333 3271 comedunt,
2368 3222 2465 3261 nec
2511 3208 2732 3264 Paulum
2779 3214 3059 3269 attendunt
3102 3216 3370 3273 dicentem
3403 3243 3412 3273 :

1862 3312 1879 3345 ‹
1918 3296 2016 3359 Qui
2059 3298 2251 3363 esurit,
2286 3296 2429 3353 domi
2456 3302 2734 3356 manducet
2760 3301 2812 3372 (1
2838 3302 2959 3357 Cor.
2987 3320 3063 3369 χι,
3103 3306 3223 3373 54);
3254 3328 3273 3359 ι
3315 3320 3369 3362 et
3401 3329 3415 3365 :

1863 3405 1879 3438 ‹
1919 3385 2167 3457 Nunquid
2202 3388 2389 3443 domos
2422 3403 2522 3443 non
2563 3391 2773 3446 habetis
2806 3394 2873 3447 ad
2908 3396 3332 3451 manducandum
3364 3410 3418 3459 et

1856 3479 2177 3533 bibendum?
2220 3490 2307 3532 aut
2344 3480 2637 3534 Ecclesiam
2683 3482 2772 3535 Dei
2818 3486 3180 3551 contemnitis,
3211 3495 3262 3538 et
3292 3499 3417 3539 con-

1857 3567 2075 3623 funditis
2101 3584 2194 3623 eos
2215 3571 2305 3637 qui
2334 3584 2434 3623 non
2465 3570 2694 3624 habent?
2720 3592 2737 3621 ι
2760 3570 2921 3641 (Ibid.
2943 3574 3135 3641 22.)At
3168 3590 3263 3628 nos
3277 3574 3416 3639 Qua-

1857 3657 2205 3725 dragcsimam
2250 3658 2406 3712 unius
2448 3658 2782 3726 septimana,
2828 3676 2985 3728 quam
3029 3662 3203 3715 dicitis
3245 3665 3412 3715 sancti

1857 3744 2141 3808 Theodori,
2169 3747 2487 3809 nescientes,
2518 3746 2682 3800 solam
2707 3750 3177 3818 Quadragcsimam
3206 3750 3413 3803 Domini

1856 3835 2021 3887 nostri
2049 3832 2172 3888 JeSu
2202 3834 2396 3888 Christi
2424 3838 2773 3905 quadraginta
2802 3839 2989 3891 diebus
3016 3841 3294 3908 diligenter
3319 3840 3417 3895 ob-

1855 3938 1965 3975 sert
1978 3935 2071 3973 are
2101 3922 2491 3983 contendimus,
2515 3937 2673 3991 quam
2701 3932 2755 3975 ut
2782 3923 2997 3992 aliquis,
3020 3936 3240 3995 excepta
3269 3929 3410 3995 gravi

1856 4010 2184 4074 infirmitate,
2217 4012 2267 4063 in
2325 4013 2501 4079 aliquo
2547 4012 2796 4081 infringat
2843 4012 3065 4068 sufferre
3109 4016 3409 4084 nequimus.

1853 4098 1960 4153 Nec
2005 4099 2129 4153 licet
2154 4100 2402 4169 cuiquam
2448 4102 2584 4170 apud
2636 4116 2751 4165 nos,
2796 4104 2935 4157 sicut
2965 4106 3102 4172 apud
3133 4118 3244 4167 vos,
3292 4118 3411 4175 post

1854 4205 2009 4242 ouant
2061 4189 2404 4244 refectionem
2444 4191 2730 4259 quidquam
2774 4206 3049 4259 pomorum
3090 4202 3183 4245 aut
3222 4193 3409 4247 herlm-

1853 4292 1969 4330 rum
1995 4278 2182 4332 diebus
2200 4278 2520 4347 ieiuniorum
2551 4281 2839 4349 percipere.

1925 4366 2083 4419 XXV.
2126 4366 2256 4421 Hinc
2290 4368 2677 4437 perpendentes
2717 4385 2743 4419 a
2789 4380 2839 4422 te
2884 4380 2987 4423 tam
3030 4386 3279 4440 perverse
3321 4374 3406 4425 de-

1854 4454 1991 4506 fendi
2048 4454 2305 4507 adulteria
2353 4456 2525 4523 potius
2590 4471 2746 4524 quam
2794 4458 3003 4525 nuptias
3052 4460 3403 4518 sacerdotum.

1852 4542 2179 4596 arbitramur
2230 4543 2295 4593 ah
2346 4541 2531 4596 inferis
2576 4544 2857 4597 emersisse
2906 4545 3198 4613 principem
3255 4546 3406 4613 huius

1851 4628 2071 4681 haeresis
2100 4628 2385 4682 nefandum
2413 4629 2693 4682 diaconum
2724 4628 3018 4684 Nicolaum.
3060 4632 3132 4685 De
3159 4648 3264 4701 quo
3288 4633 3401 4702 Epi-

1850 4718 2074 4784 phanius
2105 4727 2280 4770 vester
2321 4718 2399 4771 sic
2426 4720 2637 4787 scripsit
2677 4740 2687 4771 :
2729 4738 2745 4769 ι
2791 4719 2985 4787 Quarta
3030 4721 3404 4776 Nicolaltarnm

1849 4821 1877 4857 a
1911 4805 2125 4874 Nicolao
2156 4809 2369 4861 hmresis
2400 4818 2479 4860 cst
2515 4810 2818 4870 adinventa,
2846 4826 2951 4863 uno
2978 4827 3040 4864 cx
3068 4823 3266 4879 septem
3298 4815 3375 4865 diu

1848 4880 2069 4951 canibus
2095 4899 2161 4952 ab
2183 4900 2435 4966 apostolis
2462 4900 2724 4953 ordinato.
2755 4902 2854 4953 lste
2878 4917 2995 4953 cum
3022 4903 3135 4955 zelo
3163 4905 3397 4970 pulcher-

1850 4986 1996 5037 rima:
2019 4986 2257 5053 conjugis
2289 4987 2616 5053 culparetur,
2642 4989 2832 5041 docere
2858 4990 3018 5056 cmpit
3047 4989 3406 5044 indifferenter

1850 5074 1923 5123 uti
1953 5072 2285 5140 coniugibus,
2315 5089 2418 5125 non
2442 5074 2613 5127 solum
2647 5075 2831 5139 laicos,
2876 5078 2968 5130 sed
3008 5079 3169 5132 etiam
3203 5079 3289 5145 qui
3321 5094 3401 5130 sa-

1848 5161 2066 5213 cerdotii
2098 5160 2443 5229 fungerentur
2473 5162 2662 5216 cilicio.
2718 5162 2825 5218 Hos
2869 5166 3139 5219 damnavit
3187 5177 3402 5219 sanctus

1848 5248 2169 5318 evangelista
2211 5260 2263 5304 et
2295 5252 2562 5318 apostolus
2592 5254 2843 5318 Joannes,
2874 5265 2927 5307 et
2963 5256 3123 5323 jussit
3172 5267 3227 5309 ut
3280 5259 3400 5327 qui-

1849 5354 2055 5407 cunque
2100 5355 2218 5392 cum
2264 5341 2342 5393 eis
2398 5342 2476 5394 vcl
2527 5358 2828 5396 sermonem
2866 5344 3112 5413 colloquii
3157 5346 3398 5402 miscuis—

1846 5439 1989 5493 sent,
2036 5444 2098 5481 ex
2142 5430 2241 5482 hoc
2287 5430 2401 5498 ipso
2437 5436 2804 5487 communione
2845 5435 3144 5501 privandos.
3195 5435 3400 5491 Docens

1847 5517 2233 5570 rationabiliter
2277 5534 2303 5570 a
2337 5521 2513 5573 mundi
2544 5523 2747 5589 origine
2772 5523 2878 5576 Deo
2910 5526 3205 5578 castitatem
3235 5525 3395 5593 plun—

1848 5621 1989 5657 mum
2021 5605 2297 5673 placuisse.
2331 5608 2477 5662 Tunc
2510 5611 2668 5662 etiam
2702 5611 2750 5663 in
2796 5613 2969 5679 seipse
2999 5610 3267 5665 Christum
3305 5613 3394 5667 Dei

3041 5697 3115 5759 33
