4126 6338
721 363 864 429 1035

1693 370 2095 431 HUMBER’I‘I
2134 370 2189 431 S.
2231 372 2301 432 Β.
2332 372 2402 430 Ε.
2429 371 2896 434 CARDINALIS

3783 377 3919 439 lf‘ItG

725 483 914 542 Filium
957 484 1217 538 castitatis
1262 485 1479 553 gloriam
1510 486 1804 548 dedicasse,
1839 501 1978 549 cum,
2006 483 2263 548 Virginem
2291 490 2340 548 Α
2366 485 2629 552 apostolos
2687 486 2908 553 legimus
2964 486 3164 553 egisse,
3231 488 3383 552 beato
3429 489 3592 544 Paulo
3643 491 3858 547 dicente
3894 514 3909 550 :

723 578 997 649 possidens
1039 586 1258 630 matrem
1301 578 1447 645 virgo
1478 591 1776 639 mansurus,
1811 563 2009 629 nullum
2040 569 2269 642 discipu-

721 673 891 724 lorum
922 679 1135 723 suorum
1162 667 1530 721 commistione
1560 666 1718 719 etiam
1767 666 1995 734 legitima
2025 666 2267 734 coniugii

721 759 794 812 uti
834 758 1099 828 permisit,
1128 756 1309 810 dicens
1341 772 1353 808 :
1392 773 1409 805 ‹
1444 754 1498 808 Si
1532 756 1650 823 quis
1679 755 1788 807 vult
1815 764 1932 822 post
1957 769 2039 807 me
2061 753 2266 816 venire,

717 851 941 916 abneget
969 834 1309 916 semetipsum
1355 865 1372 898 ι
1407 844 1542 911 sibi},
1578 864 1595 895 ‹
1630 853 1680 898 et
1710 845 1856 898 tollat
1878 859 2088 899 crucem
2117 858 2266 897 suam

715 949 768 993 et
805 948 1056 1007 sequatur
1093 951 1178 991 me
1214 935 1426 1007 (Matth.
1459 921 1568 997 xvi,
1601 933 1708 1005 26).
1741 953 1756 984 ι
1805 933 1950 989 Unde
1988 934 2124 987 idem
2159 932 2264 986 Do-

715 1028 889 1081 minus
947 1025 1102 1081 Jesus
1165 1027 1216 1080 in
1280 1025 1597 1094 Apocalypsi
1657 1025 1969 1094 prmcipiens
2031 1021 2266 1091 apostolo

711 1115 900 1171 Joanui
948 1118 1183 1171 scribere
1227 1115 1411 1184 angelo
1453 1115 1673 1183 Ephesi,
1721 1116 1858 1182 inter
1901 1113 2002 1167 alia
2053 1113 2259 1181 inquit:

717 1226 736 1259 ς
773 1207 880 1262 Hoc
907 1207 1089 1272 habes,
1119 1208 1240 1275 quia
1269 1208 1426 1261 odisti
1453 1207 1592 1262 facta
1628 1207 2007 1262 Nicolaitarum
2027 1246 2041 1270 ,
2067 1220 2184 1273 quze
2213 1215 2265 1258 et

717 1315 734 1348 ι
769 1313 866 1368 ego
903 1299 986 1352 odi
1028 1286 1212 1366 (Apoc.
1253 1313 1325 1361 tt,
1366 1297 1443 1366 6).
1489 1316 1506 1347 ›
1550 1295 1684 1353 Hinc
1717 1298 1879 1350 etiam
1918 1294 2105 1364 angelo
2143 1293 2265 1347 Per-

710 1389 851 1457 gami
879 1388 1004 1442 dicit
1034 1403 1048 1440 :
1083 1405 1100 1438 ι
1134 1387 1318 1441 Habeo
1342 1388 1624 1443 adversum
1655 1398 1706 1442 te
1730 1401 1918 1457 pauca,
1945 1387 2069 1456 quia
2098 1387 2262 1440 habes

691 1496 733 1527 -σ
771 1477 892 1531 illuc
923 1487 1159 1532 tenentes
1183 1479 1478 1532 doctrinam
1508 1478 1744 1541 Baalam,
1777 1477 1867 1546 qui
1902 1479 2124 1532 docebat
2164 1476 2262 1529 Ba-

714 1585 732 1617 σ
767 1567 880 1622 alae
909 1570 1118 1622 mittere
1159 1568 1466 1623 scandalum
1502 1583 1679 1624 coram
1713 1568 1834 1622 filiis
1867 1567 2059 1633 Israel,
2105 1568 2261 1635 edere

713 1675 730 1705 ι
766 1669 816 1709 et
845 1656 1094 1711 fornicari
1138 1673 1152 1710 :
1192 1658 1263 1710 ita
1303 1657 1466 1712 babes
1506 1667 1558 1711 et
1594 1667 1648 1712 tu
1690 1665 1927 1712 tenentes
1965 1655 2258 1710 doctrinam

708 1763 728 1794 ‹
763 1743 1138 1799 Nicolaitarum
1167 1745 1350 1816 (Ibid.,
1383 1746 1465 1810 14,
1501 1746 1603 1816 I5}.
1646 1767 1663 1796 ι

2374 591 2392 636 ς
2426 573 2676 643 Nunquid
2718 589 2836 636 non‘
2853 574 3112 628 habemus
3157 584 3503 643 potestatem,
3536 593 3772 636 sororem
3804 600 3913 637 mu-

2368 663 2551 717 lierem
2603 663 3074 726 circumducendi,
3136 665 3272 718 sicut
3339 665 3534 722 fratres
3587 669 3794 726 Domini
3865 684 3912 729 et

2365 751 2602 820 Cephas?
2631 771 2647 803 ι
2683 751 2738 821 (I
2773 752 2892 805 Cor.
2925 768 3000 815 ιι,
3033 752 3114 821 5.)
3144 752 3274 808 Vide
3322 755 3594 826 insipiens,
3635 761 3757 827 quia
3813 778 3913 814 non

2365 842 2537 896 dixit:
2595 842 2840 911 Nunquid
2877 857 2977 897 non
3020 844 3273 898 habemus
3303 853 3621 913 potestatem
3671 864 3912 904 sororem

2366 931 2641 986 mulierem
2673 931 3060 1000 amplectendi,
3103 932 3195 986 sed
3228 932 3683 998 circumducendi,
3713 937 3919 991 scti'cet

2364 1029 2425 1076 ut
2465 1021 2535 1076 de
2569 1023 2811 1076 mercede
2852 1021 3246 1090 pradicationis
3275 1030 3666 1077 sustentaretur
3713 1026 3780 1078 ab
3817 1027 3912 1086 eis.

2365 1125 2463 1164 nec
2513 1120 2684 1163 tamen
2716 1109 2854 1164 foret
2880 1111 3130 1179 deinceps
3167 1109 3321 1164 inter
3347 1125 3438 1165 eos
3484 1113 3697 1169 carnale
3734 1115 3916 1182 conju-

2364 1201 2528 1270 gium.
2575 1200 2839 1254 Praeterea
2887 1216 2984 1255 cur
3015 1199 3204 1268 aliquis
3247 1199 3414 1254 laicus
3455 1210 3710 1255 uxoratus
3763 1204 3918 1257 dubi-

2365 1291 2500 1344 tabit
2547 1290 2610 1343 ad
2664 1290 3054 1344 ecclesiasticos
3099 1291 3291 1361 gradus
3337 1291 3646 1355 ascendere,
3704 1309 3824 1345 cum
3869 1295 3918 1346 ei

2363 1394 2489 1442 una,
2533 1380 2647 1432 sine
2676 1394 2777 1447 qua
2823 1393 2940 1432 esse
2996 1394 3099 1432 non
3150 1377 3323 1442 debet,
3357 1378 3522 1447 possit
3555 1379 3620 1431 ad
3668 1381 3918 1433 carnalis

2361 1467 2632 1536 amplexus
2675 1466 2954 1521 sufficere?
2983 1467 3046 1521 Et
3074 1481 3240 1534 quare
3266 1467 3461 1534 tu,.qui
3496 1476 3773 1535 tantopere
3795 1469 3920 1521 Cie-

2361 1558 2553 1612 mentis
2602 1557 2825 1624 capitula
2872 1558 3136 1626 proponis,
3188 1556 3470 1623 epistolam
3529 1556 3644 1624 ejus
3701 1559 3765 1611 de
3807 1575 3916 1626 qua

2361 1646 2605 1714 superius
2627 1647 2881 1709 diximus,
2909 1660 3013 1698 non
3043 1645 3308 1699 attendis?
3329 1643 3403 1698 Ibi
3435 1647 3576 1699 enim
3600 1646 3670 1700 ita
3687 1647 3915 1702 dicitur:

2367 1755 2384 1786 ι
2424 1736 2614 1790 Tribus
2645 1737 2893 1806 gradibus
2935 1737 3232 1790 divinorum
3271 1737 3554 1791 commissa
3586 1748 3918 1794 secretorum

773 1832 955 1887 xxv],
1005 1831 1330 1887 suffecemm
1367 1835 1578 1903 quidem
1613 1834 1746 1898 hac,
1792 1850 1824 1888 ο
1872 1833 2128 1888 Νίςοιλίιε
2159 1832 2253 1886 Ni-
2285 1817 2328 1874 Β
2357 1836 2481 1879 sunt
2523 1835 2879 1888 sacramenta,
2911 1824 2959 1878 id
2991 1834 3093 1888 est,
3126 1825 3468 1894 presbyteris,
3524 1827 3836 1881 diaconibus
3862 1838 3920 1882 et

702 1930 838 1984 ceta,
863 1921 928 1974 ad
946 1919 1374 1977 convincendum
1403 1938 1659 1986 errorem,
1698 1925 1789 1977 sed
1817 1925 1940 1992 quia
1965 1923 2255 1977 canonibus

698 2013 797 2066 sub
821 2013 1033 2068 nomine
1055 2014 1428 2082 .apostolorum
1472 2014 1629 2068 editis
1671 2028 1766 2067 nos
1797 2028 1986 2083 urgere
2015 2014 2250 2066 videris:

698 2113 960 2168 exponere
1005 2101 1096 2154 tibi
1131 2109 1217 2154 tua
1251 2100 1486 2170 capitula
1521 2101 1873 2165 decrevimus,
1917 2102 2158 2170 quamvis
2192 2115 2252 2153 ea

698 2188 837 2242 inter
864 2190 1163 2258 apocrypha
1203 2204 1371 2257 usque
1417 2204 1556 2243 nunc
1591 2205 1780 2257 magna
1818 2201 1881 2242 ex
1923 2198 2073 2258 parte
2108 2205 2250 2243 com-

697 2279 1089 2345 putaverimus,
1119 2287 1175 2331 ut
1198 2289 1380 2346 aperte
1413 2288 1766 2347 cognoscatur
1807 2293 1904 2331 nec
1937 2278 2251 2347 apocrypbis

695 2380 793 2421 nec
825 2369 1144 2422 authenticis
1164 2383 1255 2421 vos
1287 2375 1488 2421 vestras
1514 2368 1738 2434 ineptias
1768 2382 1921 2435 posse
1938 2367 2245 2420 defendere.

693 2455 830 2510 Ante
859 2457 1036 2510 omnia
1086 2463 1259 2510 autem
1290 2455 1700 2524 comprobamus
1732 2465 1781 2509 te
1815 2469 1932 2508 esse
1970 2455 2248 2507 mentitum

697 2546 796 2616 ipsi
823 2547 1053 2609 veritati,
1090 2547 1145 2600 in
1172 2563 1233 2600 eo
1277 2547 1416 2615 quod
1445 2546 1624 2600 dixisti
1660 2555 1872 2599 nostros
1917 2545 2063 2614 prius
2100 2545 2247 2596 ordi-

695 2639 832 2700 nari,
871 2639 1057 2692 deinde
1089 2654 1282 2693 uxores
1313 2638 1512 2692 sortiri.
1557 2634 1688 2701 Quia
1741 2638 1876 2705 apud
1909 2651 2004 2689 nos
2048 2652 2145 2688 nec
2181 2635 2247 2687 ad

693 2724 1107 2781 subdiacouatus
1152 2730 1371 2796 gradum
1406 2727 1700 2794 'quisquam
1757 2726 2075 2786 admittitur,
2145 2725 2244 2777 nisi

691 2823 1000 2883 perpetuam
1047 2813 1438 2869 continentiam’
1478 2815 1638 2868 etiam
1687 2833 1715 2867 a
1767 2813 1976 2883 pr0pria
2025 2813 2246 2882 conjuge

692 2905 1019 2973 profiteatur.
1058 2906 1163 2980 rice
1199 2915 1316 2975 post
1343 2908 1564 2976 gradum
1607 2907 1852 2972 cuiquam
1881 2921 2100 2958 uxorem
2142 2908 2241 2958 du-

692 3008 816 3046 cere
871 3010 1099 3063 unquam
1150 2996 1476 3048 conceditur.
1533 2994 1634 3048 Sed
1689 3003 1744 3045 tu
1799 2993 2091 3046 Eeclesiam
2147 2993 2240 3048 Dei

690 3081 874 3136 volens
919 3082 1134 3137 efficere
1179 3098 1497 3153 synagogam
1540 3081 1750 3136 Satanae
1793 3091 1846 3135 et
1894 3083 2238 3151 prostibulum

689 3166 905 3224 Balaam
934 3178 985 3224 et
1005 3169 1240 3232 Iezabel,
1272 3187 1389 3224 cum
1421 3170 1638 3224 Nicolao
1661 3172 1790 3224 dicis
1828 3189 1839 3222 :
1877 3189 1894 3220 ‹
1930 3172 2242 3239 Episcopum

689 3267 744 3312 et
787 3259 1151 3329 presbyterum
1205 3269 1259 3313 et
1308 3260 1587 3314 diaconum
1643 3261 1900 3324 dicimus,
1946 3260 2036 3328 qui
2082 3274 2241 3311 unam

690 3349 851 3404 habet
877 3364 1121 3415 uxorem,
1143 3350 1404 3414 ordinari,
1434 3351 1675 3418 quamvis
1702 3351 1878 3403 vivant
1908 3363 2092 3402 eorum
2116 3334 2242 3402 con-

687 3436 858 3506 iuges,
894 3439 1135 3505 quamvis
1173 3437 1454 3492 defuncte.
1490 3435 1598 3490 Nec
1623 3437 1742 3491 licet
1770 3452 1862 3491 eos
1892 3447 2010 3506 post
2052 3453 2241 3490 manus

688 3525 1357 3596 impositioneminnuptos
1385 3543 1520 3592 esse,
1553 3541 1651 3580 nec
1682 3527 1893 3594 insuper
1927 3526 1991 3578 ad
2031 3527 2241 3595 nuptias

687 3616 788 3678 ire,
821 3623 929 3679 aut,
957 3617 999 3670 si
1030 3617 1328 3685 nupserint,
1358 3616 1555 3669 alteras
1583 3616 1851 3684 amplecti,
1883 3616 1972 3668 sed
2004 3615 2239 3670 sufficere

689 3703 769 3758 eis
807 3718 942 3772 quas
971 3704 1168 3759 habent
1217 3721 1335 3758 cum
1371 3707 1436 3758 ad
1469 3705 1861 3758 ordinationem
1897 3713 2172 3757 venerunt.
2216 3724 2231 3754 ι

688 3793 733 3847 0
800 3794 1171 3848 abominabilis
1225 3794 1450 3862 Cynice,
1501 3795 1766 3863 quomodo
1819 3809 1921 3846 non
1982 3794 2237 3846 erubuisti

688 3890 896 3934 tantum
929 3881 1080 3935 nefas
1106 3884 1386 3935 evomere?
1415 3883 1554 3952 Ergo
1587 3898 1688 3934 non
1716 3882 1838 3935 licet
1864 3883 2090 3949 aliquem
2122 3891 2238 3950 post

688 3984 874 4024 ntanus
923 3970 1314 4040 impositionem
1365 3973 1480 4026 sine
1519 3987 1682 4025 uxore
1729 3973 1881 4025 esse?
1933 3973 1985 4026 Si
2023 3975 2089 4024 ita
2130 3983 2231 4035 est,

689 4058 802 4127 Ipse
845 4058 1075 4113 Joannes
1119 4059 1391 4128 apostolus
1451 4067 1502 4113 et
1543 4059 1736 4113 Paulus
1785 4070 1836 4112 et
1887 4059 2155 4111 Barnabas
2187 4069 2239 4112 et

689 4149 860 4202 omnis
887 4149 1164 4203 continens
1200 4150 1251 4202 in
1297 4150 1459 4218 gradu
1494 4149 1857 4202 ecclesiastico
1889 4150 1938 4200 in
1975 4151 2124 4217 culpa
2158 4147 2237 4201 cst

688 4239 871 4308 procul
905 4239 1082 4293 dubio.
1127 4239 1274 4292 Unde
1321 4254 1537 4291 necesse
1578 4249 1658 4293 est
1689 4250 1745 4291 ut
1781 4239 1986 4291 futurus
2032 4240 2235 4307 (ξιξερο-

688 4343 818 4398 pus,
865 4328 1175 4397 presbyter,
1234 4329 1486 4382 diaconus
1543 4337 1595 4380 et
1655 4329 2040 4392 subdiaconus,
2093 4330 2236 4400 prius

689 4434 906 4474 uxorem
963 4419 1236 4480 sortiatur,
1286 4433 1402 4485 qua:
1469 4419 1567 4471 sibi
1628 4418 1868 4471 sufﬁcere
1931 4421 2117 4472 (lubeat
2173 4420 2232 4470 ad
2267 4451 2308 4504 μ

687 4508 926 4562 carnales
953 4508 1257 4578 amplexus?
1289 4508 1530 4576 Nunquid
1565 4510 1710 4564 Iaicis
1740 4523 1842 4562 non
1868 4508 2065 4560 sufticit
2097 4510 2233 4560 una?

688 4599 788 4652 nisi
812 4598 945 4652 forte
987 4599 1260 4666 discipulis
1297 4599 1512 4668 maligni
1549 4599 1848 4660 Muhamed,
1875 4598 2022 4664 cujus
2056 4599 2236 4651 farinze

690 4696 829 4742 totus
874 4703 950 4742 es.
1000 4688 1075 4741 Tu
1112 4704 1317 4757 quoque
1341 4691 1460 4757 quia
1495 4693 1770 4758 presbvter
1795 4705 1873 4752 es,
1924 4689 2040 4742 sine
2072 4701 2236 4740 uxore

683 4792 802 4830 esse
831 4792 933 4830 non
967 4775 1141 4836 debes.
1175 4777 1459 4831 secundum
1490 4779 1806 4831 asscrtiones
1829 4788 1960 4829 tuas.

758 4865 963 4918 XXVII.
999 4864 1100 4918 Sed
1139 4865 1247 4932 jam
1279 4868 1549 4919 videamus
1595 4866 1818 4935 capitula
1866 4866 2056 4934 quibus
2083 4875 2236 4934 putas

684 4970 842 5023 posse
872 4954 1079 5008 defendi
1117 4959 1371 5010 adulteria
1421 4960 1785 5020 sacerdotum,
1833 4973 1934 5010 non
1967 4957 2231 5025 conjugia.

688 5063 711 5094 ‹
755 5046 1061 5112 Episcopus,
1083 5045 1313 5112 inquam,
1343 5047 1722 5115 presbyteraut
1748 5047 2232 5100 diaconusuxorem

686 5150 837 5198 suam
893 5150 999 5188 non
1075 5135 1286 5203 abjiciat
1350 5137 1566 5186 obtentu
1617 5135 1898 5203 religionis.
1952 5135 2006 5186 Si
2055 5145 2230 5187 autem

691 5224 974 5294 abiecerit,
1030 5233 1419 5292 sequestretur,
1473 5238 1813 5291 perseverans
1849 5233 2022 5276 autem
2069 5225 2230 5291 depo—

687 5322 866 5366 natur.
905 5333 920 5362 ι
957 5313 1183 5366 Omnino
1209 5314 1522 5367 confitemur
1576 5328 1677 5364 non
1718 5313 1876 5364 licere
1905 5313 2230 5380 episcopum,

691 5403 1086 5471 presbyterum,
1142 5405 1412 5457 diaconem
1443 5403 1522 5455 vel
1573 5403 1947 5455 subdiaconem
2013 5420 2230 5457 uxorem

692 5495 957 5560 propriam
997 5509 1150 5545 causa
1198 5495 1469 5562 religionis
1497 5493 1724 5559 alijicere
1753 5508 1780 5543 a
1823 5508 1946 5544 cura
1977 5507 2092 5555 sua,
2123 5494 2230 5546 sci—

692 5580 815 5632 licet
867 5590 922 5632 ut
974 5582 1020 5634 ei
1053 5583 1241 5632 rictum
1287 5591 1338 5633 et
1397 5581 1642 5632 vestitum
1695 5579 1985 5647 provideat,
2015 5595 2117 5631 non
2173 5591 2230 5633 ut

695 5683 810 5721 cum
861 5671 943 5722 illa
985 5688 1045 5723 cx
1081 5686 1224 5723 more
1271 5669 1765 5737 carnaliterjaceat.
1802 5667 1888 5719 Sic
1939 5677 1992 5720 et
2019 5678 2229 5721 sanctos

2354 1916 2780 1970 subdiaconibus.
2810 1934 2827 1966 ι
2855 1915 2917 1968 Et
2938 1925 3054 1984 post
3081 1915 3330 1969 nonnulla
3365 1934 3377 1968 :
3409 1935 3426 1967 ι
3471 1916 3698 1970 Ministri
3725 1918 3919 1972 altaris

2354 2006 2418 2059 ad
2445 2005 2715 2059 Dominica
2753 2005 2881 2059 tales
2902 2007 3169 2075 eligantur
3191 2006 3387 2070 oflicia,
3421 2007 3510 2076 qui
3539 2017 3662 2061 ante
3691 2010 3926 2072 ordino"-

2356 2101 2552 2154 tionern
2590 2098 2838 2168 conjuges
2886 2108 3170 2164 noverunt,
3204 2100 3413 2155 scilicet
3435 2102 3477 2154 si
3505 2115 3712 2169 semper
3739 2102 3918 2154 couti-

2354 2206 2480 2243 nere
2507 2189 2794 2243 voluerint.
2815 2189 2961 2254 Quod
2994 2190 3035 2242 si
3060 2199 3178 2257 post
3203 2191 3590 2244 ordinationem
3628 2192 3915 2260 contigerit

2355 2277 2653 2329 ministrum
2681 2276 3177 2344 propriminvadere
3207 2278 3379 2331 cubile
3402 2279 3605 2340 uxoris,
3629 2280 3909 2332 secretarii

2353 2381 2454 2418 non
2499 2376 2634 2418 terat
2682 2366 2893 2428 limina,
2944 2380 3040 2419 nec
3095 2368 3337 2420 sacrificii
3390 2370 3611 2436 portitor
3658 2369 3774 2433 fiat,
3807 2384 3910 2423 nec

2349 2454 2516 2506 altare
2547 2455 2840 2519 contingat,
2875 2468 2970 2507 nec
3009 2455 3074 2508 ab
3103 2455 3452 2509 offerentibus
3487 2457 3792 2510 holocausta
3819 2462 3906 2510 Vel

2347 2543 2642 2596 oblationes
2683 2542 2956 2608 suscipiat,
2991 2557 3088 2595 nec
3127 2545 3189 2594 a.l
3217 2544 3472 2596 Dominici
3504 2547 3743 2613 corporis
3780 2563 3910 2615 perc

2351 2635 2545 2688 tionem
2581 2634 2817 2686 accedat.
2850 2633 3053 2700 Aquam
3088 2635 3426 2687 sacerdotum
3456 2638 3692 2704 porrigat
3730 2639 3906 2690 mani-

2347 2725 2466 2787 bus,
2493 2723 2626 2776 ostia
2675 2721 2968 2774 forinsecus
2999 2722 3242 2786 claudat;
3277 2725 3483 2777 minora
3519 2735 3717 2779 tantum
3752 2743 3908 2784 gerat

2345 2811 2538 2873 officia,
2571 2824 2787 2863 urceum
2824 2824 2949 2862 sane
2973 2810 3037 2861 ad
3073 2811 3242 2864 altare
3269 2827 3373 2865 non
3406 2825 3671 2883 saggerat.
3711 2834 3728 2866 ι

2413 2905 2638 2958 XXVIII.
2667 2904 2829 2956 Porro
2872 2903 3101 2967 synodus
3155 2901 3366 2956 Nicaaaa
3421 2903 3639 2960 omnino
3675 2923 3907 2961 venera.

2345 2994 2466 3048 bilis
2494 3005 2547 3047 et
2573 2997 2900 3060 authentica,
2940 2999 3016 3050 sic
3047 3002 3111 3050 de
3146 2998 3257 3051 suis
3280 2999 3434 3060 actis,
3483 2997 3534 3049 id
3581 3007 3682 3060 est,
3719 2997 3905 3049 subino

2350 3086 2604 3137 troductis
2630 3087 2785 3140 habet
2818 3105 2829 3137 :
2869 3106 2884 3136 ‹
2921 3087 3254 3141 Omnimodis
3291 3088 3558 3140 interdicit
3589 3097 3774 3140 sancta
3806 3102 3899 3156 sy-

2347 3175 2538 3238 nodus,
2581 3186 2635 3230 et
2678 3192 2847 3245 neque
2878 3179 3140 3247 cpiscOpo,
3177 3193 3347 3247 neque
3373 3178 3697 3247 presbytero,
3727 3192 3903 3246 neque

2343 3263 2584 3326 diacono,
2651 3281 2820 3334 neque
2887 3266 2974 3318 ulli
3009 3268 3224 3319 omnino
3264 3267 3580 3320 clericorum
3634 3266 3902 3333 permittit

2343 3353 2538 3407 habere
2565 3369 2740 3407 secum
2778 3356 3050 3408 mulierem
3103 3366 3437 3420 cxtraneam,
3468 3357 3568 3410 nisi
3609 3355 3748 3409 forte
3782 3373 3898 3408 ma-

2343 3453 2423 3497 ter
2443 3445 2766 3507 sit,sororve
2789 3455 2876 3497 aut
2906 3447 3090 3499 amita.
3119 3447 3172 3499 In
3199 3447 3287 3500 liis
3316 3463 3545 3515 namque
3576 3448 3818 3514 personis
3843 3455 3900 3496 et

2341 3534 2528 3587 horum
2567 3535 2825 3589 similibus
2847 3537 3021 3589 omnis
3043 3539 3274 3605 suspicio
3309 3538 3627 3590 declinatur.
3656 3537 3755 3602 Qui
3793 3551 3895 3588 au-

2341 3631 2445 3676 tem
2474 3627 2796 3694 prreteragit,
2827 3627 3213 3694 periclitabitur
3238 3629 3302 3682 de
3345 3628 3532 3679 ordine
3559 3643 3675 3679 suo.
3707 3646 3724 3676 ι

2409 3712 2595 3765 XXIX.
2649 3713 2844 3767 Beatus
2895 3730 3108 3783 quoque
3153 3731 3286 3782 papa
3341 3715 3679 3768 innocentius
3737 3715 3899 3770 latius

2343 3803 2463 3854 hinc
2492 3804 2730 3857 scribens
2777 3804 3071 3872 Exsuperio
3105 3807 3354 3873 epise0po
3400 3805 3660 3859 Tolosano
3703 3807 3832 3859 dicit
3878 3824 3892 3859 :

2346 3911 2360 3942 ι
2397 3891 2724 3960 Proposuisti
2765 3896 2890 3962 quid
2943 3897 3007 3948 de
3051 3897 3132 3949 bis
3183 3897 3457 3949 observari
3507 3897 3713 3954 debeat,
3755 3913 3895 3965 quos

2339 3983 2906 4050 diaconiiministerio,
2947 3995 3036 4038 aut
3080 3987 3130 4038 in
3177 3986 3353 4040 ofticio
3402 3988 3603 4053 positos
3655 3989 3874 4039 inconti-

2340 4083 2523 4126 nentes
2547 4085 2662 4128 esse
2688 4084 2778 4125 aut
2803 4075 2964 4128 fuisse
2989 4078 3223 4143 generati
3256 4077 3347 4128 filii
3382 4077 3682 4145 prodidit-rc.
3715 4076 3784 4129 De
3806 4077 3896 4129 ltts

2338 4171 2388 4211 et
2419 4161 2712 4213 divinarum
2743 4161 2910 4230 legunt
2953 4173 3033 4216 est
3064 4164 3364 4232 disciplina,
3398 4176 3448 4217 et
3492 4165 3658 4215 licata!
3705 4180 3892 4217 recou-

2338 4251 2568 4304 dationis
2599 4253 2694 4304 \‘iri
2721 4252 2895 4306 Siricii
2928 4255 3161 4321 episcOpi
3214 4255 3409 4308 monita
3438 4255 3705 4307 evidentia
3735 4271 3889 4306 θοινα-

2339 4355 2599 4404 mearum,
2652 4352 2706 4394 ut
2761 4344 3236 4401 incontirtentesein
3265 4343 3453 4397 ofﬁciis
3509 4344 3890 4413 talibusposui

2339 4435 2478 4484 omni
2513 4433 2713 4484 honore
2745 4433 3109 4484 ecclesiastico
3140 4433 3493 4498 privarentur,
3544 4448 3643 4486 nec
3692 4435 3893 4486 θύμω-

2341 4532 2575 4575 terentur
2602 4523 2852 4575 accedere
2899 4522 2961 4574 ad
3011 4523 3362 4575 ministerium
3389 4525 3529 4590 quod
3570 4525 3682 4575 sola
3715 4525 3888 4576 conti-

2339 4613 2514 4663 nentia
2553 4619 2762 4680 oportet
2812 4612 3036 4678 impleri.
3065 4631 3082 4662 ι
3135 4612 3276 4665 Idem
3323 4613 3387 4664 ad
3420 4611 3724 4664 Victricium
3767 4614 3886 4680 epi-

2338 4714 2550 4767 scOpum
2587 4716 2598 4750 :
2647 4719 2664 4749 ‹
2700 4699 2962 4753 Praeterea
3003 4702 3141 4768 quod
3187 4701 3405 4769 dignum
3467 4710 3520 4753 et
3547 4702 3793 4768 pudicum
3828 4711 3883 4752 ct

2335 4788 2617 4842 honestum
2653 4795 2830 4841 tenere
2856 4789 3087 4842 Ecclesia
3125 4790 3430 4843 omnimodo
3468 4790 3646 4854 debet,
3694 4799 3750 4842 tit
3797 4805 3887 4842 sa-

2334 4878 2576 4931 cerdotes
2622 4885 2674 4930 et
2724 4877 2894 4930 levitas
2943 4893 3061 4931 cum
3111 4880 3366 4933 uxoribus
3409 4879 3519 4932 suis
3540 4893 3643 4932 non
3670 4887 3884 4942 coeant,

2335 4969 2456 5034 quia
2490 4969 2768 5022 ministerii
2790 4969 3080 5035 i'ptotidiani
3103 4970 3507 5023 necessitatibus
3531 4980 3880 5038 occupantur.

2338 5055 2604 5122 Scriptum
2627 5058 2860 5108 estenim
2887 5075 2898 5107 :
2928 5077 2944 5106 ι
2972 5058 3148 5109 Sancti
3166 5058 3620 5125 cstotc,qi:oniam
3646 5072 3743 5125 ego
3757 5073 3884 5109 San-

2340 5161 2356 5192 (
2395 5155 2507 5196 ctus
2525 5159 2658 5205 sum,
2686 5145 2809 5196 dicit
2827 5145 3077 5198 Dominus
3103 5145 3624 5214 Deusvester(.’.erit.
3646 5163 3712 5206 xi,
3729 5147 3836 5211 .54).
3857 5167 3876 5197 ι

2336 5231 2464 5282 Nam
2482 5231 2671 5299 priscis
2695 5233 3022 5298 temporibus
3043 5233 3106 5286 de
3124 5234 3316 5300 templo
3337 5233 3427 5286 Dci
3456 5247 3595 5286 anno
3613 5234 3742 5286 vicis
3767 5249 3882 5287 sua:

2335 5336 2436 5371 non
2465 5319 2822 5382 discedebant,
2877 5321 3013 5372 sicut
3055 5322 3118 5374 de
3172 5322 3429 5374 Zacliaria
3483 5320 3728 5388 legimus,
3780 5336 3881 5376 nec

2333 5408 2544 5460 domum
2591 5423 2739 5460 suam
2796 5407 3010 5461 omnino
3069 5409 3372 5477 tangebam,
3443 5411 3632 5475 quibus
3691 5411 3882 5477 utique

2333 5505 2554 5562 propter.
2579 5495 2773 5548 sobolis
2820 5498 3228 5558 successionem,
3283 5499 3500 5551 uxorius
3548 5515 3672 5558 usus
3703 5500 3881 5550 fuerat

2334 5583 2631 5644 relaxatus;
2691 5583 2814 5648 quia
2866 5599 2928 5634 ex
2985 5583 3085 5634 alia
3139 5585 3278 5637 tribu
3322 5594 3373 5638 et
3425 5597 3641 5653 propter
3690 5601 3876 5642 seu:er

2331 5673 2508 5724 Aaron
2537 5673 2599 5723 ad
2627 5673 2978 5725 sacerdotium
3007 5675 3183 5728 nullus
3214 5675 3385 5728 fuerat
3416 5678 3704 5743 permissus
3727 5693 3876 5732 acce-
