4126 6338
231 367 363 431 1037

1526 380 1583 432 (It
1595 377 1768 436 )N'I‘ll
1781 381 1828 433 Α
1856 378 1907 437 Ν-
1917 379 2081 440 ICET
2090 383 2129 436 Λ
2141 380 2188 446 Μ
2201 426 2213 439 .

3269 387 3408 454 1033

223 491 369 549 dere.
427 489 635 551 Quanto
693 489 859 556 magis
895 490 944 541 hi
979 479 1283 544 sacerdotes
1336 491 1414 543 vel
1473 474 1766 559 Iet‘itt‘eptt-
1799 496 1846 555 Α
1883 491 2249 544 benedictione
2298 495 2610 548 sacerdotali
2647 499 2904 563 permittit
2946 516 2957 551 :
3005 515 3106 556 non
3130 512 3306 557 autem
3335 508 3414 557 vi-

222 576 459 631 dicitiam
483 591 551 630 es
601 578 686 629 die
733 578 1087 632 ordinationis
1149 594 1258 632 sua:
1312 595 1526 632 servare
1551 581 1762 642 debent,

219 664 412 732 quibus
431 664 788 718 sacerdotium
803 665 883 717 vel
910 667 1264 720 ministerium
1295 669 1409 721 sine
1432 672 1767 724 succeSsione

218 760 322 814 est,
357 767 452 806 nec
477 753 714 819 praeterit
747 754 861 806 dies
906 768 1010 822 qua
1048 755 1130 809 vel
1182 770 1209 807 a
1253 756 1533 810 sacriﬁciis
1571 757 1766 811 divinis

157 902 160 906 ,
218 849 310 891 aut
340 840 676 907 baptismatis
695 840 874 896 ofﬁcio
921 845 1146 896 vacent?
1189 843 1323 897 Nam
1366 846 1409 898 si
1451 845 1661 899 Paulus
1701 851 1764 902 ad

217 925 524 994 Corinthios
545 930 758 995 scribit.
789 931 972 986 dicens
1003 949 1015 983 :
1051 951 1069 983 ε
1108 932 1388 987 Abstinete
1417 948 1511 988 vos
1539 935 1604 988 ad
1627 943 1763 987 tem-

219 1030 240 1064 ι
277 1029 391 1080 pus,
422 1025 480 1069 ut
526 1019 726 1074 vacetis
754 1022 983 1074 orationi
1014 1021 1066 1086 (1
1090 1022 1210 1075 Cor.
1247 1037 1342 1088 vn,
1371 1023 1458 1091 5);
1497 1044 1516 1074 ι
1560 1033 1612 1078 et
1663 1025 1766 1078 hoc

214 1104 399 1172 utique
449 1105 597 1161 laicis
645 1110 929 1180 praecepit;
991 1112 1156 1166 multo
1205 1113 1375 1182 magis
1435 1115 1762 1178 sacerdotes,

211 1191 406 1259 quibus
430 1201 482 1246 et
509 1197 694 1255 orandi
733 1205 788 1254 et
820 1195 1158 1257 sacriﬁcandi
1193 1199 1322 1271 iuge
1369 1200 1606 1257 ofﬁcium
1653 1213 1763 1266 est,

143 1266 145 1268 ’
177 1350 182 1356 _
211 1296 422 1352 semper
450 1286 714 1341 debebunt
742 1288 811 1342 ab
835 1288 1131 1356 huiusmodi
1156 1266 1424 1348 consortio
1447 1293 1716 1348 abstinere
1746 1310 1761 1345 :

157 1357 182 1432 ί
209 1371 302 1437 qui
348 1372 390 1424 si
434 1375 828 1442 contaminatus
875 1371 1035 1432 fuerit
1064 1380 1272 1437 carnali
1325 1383 1763 1450 concupiscentia

209 1462 450 1522 exaudiri
482 1481 637 1534 posse
669 1481 726 1521 se
754 1469 961 1522 credit?
1009 1485 1130 1523 cum
1155 1469 1354 1524 dictum
1378 1472 1446 1525 sit
1473 1489 1486 1523 :
1521 1488 1539 1521 ‹
1572 1471 1763 1526 Omnia

213 1567 233 1600 ι
270 1553 463 1624 munda
490 1555 729 1616 mtmdis;
781 1558 1141 1625 coinquinatis
1167 1567 1344 1612 autem
1377 1570 1430 1613 et
1463 1559 1764 1617 infidelibus

208 1639 338 1692 nihil
369 1643 620 1695 mundum
650 1641 774 1712 (Tit.
804 1660 844 1709 ι,
893 1636 1004 1713 t5).
1039 1664 1058 1697 ι
1093 1645 1198 1700 Sed
1225 1644 1452 1702 fortasse
1467 1640 1574 1702 hoc
1603 1647 1763 1702 licere

209 1728 399 1790 credit,
459 1730 583 1798 quia
632 1732 888 1800 scriptum
936 1741 1018 1787 est
1071 1751 1083 1785 :
1142 1753 1159 1784 ι
1211 1735 1379 1790 Unius
1441 1737 1622 1792 uxoris
1685 1738 1762 1789 vi-

1869 579 2028 630 duam
2051 589 2100 630 et
2126 583 2478 647 repudiatam;
2515 587 2634 651 quia
2671 599 2884 653 propter
2920 589 3018 642 hoc
3046 579 3212 643 solum
3264 591 3414 646 dein-

1868 677 1995 732 ceps
2049 678 2146 719 nec
2203 669 2268 719 ad
2316 671 2753 724 subdiaconatum
2779 674 2994 741 provehi
3022 685 3287 743 poterunt,
3317 693 3407 731 nec

1867 752 2032 811 laicus
2060 773 2164 812 non
2199 760 2459 829 virginem
2494 764 2716 816 sortitus
2742 781 2995 828 uxorem,
3033 775 3121 820 aut
3175 768 3406 838 bigamus

1866 841 1932 895 ad
1962 843 2294 899 clericatum.
2338 847 2488 913 Quod
2533 850 2576 902 si
2623 851 2741 911 quis
2775 851 3110 918 praefatorum
3165 856 3410 915 ordinum

1866 930 2220 986 desideratad
2246 936 2685 989 subdiaconatum
2709 941 3017 1000 ascendere,
3057 942 3292 1007 nequihit
3314 943 3416 996 hoc

1866 1017 1980 1072 sine
2003 1033 2264 1079 consensu
2295 1023 2474 1076 uxoris
2496 1039 2624 1087 suae,
2651 1035 2709 1098 ut
2728 1025 2795 1080 de
2824 1029 3022 1081 carnali
3048 1029 3300 1085 deinceth
3322 1031 3414 1084 Iiat

1866 1106 2168 1177 coniugium
2219 1110 2515 1179 spirituale,
2566 1116 2779 1169 nemine
2805 1130 2898 1170 eos
2937 1117 3002 1170 ad
3044 1119 3144 1172 hoc
3167 1128 3409 1188 cogente.

1866 1194 1972 1251 Nec
1990 1198 2525 1268 permittiturpostes
2549 1207 2682 1256 uxor
2707 1204 2862 1272 jungi
2898 1206 3070 1260 eidem
3092 1222 3197 1261 suo
3221 1203 3413 1261 marito

1865 1286 2165 1349 carnaliter,
2226 1302 2323 1341 nec
2370 1290 2615 1358 cuiquam
2655 1292 2856 1346 nubere
2906 1294 2958 1346 in
3009 1296 3116 1349 vita
3169 1305 3260 1348 aut
3293 1308 3417 1364 post

1866 1381 2090 1429 mortem
2117 1374 2273 1442 illius,
2302 1377 2497 1444 alioqui
2523 1380 3024 1435 anathematizanda
3052 1392 3134 1439 est
3161 1401 3175 1436 :
3204 1386 3342 1438 sicut
3361 1395 3409 1438 et

1863 1458 2136 1526 diaconus,
2162 1471 2216 1515 et
2235 1465 2612 1531 subdiaconus,
2636 1480 2689 1520 et
2709 1471 2990 1539 presbyter
3011 1482 3100 1523 aut
3125 1472 3407 1541 episcopus

1865 1544 2203 1614 deponendus
2233 1564 2381 1601 suam
2413 1561 2677 1618 repetens,
2723 1562 2815 1606 aut
2859 1565 3166 1610 extrancam
3194 1558 3410 1620 ducens,

1856 1632 2008 1701 juxta
2035 1635 2175 1702 quod
2205 1637 2255 1689 in
2290 1637 2700 1694 Neocaesariensi
2722 1643 2948 1696 concilio
2973 1645 3257 1700 orthodoxi
3283 1661 3411 1699 san-

1861 1733 1989 1774 xere
2017 1719 2220 1776 Patres.

207 1829 324 1868 mm
357 1815 407 1882 (ι
436 1816 594 1882 ριγητ..
630 1835 710 1885 ιη,
738 1819 813 1889 2),
856 1840 874 1871 ,
910 1821 1023 1875 Non
1075 1833 1291 1893 propter
1337 1826 1759 1894 pernmnemiam
1791 1825 1834 1885 Β
1929 1808 2161 1866 XXXIII.
2187 1811 2405 1869 Talibus
2444 1829 2571 1883 ergo
2617 1818 2990 1873 traditionibus
3041 1836 3207 1890 usque
3253 1839 3392 1877 nunc

207 1905 260 1956 in
288 1907 718 1974 concupiscentia
747 1912 1034 1980 generandi
1083 1912 1181 1966 hoc
1210 1913 1363 1977 dixit,
1417 1915 1512 1971 sed
1545 1923 1762 1984 propter

202 1998 586 2052 continentiam
619 2000 870 2057 futuram.
897 2003 1080 2072 Neque
1099 2005 1242 2059 enim
1273 2007 1508 2076 integros
1536 2023 1761 2074 corpore

207 2103 312 2142 non
357 2091 590 2156 admisit,
645 2094 734 2161 qui
788 2095 901 2146 ait:
939 2113 956 2145 ι
998 2087 1192 2150 Vellent
1228 2108 1404 2154 autem
1431 2114 1618 2158 omnes
1643 2115 1761 2156 esse

207 2180 344 2233 sicut
379 2188 430 2233 et
485 2195 583 2250 ego
631 2182 680 2247 (1
712 2181 952 2251 Cor.vtt,
1012 2187 1087 2251 7).
1134 2188 1199 2241 Et
1234 2192 1471 2257 apertius
1523 2190 1762 2244 declarat

206 2266 389 2320 dicens
419 2284 432 2320 :
464 2286 480 2316 ε
511 2268 608 2333 Qui
637 2279 811 2325 autem
841 2273 891 2324 in
916 2289 1074 2329 carne
1104 2285 1248 2340 sunt,
1279 2277 1388 2331 Deo
1411 2277 1625 2347 placere
1653 2295 1761 2353 non
1794 2319 1802 2323 .

209 2373 226 2404 σ
265 2365 504 2422 possunt.
530 2357 639 2412 .Vos
662 2370 840 2414 autem
854 2362 964 2421 iam
991 2379 1094 2417 non
1125 2367 1255 2432 estis
1290 2368 1340 2421 in
1374 2383 1558 2431 carne,
1583 2371 1672 2424 sed
1709 2371 1758 2422 in
1819 2402 1822 2406 λ

208 2461 224 2492 ι
257 2445 444 2510 spiritu
477 2445 794 2515 (,Rem..vttt,
818 2444 892 2520 8).
927 2471 944 2502 ι
975 2454 1040 2507 Et
1085 2455 1370 2508 habentem
1424 2457 1612 2513 tilium.
1657 2474 1756 2510 non

202 2544 544 2605 generantem
569 2539 720 2592 dixit.
755 2561 776 2591 ι

275 2620 445 2678 XXX.
468 2626 531 2680 Et
586 2630 905 2691 venerabilis
959 2647 1094 2700 papa
1141 2634 1408 2688 Sirieius:
1449 2654 1464 2684 ι
1509 2635 1758 2689 Fetuiuas

202 2729 304 2767 non
351 2717 482 2770 alios
530 2733 646 2772 esse
692 2723 925 2788 patimur
975 2724 1027 2776 in
1100 2726 1345 2780 domibus
1404 2726 1753 2790 clericorum,

201 2791 306 2855 nisi
343 2818 434 2856 eas
463 2813 666 2859 tantum
695 2823 828 2875 quas
861 2819 1077 2877 propter
1129 2812 1270 2865 solas
1301 2814 1754 2868 necessitudinum

203 2905 391 2946 causas
449 2893 690 2951 habitare
727 2913 846 2952 cum
878 2901 1063 2954 iisdem
1095 2903 1324 2970 synodus
1370 2901 1579 2958 Merena
1632 2920 1757 2973 per-

203 2980 366 3033 ntisit.
406 2999 422 3030 ι

273 3069 465 3124 XXXI.
494 3071 720 3128 Sanctus
749 3075 940 3131 deinde
966 3077 1073 3134 Leo
1116 3097 1249 3149 papa
1283 3082 1541 3138 mirabilis
1573 3085 1760 3137 doctor

1862 1905 2047 1951 sancta
2072 1897 2312 1953 Romana
2364 1900 2597 1960 Ecclesia
2642 1913 2697 1958 et
2746 1909 3035 1975 apostolica
3072 1910 3226 1964 sedes
3265 1914 3411 1965 omni

1862 1987 2059 2040 mundo
2094 1986 2322 2052 refulsit,
2365 2003 2462 2045 nec
2509 1991 2795 2059 aliquando
2839 1991 3074 2049 Iudaicis
3139 1996 3329 2051 fabulis
3363 2011 3414 2050 et

1769 2081 1773 2085 ’
1855 2076 2178 2146 apocrypbls
2200 2079 2484 2147 scripturis
2515 2084 2800 2151 acquievit,
2830 2087 2924 2141 sed
2950 2101 3042 2155 per
3070 2087 3269 2155 primos
3290 2104 3415 2157 apu-

1860 2164 2192 2219 stolorumin
2221 2167 2332 2235 ipso
2360 2182 2569 2223 summo
2595 2172 2838 2241 angulari
2869 2173 3044 2243 lapide
3076 2178 3291 2232 Christo
3325 2178 3412 2232 Je-

1861 2267 1923 2305 su
1953 2252 2194 2324 fundata,
2227 2254 2384 2310 nullis
2414 2258 2706 2315 haeresibus
2731 2262 2926 2327 cessit,
2956 2279 3052 2318 nec
3082 2266 3355 2332 prohibuit
3385 2285 3411 2319 a

1861 2339 2107 2408 coniugio
2133 2340 2295 2396 laicos
2329 2361 2340 2394 :
2373 2346 2466 2404 sed
2502 2348 2639 2403 sacri
2691 2347 2879 2404 altaris
2916 2351 3185 2407 ministros
3205 2363 3258 2409 et
3285 2370 3410 2423 apo-

1859 2429 2098 2482 s'toltcam
2123 2430 2500 2495 perfectionem
2529 2426 2800 2504 professos
2824 2443 3135 2495 monachos.

1933 2516 2163 2572 XXXIV.
2216 2519 2303 2576 Illa
2363 2532 2539 2597 tamen
2592 2526 2852 2593 Ecclesia,
2903 2545 3062 2599 quam
3108 2533 3268 2588 Arius
3297 2550 3411 2588 cor-

1860 2607 2020 2673 rupit,
2077 2607 2414 2663 Maccdonius
2464 2615 2751 2679 prostituit,
2803 2633 2918 2686 qua:
2959 2621 3226 2687 genimina
3271 2625 3415 2691 \‘ipt'v

1861 2710 2063 2758 rarum,
2111 2697 2162 2749 id
2191 2707 2292 2758 est,
2345 2698 2670 2767 Nestorium,
2701 2704 2996 2772 Eutychen,
3046 2708 3414 2765 Mettothclitas

1859 2794 1912 2837 et
1960 2786 2377 2856 'I'heupaschitas
2423 2793 2764 2862 et'reliquas
2813 2799 3185 2854 haereticorum
3240 2802 3413 2870 pestes

1859 2862 2085 2942 peperit,
2112 2877 2288 2931 adhuc
2320 2893 2348 2930 a
2395 2878 2595 2934 Nicolai
2646 2884 3017 2941 haeresiarchae
3042 2891 3409 2959 complexibus

1858 2961 2096 3017 abstrahi
2125 2967 2449 3036 nonpotuit,
2492 2970 2624 3026 adeo
2672 2975 2818 3028 utad
2841 2978 2981 3028 sacri
3020 2979 3208 3033 altaris
3253 2983 3408 3034 mini-

1859 3053 2079 3107 sterimn
2109 3056 2436 3128 ordinandos
2472 3060 2763 3131 interroget
2809 3079 2875 3118 an
2934 3066 3165 3122 habeant
3198 3085 3412 3125 uxores.

201 3165 254 3210 et
280 3168 477 3213 sancta:
498 3161 945 3220 Chalcedonensis
966 3144 1149 3238 synodi
1175 3144 1382 3234 auctor,
1409 3188 1620 3227 onmem
1645 3191 1756 3228 am-
1785 3157 1834 3221 C
1860 3144 1958 3208 Qui
1985 3148 2366 3238 respondcm“
2391 3165 2447 3202 se
2495 3166 2597 3205 "0"
2642 3154 2837 3210 habere
2871 3159 3260 3228 compenumur
3308 3166 3387 3232 im
3405 3194 3418 3204 '

203 3248 515 3315 biguitatem
548 3253 703 3319 hujus
749 3257 826 3308 rei
858 3258 1179 3314 abscindens
1223 3263 1336 3313 ait:
1374 3282 1389 3312 ι
1437 3263 1540 3317 Lex
1591 3267 1758 3318 conti-

204 3341 401 3394 nentia:
444 3343 628 3396 cadent
659 3355 738 3399 est
788 3348 971 3402 altaris
1020 3352 1298 3410 ministris.
1341 3370 1458 3421 qua:
1495 3357 1757 3427 episcopis

214 3436 374 3495 atque
403 3431 746 3501 presbyteris.
795 3435 892 3501 Qui
924 3452 1042 3491 cum
1067 3451 1248 3494 essent
1271 3443 1412 3508 laici,
1447 3445 1558 3498 sive
1591 3446 1755 3499 lecto-

207 3529 316 3580 res,
362 3517 503 3570 licite
546 3529 599 3572 et
644 3538 835 3577 uxores
877 3527 1069 3582 ducere
1099 3539 1153 3582 et
1185 3531 1325 3584 ﬁlios.
1351 3549 1633 3598 procreare
1664 3551 1755 3603 po-

205 3613 439 3659 tuerunt.
492 3607 594 3664 Sed
636 3626 755 3665 cum
804 3616 1188 3683 att-praedictos
1215 3636 1510 3688 pervenere
1535 3629 1753 3690 gradus,

202 3705 484 3778 creperum
517 3699 593 3752 eis
623 3716 726 3754 non
757 3702 917 3761 licere
943 3721 1063 3774 quae
1109 3709 1391 3765 lieuerunt.
1430 3714 1578 3768 Unde
1607 3726 1663 3768 ut
1694 3720 1756 3770 de

201 3787 399 3840 carnali
432 3788 525 3844 ﬁat
580 3793 852 3861 spirituale
905 3799 1231 3866 conjugium,
1285 3813 1497 3872 Oportet
1540 3821 1756 3861 cosnec

201 3876 469 3933 dimittere
506 3896 718 3946 uxores,
741 3894 795 3938 et
820 3890 972 3954 quasi
1004 3899 1106 3943 non
1135 3893 1369 3946 habeant
1395 3894 1473 3948 sic
1497 3896 1696 3950 habere
1741 3917 1752 3949 :

200 3983 303 4038 quo
331 3978 385 4024 et
433 3971 576 4026 salva
621 3975 691 4027 sit
741 3978 976 4033 charitas
1006 3983 1416 4049 connubiorum,
1457 3995 1509 4048 et
1546 3997 1757 4041 cessent

205 4074 367 4128 opera
397 4054 722 4130 nuptiarum.
758 4086 774 4117 ι
826 4068 962 4121 Ecce
986 4070 1070 4122 isti
1100 4087 1218 4124 cum
1264 4073 1426 4128 Petro
1453 4085 1506 4129 et
1536 4092 1629 4143 per
1659 4079 1759 4129 Pc-

203 4158 343 4203 trum
388 4151 561 4207 ell‘ccti
612 4155 862 4225 clavigeri
898 4162 1046 4228 regni
1078 4163 1358 4228 caelorum,
1419 4167 1487 4218 ita
1522 4171 1754 4221 confrin-

203 4247 338 4304 gunt
372 4253 560 4294 Omnes
613 4242 901 4300 claviculas
956 4247 1295 4304 infernalium
1351 4265 1651 4322 portarum,
1701 4269 1756 4309 ut

204 4328 344 4380 nulla
362 4328 472 4396 jam
496 4333 727 4399 supersit
751 4334 969 4390 haeresis
999 4336 1399 4394 Nicolaitartnn.

271 4435 483 4490 XXXII.
515 4436 619 4492 Sed
646 4456 711 4494 ne
746 4444 871 4510 quid
920 4445 1092 4501 minus
1142 4449 1336 4511 factum
1389 4455 1555 4516 dicas,
1587 4475 1641 4510 se

202 4523 294 4578 tim
326 4533 380 4575 et
416 4535 598 4591 aperte
630 4543 1032 4598 prosequemur,
1059 4537 1184 4602 quid
1216 4537 1456 4594 Romana
1518 4544 1754 4600 Ecclesia

202 4614 256 4667 in
277 4615 533 4682 gradibus
571 4617 886 4675 clericorum
914 4635 1054 4696 agat.
1088 4629 1323 4687 Clericos
1363 4643 1568 4689 tantum
1593 4643 1755 4694 ostia-

205 4703 333 4766 rius,
363 4704 608 4772 lectores,
635 4712 949 4777 exorcistas,
991 4727 1043 4770 et
1065 4719 1354 4789 acolythos,
1392 4727 1434 4779 si
1483 4740 1632 4784 extra
1663 4749 1748 4786 vo-

204 4803 314 4848 tum
348 4804 400 4848 et
429 4797 664 4852 habitum
700 4805 943 4858 monachi
988 4807 1328 4865 inveniuntur
1370 4826 1424 4869 et
1466 4822 1750 4875 continen-

205 4885 327 4937 tiam
353 4885 592 4954 proiiteri
623 4890 828 4958 nolunt,
859 4909 1076 4951 uxorem
1113 4901 1370 4968 virginem
1406 4907 1601 4963 ducere
1626 4929 1745 4965 cum

1861 3251 2003 3288 mum
2042 3237 2240 3292 ducere
2262 3278 2276 3302 ,
2306 3248 2359 3294 et
2386 3242 2461 3294 sic
2488 3243 2840 3313 impositionis
2880 3264 3093 3303 manum
3127 3255 3369 3322 accipere
3399 3272 3413 3308 :

1860 3335 1916 3378 ut
1949 3327 2070 3378 novi
2118 3328 2314 3392 mariti,
2345 3340 2399 3383 et
2440 3335 2638 3386 recenti
2689 3338 2869 3391 carnis
2900 3339 3168 3410 voluptate
3207 3343 3300 3395 toti
3332 3361 3414 3396 re-

1859 3414 2016 3469 soluti
2051 3426 2104 3468 et
2137 3417 2378 3480 marcidi,
2436 3428 2488 3471 et
2544 3423 2680 3476 inter
2718 3436 2900 3479 sancta
2956 3431 3218 3484 sacrilicia
3267 3436 3413 3502 cosi-

1861 3511 2034 3556 tantes
2078 3506 2344 3571 quomodo
2395 3508 2639 3575 placeant
2695 3515 2985 3580 uxoribus,
3015 3519 3410 3573 immaculatum

1859 3591 2056 3644 Christi
2109 3607 2304 3661 corpus
2363 3604 2595 3653 tractent
2642 3610 2799 3668 atque
2851 3605 3042 3671 populo
3072 3606 3409 3664 distribuant.

1860 3679 2092 3748 indeque
2121 3682 2489 3735 sattctiticatas
2513 3701 2696 3739 manus
2724 3690 2786 3740 ad
2813 3694 3146 3746 tractandum
3177 3698 3412 3749 membtn

1860 3768 2140 3820 muliebria
2172 3785 2290 3821 mox
2341 3775 2592 3837 referant,
2626 3785 2674 3827 ct
2711 3778 2777 3829 sit
2806 3779 2939 3831 sicut
2973 3782 3197 3849 populus
3239 3786 3314 3838 sic
3362 3798 3413 3837 et

1858 3857 2129 3920 sacerdos,
2165 3868 2217 3912 et
2250 3861 2458 3913 tandem
2494 3866 2667 3930 populi
2699 3867 2834 3920 sicut
2864 3872 3166 3924 sacerdotes
3196 3874 3339 3927 mali.

1933 3944 2142 4000 XXXV.
2177 3949 2509 4017 Quapropter
2537 3955 2738 4018 parcite
2778 3957 2888 4024 jam
2919 3961 3086 4020 vobis,
3141 3971 3190 4014 et
3256 3965 3414 4016 nolite

1859 4037 2129 4088 attendere
2159 4039 2432 4104 spiritibus
2466 4044 2665 4096 erroris
2701 4054 2753 4096 et
2800 4049 3178 4102 (bianoniormn
3215 4053 3412 4106 doctri-

1858 4123 1961 4188 nis,
2003 4133 2055 4174 ttt
2086 4125 2358 4178 nobiscum
2405 4128 2468 4182 dc
2500 4145 2601 4182 ver.
2672 4148 2822 4199 pace,
2870 4151 2985 4202 quae
3027 4138 3273 4193 Christus
3300 4156 3412 4203 ρει,

1859 4212 1945 4265 hic
1975 4222 2026 4265 et
2062 4214 2113 4265 in
2166 4213 2343 4269 futuro
2369 4217 2660 4285 gaudeatis.
2703 4221 2780 4274 'I'u
2812 4239 2964 4288 vero,
2993 4227 3286 4282 miserrime
3320 4231 3409 4281 Ni-

1859 4309 1999 4365 cela,
2025 4303 2192 4356 donec
2217 4307 2516 4373 resipiscas,
2553 4308 2950 4376 siszuzathema,
2992 4318 3056 4367 ab
3081 4320 3220 4371 omni
3257 4320 3410 4373 Chri-

1859 4391 1924 4442 sti
1958 4391 2213 4456 Ecclesia,
2243 4411 2361 4449 cum
2391 4399 2638 4452 munibus
2667 4404 2756 4468 qui
2820 4405 2911 4455 tibi
2964 4409 3306 4474 acquiescuut
3362 4415 3409 4462 in

1652 4474 1752 4558 “13‘
1786 4484 1835 4545 ι)
1865 4488 1969 4533 tam
1994 4493 2241 4548 perversa
2273 4485 2534 4540 doctrina.
2563 4488 2692 4542 Nam
2727 4493 2907 4547 volens
2936 4511 3052 4549 esse
3104 4499 3232 4566 legis
3281 4502 3411 4553 divi-

1866 4587 1946 4625 na:
1993 4573 2194 4633 duetor,
2249 4591 2352 4628 non
2415 4578 2667 4648 intelligis
2699 4599 2813 4650 qua:
2843 4584 3105 4654 loqueris,
3139 4604 3306 4656 neque
3348 4592 3411 4640 tle

1865 4662 2057 4727 quibus
2088 4663 2344 4727 atﬁrmas,
2395 4674 2448 4719 et
2488 4670 2681 4723 stultus
2716 4673 2844 4738 ipse,
2881 4677 3167 4741 sapientior
3194 4679 3284 4732 tibi
3338 4683 3409 4732 vi-

1864 4747 2006 4800 deris
2041 4759 2240 4816 septem
2287 4752 2414 4804 vitis
2450 4752 2780 4822 loquentibus
2825 4762 3119 4827 parabolas.
3177 4766 3277 4818 Sed
3310 4770 3410 4820 sal-

1864 4843 1968 4888 tem
1993 4838 2276 4905 aliquando
2298 4842 2439 4893 disce
2470 4853 2663 4911 tacere,
2690 4849 2775 4914 qui
2811 4866 3074 4918 nunquam
3100 4854 3238 4916 loqui
3275 4858 3405 4910 ditlL

1856 4934 1994 4975 CISII.

735 5123 957 5196 Explicil
1006 5135 1262 5200 responsio
1294 5139 1471 5199 fratris
1507 5139 1775 5200 [lumbam
1810 5153 2031 5218 episwpi
2053 5169 2228 5208 contra
2267 5159 2466 5212 Nicetis
2498 5166 2859 5228 Marp/temnis.
