4124 6338
228 445 367 514 1041

1685 450 2007 508 NU'lTl‘IA.

3311 452 3451 519 1042

226 564 525 627 iambicos,
582 578 798 631 altaque
858 571 1052 627 multa,
1122 564 1281 631 digna
1344 579 1461 632 qua:
1498 562 1788 632 laudentur
1816 564 1863 620 Α
1892 562 2015 615 dem
2046 562 2317 631 Opuscula
2349 563 2614 625 continet,
2647 571 2773 632 puta
2800 563 3043 619 Canones
3096 567 3443 633 paracleticos

220 664 490 726 grataque
547 652 853 706 habeantur
922 672 935 706 :
1006 654 1206 708 multos
1267 656 1489 719 ἱιιςυῖερι·
1543 653 1788 707 inclines

224 745 319 813 pie
352 744 607 811 erudivit,
650 752 837 813 utpote
870 745 1107 814 repletus
1156 746 1327 811 gratia
1373 745 1612 812 Spiritus
1662 761 1787 798 san-

221 836 323 892 cti.
362 856 378 888 ι

306 925 548 992 Scriptor
575 926 840 995 prmmissi
873 927 1082 979 codicis
1117 934 1333 979 notatur
1368 924 1537 977 fuisse
1569 923 1790 989 quidam

224 1018 477 1071 Andreas
512 1016 800 1071 Damarins
836 1018 1208 1085 Epidauriota.
1236 1016 1394 1085 cujus
1420 1014 1661 1085 ejusdem
1693 1029 1791 1064 no-

225 1127 356 1165 men
392 1111 512 1163 adis
547 1125 764 1179 quoque
796 1109 1076 1163 codicibus
1110 1110 1164 1162 in
1189 1108 1514 1181 bibliotheca
1546 1106 1790 1161 Caesarea

223 1202 549 1267 in~criptum
578 1188 798 1270 legitur,
830 1216 890 1252 ac
928 1200 1225 1268 praesertim
1250 1200 1546 1251 centesimo
1571 1205 1793 1266 septua-

224 1293 437 1361 gesimi
509 1292 749 1345 secundo
822 1296 963 1345 inter
1014 1291 1390 1359 tinolcgtcos;
1455 1290 1547 1343 ubi
1606 1290 1793 1342 leviter

226 1391 443 1436 mutata.
490 1398 549 1435 ..ρ
676 1397 697 1435 3
738 1392 955 1435 voc-tur
984 1382 1085 1435 3'11;
1124 1381 1279 1435 {idem
1338 1381 1460 1434 libri
1536 1380 1793 1446 Ἀνδρέας

224 1474 522 1543 Τάρίιαςιεκς
558 1474 582 1515 *ι
622 1472 1048 1541 Ἐπιδαυριώτης
1078 1487 1090 1523 :
1124 1468 1252 1525 actas
1281 1486 1497 1540 quoque
1538 1471 1655 1539 ejus
1689 1470 1791 1524 ibi-

224 1566 351 1617 dem
382 1565 673 1627 indicatur,
706 1580 797 1632 per
821 1565 1149 1632 descriptum
1173 1562 1381 1617 Christi
1407 1579 1608 1616 annum
1636 1562 1791 1617 1560.

226 1659 487 1713 Eamdm
536 1657 807 1713 Darmarii
841 1664 1057 1711 aetatem
1082 1656 1371 1711 conlirmat
1419 1655 1686 1725 Gangius.
1738 1656 1791 1710 in

226 1746 449 1800 Prodat.
482 1746 545 1799 ad
580 1762 739 1800 suum
784 1734 1152 1810 Paschalium,
1178 1760 1299 1801 cum
1342 1745 1493 1799 illius
1519 1746 1792 1815 ecgrapho

225 1840 489 1893 collatum
524 1855 576 1891 n.
613 1838 702 1901 53,
735 1839 822 1892 ubi
860 1839 1070 1892 inducit
1110 1837 1355 1892 lsaacum
1405 1835 1788 1891 Casaubonum

226 1942 594 1995 asserentem,
624 1931 764 1999 quod
792 1931 858 1985 ab
888 1930 1079 1985 eodem
1112 1928 1391 1984 Dartnario
1420 1946 1440 1980 ί
1474 1927 1614 1982 Emit
1644 1928 1791 1982 Al'ri-

225 2036 424 2075 eanmn
459 2020 535 2073 De
581 2020 767 2075 bellico
801 2032 1083 2090 apparatu,
1122 2030 1175 2075 et
1207 2019 1591 2091 Fragmentum
1646 2019 1790 2075 Petri

222 2109 586 2165 Alexandrini
641 2109 709 2164 de
760 2110 1050 2165 Paschate.
1084 2128 1103 2162 θ
1136 2107 1307 2164 Natus
1366 2108 1509 2163 enim
1565 2110 1789 2164 isaacus

227 2205 323 2258 ille
350 2205 451 2259 fuit
481 2220 624 2258 anno
662 2204 820 2270 1559,
852 2205 1037 2274 etjam
1070 2214 1185 2259 erat
1212 2219 1242 2258 a
1269 2203 1557 2273 juventute
1585 2203 1792 2259 Grrecis

230 2294 559 2363 Latinisque
596 2294 793 2349 litteris
851 2293 1170 2349 excolendis
1221 2302 1387 2363 atque
1430 2294 1790 2365 eruderandis

226 2387 511 2441 veteribus
549 2385 921 2440 monumentis
951 2377 1216 2450 intentus,
1255 2386 1415 2441 facile
1462 2388 1638 2456 potuit
1666 2388 1792 2441 ado-

228 2478 447 2531 lescens
498 2477 615 2545 ipse
654 2476 927 2531 seniorem
976 2475 1317 2531 Dat-marium
1374 2473 1693 2533 convenisse
1736 2479 1787 2532 in

226 2568 425 2624 Gallia.
458 2567 528 2621 Ut
559 2579 735 2623 autem
766 2569 1029 2637 praecitati
1066 2570 1273 2623 codicis
1307 2570 1542 2638 scriptor
1568 2569 1792 2623 exstite-

228 2654 650 2715 rit'Darmarius
690 2675 835 2714 anno
870 2659 1025 2726 1560,
1074 2671 1201 2713 tunc
1240 2660 1380 2715 forts
1418 2659 1791 2729 adhucjuve-

228 2754 343 2817 nis,
386 2756 457 2807 ita
498 2754 707 2808 videtur
741 2762 936 2808 auctor
982 2752 1435 2821 fuisscadjuncti
1465 2750 1789 2820 Compendii

228 2842 391 2908 Vitae,
427 2852 479 2899 et
503 2845 719 2912 quidem
746 2844 952 2914 primus
981 2860 995 2898 :
1019 2858 1310 2899 recensens
1326 2832 1473 2897 enim
1505 2842 1559 2896 in
1583 2842 1673 2897 illo
1696 2857 1801 2909 an—i

230 2950 335 2990 nos
381 2936 471 3003 qui
503 2938 642 2989 inter
657 2933 1073 2989 Constantinum
1100 2933 1522 2988 .Monomachum
1548 2941 1603 2988 et
1633 2948 1789 2987 suam

226 3019 445 3080 :etatém
509 3027 970 3089 intercesserunt,
1033 3024 1195 3077 debet
1243 3025 1356 3092 ipse
1406 3022 1791 3091 compendium

232 3111 369 3167 illud
400 3119 491 3165 aut
529 3113 738 3181 primus
771 3112 1059 3181 scripsisse
1109 3124 1201 3166 aut
1232 3116 1590 3167 contraxisse.
1635 3112 1790 3178 Quod

1893 668 2031 720 quos
2048 651 2273 706 Cantica
2299 653 2667 707 consolatoria
2688 650 3175 724 interpretarilicct
3206 676 3221 707 α
3245 658 3309 712 ad
3338 657 3443 711 Do-

1892 744 2096 796 minum
2122 756 2177 798 et
2209 743 2376 799 Deum
2407 755 2651 801 nostrum
2678 744 2859 800 Jcsum
2882 746 3195 813 Christum;
3238 768 3255 798 δ
3294 757 3448 803 sunt-

1891 850 1996 901 que
2032 835 2215 905 viginti
2247 845 2482 906 quatuor
2507 851 2761 896 numero,
2790 845 2843 891 et
2870 839 3070 907 singuli
3096 855 3251 894 suam
3291 856 3447 894 acro-

1892 924 2182 978 sticltidetn
2220 926 2442 982 habent.
2496 928 2751 982 Continet
2801 928 2998 985 deinde
3047 931 3181 988 alios
3237 932 3444 986 similes

1892 1030 2132 1070 canones
2166 1018 2303 1072 duos
2351 1019 2414 1071 ad
2447 1020 2696 1072 eumdem
2740 1018 3027 1075 Dominum
3069 1031 3317 1078 nostrum
3347 1041 3359 1087 ;
3392 1033 3469 1086 et,

1892 1102 2111 1157 tertium
2144 1104 2209 1156 ad
2258 1106 2507 1173 angelum
2570 1108 2860 1162 custodem
2902 1128 2914 1164 :
2950 1126 3180 1180 quorum
3236 1115 3446 1181 priores

1892 1195 2011 1249 sine
2061 1197 2335 1265 posterior
2358 1212 2479 1250 cum
2514 1200 2879 1256 acrostichide
2908 1210 3056 1257 sunt.
3091 1202 3446 1275 Subsequun-

1895 1292 1981 1336 tur
2014 1298 2137 1337 mox
2173 1302 2191 1335 ς
2235 1286 2288 1338 in
2317 1287 2720 1343 sanctissimam
2758 1289 3042 1347 Dominam
3067 1302 3309 1348 nostram
3354 1295 3449 1350 Dei

1891 1370 2221 1429 Genitricem
2253 1390 2495 1431 canones
2523 1377 2612 1444 67,
2647 1390 2701 1435 et
2734 1380 2789 1435 in
2823 1381 2879 1436 S.
2904 1382 3165 1439 Joannem
3200 1385 3448 1442 Przrcur-

1894 1475 2074 1515 sorem
2135 1478 2372 1521 canones
2432 1466 2708 1521 undecim.
2750 1484 2770 1522 ι
2825 1466 3071 1541 Denique
3128 1475 3295 1531 codex
3343 1478 3448 1532 509

1892 1553 2271 1621 complectitur
2295 1555 2497 1625 aliquot
2528 1557 2595 1612 ad
2617 1557 2894 1615 Christum
2924 1558 3179 1628 canones,
3208 1581 3443 1633 quorum

1892 1642 2071 1709 primo
2105 1642 2229 1698 talis
2284 1647 2583 1714 praeligitur
2624 1650 2974 1713 acrostichis,
3022 1652 3241 1721 Πρῶτον
3300 1656 3448 1728 φέρω

1893 1732 2133 1802 μέλισμά
2167 1751 2267 1797 σοι,
2302 1735 2436 1789 Θεοῦ
2460 1737 2625 1807 Λόγε,
2660 1739 2889 1811 μοναχός
2938 1742 3211 1812 Ἰωάννης.

1960 1821 2133 1891 Atque
2165 1823 2216 1877 hi
2258 1824 2474 1880 codices
2504 1836 2738 1895 quatuor
2766 1845 2911 1885 nunc
2937 1840 3065 1885 stmt
3107 1832 3452 1888 bibliotheca:

1822 1893 1862 1947 Β
1890 1910 2174 1977 Caesareae,
2206 1928 2270 1968 eo
2297 1914 2431 1969 illati
2464 1930 2493 1969 a
2518 1893 2731 1974 duobus
2760 1921 2940 1976 studio
2972 1930 3023 1976 ct
3044 1922 3289 1977 doctrina
3316 1940 3451 1992 prae-

1891 2005 2169 2059 stantibus
2192 2006 2343 2071 viris,
2375 2010 2592 2065 natione
2628 2009 2825 2082 Belgis,
2867 2012 3102 2083 Augerio
3135 2012 3447 2071 Busbeckio

1888 2104 1942 2150 et
1980 2094 2307 2151 Sebastiano
2340 2098 2725 2170 Tengnagelio.
2753 2102 2821 2155 Et
2847 2102 3287 2159 ducentesimum
3326 2108 3451 2175 qui-

1893 2189 2012 2242 dem
2076 2190 2423 2244 undecimum
2487 2208 2610 2247 cum
2666 2194 2916 2263 pluribus
2967 2197 3090 2252 aliis
3126 2208 3202 2253 eo
3264 2195 3460 2254 intulit

1890 2279 2291 2350 Tengnagelius
2320 2299 2333 2345 ;
2364 2282 2606 2352 reliquos
2640 2299 2767 2339 vero
2812 2294 2926 2341 tres
2987 2302 3110 2342 cum
3167 2289 3287 2343 aliis
3326 2291 3449 2359 plus

1893 2387 2053 2439 quam
2110 2374 2362 2427 ducentis
2422 2376 2599 2429 intulit
2657 2376 3012 2444 Busbeckius,
3053 2395 3081 2433 a
3116 2396 3174 2436 se
3205 2382 3450 2439 studiose

1894 2462 2237 2531 conquisitos
2296 2473 2348 2517 et
2388 2476 2743 2535 comparatos
2789 2469 2843 2524 in
2893 2469 3120 2533 Grtrcia,
3176 2487 3299 2527 cum
3351 2490 3450 2543 pro

1892 2554 2293 2622 Augustissimo
2377 2556 2590 2612 Cmsare
2664 2559 3012 2617 Ferdinando
3058 2562 3074 2616 l
3128 2564 3448 2635 legationem

1893 2643 2066 2697 obiret
2126 2644 2627 2714 Constantinopoli.
2695 2646 2803 2703 Sed
2861 2664 3038 2720 opera:
3090 2654 3329 2721 pretium
3375 2655 3452 2709 te.

1894 2747 2054 2796 cero,
2098 2735 2140 2788 si
2192 2734 2279 2789 his
2331 2750 2641 2804 apposuero
2699 2752 2973 2795 canonum
3023 2741 3075 2795 in
3137 2741 3446 2812 Deiparam,

1892 2823 1957 2878 de
1984 2825 2179 2891 quibus
2213 2826 2403 2880 codice
2431 2826 2555 2891 299,
2585 2829 2799 2884 titulum
2829 2838 3023 2897 totum,
3047 2844 3105 2885 ut
3136 2832 3209 2887 ibi
3232 2834 3454 2902 legitur,

1894 2914 1961 2968 ad
2025 2917 2468 2985 cognoscendum
2532 2918 2849 2975 distinctius
2907 2928 3186 2979 auctorem
3250 2927 3448 2993 ipsum.

1893 3006 2132 3069 Κανόνες
2190 3009 2588 3079 παρακλητικοὶ
2636 3010 2738 3078 τῆς
2797 3011 3104 3082 ὐπεραγίας
3151 3018 3448 3086 Δεσπὸίνης

1895 3098 2051 3169 ἡμῶν
2085 3099 2370 3155 Θεοτόκου.
2406 3102 2624 3172 Ποίημα
2663 3103 2913 3157 Ἰωάννου
2947 3106 3203 3177 μοναχοῦ,
3237 3108 3297 3162 τὸ
3326 3110 3415 3161 ἐπι
3436 3138 3450 3150 -

232 3213 413 3257 tamen
442 3220 727 3257 numerum
752 3218 1019 3258 annorum
1042 3204 1319 3273 aliquanto
1338 3203 1595 3272 majorem
1628 3213 1789 3274 ponat

1896 3188 2030 3259 κλην
2055 3192 2430 3262 Μαυρόποδος,
2463 3193 2558 3246 τοῦ
2588 3196 2644 3247 ὲν
2675 3195 2921 3266 ὑστέροις
2966 3198 3180 3268 χρόνοις
3226 3216 3446 3268 χρημα-

233 3293 631 3357 intercessisse,
664 3308 825 3358 quam
861 3301 1075 3363 recepta
1110 3294 1273 3348 modo
1312 3293 1664 3365 cbronologia
1694 3309 1792 3365 pa-

236 3386 396 3447 titur,
434 3386 640 3439 factum
669 3400 790 3439 esse
827 3376 1003 3455 potest
1032 3385 1249 3440 defectu
1284 3396 1555 3449 accurata:
1582 3386 1793 3441 notitiae

233 3476 514 3551 temporis,
536 3491 644 3544 quo
666 3474 1053 3529 Menoniachus
1071 3477 1379 3546 imperavit.
1414 3476 1598 3530 Potest
1628 3477 1789 3531 etiam

234 3564 349 3632 ipse
384 3567 653 3632 codicem,
686 3567 751 3620 de
784 3582 894 3635 quo
937 3568 1023 3621 hic
1068 3570 1337 3636 pitecipue
1372 3570 1606 3633 agimus,
1656 3570 1790 3623 scri-

234 3654 408 3721 psisse
429 3653 538 3707 diu
562 3665 686 3730 post
734 3655 908 3719 illum,
940 3656 1027 3708 cui
1065 3671 1268 3709 annum
1305 3656 1443 3710 1560
1488 3657 1789 3710 annotavit.

232 3742 389 3797 Certe
421 3744 625 3813 aliquid
662 3754 753 3798 aut
783 3746 979 3809 errori,
1006 3755 1101 3800 aut
1131 3747 1469 3815 ignorantia
1495 3756 1585 3800 aut
1616 3750 1788 3800 ἐπιει-

233 3835 355 3905 κείᾳ
400 3829 808 3890 concedendum
853 3846 955 3892 est.
991 3838 1033 3889 Α
1068 3850 1241 3891 morte
1273 3839 1413 3891 enim
1445 3838 1789 3893 Constantini

230 3922 574 3978 Monomachi
610 3926 672 3979 ad
704 3941 877 3995 usque
901 3942 1099 3979 annum
1128 3927 1263 3983 1560
1294 3927 1639 3982 deﬂuxerunt
1664 3931 1788 3984 anni

230 4014 495 4068 duntaxat
526 4015 650 4077 506,
676 4025 912 4085 ponente
944 4018 1163 4073 interim
1196 4018 1412 4072 Audrca
1453 4036 1629 4073 annos
1660 4012 1785 4074 564.

236 4103 300 4159 Ut
333 4116 389 4157 ut
418 4114 502 4160 est
527 4107 594 4161 de
627 4122 787 4161 sensu
816 4108 1105 4175 scriptoris
1128 4110 1356 4163 Andreae
1377 4127 1401 4183 ς,
1428 4110 1478 4163 in
1504 4127 1568 4163 eo
1595 4111 1786 4165 saltem

232 4207 339 4247 non
369 4194 596 4256 erravit,
637 4196 778 4261 quod
806 4194 1071 4251 Joannem
1100 4198 1503 4267 metropolitam
1555 4202 1789 4255 Euchai-

230 4292 407 4338 tarum
450 4290 645 4354 (quem
680 4295 734 4339 et
773 4285 1158 4355 Mauropodem
1208 4290 1462 4358 appellari
1500 4293 1651 4362 lego)
1683 4292 1786 4346 sub

226 4375 590 4431 Constantino
613 4376 970 4432 lilonomacho
1001 4380 1199 4434 vixisse
1238 4389 1469 4435 asserat.
1530 4380 1586 4435 id
1640 4384 1784 4437 enim

228 4480 295 4520 ex
323 4468 543 4534 scriptis
572 4468 741 4533 ipsius
768 4467 1178 4522 etiamJoannis
1198 4471 1410 4523 eruitur
1435 4488 1449 4533 ;
1483 4480 1669 4540 utpote
1692 4472 1783 4541 qui

1893 3280 2138 3344 σείσαντος
2186 3284 2483 3353 ἀρχιερέως
2539 3285 2838 3355 Εὐχαΐτων,
2870 3280 2932 3340 οὗ
2980 3287 3038 3341 τὸ
3084 3288 3252 3360 ὄνομα
3300 3290 3445 3345 ἐντέ-

1892 3387 2089 3457 τεξκται
2120 3375 2183 3443 τῇ
2219 3374 2550 3443 ἀκροπιχέδι
2587 3376 2823 3446 ἑκάστης
2848 3378 3073 3449 ἐννάτης
3096 3378 3257 3449 ᾠδῆς.
3295 3398 3313 3430 ι
3345 3381 3448 3434 Ca—

1894 3478 2066 3517 noncs
2092 3466 2399 3531 paracletici
2429 3466 2796 3522 sanctissimae
2828 3468 3074 3524 Dominae
3109 3479 3312 3525 nostrae
3353 3470 3446 3525 Dei

1894 3550 2206 3607 Gcnitricis.
2260 3554 2454 3608 Poema
2490 3554 2716 3610 Joannis
2762 3559 3040 3624 monachi,
3087 3573 3447 3629 cognomento

1894 3642 2236 3713 Mattropodis
2262 3661 2357 3699 seu
2390 3644 2719 3717 Nigripedis,
2743 3650 2836 3717 qui
2867 3649 3074 3705 ultimis
3105 3651 3446 3721 temporibus

1893 3735 2103 3789 exstitit
2131 3735 2577 3807 archiepiscopus
2608 3737 3032 3807 Euchaitarum;
3067 3741 3225 3810 cujus
3259 3753 3313 3797 et
3349 3757 3447 3795 no-

1901 3839 2024 3877 men
2082 3820 2355 3879 inscrtum
2421 3836 2503 3880 est
2554 3828 2905 3883 acrostichidi
2974 3843 3130 3884 nonae
3181 3832 3446 3900 cujusque

1892 3919 2026 3971 odae.
2071 3929 2089 3967 ι

1964 4008 2100 4061 Addi
2136 4008 2317 4063 citatis
2353 4008 2629 4064 Euchaitze
2667 4012 2888 4081 scriptis
2922 4022 3172 4081 possunt,
3208 4028 3326 4083 quae
3351 4029 3447 4065 no-

1894 4106 1972 4151 tat
2009 4099 2243 4155 Allatius
2279 4102 2331 4154 in
2368 4101 2608 4155 Diatriba
2650 4102 2718 4157 de
2760 4100 3130 4167 Simeonibus,
3174 4094 3447 4173 [producto

1890 4192 2229 4259 singulorum
2295 4193 2566 4261 principio
2616 4195 2883 4263 tittrloque
2946 4195 3444 4264 Graeceynempe,

1896 4299 1914 4331 ί
1954 4279 2244 4336 OratiOnes
2274 4284 2326 4335 in
2363 4282 2559 4337 festum
2589 4292 2904 4338 sanctorum
2958 4286 3289 4353 Angelorum
3320 4305 3333 4351 ;
3388 4288 3446 4341 in’

1890 4381 2130 4426 sanctam
2169 4371 2557 4426 Dormitionem
2591 4373 2949 4447 sanctissima.-
2983 4372 3076 4427 Dei
3117 4374 3443 4443 Genitricis;

1891 4460 1944 4514 in
1978 4462 2293 4514 memoriam
2326 4460 2499 4515 sancti
2533 4462 3003 4532 megalomartyris
3048 4461 3350 4525 Theodori;
3388 4467 3441 4516 in

233 4555 411 4609 tribus
437 4557 780 4619 poematibus
808 4557 943 4623 suis,
975 4556 1223 4612 videlicet
1249 4558 1339 4623 71,
1360 4560 1427 4613 87
1442 4568 1495 4613 et
1517 4561 1583 4615 83
1610 4562 1662 4615 in
1690 4576 1783 4614 co-
1820 4545 1865 4607 υ
1892 4552 2204 4605 memoriam
2234 4553 2406 4607 sancti
2427 4554 2680 4623 martyris
2698 4552 2967 4607 Theodori
2986 4553 3203 4635 Tironis
3222 4556 3337 4610 sive
3364 4557 3441 4618 si;

229 4646 352 4701 dice
377 4646 648 4710 Caesareo,
679 4650 742 4701 de
768 4645 1125 4702 Constantino
1146 4656 1401 4717 tanquam
1428 4650 1641 4704 vivente
1668 4649 1789 4703 lau-

229 4734 486 4790 dabiliter
506 4735 636 4805 agit,
663 4734 999 4803 atiirmatque
1014 4736 1132 4806 ejus
1158 4736 1445 4807 imaginem
1474 4738 1527 4792 in
1557 4737 1787 4793 Euchal~

231 4825 302 4880 tis
334 4826 630 4880 asservari.
1056 4816 1060 4820 ἱ

300 4912 577 4969 Hactenus
603 4917 669 4969 de
694 4912 812 4971 viro
838 4916 981 4987 ipso,
1016 4933 1205 4987 parum
1234 4918 1440 4973 Latinis
1458 4930 1610 4976 noto.
1634 4919 1787 4975 Nunc

229 5006 297 5061 de
326 5006 546 5075 scriptis
576 5005 927 5075 ejusrminus
973 5010 1137 5062 etiam
1181 5008 1347 5074 notis,
1376 5008 1578 5078 juverit
1607 5009 1787 5063 brevi-

231 5105 315 5152 ter
350 5104 613 5159 tractare,
642 5111 817 5165 eaque
847 5097 1116 5165 imprimis
1147 5097 1413 5163 indicare,
1445 5114 1567 5166 quae
1593 5098 1789 5153 biblio-

232 5188 391 5259 .beca
419 5187 663 5241 Ctesarea
698 5188 1079 5243 subministrat
1115 5203 1249 5244 mss.
1282 5187 1470 5241 Exstat
1504 5189 1574 5241 ibi
1601 5189 1787 5244 codice

228 5277 335 5333 901
387 5280 529 5331 inter
572 5278 872 5348 theologos,
929 5296 948 5329 r
1004 5277 1230 5333 Joannis
1274 5277 1627 5345 Metropolitae
1678 5276 1787 5332 Eu-

230 5369 540 5423 chaitarum
571 5369 747 5421 oratio
782 5367 839 5421 in
881 5379 993 5422 tres
1022 5377 1246 5423 sanctos
1288 5367 1481 5421 Patres
1519 5366 1782 5423 Basilittm

233 5456 509 5528 Magnum,
530 5457 849 5527 bregorium
871 5458 1209 5528 Theologum
1240 5472 1334 5513 seu
1362 5456 1783 5524 Nazianzenum,

232 5559 286 5607 et
312 5550 578 5605 Joannem
610 5551 1087 5621 Chrysostomum.
1132 5569 1150 5601 ι
1192 5550 1371 5605 Codex
1420 5550 1544 5612 2H.
1582 5567 1644 5605 ex
1676 5565 1786 5620 quo

232 5641 622 5712 Gantpcndiutn
674 5643 809 5696 Vitae
861 5642 971 5709 jam
1034 5640 1508 5711 deprompsimus,
1565 5641 1785 5695 exhibet

237 5742 482 5801 poemata
517 5732 629 5787 duo
682 5746 845 5802 supra
878 5740 1122 5796 centum,
1179 5731 1434 5801 pleraque
1478 5731 1781 5813 atgumeuti

237 5823 397 5890 neri,
424 5838 589 5880 versu
626 5822 857 5879 iambico
886 5822 1229 5879 concinnata.
1280 5821 1461 5879 Codex
1506 5821 1607 5876 299
1630 5824 1782 5887 ejus-

1888 4646 1983 4699 τὸν
2017 4645 2302 4716 ἀνθισμὸν·
2336 4650 2386 4698 in
2414 4646 2733 4700 memoriam
2764 4645 2936 4700 sancti
2974 4634 3229 4711 martyris
3264 4645 3442 4701 Theo-

1888 4736 2007 4789 dori
2035 4738 2148 4791 sive
2168 4736 2259 4790 τοῦ
2294 4735 2467 4798 Πεζοῦ
2489 4751 2503 4765 ο
2547 4735 2599 4788 in
2637 4742 2749 4789 tres
2787 4744 3006 4791 sanctos
3038 4738 3310 4791 antistites
3337 4736 3440 4789 Da-

1888 4826 2090 4890 silium,
2132 4817 2603 4895 Chrysostomum,
2643 4836 2696 4879 ct
2744 4824 3115 4895 Gregorium:
3154 4844 3171 4876 ‹
3212 4825 3340 4878 ltcm
3386 4827 3438 4877 in

1887 4916 2104 4973 eosdem
2131 4917 2309 4970 oratio
2340 4916 2469 4980 alia,
2497 4931 2725 4985 quarum
2775 4917 2923 4986 prior
2957 4916 3144 4970 eadem
3186 4926 3269 4971 est
3313 4931 3436 4969 cum

1887 5012 2052 5065 citata
2087 5024 2148 5063 ex
2192 5008 2514 5063 bibliotheca
2560 5008 2833 5070 Cmsarea,
2899 5008 3173 5077 posterior
3218 5008 3285 5059 ah
3342 5006 3435 5060 illa

1886 5101 2120 5155 diversa.
2148 5099 2374 5154 Ad'haec
2407 5117 2425 5149 ι
2468 5098 2752 5153 Orationes
2803 5100 2854 5154 in
2900 5099 3209 5153 memoriam
3240 5109 3440 5151 sancta:

1887 5194 2141 5264 martyris
2168 5190 2431 5245 .Eusebim
2484 5190 2623 5261 apud
2660 5188 2990 5254 Euchaitas;
3032 5176 3085 5243 in
3116 5189 3437 5243 memoriam

1886 5282 2069 5350 magni
2110 5281 2547 5351 Triumphatoris
2598 5290 2721 5349 post
2775 5282 3108 5341 celebratum
3153 5278 3438 5333 Paschalis

1886 5373 2160 5438 triduum;
2200 5373 2252 5425 in
2287 5372 2426 5426 diem
2463 5370 2733 5426 memoria:
2762 5372 2941 5440 magni
2975 5369 3436 5440 Triumphatoris,

1886 5462 2051 5530 inque
2091 5475 2258 5528 nuper
2300 5461 2503 5514 factum
2536 5459 2678 5530 apud
2728 5458 2997 5516 Barbaros
3036 5459 3378 5515 miraculum.
3414 5477 3431 5507 ι

1886 5548 2126 5616 Denique
2168 5550 2307 5611 Vita,
2339 5565 2501 5619 quam
2536 5564 2634 5607 nos
2676 5550 2817 5604 intra
2867 5550 3223 5620 proferimus,
3257 5550 3433 5603 sancti

1883 5638 2058 5694 Patris
2085 5639 2250 5692 nostri
2276 5638 2530 5693 Dorothei
2552 5639 2791 5696 Junioris
2815 5641 2929 5695 sive
2950 5640 3044 5693 τοῦ
3062 5641 3117 5693 ὲν
3134 5640 3207 5706 τῷ
3238 5638 3406 5691 Χιλιω
3422 5667 3434 5677 ·

1884 5729 2073 5799 κώμῳ.
2111 5728 2173 5783 Et
2229 5729 2341 5784 haec
2387 5732 2599 5800 quidem
2650 5733 2853 5801 scripta
2906 5731 3061 5799 ejus.
3118 5731 3186 5784 ab
3234 5728 3433 5782 Allatio

1886 5820 2115 5875 indicata
2141 5837 2153 5876 :
2190 5822 2266 5874 uti
2299 5824 2601 5885 superiora,
2627 5822 2679 5876 in
2707 5823 2983 5877 codicibus
3010 5820 3269 5877 Czcsarcis
3299 5834 3433 5873 con—
