4126 6338
683 427 815 495 tau
1209 372 1211 375 1
1804 425 2140 487 IOANNES
2174 423 2752 487 sucmmnsrs.
3775 420 3906 487 tots

686 548 817 598 stes,
847 537 940 592 sed
968 538 1129 591 etiam
1167 537 1337 593 Alexii
1367 536 1627 592 Conmeui
1670 536 1845 607 attigit
1887 537 2201 607 imperium,
2223 537 2494 607 siquidem
2522 537 2576 592 in
2604 537 2736 591 Jure
2762 536 2949 590 Graeco
2980 535 3246 600 llornano,
3279 536 3373 591 lib.
3402 552 3482 601 nt,
3522 551 3576 605 p.
3604 534 3733 596 215,
3770 534 3901 590 inter

685 625 1131 692 inetrnpolitauos
1163 629 1255 694 qui
1300 625 1540 689 Nicolao,
1565 625 1888 694 patriarchae
1926 623 2033 680 CP.
2073 623 2440 681 meuseJunio
2475 624 2665 681 indict.
2698 623 2766 677 15
2795 619 2939 693 (hoc
2973 632 3057 677 est
3112 622 3315 677 Christi
3360 623 3519 686 1002,
3579 622 3753 677 Alesii
3803 623 3900 677 Cn-

681 713 856 766 mneni
878 713 996 783 (12)
1021 713 1360 777 assederunt,
1391 721 1715 767 memoratur
1734 713 1762 765 ὁ
1800 713 2097 781 Εὐχανεῑας
2126 713 2400 779 Ἰωάννης.

755 798 812 853 1η
872 801 930 855 S.
996 799 1457 870 Theopln'lactum
1534 815 1790 871 quoque,
1866 792 1958 870 qui
2021 808 2073 854 et
2123 801 2235 867 ipse
2279 800 2454 855 Alesii
2521 799 2782 855 Comncni
2864 798 3091 864 contigit
3167 807 3453 867 tempora,
3533 805 3712 853 exstat
3787 798 3895 866 epi-

679 902 939 957 gramma,
1000 904 1052 957 p.
1082 888 1168 942 47.

764 973 774 1044 |
802 979 1037 1029 Auctore
1073 974 1235 1038 Cave,
1265 976 1301 1027 l.
1331 989 1379 1028 c.
1415 976 1637 1045 scripsit
1670 975 1753 1030 Jo.
1781 978 2102 1046 Maumpus.

759 1060 1059 1115 Orationem
1085 1064 1509 1117 encomiasticam
1550 1065 1603 1116 in
1641 1072 1746 1119 tres
1779 1065 1877 1120 SS.
1928 1064 2139 1128 Patres,
2167 1064 2430 1120 Basiliam
2459 1065 2559 1131 31.,
2594 1067 2899 1136 Gregorium
2929 1066 3243 1137 Tlteologum
3274 1076 3323 1119 et
3370 1065 3531 1119 Joan.
3587 1062 3900 1134 Chrysosto-

684 1165 843 1201 nium.
872 1149 929 1203 ln
960 1150 1080 1204 cod.
1120 1148 1351 1205 Vindob.
1391 1150 1530 1205 Cres.
1560 1151 1685 1215 204,
1718 1169 1773 1207 ιι.
1817 1154 1871 1207 5.
1916 1153 1977 1207 ν.
2006 1152 2263 1208 Lambec.
2305 1154 2612 1210 Comment.
2662 1152 2727 1217 V,
2770 1168 2889 1225 pag.
2926 1155 2985 1208 11
3049 1169 3204 1223 seqq.
3265 1152 3510 1206 Meminit
3561 1154 3726 1207 etiam
3781 1152 3900 1215 ejus

680 1246 819 1289 orat.
856 1234 961 1289 Leo
1005 1237 1235 1292 Albitius
1262 1237 1314 1291 in
1341 1236 1509 1292 Diatr.
1544 1237 1610 1294 de
1634 1238 1949 1295 Simeonum
1991 1241 2233 1311 scriptis,
2266 1256 2387 1313 pag.
2431 1238 2554 1297 105.
2590 1241 2703 1296 Vid.
2746 1254 2963 1311 quoque
3003 1255 3169 1310 supra
3194 1243 3263 1296 de
3297 1239 3705 1308 Cbrysostomo,
3736 1243 3789 1289 et
3823 1237 3903 1289 in-

690 1323 768 1375 l'ra
802 1324 905 1377 vol.
943 1322 1029 1383 IX,
1058 1340 1112 1392 p.
1138 1324 1226 1378 62.

751 1412 1053 1464 Orationem
1086 1414 1165 1473 ei;
1189 1412 1292 1479 τὴν
1324 1414 1547 1483 μνήμην
1574 1412 1669 1467 τοῦ
1700 1414 1854 1482 ἁγίου
1888 1416 2167 1486 μάρτυρος
2210 1414 2380 1471 Θεοδὼ

2272 1414 2512 1489 εοδὼριιυ,
2562 1419 2680 1487 ἦτοι
2713 1416 2808 1469 τοῦ
2850 1416 3015 1481 πεζοῦ
3054 1434 3065 1447 ·
3102 1418 3289 1485 incipit
3320 1414 3459 1484 ﬂap'
3492 1414 3625 1485 ἡμῖν
3654 1412 3697 1463 δ’
3728 1409 3820 1463 οὖν
3841 1410 3901 1462 οὐ

682 1498 881 1548 σπάνια
924 1500 991 1549 τὰ
1025 1497 1186 1563 καλὰ,
1221 1498 1280 1550 τὸ
1306 1498 1401 1551 τοῦ
1446 1500 1600 1567 λόγου
1629 1518 1641 1530 ο
1676 1517 1837 1570 quam
1880 1503 2164 1558 confundit
2209 1503 2311 1559 Ncs

2273 1491 2485 1562 :sselius
2521 1506 2576 1560 in
2607 1506 2724 1560 Cat.
2767 1504 2925 1561 codd.
2977 1506 3180 1571 Caesar.
3234 1512 3375 1574 part.
3405 1519 3440 1565 I,
3467 1518 3584 1565 pag.
3623 1498 3749 1563 221,
3782 1512 3902 1549 eum

681 1600 880 1651 p"lt)rt:.

748 1695 985 1751 Conone:
1005 1698 1377 1765 paracleticos,
1407 1700 1521 1754 sive
1544 1699 1785 1754 carmina
1817 1700 2186 1755 consolatoria
2216 1700 2308 1764 21,
2339 1699 2406 1754 ad
2430 1697 2732 1761 Christum,
2784 1708 2985 1754 soters.
3047 1697 3108 1751 lu
3175 1696 3299 1751 cod.
3366 1692 3601 1749 Yindob.
3654 1691 3911 1747 Caesareo

680 1783 849 1838 theol.
882 1783 975 1848 78,
1011 1783 1311 1839 secundum
1340 1782 1572 1840 Nesselii
1600 1785 1722 1839 Cat.
1751 1801 1811 1839 η.
1835 1787 1897 1850 1,.
1932 1780 2028 1841 ιὀΙ.
2064 1788 2115 1839 1.
2152 1786 2330 1842 Unum
2361 1786 2618 1855 quodque
2641 1800 2860 1841 carmen
2892 1784 3225 1854 peculiarem
3267 1796 3421 1837 suam
3454 1779 3621 1834 habet
3667 1778 3901 1832 acrosti-

676 1868 914 1932 chitletn,
952 1883 1091 1938 quas,
1132 1870 1318 1924 itidem
1363 1878 1421 1924 ut
1461 1871 1712 1939 qmelibet
1737 1872 1862 1937 ode,
1890 1886 2058 1933 nona,
2090 1873 2312 1927 nomine
2342 1870 2571 1927 Joannis
2608 1871 2867 1941 insignita
2893 1881 2999 1927 est.
3054 1869 3181 1926 litae
3230 1878 3288 1925 et
3352 1868 3635 1938 sequentia
3691 1865 3908 1920 cantica

681 1953 796 2008 sive
834 1968 1074 2011 canones
1106 1953 1422 2022 diligentius
1473 1956 1754 2027 fusiusque
1809 1960 2085 2014 recensuit
2138 1957 2391 2015 Latuhec.
2450 1958 2662 2015 Comm.
2696 1958 2764 2025 V,
2811 1975 2865 2030 ι).
2909 1959 3013 2015 560
3071 1972 3224 2028 seqq.
3269 1956 3336 2011 de
3379 1956 3501 2011 cod.
3549 1954 3664 2024 (uti
3716 1966 3904 2007 nume-

678 2049 796 2107 rat)
835 2042 962 2095 219.

748 2127 887 2184 Ibid.
948 2127 1047 2184 fol.
1106 2128 1213 2193 77,
1277 2143 1397 2200 pag.
1445 2130 1500 2194 2,
1562 2130 1664 2185 alia
1694 2134 1957 2186 suntduo
1986 2131 2208 2188 Cantica
2241 2132 2307 2189 ad
2338 2132 2644 2198 Christum,
2702 2144 2901 2199 cetera,
2956 2135 3075 2191 sine
3138 2132 3501 2188 acrosticbide
3558 2136 3612 2185 et
3667 2127 3893 2183 nomine

678 2218 943 2271 auctoris.

750 2332 825 2386 lb.
855 2332 951 2388 t‘ol.
976 2331 1065 2398 85,
1094 2347 1216 2404 pag.
1255 2332 1307 2395 1,
1339 2332 1541 2390 Conon.
1583 2336 1694 2393 sive
1744 2338 2031 2395 Canticum
2065 2341 2129 2394 ad
2163 2349 2379 2396 sanetur

2275 2349 2412 2395 etum
2444 2341 2696 2411 angelum
2725 2338 3030 2396 custodem.
3066 2366 3136 2377 -—
3158 2335 3281 2390 Fol.
3306 2334 3394 2399 88,
3431 2347 3554 2404 pag.
3584 2333 3635 2394 1,
3662 2330 3904 2386 (Iunones

680 2420 794 2473 sive
824 2420 1032 2474 cantica
1071 2419 1160 2481 67,
1193 2419 1262 2474 ad
1292 2420 1512 2476 Mariam
1551 2422 1857 2494 Deiparam,
1885 2441 2119 2495 quorum
2154 2442 2321 2481 unum
2354 2429 2610 2499 quodque
2646 2429 2978 2498 peculiarem
3010 2440 3162 2481 suam
3193 2424 3354 2479 habet
3384 2420 3827 2480 acrostieh‘dcm,
3852 2427 3901 2471 et

679 2505 891 2566 itidem,
928 2516 983 2558 ut
1005 2507 1256 2575 qmelibet
1285 2506 1409 2573 ode,
1437 2525 1604 2574 nona,
1637 2513 1856 2567 nomine
1908 2512 2135 2570 Joannis
2162 2524 2250 2569 est
2284 2515 2570 2586 insignita.
2594 2546 2661 2555 —
2696 2514 2811 2569 ποι.
2846 2515 2975 2578 515,
3012 2529 3063 2583 p.
3093 2515 3145 2577 1,
3179 2512 3419 2567 Canones
3455 2509 3569 2565 sive
3593 2506 3806 2561 cantica
3832 2505 3896 2558 11

682 2594 748 2646 ad
782 2591 843 2649 S.
873 2592 1133 2649 Joannem
1167 2595 1489 2665 Baptislam,
1515 2599 1727 2661 eodem,
1758 2614 1868 2668 quo
1893 2602 2095 2670 priora,
2131 2599 2295 2657 modo
2327 2603 2569 2658 condita.
2601 2633 2670 2643 —-
2702 2602 2928 2671 Aliquot
2961 2616 3187 2654 canones
3228 2598 3530 2667 paracletici
3580 2606 3705 2652 sunt
3735 2597 3900 2651 etiam

681 2680 733 2732 in
765 2680 888 2734 cod.
923 2678 1123 2736 Cazsar.
1152 2681 1274 2745 509,
1309 2682 1399 2736 lin.
1443 2682 1495 2738 γ.
1524 2682 1776 2740 Lati-hec.
1816 2685 1879 2752 ν,
1912 2702 1966 2756 p.
1992 2687 2116 2743 575.

754 2794 887 2849 liid.
917 2795 1039 2850 cod.
1080 2797 1200 2857 105,
1231 2797 1580 2853 continentur
1603 2800 1848 2868 ejusdem
1884 2800 1984 2855 102
2013 2818 2168 2856 sacra
2196 2804 2441 2865 iambico,
2471 2809 2688 2874 praetisa
2748 2804 2916 2873 ipsius
2972 2804 3240 2874 Epitome.
3301 2803 3558 2859 Curatius
3610 2798 3901 2869 descripsit

682 2881 934 2935 Latnbec;
968 2884 1109 2937 illlllc
1149 2883 1271 2938 cod.
1303 2900 1461 2953 quem
1502 2897 1749 2941 numerat
1783 2888 1911 2952 211,
1942 2893 1996 2943 in
2037 2890 2344 2948 Comment.
2378 2891 2485 2945 vol.
2519 2891 2584 2953 ν,
2617 2905 2740 2960 pag.
2773 2890 2842 2945 66
2871 2906 3035 2960 sqq.;
3082 2900 3137 2944 et
3180 2892 3518 2961 singulorum
3584 2899 3897 2958 poematum

686 2969 1065 3036 inscriptiones
1092 2978 1252 3038 atque
1279 2969 1543 3038 principia
1571 2971 1769 3039 posuit,
1802 2973 2038 3042 itemque
2087 2978 2327 3031 correxit
2379 2977 2649 3047 Hippolyti
2700 2975 2949 3031 Maraccii
2998 2976 3289 3042 Lucensis,
3335 2978 3426 3046 qui
3474 2976 3527 3031 in
3574 2975 3907 3030 Bibliotheca

683 3055 931 3108 Mariana
960 3056 1026 3110 de
1047 3056 1270 3112 Joannis
1313 3055 1482 3111 Maur.
1521 3067 1699 3123 :ctate,
1726 3068 1987 3128 tanquam
2014 3076 2074 3116 re
2110 3061 2320 3117 incerta
2352 3064 2482 3134 agit,
2513 3072 2565 3117 et
2594 3063 2728 3117 Sim.
2760 3062 3122 3132 Wagnereck,
3170 3063 3262 3133 qui
3312 3065 3367 3118 in
3422 3063 3619 3117 Pietate
3649 3062 3893 3116 Mariana

684 3146 1167 3213 (.rwrorum,part.
1196 3160 1235 3207 ι,
1260 3145 1311 3197 in
1354 3144 1661 3213 Prolegom.
1692 3162 1747 3200 ιι.
1781 3147 1872 3210 25,
1916 3150 2110 3203 scribit
2142 3165 2212 3205 se
2239 3152 2480 3207 nondum
2528 3152 2823 3220 quicquam
2860 3151 2929 3207 de
2964 3159 3154 3208 nostro
3211 3150 3505 3214 invenisse,
3569 3149 3712 3217 quod
3765 3148 3900 3202 viris

682 3232 864 3285 doctis
899 3232 1131 3299 probare
1159 3248 1216 3286 se
1248 3248 1407 3301 posse
1436 3235 1754 3288 conﬁderet.
1786 3235 1907 3304 Ipse
1945 3244 2124 3291 tamen
2150 3236 2407 3292 Lambec.
2432 3238 2702 3304 ignoravit
2732 3236 2864 3292 edit.
2910 3236 3058 3292 Busti
3095 3236 3447 3299 Elaeensem,
3494 3234 3742 3296 miratus,
3772 3248 3900 3305 poe-

683 3327 825 3370 mata
862 3334 1015 3374 sacra
1049 3330 1348 3373 memorata
1372 3336 1399 3374 a
1432 3319 1587 3375 Joan.
1621 3320 1860 3377 Menrsio
1903 3324 2083 3377 sexies
2109 3324 2270 3377 citari
2300 3324 2353 3377 in
2409 3322 2694 3378 Clossario
2721 3322 3210 3389 Graeco-barbaro,
3243 3333 3299 3379 et
3327 3323 3545 3394 quidem
3596 3324 3741 3378 velut
3782 3329 3899 3393 jam

682 3404 849 3457 edim.
891 3405 994 3458 Sed
1023 3405 1430 3475 Kollariusjam
1469 3408 1520 3460 in
1561 3415 1686 3461 nota
1720 3408 1782 3472 Α,
1811 3409 1928 3463 loco
1968 3410 2142 3463 nostri
2178 3409 2409 3463 Fabricii
2453 3409 2643 3472 allato,
2680 3410 2912 3464 certiora
2955 3410 3154 3465 docuit.

761 3487 901 3539 idem
932 3486 1091 3540 Joan.
1126 3487 1299 3541 Maur.
1332 3490 1550 3557 scripsit
1589 3488 1761 3543 Vitam
1793 3491 1855 3547 S.
1916 3491 2176 3555 Eusebiae,
2218 3494 2359 3560 apud
2394 3494 2687 3550 Euchaitas
2722 3496 2775 3549 in
2820 3511 3021 3566 magna
3076 3497 3427 3553 veneratione
3486 3498 3722 3559 habitae;
3768 3501 3896 3554 item

688 3572 857 3625 Vitam
899 3573 959 3627 S.
1006 3574 1251 3627 Dorothei
1279 3575 1515 3643 jnnioris
1544 3578 1596 3629 in
1619 3576 1969 3640 Chiliocomo,
1997 3580 2285 3643 exquibus
2313 3580 2613 3649 fragmenta
2646 3582 2901 3651 quasdam
2930 3585 3136 3651 prolata
3167 3599 3288 3639 esse
3317 3600 3346 3639 a
3372 3585 3550 3641 Leoae
3591 3588 3809 3649 Allatio,
3842 3590 3897 3643 in

682 3661 820 3713 libro
861 3659 931 3713 De
950 3676 1199 3714 consensu
1229 3662 1772 3728 utriusqueErclesitc
1796 3666 1849 3718 in
1872 3665 2113 3731 dogmate
2135 3665 2197 3718 de
2230 3670 2555 3737 purgatorio,
2602 3684 2655 3738 p.
2697 3668 2820 3737 751,
2856 3670 3056 3726 indicat
3088 3670 3248 3727 Cave.
3282 3673 3419 3726 Add.
3470 3672 3646 3742 ipsutn
3673 3671 3899 3728 Fabric.

680 3745 734 3798 in
772 3744 877 3799 (ine
906 3748 1165 3801 sectionis
1196 3747 1262 3801 de
1290 3745 1446 3801 Joan.
1486 3748 1649 3803 Maur,

754 3851 952 3906 Praeter
982 3862 1311 3910 memoratos
1338 3856 1502 3911 codd.
1535 3856 1843 3912 Vindobon.
1872 3869 2000 3913 sunt
2029 3860 2116 3913 alii
2153 3874 2394 3931 quoque.
2436 3861 2487 3913 in
2532 3860 2731 3929 quibus
2766 3869 2984 3915 exuant
3029 3859 3189 3915 Joan.
3218 3860 3565 3932 Mauropodis
3596 3864 3893 3933 Opusculss

688 3936 974 3993 Florentio:
1001 3942 1052 3993 in
1084 3941 1216 3994 bibl.
1250 3941 1509 3996 Laurent.
1546 3942 1725 3996 Canon
1752 3946 1803 3996 in
1828 3945 1885 3998 S.
1921 3950 2163 4015 angelum
2204 3953 2317 3997 cust

2273 3944 2495 4005 stadem,
2527 3944 2577 3995 in
2615 3945 2738 3997 ροιΙ.
2786 3944 2873 4006 17,
2910 3961 2963 3997 n.
3022 3944 3108 4008 12,
3163 3947 3297 4014 plut.
3346 3946 3414 3999 15
3456 3946 3721 4015 (Bandin.
3773 3949 3900 4005 Cat.

683 4028 844 4079 codd.
887 4027 982 4081 Gr.
1015 4025 1177 4081 Laur.
1208 4028 1247 4089 Ι,
1279 4043 1398 4099 pag.
1433 4029 1559 4097 10).
1601 4059 1629 4066 ~
1676 4030 2004 4085 Encomium
2027 4034 2080 4085 in
2110 4032 2207 4085 SS.
2246 4030 2453 4093 Patres,
2502 4027 2665 4083 Basil.
2702 4030 2770 4082 Μ.
2806 4028 3031 4098 Gregor.
3069 4025 3309 4099 Theolog
3361 4041 3416 4086 et
3456 4031 3614 4086 Joan.
3649 4033 3895 4105 Chryso-

682 4124 943 4173 stmnum,
972 4116 1023 4167 in
1055 4116 1175 4167 COli.
1207 4115 1293 4179 17,
1325 4131 1378 4169 ιι.
1405 4114 1473 4169 29
1502 4115 1703 4182 (Band.
1742 4116 1776 4171 l.
1805 4132 1855 4171 c.
1890 4131 2010 4186 pag.
2050 4117 2205 4185 418).
2239 4117 2308 4172 Es

2264 4117 2334 4172 ist
2379 4131 2596 4185 quoque
2648 4116 2772 4169 illud
2837 4114 3158 4171 Encomium
3211 4118 3265 4172 in
3318 4119 3479 4173 codd.
3541 4118 3785 4175 Vatican.
3827 4123 3893 4182 γ.

683 4202 871 4257 Montl.
910 4203 1045 4255 Bibl.
1090 4203 1212 4256 bibl.
1248 4220 1372 4262 mss.
1409 4204 1447 4265 l,
1477 4220 1599 4275 pag.
1644 4204 1709 4257 12
1746 4207 1807 4267 1),
1833 4215 1884 4259 et.
1920 4208 1982 4260 15
2012 4207 2074 4261 C.
2104 4223 2118 4271 ;
2154 4238 2221 4247 -
2250 4206 2303 4259 in
2343 4203 2466 4257 cod.
2493 4202 2709 4257 Mediol.
2737 4203 2926 4257 Anthr.
2987 4203 3116 4258 ibid.
3149 4219 3271 4275 pag.
3305 4204 3409 4259 580
3439 4206 3481 4260 Α
3507 4222 3522 4271 ;
3547 4237 3601 4246 —
3649 4209 3698 4260 in
3728 4210 3894 4266 codd.

682 4288 854 4341 Paris.
888 4288 1019 4341 bibl.
1052 4290 1201 4356 pubi.
1233 4289 1356 4353 559,
1386 4306 1441 4345 ιι.
1482 4292 1537 4349 9.
1570 4301 1623 4346 et
1655 4292 1810 4355 1557,
1848 4309 1899 4346 ιι.
1926 4293 2015 4356 21,
2054 4293 2282 4347 second.

2269 4332 2282 4345 .
2323 4290 2445 4344 Cat.
2472 4290 2632 4343 codd.
2676 4290 2854 4344 Paris.
2896 4291 3003 4344 vol.
3038 4290 3119 4356 ll;
3154 4322 3221 4332 —
3245 4292 3297 4345 in
3334 4292 3495 4347 codd.
3538 4294 3765 4351 Coistin.
3788 4299 3896 4353 501

683 4387 735 4429 ct
768 4376 890 4433 507,
926 4379 978 4427 in
1012 4373 1258 4430 liomibis
1288 4385 1340 4431 et
1368 4375 1501 4431 Vitis
1534 4375 1633 4432 SS.
1671 4388 1895 4448 martyr.
1925 4378 2049 4434 Jan.
2084 4378 2148 4433 V.
2186 4378 2484 4432 Montfauc.
2523 4382 2574 4429 In
2608 4376 2746 4430 Bibl.
2777 4377 2946 4432 Coisl.
3006 4393 3128 4447 pag.
3167 4378 3293 4440 418,
3327 4395 3511 4448 quem,
3545 4381 3729 4447 miror,
3760 4400 3896 4439 nus-

683 4478 842 4531 quam
868 4463 1012 4514 illius
1038 4463 1365 4515 mentionem
1411 4464 1605 4517 {attain
1640 4466 1950 4533 reperisse;
1983 4476 2033 4519 et
2062 4481 2181 4535 pag.
2203 4466 2331 4527 155,
2368 4465 2458 4518 ubi
2481 4473 2647 4527 errat,
2681 4464 2916 4519 Caveum
2952 4480 3057 4518 non
3085 4467 3399 4521 meminisse
3442 4467 3590 4522 illius
3614 4471 3890 4536 opusculi.

680 4582 749 4592 η-
777 4548 1000 4602 Taurini
1024 4550 1077 4602 in
1116 4550 1243 4602 bibl.
1273 4550 1403 4618 lteg.
1425 4551 1585 4605 codd.
1621 4551 1710 4612 70,
1745 4551 1817 4604 fol
1863 4552 1985 4613 529,
2010 4552 2206 4614 (ξι-116,
2238 4554 2289 4607 ἰιι
2319 4553 2419 4607 SS.
2449 4554 2670 4606 Patrum
2702 4552 3058 4608 Sermonibus
3083 4552 3347 4625 Vitisque,
3369 4570 3555 4609 mense
3587 4556 3813 4612 Januar.
3834 4561 3893 4614 «1.

685 4641 773 4691 50.
807 4637 868 4691 γ.
902 4636 1022 4691 Cat.
1061 4635 1222 4690 codd.
1258 4636 1350 4690 Gr.
1382 4636 1608 4691 Taurin.
1645 4654 1766 4708 pag.
1802 4639 1904 4691 107
1932 4648 1984 4692 et
2013 4640 2171 4707 221.)
2203 4639 2314 4691 -’]

2261 4669 2270 4678 -
2297 4638 2434 4692 Tum
2468 4640 2518 4691 in
2555 4640 2675 4692 cod.
2706 4638 2963 4694 Laurent.
2993 4640 3079 4704 l8,
3120 4657 3176 4694 ιι.
3199 4640 3252 4703 5,
3288 4643 3426 4710 plut.
3454 4642 3506 4706 9,
3529 4640 3685 4697 Joan.
3715 4644 3890 4701 Maur.

684 4724 948 4777 invocatio
974 4732 1021 4775 et
1065 4722 1322 4790 confessio
1352 4724 1403 4775 in
1436 4725 1671 4792 angelum
1700 4727 1965 4779 custodem
1992 4728 2110 4779 vita:
2145 4736 2359 4791 nostra,
2386 4727 2635 4781 versibus
2658 4725 2763 4781 156
2800 4728 3069 4781 iambicis.
3096 4755 3167 4768 --
3198 4725 3381 4781 Sermo
3419 4730 3471 4781 in
3505 4728 3893 4786 Dormitionem

690 4810 947 4877 Deipam,
983 4810 1035 4861 in
1066 4811 1188 4870 cod,
1213 4810 1303 4873 51,
1331 4824 1384 4862 ιι.
1412 4809 1502 4873 21,
1536 4811 1667 4879 plut.
1699 4812 1783 4865 10.
1811 4841 1878 4850 --
1910 4811 2323 4882 Etymoloyicum
2356 4815 2629 4866 metricum
2664 4816 2936 4866 nominum
2968 4816 3020 4867 in
3046 4816 3106 4866 S.
3134 4812 3410 4867 Scriptura
3441 4817 3805 4882 celebriornm,
3834 4820 3892 4873 in

682 4900 801 4950 cod.
841 4899 925 4961 15,
955 4911 1010 4950 ιι.
1043 4896 1133 4957 49,
1164 4896 1298 4963 plut.
1336 4895 1419 4949 71.
1465 4895 1523 4949 γ.
1580 4898 1806 4950 Bandin.
1842 4898 1881 4961 1,
1923 4914 2043 4968 pag.
2078 4899 2182 4952 420
2215 4908 2270 4953 et
2301 4901 2428 4965 496,
2462 4916 2524 4955 ac
2569 4910 2699 4954 tom.
2728 4899 2818 4965 lli,
2867 4916 2922 4967 p.
2954 4917 3014 4956 ιιι
3041 4901 3131 4958 ubi
3176 4900 3410 4965 dubitat,
3440 4918 3569 4956 num
3628 4904 3720 4958 illa
3766 4921 3895 4968 car-

686 4989 829 5040 initia
865 4986 1204 5055 ctymologici
1240 4986 1291 5039 in
1323 4986 1410 5040 ed.
1457 4986 1613 5042 Eton.
1648 4988 2007 5063 reperiantur.
2038 4986 2093 5040 Ιιι
2122 4986 2243 5043 eod.
2276 4990 2399 5043 cod.
2436 4990 2523 5045 15.
2562 4991 2730 5053 ιι.50,
2776 5000 2861 5045 est
2905 4988 3127 5045 Initium
3190 4994 3625 5063 etymologiam»:
3677 5012 3887 5056 eorum,

684 5090 795 5141 qua:
823 5077 889 5125 ad
921 5073 1180 5126 hominem
1212 5075 1493 5141 pertinent,
1531 5075 1780 5127 versibus
1806 5061 2302 5144 iambicwquorum
2332 5085 2611 5131 auctorem
2644 5078 2892 5132 eumdem
2914 5076 3178 5133 Joannem
3213 5061 3335 5133 esse
3366 5061 3683 5148 suspicatur
3711 5080 3888 5137 Band.

685 5177 799 5230 pag.
836 5158 1280 5223 iii—Taurini,
1307 5162 1359 5214 iu
1383 5160 1513 5214 bibl.
1543 5159 1675 5221 Reg.
1711 5159 1833 5214 cod.
1864 5161 1987 5222 108,
2032 5160 2457 5229 Ilypontn’emain
2491 5165 2790 5219 Dominicas
2808 5164 3163 5219 solemnitate:
3193 5156 3438 5223 iambicis
3462 5169 3688 5236 aliisque
3715 5175 3893 5225 versi-

684 5253 803 5308 bus,
841 5250 1113 5316 praemissa
1145 5248 1372 5303 Joannis
1399 5247 1569 5302 Maur.
1602 5246 1745 5304 Vita.
1770 5250 1930 5301 Plura
1963 5266 2009 5301 v.
2040 5249 2094 5302 in
2121 5248 2239 5303 Cat.
2273 5253 2367 5306 cit.
2394 5268 2516 5321 pag.
2542 5253 2667 5307 211.
2704 5284 2769 5294 —-
2800 5251 2974 5307 Paris.
3006 5256 3056 5306 in
3082 5254 3211 5307 bibl.
3245 5255 3391 5321 pubi.
3418 5258 3538 5312 cod.
3574 5257 3701 5319 817,
3727 5260 3887 5314 iambi

684 5338 734 5386 in
773 5334 1191 5398 Theodoretum,
1230 5336 1387 5403 hujus
1418 5336 1821 5391 Commentario
1862 5336 1913 5388 in
1950 5352 2020 5389 ιιι
2058 5336 2303 5404 prophet.
2344 5341 2581 5394 minores
2619 5340 2860 5403 pnrzlixi;
2907 5340 2959 5391 in
2994 5340 3116 5393 eod.
3154 5340 3311 5405 1182,
3343 5357 3398 5396 n.
3432 5342 3554 5405 115,
3584 5339 3746 5397 Joan.
3780 5344 3889 5397 Eu-

684 5422 981 5473 chaitarum
1010 5422 1363 5488 metropolitae
1395 5420 1654 5490 Epistola.
1686 5449 1755 5460 --
1788 5421 2055 5475 Monacbii
2086 5423 2135 5474 in
2167 5421 2298 5475 bibl.
2326 5422 2548 5476 clector.
2585 5422 2710 5477 cod.
2746 5423 2872 5487 255,
2908 5421 3103 5477 Versus
3132 5423 3345 5477 iambici
3398 5422 3451 5477 in
3503 5423 3640 5480 festa
3678 5425 3890 5481 Domini

684 5516 739 5559 et
774 5507 825 5558 in
856 5508 956 5558 alia
997 5504 1198 5562 diversi
1236 5508 1450 5575 generis
1478 5517 1815 5574 argumenta.
1862 5511 1879 5576 (
1913 5505 1971 5558 V.
2024 5507 2141 5561 Cat.
2188 5507 2343 5562 codd.
2407 5508 2501 5561 (ir.
2574 5509 2763 5575 Bavar.
2799 5525 2849 5578 p.
2893 5509 3017 5574 82.)
3053 5538 3122 5548 -
3148 5508 3220 5563 De
3246 5508 3407 5575 Joan.
3455 5510 3627 5564 Maur.
3684 5511 3885 5566 inedita

684 5592 913 5658 quatiant
940 5590 1225 5653 Oratione,
1246 5595 1298 5646 in
1330 5609 1434 5662 qua
1468 5594 1670 5645 dictum
1710 5590 1724 5644 1
1763 5592 1923 5645 Joan.
1971 5609 2018 5651 γ,
2054 5593 2085 5643 7
2118 5613 2129 5646 :
2170 5596 2231 5645 Oi
2289 5611 2313 5645 a

2289 5594 2440 5646 αὐτοὶ
2490 5597 2640 5663 τρεῖς
2690 5595 2783 5645 καὶ
2834 5593 2913 5656 ἓν,
2969 5594 3077 5661 agit
3134 5593 3327 5648 Franc.
3388 5596 3589 5649 Anton.
3656 5597 3890 5651 Knittel.

686 5679 737 5729 in
781 5676 989 5732 .Veuoen
1020 5676 1290 5733 Kriticlten
1333 5680 1452 5731 uber
1503 5679 1708 5733 ἀρηίων.
1748 5678 1945 5746 Spruch
1984 5720 1991 5727 .
2033 5679 2164 5745 μίση
2198 5680 2335 5746 sint],
2367 5681 2449 5734 die
2493 5684 2558 5733 da
2593 5698 2779 5750 zeugen
2821 5683 2888 5733 int
2949 5680 3204 5745 Ilimmcl,
3238 5688 3342 5738 etc.
3376 5681 3604 5739 Brunsv.
3646 5682 3888 5749 “85,3,

686 5774 821 5819 sect.
851 5767 902 5819 ‘2.
939 5766 1165 5835 ("aut")
