4124 6338
672 393 815 457 1059

1850 390 2167 450 JOANNIS
2209 389 2773 454 EUCHAITENSIS

3771 403 3912 475 106i)

675 513 797 554 rum
833 500 1222 556 revelationem
1251 501 1555 568 acceperit;
1586 514 1817 566 quorum
1854 499 1999 562 linis,
2029 501 2235 553 anima—

2337 501 2577 554 λαϐοῦσα
2634 503 2727 555 καὶ
2785 503 2880 573 τὴν
2933 505 3127 573 ἀρχὴν,
3187 509 3265 570 εἰς
3304 509 3360 560 δὲ
3413 512 3664 581 κρεῖττον
3725 515 3910 583 πάσης

678 607 798 644 rum
835 593 1057 646 directio
1081 599 1133 647 et
1160 594 1331 656 salus,
1357 606 1476 660 qua
1500 591 1746 645 mirabile
1767 590 1984 659 quidem
2018 591 2232 643 initium

679 693 843 752 atque
871 685 1239 748 occasionem,
1273 684 1478 739 exitum
1503 698 1630 739 vero
1653 698 1748 753 spe
1779 684 1926 736 omni
1951 682 2230 741 meliorem

691 777 883 833 sortita
921 783 1072 831 sunt.

2344 593 2556 656 ἐλπίδος
2583 594 2929 664 ἀποτέλεσμα
2951 596 3178 665 λήξασα.

2102 897 2345 958 CAPUT
2391 897 2470 956 II.

1253 1014 1505 1070 Easton:
1534 1014 1754 1084 patitur,
1771 1023 1819 1068 et
1848 1014 2098 1068 divinitus
2116 1013 2300 1082 jussus
2325 1013 2543 1066 exstruit
2572 1010 2947 1064 monasterium
2983 1027 3045 1065 ac
3069 1011 3338 1073 templum.

751 1131 802 1190 7.
834 1131 954 1199 Quo
1006 1131 1173 1202 igitur
1207 1133 1371 1187 modo
1400 1148 1462 1187 ac
1492 1133 1644 1187 initio
1671 1132 1776 1186 ista
1813 1147 2048 1187 evenere
2074 1132 2098 1184 τ
2125 1129 2248 1182 Mit-

680 1223 897 1284 tebatur
929 1222 1229 1292 aliquando
1253 1238 1280 1276 a
1303 1225 1465 1278 Patre
1479 1238 1584 1276 suo
1607 1223 1873 1291 spirituali
1906 1221 2237 1287 Dorotheus,

680 1313 884 1383 negotii
921 1313 1202 1389 quidpiam
1244 1324 1584 1367 curaturus:
1623 1329 1799 1383 neque
1840 1312 1986 1367 enim
2012 1320 2238 1386 postea-

675 1421 837 1476 quam
873 1405 938 1460 ad
971 1404 1345 1475 venerandum
1381 1406 1673 1458 sacerdotii
1714 1404 1960 1459 Ordinem
2011 1413 2233 1459 evectus

677 1493 814 1559 erat,
848 1513 877 1550 a
909 1497 1231 1552 ministeriis
1272 1496 1500 1550 fratrum
1543 1509 1736 1563 magna
1770 1509 1894 1548 cum
1930 1494 2236 1559 humilitate

676 1600 725 1643 et
757 1589 1043 1643 alacritate
1073 1589 1241 1642 animi
1283 1587 1550 1644 obeundis
1588 1578 1865 1644 cessabat.
1924 1585 2059 1639 Cum
2104 1600 2235 1640 vero

675 1677 877 1733 subditi
906 1688 1087 1747 partes
1122 1677 1384 1747 praeclare
1417 1691 1607 1731 omnes
1638 1677 1926 1745 explesset.
1951 1676 2237 1744 oportebat

678 1770 853 1835 illum,
883 1769 975 1839 qui
1007 1769 1128 1824 aliis
1174 1769 1399 1823 subesse
1429 1777 1482 1823 et
1520 1767 1741 1823 obedire
1777 1768 1830 1822 in
1876 1768 2040 1822 tantis
2071 1767 2250 1822 rebus

679 1860 968 1922 didicerat,
1010 1861 1234 1913 tandem
1293 1860 1414 1913 aliis
1475 1875 1693 1929 quoque
1733 1860 1907 1927 ipsum
1945 1860 2233 1939 imperare,
2266 1917 2274 1923 _

680 1960 734 2004 et
774 1967 898 2005 vere
940 1964 1194 2020 mag-num
1246 1950 1430 2003 vocari
1478 1951 1531 2003 in
1566 1965 1733 2018 regno
1766 1951 2028 2005 calorum
2056 1968 2072 2013 ;
2101 1965 2230 2010 eum

681 2057 786 2095 non
818 2041 978 2095 modo
1014 2043 1216 2095 faceret
1249 2042 1391 2108 quod
1426 2041 1624 2095 subditi
1673 2051 1778 2102 est,
1813 2041 1907 2096 sed
1945 2042 2106 2095 etiam
2139 2045 2230 2092 do-

681 2141 846 2196 ceret,
897 2132 1288 2200 subjectionem
1345 2147 1466 2186 esse
1518 2132 1731 2200 signum
1783 2131 2110 2186 visitationis
2153 2133 2264 2184 (li--

680 2225 837 2289 vium,
878 2224 946 2277 ob
981 2239 1141 2290 qnam
1177 2231 1230 2277 et
1275 2227 1446 2290 gratia
1487 2222 1575 2276 Dei
1625 2224 1796 2289 ipsum
1831 2223 1932 2276 sibi
1962 2238 2053 2290 per
2091 2237 2237 2274 amo-

679 2330 792 2368 rem
840 2315 1219 2383 desponderat.
1260 2314 1395 2368 Cum
1451 2329 1578 2386 ergo
1609 2326 1828 2367 euntem
1871 2330 1977 2382 quo
2035 2316 2235 2368 missus

678 2415 794 2459 erat
821 2407 1091 2475 egregium
1128 2406 1299 2457 virum
1347 2404 1505 2457 tertia
1534 2404 1638 2457 diei
1681 2404 1820 2456 hora
1846 2403 2235 2470 deprehendis-

673 2497 1091 2570 -set,_currieulo
1123 2513 1180 2550 se
1212 2498 1438 2549 contulit
1473 2496 1662 2548 orandi
1701 2510 1864 2549 causa
1903 2494 1976 2549 ad
2011 2494 2230 2564 aliquod

679 2603 710 2639 e
737 2587 954 2654 templis
989 2587 1088 2642 vite
1131 2588 1350 2649 adsitis,
1396 2596 1558 2656 prout
1602 2589 1938 2642 consuetudo
1977 2590 2056 2642 illi
2093 2596 2230 2653 erat,

680 2677 895 2730 tametsi
931 2678 1163 2745 negotiis
1193 2680 1424 2732 maxime
1451 2681 1706 2746 gravibus
1739 2689 2022 2746 urgeretur
2054 2697 2068 2732 :
2106 2689 2236 2733 tem-

673 2769 829 2838 :plum
865 2774 1048 2822 autem
1086 2767 1140 2821 S.
1179 2773 1346 2822 Anna:
1376 2770 1695 2835 vocabatur,
1741 2772 1876 2823 aviae
1927 2770 2235 2840 Servgitoris

682 2860 878 2914 nostri.
917 2858 1197 2928 Ingressus
1240 2862 1422 2929 itaque
1453 2861 1595 2914 intro
1631 2862 1815 2929 posuit
1844 2862 1994 2915 humi
2019 2877 2233 2930 genua;

671 2957 734 3004 et
759 2951 1031 3013 manibus,
1067 2949 1260 3012 oculis,
1287 2959 1463 3004 mente
1498 2952 1549 3004 in
1577 2951 1775 3005 coelum
1808 2953 2054 3017 sublatis,
2086 2964 2234 3011 totus

683 3041 736 3091 in
781 3039 1024 3092 ecstasin
1066 3038 1239 3103 obiit;
1300 3054 1361 3092 ac
1395 3040 1613 3094 tandem
1665 3042 1751 3094 vix
1809 3042 1910 3097 sibi
1968 3043 2233 3110 redditus,

685 3129 902 3182 tertium
951 3130 1275 3184 exclamavit
1311 3147 1323 3182 :
1372 3125 1569 3184 Sancta
1607 3124 1867 3195 Trinitas,
1900 3133 1998 3187 tibi
2037 3136 2232 3204 gloria.

681 3220 746 3271 Et
789 3229 918 3274 tunc
947 3221 1166 3289 quidem
1203 3220 1335 3273 nihil
1381 3221 1522 3273 forte
1551 3221 1791 3290 amplius
1842 3223 2117 3281 indicante
2154 3227 2232 3277 vi-

679 3313 855 3373 sione,
905 3311 1233 3366 existimavit
1293 3311 1409 3365 sine
1457 3327 1627 3365 causa
1682 3327 1866 3366 vocem
1937 3314 2082 3366 illam
2131 3315 2232 3368 sibi

2415 1125 2480 1191 ζ’.
2511 1126 2607 1187 Τίς
2663 1123 2755 1178 οὖν
2789 1127 2816 1178 ό
2848 1124 3049 1193 τρόπος
3080 1125 3173 1179 καὶ
3202 1124 3362 1177 πόθεν
3387 1144 3401 1192 ;
3427 1127 3712 1182 Στέλλεταί
3770 1145 3904 1181 ποτε

2341 1217 2481 1282 κατὰ
2511 1233 2634 1268 τινα
2663 1217 2871 1285 χρείαν,
2898 1215 3000 1268 ὑπὸ
3059 1217 3151 1269 τοῦ
3206 1217 3440 1296 μεγάλου
3499 1221 3706 1288 Πατρὸς
3766 1221 3905 1287 ἐφ’ὃ

2334 1307 2433 1360 δεῖ.
2473 1306 2582 1358 Καὶ
2614 1306 2722 1375 γὰρ
2753 1305 2874 1358 οὐδὲ
2900 1307 3036 1375 μετὰ
3061 1305 3231 1374 τὸτῆς
3261 1306 3558 1377 ἱερωσύνης
3615 1310 3904 1379 αἰδέσιμον

2315 1398 2426 1461 ,τοῦ
2461 1398 2799 1467 λειτουργείν
2835 1399 3043 1467 ἀπέστη
3091 1401 3206 1462 τοῖς
3268 1392 3522 1466 ἀδελφοῖς
3584 1399 3804 1469 μεγέθει
3842 1420 3903 1453 τε

2332 1488 2834 1573 ταπεινηφροσόνης
2886 1491 2980 1542 κα)⁸
3030 1490 3340 1561 προθυμίας
3394 1495 3572 1564 ἀκμῇ.
3623 1493 3778 1560 Ἐπεὶ
3842 1493 3903 1545 δὲ

2333 1582 2453 1644 ἃλις
2483 1575 2628 1650 εἶχεν
2650 1581 2802 1650 αὐτῷ
2821 1583 2890 1635 τὰ
2912 1582 3010 1650 τῆς
3039 1583 3268 1651 ἀρίστης
3291 1583 3593 1652 ὑποταγῆς,
3624 1584 3719 1636 καὶ
3762 1585 3896 1641 ἔδει.

2331 1676 2594 1747 ἄρχεσθαι
2642 1674 2882 1745 μαθόντα
2906 1675 3012 1726 xui.
3029 1675 3346 1745 πειθαρχεῖν
3373 1680 3452 1740 είς
3479 1659 3755 1742 τοσοῦτον,
3795 1678 3903 1748 ἤδη

2333 1770 2428 1823 καὶ
2451 1768 2614 1821 αὑτὸν
2668 1767 2844 1822 ἄλλων
2912 1765 3094 1835 ἄρξαι,
3156 1768 3249 1819 καὶ
3306 1767 3477 1836 μέγαν
3504 1768 3716 1837 ἀληθῶς
3744 1771 3801 1820 εν
3826 1773 3900 1837 τῇ

2334 1859 2578 1930 βασιλεία
2622 1859 2889 1929 κληθῆναι
2941 1859 3052 1911 τῶν
3094 1858 3361 1924 οὐρανῶν,
3405 1859 3480 1928 μὴ
3518 1860 3680 1929 μόνον
3743 1864 3904 1927 ποιή-

2339 1967 2507 2005 σαντα
2536 1953 2634 2019 τὴν
2663 1950 2969 2024 ὑποταγὴν,
3029 1949 3161 2002 ἀλλὰ
3192 1950 3284 2003 καὶ
3317 1950 3603 2013 διδάξαντα
3665 1951 3904 2004 ἐνταῦθα

2337 2044 2404 2097 τὰ
2442 2043 2686 2112 σύμϐολα
2711 2043 2812 2112 τῆς
2845 2043 2993 2104 θείας
3028 2043 3358 2110 ἐπισκοπῆς,
3403 2041 3700 2094 κάντεῦθεν
3735 2043 3766 2111 ἡ
3801 2043 3903 2109 χά-

2339 2153 2422 2205 ρις
2444 2136 2544 2206 ήδη
2595 2135 2685 2190 τὸν
2746 2136 2940 2204 ἑαυτῆς
2982 2134 3342 2203 μνηστεύεται
3381 2134 3550 2198 ἄξιον.
3580 2133 3748 2204 Τρίτη
3807 2136 3904 2184 τὶν

2335 2228 2598 2294 γεννάδαν
2628 2227 2882 2280 όδεύοντα
2910 2227 3007 2295 τῆς
3036 2216 3243 2297 ἡμέρας
3275 2225 3394 2295 ὥρα
3439 2223 3854 2292 καταλαμϐάνει
3884 2240 3898 2252 ο

2334 2323 2361 2371 ό
2390 2319 2447 2371 δὲ
2472 2319 2607 2388 πρός
2640 2335 2758 2370 τινα
2791 2317 2899 2370 τῶν
2923 2317 3194 2386 παροδίων
3219 2317 3381 2382 ναῶν,
3413 2317 3579 2385 εὐχῆς
3602 2315 3898 2381 εἰσέδραμε

2335 2412 2495 2480 χάριν
2541 2410 2720 2478 (τοῦτο
2774 2409 2880 2478 γὰρ
2943 2405 3008 2480 ἦν
3059 2408 3172 2472 ἔθος
3223 2408 3394 2477 αὐτῷ,
3445 2409 3539 2460 καὶ
3582 2407 3648 2458 τὰ
3675 2397 3922 2459 παντιι›ν’

2335 2504 2528 2573 ἦπειγε
2558 2501 2978 2571 σπουδαιότατα)
3012 2518 3022 2530 ·
3059 2504 3083 2551 ό
3125 2503 3247 2565 ναὸς
3274 2502 3330 2554 δε
3368 2503 3587 2570 Ἀννης,
3617 2500 3692 2560 ὡς
3715 2500 3895 2566 λόγος,

2335 2597 2433 2663 τῆς
2459 2595 2619 2663 ἁγίας
2654 2597 3002 2664 προμήτορος
3035 2593 3128 2645 τοῦ
3182 2595 3429 2663 Σωτῆρος
3465 2594 3642 2662 ἡμῶν.
3684 2591 3866 2657 Παρελ

2338 2686 2444 2738 θὼν
2502 2687 2679 2738 τοίνυν
2740 2689 2895 2750 sitm,
2953 2687 3046 2738 καὶ
3112 2686 3230 2747 δοὺς
3290 2685 3364 2759 τῷ
3413 2685 3510 2753 μὲν
3578 2685 3762 2750 ἐδάφει
3824 2687 3892 2736 τὰ

2337 2778 2558 2844 γόνατα,
2590 2779 2724 2847 προς
2749 2777 2969 2850 οὐρανὸν
2988 2777 3044 2830 δὲ
3071 2780 3254 2848 χεῖρας
3281 2779 3372 2830 καὶ
3397 2780 3616 2847 ὄμματα
3636 2776 3728 2829 καὶ
3762 2774 3888 2827 νοῦν

2337 2866 2647 2935 ἁνυψώσας,
2679 2869 2735 2918 ἐν
2770 2866 3021 2918 ἐκστάσει
3058 2868 3276 2933 γέγονεν
3304 2868 3442 2929 ὅλος,
3475 2866 3567 2919 καὶ
3591 2869 3688 2924 σὺν
3713 2865 3894 2935 χρόνῳ

2339 2958 2491 3026 μόλις
2526 2957 2858 3021 ἐπανελθὼν,
2906 2961 3023 3028 τρὶς
3083 2960 3205 3030 ἑξῆς
3257 2958 3665 3026 ἀνεφθέγξατο·
3719 2959 3893 3028 Τριὰς

2337 3050 2492 3117 ἁγία,
2547 3049 2674 3114 δόξα
2728 3069 2835 3106 σοι.
2899 3052 3032 3103 Τότε
3086 3052 3182 3121 μὲν
3236 3047 3327 3104 οὖν
3361 3052 3516 3103 οὐδὲν
3571 3054 3700 3113 ἴσως
3737 3050 3894 3102 πλέον

2336 3144 2781 3212 ἐπισημήναντος
2845 3142 2936 3195 τοῦ
2995 3143 3272 3210 ὀφθέντος,
3317 3142 3491 3204 ἄλλως
3521 3159 3580 3194 τε
3609 3143 3760 3211 αὐτῷ
3792 3141 3894 3211 τὴν

2339 3229 2519 3299 φωνὴν
2547 3233 2750 3298 ταύτην
2782 3232 3030 3284 ἐπελθεῖν
3070 3230 3230 3299 ᾤετο,
3270 3233 3364 3285 καὶ
3397 3235 3521 3301 σιγῇ
3549 3231 3681 3301 παρ’
3716 3233 3898 3300 ἑαυτῷ

2338 3322 2571 3390 κατέσχε
2607 3326 2665 3374 τὸ
2693 3322 2902 3392 θαῦμα,
2957 3324 3378 3392 διαπορούμενος
3431 3325 3565 3393 ἅμα,
3597 3325 3691 3376 καὶ
3732 3341 3895 3391 περιρ

679 3404 918 3470 elapsam
970 3418 1094 3456 esse
1132 3419 1145 3453 :
1185 3417 1548 3471 prcmensque
1598 3405 1816 3458 silentio
1855 3406 1906 3457 in
1951 3407 2076 3464 sinu
2134 3423 2233 3461 suo

2339 3415 2557 3466 σκοπῶν
2585 3418 2918 3485 πανταχόθεν
2954 3417 3044 3469 τοῦ
3078 3420 3370 3488 μυστηρίου
3404 3419 3500 3488 τὴν
3527 3418 3782 3486 δύναμιν.
3815 3417 3895 3470 Οὐ

685 3493 1024 3562 mysterium,
1053 3494 1219 3545 animi
1252 3494 1414 3554 simul
1447 3495 1736 3561 pendebat,
1775 3497 1939 3551 simul
1978 3498 2234 3552 conside-

683 3581 841 3636 rabat
871 3581 1082 3645 sedulo,
1112 3582 1240 3650 quid
1283 3582 1413 3636 illud
1459 3585 1560 3638 sibi
1606 3587 1788 3641 vellet.
1841 3585 1953 3641 Nec
2003 3593 2230 3643 multum

681 3671 990 3728 intercessit
1013 3674 1302 3742 temporis,
1347 3671 1469 3728 cum
1503 3677 1682 3730 denuo
1718 3679 2007 3732 ministerii
2045 3681 2234 3749 cujus-

684 3765 824 3830 piam
853 3779 1016 3818 causa
1060 3766 1245 3834 aliquo
1292 3770 1516 3830 missus,
1554 3769 1851 3836 perfectius
1907 3772 2233 3840 planiusuuc

684 3854 998 3921 mysterium
1033 3857 1254 3910 edoctus
1279 3865 1380 3918 est,
1417 3857 1561 3910 hunc
1599 3858 1651 3911 in
1697 3861 1938 3914 modum.

752 3945 807 3998 8.
834 3943 1146 4000 lncendenti
1179 3946 1317 4001 forte
1357 3949 1420 4001 ad
1453 3951 1640 4017 pedem
1678 3951 1904 4020 hujusce
1932 3954 2107 4018 coilis,
2141 3961 2230 4024 qui

687 4037 787 4089 hoc
815 4037 933 4105 ejus
966 4053 1180 4091 sacrum
1215 4042 1607 4095 monasterimn
1641 4045 1692 4095 in
1725 4045 1929 4098 vertice
1960 4061 2058 4100 suo
2091 4063 2233 4101 nunc

685 4133 941 4189 ostentat,
967 4127 1178 4196 objecta
1201 4137 1283 4184 est
1317 4132 1494 4185 divina
1530 4134 1773 4202 quaedam
1822 4135 1960 4190 visio
1996 4136 2234 4193 hominis

689 4217 738 4268 in
769 4216 951 4270 habitu
984 4221 1254 4284 monachi,
1288 4223 1486 4278 canitie
1516 4227 1832 4291 venerandi,
1853 4243 2010 4281 sacro
2036 4233 2232 4282 vestitu

682 4307 936 4362 decenter
969 4311 1165 4376 ornati,
1197 4313 1438 4367 divinum
1472 4315 1748 4385 quidpiam
1781 4317 1920 4373 facie
1945 4320 2234 4387 praeferen-

684 4397 792 4463 tis;
834 4399 924 4466 qui
966 4400 1182 4454 nomine
1215 4416 1313 4454 suo
1335 4416 1579 4460 sanctum
1609 4407 1944 4476 compellans
1974 4425 1988 4472 ;
2023 4407 2229 4475 Viden',

684 4487 880 4554 inquit,
916 4487 988 4541 iiii
1028 4490 1315 4556 Dorotbee,
1345 4492 1396 4545 id
1440 4494 1582 4563 quod
1633 4496 1718 4548 hic
1772 4499 2123 4567 superjacet?
2162 4501 2235 4555 si-

686 4576 907 4642 mulque
956 4592 1117 4631 manu
1176 4577 1452 4650 faStigium
1504 4586 1845 4639 monstrabat
1886 4605 1897 4640 :
1940 4588 2111 4649 Istud,
2156 4589 2232 4644 in-

684 4665 898 4731 quiens,
931 4668 1057 4721 olim
1100 4670 1435 4727 domicilium
1493 4674 1615 4741 fuit,
1655 4693 1685 4730 a
1721 4678 1904 4732 multis
1956 4681 2231 4747 prazclaris

688 4754 819 4809 viris
879 4756 1284 4828 inhabitatum,
1337 4766 1540 4834 templo
1602 4775 1851 4821 ornatum
1915 4770 2229 4834 venrrubiii,
2267 4756 2306 4812 θ

683 4846 1033 4902 Jivinissimte
1070 4850 1298 4905 Triados
1328 4857 1687 4924 appellatione
1742 4860 2018 4930 insignito,
2074 4863 2232 4930 cujus

689 4953 832 4992 nunc
865 4948 1070 4995 tantum
1099 4944 1382 5011 parietinae
1415 4950 1665 5004 visuntur
1699 4954 2046 5021 superstites.
2101 4955 2233 5008 illud

686 5030 861 5096 ipsum
894 5046 988 5099 per
1012 5043 1062 5087 le
1085 5050 1300 5089 rursum
1335 5039 1556 5092 excitari
1586 5042 1742 5096 debet
1774 5047 2231 5115 magniﬁcenlius,

686 5127 739 5172 et
769 5121 1057 5176 inhabitari
1084 5116 1442 5192 splendidius,
1483 5134 1545 5184 ad
1578 5133 1836 5187 honorem
1866 5139 2230 5193 sanctissime

688 5209 991 5277 Trinitatis,
1027 5215 1184 5281 cujus
1240 5221 1310 5272 ita
1351 5231 1462 5276 stat
1519 5224 1788 5279 voluntas.
1838 5226 1916 5279 Tu
1964 5245 2091 5282 vero
2145 5231 2228 5283 fac

687 5303 876 5356 horum
919 5305 1229 5364 memineris
1255 5325 1354 5365 suo
1387 5323 1645 5383 tempore,
1671 5331 1725 5370 et
1743 5319 1859 5373 sine
1880 5324 2227 5377 cunctatione

686 5393 935 5449 olwdias.
970 5396 1236 5453 Caeterum
1276 5402 1416 5458 bono
1446 5409 1628 5461 animo
1665 5419 1717 5464 et
1744 5427 1838 5479 spe
1870 5413 1945 5466 sis
1982 5429 1992 5465 :
2029 5424 2228 5468 sancta:

685 5482 829 5534 enim
865 5483 1046 5539 Triadi
1097 5492 1276 5544 omnia
1332 5509 1475 5548 curae
1528 5511 1707 5554 erunt.
1767 5501 1858 5557 llis
1914 5504 2097 5566 dictis,
2137 5507 2227 5574 qui

680 5575 974 5638 apparebat
1009 5590 1072 5630 ex
1097 5582 1269 5636 oculis
1303 5585 1485 5639 statim
1518 5593 1738 5644 evanuit
1772 5607 1786 5645 :
1821 5595 1942 5662 ipse
1967 5611 2096 5650 vero
2132 5598 2222 5664 qui

687 5672 1026 5727 apparentem
1053 5669 1278 5738 viderat,
1302 5675 1716 5749 loquentemque
1739 5685 2004 5748 audierat,
2025 5687 2219 5743 timore

753 5771 775 5802 ⁸
803 5771 954 5830 Psal.
984 5790 1056 5840 IV,
1093 5779 1176 5834 10.

2337 3504 2474 3554 πολὺ
2511 3505 2572 3557 τὸ
2597 3507 2653 3557 ἐν
2686 3506 2855 3576 μέσῳ,
2909 3509 3003 3561 καὶ
3063 3509 3218 3562 πάλιν
3241 3509 3331 3562 ὲπί
3369 3527 3489 3562 τινα
3519 3510 3733 3570 σταλεὶς
3769 3510 3891 3560 λει-

2335 3597 2618 3665 τουργίαν,
2649 3599 2978 3669 τελεώτερον
3007 3601 3167 3659 εὐθὺς
3211 3603 3304 3653 καὶ
3343 3602 3686 3670 τρανὼτερον
3744 3602 3898 3654 διδα-

2339 3703 2528 3738 σκεται
2564 3690 2622 3739 τὸ
2657 3690 2990 3758 ἁποῤῥητον·
3022 3691 3328 3744 διδάσκεται
3361 3692 3433 3752 δέ,

2413 3962 2482 4021 η’.
2511 3956 2664 4023 Παρὰ
2696 3958 2820 4018 τοὺς
2845 3960 3118 4026 πρόποδας
3153 3963 3282 4013 ἰόντι
3334 3963 3426 4015 τοῦ
3477 3962 3665 4031 βουνοῦ
3719 3965 3897 4021 τοῦδε.

2335 4048 2520 4116 ὂςςτὴν
2573 4049 2724 4116 ἱερὰν
2786 4050 2992 4104 ἐκείνου
3052 4052 3255 4122 ταύτην
3312 4055 3477 4123 μονὴν
3528 4057 3668 4126 ὑπὲρ
3701 4059 3897 4110 ἑαυτοῦ

2335 4141 2453 4193 νυνὶ
2488 4141 2661 4211 φέρει,
2694 4142 2940 4212 θειοτέρα
2964 4161 3044 4207 τις
3100 4144 3220 4212 ὄψις
3248 4146 3394 4214 αὐτῷ
3427 4149 3483 4199 ἐν
3511 4149 3745 4217 μσναχοῦ
3771 4169 3896 4202 συν-

2335 4233 2534 4302 ἡντησε
2568 4236 2829 4302 σχήματι·
2862 4237 2956 4306 καὶ
2982 4238 3009 4289 ὁ
3033 4240 3265 4307 μοναχῦς
3317 4239 3525 4302 πολιὸς,
3561 4242 3898 4311 ἱεροπρεπὴς

2333 4323 2433 4391 τὴν
2491 4324 2700 4395 στολὴν,
2741 4324 2981 4392 θεοειδὴς
3050 4329 3148 4397 τὴν
3210 4333 3444 4398 μορφήν.
3495 4325 3662 4394 Οὗτος
3717 4335 3899 4386 τοίων

2332 4415 2421 4466 τὸν
2442 4415 2585 4470 ὅσιον
2642 4417 2902 4484 ὀνομαστὶ
2933 4419 3263 4487 προσειπὼν,
3307 4422 3486 4492 Ὁρᾷς,
3537 4424 3661 4491 ἔφη,
3711 4427 3899 4478 τέκνςν

2333 4507 2596 4576 Δωρόθεε,
2624 4508 2684 4560 τὸ
2708 4509 3098 4578 ὑπερκείμενον
3127 4511 3282 4564 τοῦτο
3312 4533 3325 4578 ;
3353 4519 3444 4566 καὶ
3475 4516 3589 4584 ἅμα
3617 4518 3708 4569 τὸν
3740 4519 3892 4584 λόγοι.

2334 4601 2398 4666 τῇ
2427 4601 2568 4668 χειρὶ
2630 4600 2951 4669 παρεδείκνυ
2981 4618 2994 4630 ⁵
3049 4602 3239 4667 Τοῦτο,
3271 4601 3444 4669 εἶπεν,
3475 4603 3541 4676 ἦν
3570 4609 3656 4660 ὅτε
3685 4611 3901 4662 πολλῶν

2341 4688 2592 4755 μεγάλων
2619 4690 2827 4758 ἀνδρῶν
2862 4696 3277 4762 κατοικητήριον
3306 4691 3373 4766 ἦν
3397 4698 3538 4763 ἱερὸν
3565 4700 3686 4767 ἔχον
3718 4702 3896 4768 ἅγιον,

2332 4779 2398 4847 τῇ
2433 4778 2718 4846 ἐπικλήσει
2751 4781 3056 4850 τιμώμενον
3082 4788 3179 4852 τῆς
3233 4788 3502 4856 ὑπερθέου
3535 4792 3793 4860 Τριὰδος,
3834 4798 3896 4847 ti)

2332 4866 2426 4919 νῦν
2445 4871 2771 4940 ὲνέρειπίοις
2812 4874 2969 4940 μόνον
2994 4875 3283 4944 ὁρώμενονί
3303 4880 3438 4944 ὅπερ
3475 4878 3626 4944 αὖθις
3658 4885 3866 4953 ἀναστῆ
3885 4913 3896 4925 -

2332 4976 2418 5011 ναι
2459 4960 2534 5011 δεὶ
2564 4962 2711 5028 παρά
2740 4980 2830 5015 σου
2867 4966 3464 5039 μεγαλοπρεπέστερον,
3492 4975 3582 5024 καὶ
3608 4974 3699 5027 τὸν
3728 4979 3895 5030 τόπον

2330 5052 2635 5120 οἰκισθῆναι
2684 5054 3109 5125 φιλοτιμότερον,
3173 5061 3264 5110 ἐπὶ
3323 5066 3454 5131 τιμῇ
3510 5065 3604 5132 τῆς
3640 5069 3891 5137 Τριόιδοςδ

2330 5143 2483 5195 τοῦτο
2517 5146 2622 5213 γὰρ
2649 5147 2820 5212 αὐτῆς
2871 5150 2985 5200 ἐστι
3017 5150 3246 5218 θέλημα.
3279 5154 3349 5204 Σὺ
3378 5155 3433 5206 δὲ
3466 5155 3584 5207 ἀλλ’
3613 5160 3762 5221 ὅπως
3799 5180 3893 5230 μοι

2329 5232 2536 5284 τούτων
2571 5237 2627 5284 ἐν
2659 5235 2837 5303 καιρῴ
2899 5240 3316 5304 μνημονεύσεις,
3349 5245 3441 5295 καὶ
3467 5248 3634 5313 μηδὲν
3677 5253 3898 5320 σκηιζάο

2332 5341 2489 5392 μενος
2548 5327 2893 5390 ὑπακούσεις.
2950 5329 3127 5383 Τᾶλλα
3153 5333 3208 5384 δὲ
3239 5333 3457 5398 εὔελπις
3514 5341 3637 5392 ἔσοο
3670 5347 3736 5412 τῇ
3785 5350 3897 5412 γὰρ

2331 5415 2518 5482 Τριαδι
2574 5416 2751 5469 πάντα
2802 5418 3046 5486 μελήσει.
3092 5422 3151 5474 Ὀ
3211 5425 3307 5490 μὲν
3359 5425 3450 5479 οὖν
3498 5433 3710 5497 φανεὶς,
3737 5435 3894 5487 ταῦτ’

2330 5506 2517 5572 εἰπὼν,
2549 5507 2606 5572 ἐξ
2657 5508 2946 5578 ὀφθαλμῶν
3003 5513 3163 5574 εὐθὺς
3217 5511 3313 5583 ἦν·
3375 5521 3465 5570 τὸν
3519 5523 3698 5576 ἰδόντα
3718 5517 3774 5577 δὲ
3799 5531 3896 5580 καὶ

2336 5597 2645 5650 ἀκούσαντα
2703 5598 2863 5666 φόϐος
2922 5601 3036 5668 ἅμα
3091 5606 3319 5674 κατέσχε
3377 5610 3468 5660 καὶ
3521 5613 3665 5680 χαρὰ
3726 5613 3893 5681 λόγου

2327 5686 2588 5755 κρείττων
2614 5703 2627 5719 '
2676 5690 2751 5758 τῷ
2784 5693 2882 5759 μὲν
2915 5694 3197 5765 παραδόξῳ
3252 5697 3351 5766 τῆς
3372 5699 3546 5767 ὅψεως
3573 5703 3892 5772 ἐκπεπληγη
