  <div class='ocr_page' id='page_1' title='image "/cluster/home/n/w/nwhite01/storage/ocr_20150623/120/pst.000005714353/538.png"; bbox 0 0 4124 6338; ppageno 0'>
   <div class='ocr_carea' id='block_1_1' title="bbox 177 382 309 448">
    <p class='ocr_par' dir='ltr' id='par_1_1' title="bbox 177 382 309 448">
     <span class='ocr_line' id='line_1_1' title="bbox 177 382 309 448; baseline 0.008 -3"><span class='ocrx_word' id='word_1_1' title='bbox 177 382 309 448; x_wconf 68' lang='lat'><strong>10:31</strong></span> 
     </span>
    </p>
   </div>
   <div class='ocr_carea' id='block_1_2' title="bbox 1192 378 2329 465">
    <p class='ocr_par' dir='ltr' id='par_1_2' title="bbox 1192 378 2329 465">
     <span class='ocr_line' id='line_1_2' title="bbox 1192 378 2329 465; baseline -0.001 -24"><span class='ocrx_word' id='word_1_2' title='bbox 1192 379 1374 441; x_wconf 80' lang='lat' dir='ltr'><strong>vmt</strong></span> <span class='ocrx_word' id='word_1_3' title='bbox 1407 378 1465 439; x_wconf 86' lang='lat' dir='ltr'><strong>s.</strong></span> <span class='ocrx_word' id='word_1_4' title='bbox 1508 378 1895 465; x_wconf 71' lang='lat' dir='ltr'><strong>nouorum</strong></span> <span class='ocrx_word' id='word_1_5' title='bbox 1942 378 2329 441; x_wconf 66' lang='lat' dir='ltr'><strong>JUNlORlS.</strong></span> 
     </span>
    </p>
   </div>
   <div class='ocr_carea' id='block_1_3' title="bbox 3231 377 3417 455">
    <p class='ocr_par' dir='ltr' id='par_1_3' title="bbox 3231 377 3417 455">
     <span class='ocr_line' id='line_1_3' title="bbox 3231 377 3417 455; baseline 0.032 -6"><span class='ocrx_word' id='word_1_6' title='bbox 3231 377 3417 455; x_wconf 69' lang='lat'><strong>&#39;10‘52</strong></span> 
     </span>
    </p>
   </div>
   <div class='ocr_carea' id='block_1_4' title="bbox 178 470 1748 570">
    <p class='ocr_par' dir='ltr' id='par_1_4' title="bbox 178 470 1748 567">
     <span class='ocr_line' id='line_1_4' title="bbox 178 470 1748 567; baseline -0.006 -18"><span class='ocrx_word' id='word_1_7' title='bbox 178 496 364 564; x_wconf 77' lang='grc' dir='ltr'>μένον,</span> <span class='ocrx_word' id='word_1_8' title='bbox 416 495 607 567; x_wconf 84' lang='grc' dir='ltr'>ῶσπερ</span> <span class='ocrx_word' id='word_1_9' title='bbox 662 494 827 557; x_wconf 72' lang='grc' dir='ltr'>είκδς,</span> <span class='ocrx_word' id='word_1_10' title='bbox 885 470 979 547; x_wconf 63' lang='grc' dir='ltr'><strong>καλ</strong></span> <span class='ocrx_word' id='word_1_11' title='bbox 1044 489 1273 560; x_wconf 74' lang='grc' dir='ltr'>θορύϐου</span> <span class='ocrx_word' id='word_1_12' title='bbox 1326 489 1426 560; x_wconf 77' lang='grc' dir='ltr'>τὴν</span> <span class='ocrx_word' id='word_1_13' title='bbox 1454 488 1630 558; x_wconf 75' lang='grc' dir='ltr'>ψυχὴν</span> <span class='ocrx_word' id='word_1_14' title='bbox 1664 505 1748 540; x_wconf 77' lang='grc' dir='ltr'>πε·</span> 
     </span>
    </p>
   </div>
   <div class='ocr_carea' id='block_1_5' title="bbox 1848 470 3414 570">
    <p class='ocr_par' dir='ltr' id='par_1_5' title="bbox 1858 491 3414 570">
     <span class='ocr_line' id='line_1_5' title="bbox 1858 491 3414 570; baseline 0.01 -30"><span class='ocrx_word' id='word_1_15' title='bbox 1858 491 2060 558; x_wconf 79' lang='lat' dir='ltr'><strong>pariter</strong></span> <span class='ocrx_word' id='word_1_16' title='bbox 2093 500 2144 546; x_wconf 89' lang='lat' dir='ltr'><strong>ct</strong></span> <span class='ocrx_word' id='word_1_17' title='bbox 2184 493 2383 563; x_wconf 82' lang='lat' dir='ltr'><strong>gaudio</strong></span> <span class='ocrx_word' id='word_1_18' title='bbox 2415 507 2580 563; x_wconf 85' lang='lat' dir='ltr'><strong>supra</strong></span> <span class='ocrx_word' id='word_1_19' title='bbox 2608 501 2770 564; x_wconf 80' lang='lat' dir='ltr'><strong>quam</strong></span> <span class='ocrx_word' id='word_1_20' title='bbox 2799 491 2905 570; x_wconf 85' lang='lat' dir='ltr'><strong>dici</strong></span> <span class='ocrx_word' id='word_1_21' title='bbox 2948 493 3127 566; x_wconf 79' lang='lat' dir='ltr'><strong>possit</strong></span> <span class='ocrx_word' id='word_1_22' title='bbox 3166 511 3414 570; x_wconf 86' lang='lat' dir='ltr'><strong>compre-</strong></span> 
     </span>
    </p>
   </div>
   <div class='ocr_carea' id='block_1_6' title="bbox 174 578 1742 657">
    <p class='ocr_par' dir='ltr' id='par_1_6' title="bbox 174 578 1742 657">
     <span class='ocr_line' id='line_1_6' title="bbox 174 578 1742 657; baseline -0.006 -18"><span class='ocrx_word' id='word_1_23' title='bbox 174 586 517 656; x_wconf 79' lang='grc' dir='ltr'>πλησμένον,</span> <span class='ocrx_word' id='word_1_24' title='bbox 544 585 799 657; x_wconf 82' lang='grc' dir='ltr'>χαίροντα</span> <span class='ocrx_word' id='word_1_25' title='bbox 827 582 870 635; x_wconf 78' lang='grc' dir='ltr'>δ’</span> <span class='ocrx_word' id='word_1_26' title='bbox 893 585 1041 651; x_wconf 80' lang='grc' dir='ltr'>ὅμως</span> <span class='ocrx_word' id='word_1_27' title='bbox 1090 585 1156 649; x_wconf 81' lang='grc' dir='ltr'>τῇ</span> <span class='ocrx_word' id='word_1_28' title='bbox 1198 578 1294 633; x_wconf 75' lang='grc' dir='ltr'>τοῦ</span> <span class='ocrx_word' id='word_1_29' title='bbox 1346 580 1473 647; x_wconf 66' lang='grc' dir='ltr'>πρὶν</span> <span class='ocrx_word' id='word_1_30' title='bbox 1504 580 1742 649; x_wconf 74' lang='grc' dir='ltr'>ἀπορῤἡο</span> 
     </span>
    </p>
   </div>
   <div class='ocr_carea' id='block_1_7' title="bbox 171 668 1789 744">
    <p class='ocr_par' dir='ltr' id='par_1_7' title="bbox 171 668 1789 744">
     <span class='ocr_line' id='line_1_7' title="bbox 171 668 1789 744; baseline -0.007 -13"><span class='ocrx_word' id='word_1_31' title='bbox 171 690 269 731; x_wconf 74' lang='grc' dir='ltr'><strong>του</strong></span> <span class='ocrx_word' id='word_1_32' title='bbox 298 675 525 744; x_wconf 78' lang='grc' dir='ltr'><strong>δηλώσει</strong></span> <span class='ocrx_word' id='word_1_33' title='bbox 546 676 639 728; x_wconf 69' lang='grc' dir='ltr'>καὶ</span> <span class='ocrx_word' id='word_1_34' title='bbox 672 672 957 743; x_wconf 76' lang='grc' dir='ltr'><strong>σαφηνείᾳ,</strong></span> <span class='ocrx_word' id='word_1_35' title='bbox 992 674 1084 725; x_wconf 73' lang='grc' dir='ltr'>καὶ</span> <span class='ocrx_word' id='word_1_36' title='bbox 1117 673 1196 725; x_wconf 82' lang='grc' dir='ltr'>ὃτι</span> <span class='ocrx_word' id='word_1_37' title='bbox 1248 672 1321 740; x_wconf 80' lang='grc' dir='ltr'>μὴ</span> <span class='ocrx_word' id='word_1_38' title='bbox 1374 671 1550 740; x_wconf 77' lang='grc' dir='ltr'>μάτην</span> <span class='ocrx_word' id='word_1_39' title='bbox 1598 668 1747 737; x_wconf 82' lang='grc' dir='ltr'><strong>αύτῷ</strong></span> <span class='ocrx_word' id='word_1_40' title='bbox 1786 694 1789 695; x_wconf 53' lang='grc' dir='ltr'><strong>ν</strong></span> 
     </span>
    </p>
   </div>
   <div class='ocr_carea' id='block_1_8' title="bbox 176 754 1748 836">
    <p class='ocr_par' dir='ltr' id='par_1_8' title="bbox 176 754 1748 836">
     <span class='ocr_line' id='line_1_8' title="bbox 176 754 1748 836; baseline -0.004 -19"><span class='ocrx_word' id='word_1_41' title='bbox 176 767 325 819; x_wconf 79' lang='grc' dir='ltr'><strong>κατά</strong></span> <span class='ocrx_word' id='word_1_42' title='bbox 356 764 452 836; x_wconf 73' lang='grc' dir='ltr'><strong>τὴν</strong></span> <span class='ocrx_word' id='word_1_43' title='bbox 514 764 749 836; x_wconf 80' lang='grc' dir='ltr'>θεωρίαν</span> <span class='ocrx_word' id='word_1_44' title='bbox 804 764 1022 833; x_wconf 82' lang='grc' dir='ltr'>ἐκείνην</span> <span class='ocrx_word' id='word_1_45' title='bbox 1074 764 1107 831; x_wconf 77' lang='grc' dir='ltr'>ὴ</span> <span class='ocrx_word' id='word_1_46' title='bbox 1157 762 1327 831; x_wconf 83' lang='grc' dir='ltr'>Τριάς</span> <span class='ocrx_word' id='word_1_47' title='bbox 1378 754 1748 830; x_wconf 72' lang='grc' dir='ltr'>ὅλη-γλώσσῃ</span> 
     </span>
    </p>
   </div>
   <div class='ocr_carea' id='block_1_9' title="bbox 170 849 1749 926">
    <p class='ocr_par' dir='ltr' id='par_1_9' title="bbox 170 849 1749 926">
     <span class='ocr_line' id='line_1_9' title="bbox 170 849 1749 926; baseline -0.002 -19"><span class='ocrx_word' id='word_1_48' title='bbox 170 854 234 913; x_wconf 67' lang='grc' dir='ltr'>τὸ</span> <span class='ocrx_word' id='word_1_49' title='bbox 257 855 440 923; x_wconf 88' lang='grc' dir='ltr'>τρίτον</span> <span class='ocrx_word' id='word_1_50' title='bbox 492 855 824 926; x_wconf 78' lang='grc' dir='ltr'>ἐξεφωνηθη.</span> <span class='ocrx_word' id='word_1_51' title='bbox 878 853 1044 907; x_wconf 78' lang='grc' dir='ltr'>Οθπω</span> <span class='ocrx_word' id='word_1_52' title='bbox 1069 854 1115 905; x_wconf 83' lang='grc' dir='ltr'>δ’</span> <span class='ocrx_word' id='word_1_53' title='bbox 1144 849 1237 907; x_wconf 78' lang='grc' dir='ltr'><strong>οὖν</strong></span> <span class='ocrx_word' id='word_1_54' title='bbox 1267 849 1380 923; x_wconf 77' lang='grc' dir='ltr'>εἷχε</span> <span class='ocrx_word' id='word_1_55' title='bbox 1433 852 1665 905; x_wconf 78' lang='grc' dir='ltr'><strong>συνιδεῖν</strong></span> <span class='ocrx_word' id='word_1_56' title='bbox 1696 868 1749 904; x_wconf 89' lang='grc' dir='ltr'><strong>τι</strong></span> 
     </span>
    </p>
   </div>
   <div class='ocr_carea' id='block_1_10' title="bbox 180 937 1749 1014">
    <p class='ocr_par' dir='ltr' id='par_1_10' title="bbox 180 937 1749 1014">
     <span class='ocr_line' id='line_1_10' title="bbox 180 937 1749 1014; baseline -0.001 -17"><span class='ocrx_word' id='word_1_57' title='bbox 180 946 355 1013; x_wconf 72' lang='grc' dir='ltr'>πέρας</span> <span class='ocrx_word' id='word_1_58' title='bbox 402 945 500 999; x_wconf 79' lang='grc' dir='ltr'><strong>τοῦ</strong></span> <span class='ocrx_word' id='word_1_59' title='bbox 562 947 931 1014; x_wconf 79' lang='grc' dir='ltr'>πράγματος·</span> <span class='ocrx_word' id='word_1_60' title='bbox 965 943 1079 996; x_wconf 85' lang='grc' dir='ltr'>ἀλλ’</span> <span class='ocrx_word' id='word_1_61' title='bbox 1109 937 1177 1014; x_wconf 76' lang='grc' dir='ltr'>ἦν</span> <span class='ocrx_word' id='word_1_62' title='bbox 1222 947 1253 1013; x_wconf 81' lang='grc' dir='ltr'><strong>ἡ</strong></span> <span class='ocrx_word' id='word_1_63' title='bbox 1316 945 1414 1013; x_wconf 82' lang='grc' dir='ltr'>τῆς</span> <span class='ocrx_word' id='word_1_64' title='bbox 1473 944 1749 1013; x_wconf 78' lang='grc' dir='ltr'><strong>προτέρας</strong></span> 
     </span>
    </p>
   </div>
   <div class='ocr_carea' id='block_1_11' title="bbox 172 1031 1748 1104">
    <p class='ocr_par' dir='ltr' id='par_1_11' title="bbox 172 1031 1748 1104">
     <span class='ocr_line' id='line_1_11' title="bbox 172 1031 1748 1104; baseline 0 -20"><span class='ocrx_word' id='word_1_65' title='bbox 172 1031 357 1095; x_wconf 81' lang='grc' dir='ltr'>λύσις,</span> <span class='ocrx_word' id='word_1_66' title='bbox 384 1035 458 1097; x_wconf 88' lang='grc' dir='ltr'>ὠς</span> <span class='ocrx_word' id='word_1_67' title='bbox 488 1032 654 1099; x_wconf 72' lang='grc' dir='ltr'>ἔοικε,</span> <span class='ocrx_word' id='word_1_68' title='bbox 691 1035 945 1102; x_wconf 81' lang='grc' dir='ltr'><strong>δευτέρας</strong></span> <span class='ocrx_word' id='word_1_69' title='bbox 980 1036 1211 1103; x_wconf 79' lang='grc' dir='ltr'><strong>ἀπορίας</strong></span> <span class='ocrx_word' id='word_1_70' title='bbox 1243 1035 1384 1104; x_wconf 75' lang='grc' dir='ltr'>ἀρχή</span> <span class='ocrx_word' id='word_1_71' title='bbox 1413 1053 1428 1066; x_wconf 74' lang='grc' dir='ltr'>σ</span> <span class='ocrx_word' id='word_1_72' title='bbox 1460 1033 1619 1086; x_wconf 81' lang='grc' dir='ltr'>τοῦτο</span> <span class='ocrx_word' id='word_1_73' title='bbox 1645 1033 1748 1102; x_wconf 78' lang='grc' dir='ltr'>μὲν</span> 
     </span>
    </p>
   </div>
   <div class='ocr_carea' id='block_1_12' title="bbox 173 1119 1747 1193">
    <p class='ocr_par' dir='ltr' id='par_1_12' title="bbox 173 1119 1747 1193">
     <span class='ocr_line' id='line_1_12' title="bbox 173 1119 1747 1193; baseline 0.001 -21"><span class='ocrx_word' id='word_1_74' title='bbox 173 1119 280 1190; x_wconf 77' lang='grc' dir='ltr'>τὴν</span> <span class='ocrx_word' id='word_1_75' title='bbox 324 1121 477 1185; x_wconf 79' lang='grc' dir='ltr'>τάξιν</span> <span class='ocrx_word' id='word_1_76' title='bbox 541 1122 886 1192; x_wconf 77' lang='grc' dir='ltr'>θυμουμένῳ,</span> <span class='ocrx_word' id='word_1_77' title='bbox 960 1124 1054 1177; x_wconf 74' lang='grc' dir='ltr'><strong>καὶ</strong></span> <span class='ocrx_word' id='word_1_78' title='bbox 1114 1126 1188 1186; x_wconf 85' lang='grc' dir='ltr'>ὼς</span> <span class='ocrx_word' id='word_1_79' title='bbox 1247 1125 1346 1177; x_wconf 85' lang='grc' dir='ltr'>οὐκ</span> <span class='ocrx_word' id='word_1_80' title='bbox 1426 1124 1543 1189; x_wconf 59' lang='lat' dir='ltr'><strong>tibi</strong></span> <span class='ocrx_word' id='word_1_81' title='bbox 1578 1122 1747 1193; x_wconf 79' lang='grc' dir='ltr'>αὐτῷ,</span> 
     </span>
    </p>
   </div>
   <div class='ocr_carea' id='block_1_13' title="bbox 175 1209 1746 1283">
    <p class='ocr_par' dir='ltr' id='par_1_13' title="bbox 175 1209 1746 1283">
     <span class='ocr_line' id='line_1_13' title="bbox 175 1209 1746 1283; baseline 0.001 -22"><span class='ocrx_word' id='word_1_82' title='bbox 175 1209 289 1263; x_wconf 72' lang='grc' dir='ltr'><strong>ὑπὸ</strong></span> <span class='ocrx_word' id='word_1_83' title='bbox 342 1211 564 1281; x_wconf 86' lang='grc' dir='ltr'>ἐντολήν</span> <span class='ocrx_word' id='word_1_84' title='bbox 620 1229 678 1264; x_wconf 88' lang='grc' dir='ltr'><strong>τε</strong></span> <span class='ocrx_word' id='word_1_85' title='bbox 752 1212 832 1264; x_wconf 73' lang='grc' dir='ltr'>ἔτι</span> <span class='ocrx_word' id='word_1_86' title='bbox 886 1213 1125 1282; x_wconf 84' lang='grc' dir='ltr'><strong>κειμένῳ</strong></span> <span class='ocrx_word' id='word_1_87' title='bbox 1183 1215 1274 1265; x_wconf 73' lang='grc' dir='ltr'>καὶ</span> <span class='ocrx_word' id='word_1_88' title='bbox 1323 1213 1420 1282; x_wconf 78' lang='grc' dir='ltr'>τὴν</span> <span class='ocrx_word' id='word_1_89' title='bbox 1499 1212 1746 1283; x_wconf 73' lang='grc' dir='ltr'>ὑπακοὴν</span> 
     </span>
    </p>
   </div>
   <div class='ocr_carea' id='block_1_14' title="bbox 174 1298 1746 1373">
    <p class='ocr_par' dir='ltr' id='par_1_14' title="bbox 174 1298 1746 1373">
     <span class='ocr_line' id='line_1_14' title="bbox 174 1298 1746 1373; baseline 0.001 -22"><span class='ocrx_word' id='word_1_90' title='bbox 174 1298 476 1365; x_wconf 77' lang='grc' dir='ltr'>διανύοντι,</span> <span class='ocrx_word' id='word_1_91' title='bbox 507 1304 646 1371; x_wconf 80' lang='grc' dir='ltr'>μέγα</span> <span class='ocrx_word' id='word_1_92' title='bbox 678 1321 735 1356; x_wconf 85' lang='grc' dir='ltr'><strong>τε</strong></span> <span class='ocrx_word' id='word_1_93' title='bbox 790 1306 962 1356; x_wconf 82' lang='grc' dir='ltr'>ποιεῖν</span> <span class='ocrx_word' id='word_1_94' title='bbox 1018 1304 1049 1372; x_wconf 84' lang='grc' dir='ltr'>ἢ</span> <span class='ocrx_word' id='word_1_95' title='bbox 1085 1305 1276 1373; x_wconf 71' lang='grc' dir='ltr'>μικρὸν</span> <span class='ocrx_word' id='word_1_96' title='bbox 1333 1303 1484 1373; x_wconf 72' lang='grc' dir='ltr'>παρὰ</span> <span class='ocrx_word' id='word_1_97' title='bbox 1527 1304 1627 1373; x_wconf 85' lang='grc' dir='ltr'>τὴν</span> <span class='ocrx_word' id='word_1_98' title='bbox 1652 1301 1746 1354; x_wconf 81' lang='grc' dir='ltr'>τοῦ</span> 
     </span>
    </p>
   </div>
   <div class='ocr_carea' id='block_1_15' title="bbox 174 1388 1750 1460">
    <p class='ocr_par' dir='ltr' id='par_1_15' title="bbox 174 1388 1750 1460">
     <span class='ocr_line' id='line_1_15' title="bbox 174 1388 1750 1460; baseline 0.002 -22"><span class='ocrx_word' id='word_1_99' title='bbox 174 1388 405 1453; x_wconf 80' lang='grc' dir='ltr'>ἄγοντος</span> <span class='ocrx_word' id='word_1_100' title='bbox 465 1390 716 1458; x_wconf 86' lang='grc' dir='ltr'>βούλησιν</span> <span class='ocrx_word' id='word_1_101' title='bbox 747 1404 761 1420; x_wconf 78' lang='grc'>⁸</span> <span class='ocrx_word' id='word_1_102' title='bbox 826 1392 1066 1444; x_wconf 76' lang='grc' dir='ltr'>τοῦτοδὲ</span> <span class='ocrx_word' id='word_1_103' title='bbox 1120 1393 1212 1443; x_wconf 70' lang='grc' dir='ltr'>καὶ</span> <span class='ocrx_word' id='word_1_104' title='bbox 1241 1392 1301 1443; x_wconf 72' lang='grc' dir='ltr'>τὸ</span> <span class='ocrx_word' id='word_1_105' title='bbox 1366 1390 1495 1443; x_wconf 85' lang='grc' dir='ltr'>ίδιον</span> <span class='ocrx_word' id='word_1_106' title='bbox 1553 1390 1750 1460; x_wconf 77' lang='grc' dir='ltr'>μέτρον</span> 
     </span>
    </p>
   </div>
   <div class='ocr_carea' id='block_1_16' title="bbox 174 1480 1749 1551">
    <p class='ocr_par' dir='ltr' id='par_1_16' title="bbox 174 1480 1749 1551">
     <span class='ocr_line' id='line_1_16' title="bbox 174 1480 1749 1551; baseline 0.001 -22"><span class='ocrx_word' id='word_1_107' title='bbox 174 1480 479 1543; x_wconf 81' lang='grc' dir='ltr'>ιὺσυνέτως</span> <span class='ocrx_word' id='word_1_108' title='bbox 525 1481 834 1546; x_wconf 80' lang='grc' dir='ltr'>σκοποῦντι,</span> <span class='ocrx_word' id='word_1_109' title='bbox 881 1482 973 1534; x_wconf 68' lang='grc' dir='ltr'>καὶ</span> <span class='ocrx_word' id='word_1_110' title='bbox 1028 1484 1163 1551; x_wconf 74' lang='grc' dir='ltr'>μήτε</span> <span class='ocrx_word' id='word_1_111' title='bbox 1218 1482 1349 1550; x_wconf 70' lang='grc' dir='ltr'>πρὸς</span> <span class='ocrx_word' id='word_1_112' title='bbox 1390 1481 1749 1549; x_wconf 74' lang='grc' dir='ltr'>ποιμαντικὴν</span> 
     </span>
    </p>
   </div>
   <div class='ocr_carea' id='block_1_17' title="bbox 176 1570 1752 1641">
    <p class='ocr_par' dir='ltr' id='par_1_17' title="bbox 176 1570 1752 1641">
     <span class='ocr_line' id='line_1_17' title="bbox 176 1570 1752 1641; baseline 0.002 -22"><span class='ocrx_word' id='word_1_113' title='bbox 176 1570 512 1640; x_wconf 79' lang='grc' dir='ltr'>ἐπιστήμην,</span> <span class='ocrx_word' id='word_1_114' title='bbox 529 1572 664 1640; x_wconf 82' lang='grc' dir='ltr'>μήτε</span> <span class='ocrx_word' id='word_1_115' title='bbox 678 1572 1061 1640; x_wconf 80' lang='grc' dir='ltr'>πρδςδαπάνην</span> <span class='ocrx_word' id='word_1_116' title='bbox 1091 1571 1123 1641; x_wconf 78' lang='grc' dir='ltr'>ἢ</span> <span class='ocrx_word' id='word_1_117' title='bbox 1161 1573 1425 1641; x_wconf 78' lang='grc' dir='ltr'>μέριμναν</span> <span class='ocrx_word' id='word_1_118' title='bbox 1460 1572 1619 1640; x_wconf 80' lang='grc' dir='ltr'>ἔργον</span> <span class='ocrx_word' id='word_1_119' title='bbox 1657 1586 1752 1638; x_wconf 77' lang='grc' dir='ltr'>τη-</span> 
     </span>
    </p>
   </div>
   <div class='ocr_carea' id='block_1_18' title="bbox 166 1655 1751 1730">
    <p class='ocr_par' dir='ltr' id='par_1_18' title="bbox 166 1655 1751 1730">
     <span class='ocr_line' id='line_1_18' title="bbox 166 1655 1751 1730; baseline 0.003 -22"><span class='ocrx_word' id='word_1_120' title='bbox 166 1657 431 1711; x_wconf 80' lang='grc' dir='ltr'>λικούτου</span> <span class='ocrx_word' id='word_1_121' title='bbox 474 1662 565 1713; x_wconf 74' lang='grc' dir='ltr'>καὶ</span> <span class='ocrx_word' id='word_1_122' title='bbox 617 1662 937 1730; x_wconf 84' lang='grc' dir='ltr'>πράγματος</span> <span class='ocrx_word' id='word_1_123' title='bbox 988 1655 1185 1723; x_wconf 58' lang='lat' dir='ltr'><strong>invii);</strong></span> <span class='ocrx_word' id='word_1_124' title='bbox 1229 1663 1405 1730; x_wconf 76' lang='grc' dir='ltr'>ἔσχεν,</span> <span class='ocrx_word' id='word_1_125' title='bbox 1441 1663 1575 1723; x_wconf 76' lang='grc' dir='ltr'>ὅλως</span> <span class='ocrx_word' id='word_1_126' title='bbox 1604 1662 1751 1726; x_wconf 78' lang='grc' dir='ltr'>λογι-</span> 
     </span>
    </p>
   </div>
   <div class='ocr_carea' id='block_1_19' title="bbox 176 1744 1749 1822">
    <p class='ocr_par' dir='ltr' id='par_1_19' title="bbox 176 1744 1749 1822">
     <span class='ocr_line' id='line_1_19' title="bbox 176 1744 1749 1822; baseline 0.001 -22"><span class='ocrx_word' id='word_1_127' title='bbox 176 1744 396 1818; x_wconf 77' lang='grc' dir='ltr'>ζομένῳ</span> <span class='ocrx_word' id='word_1_128' title='bbox 432 1769 444 1779; x_wconf 93' lang='grc'><strong>·</strong></span> <span class='ocrx_word' id='word_1_129' title='bbox 465 1750 639 1813; x_wconf 77' lang='grc' dir='ltr'>ἄλλως</span> <span class='ocrx_word' id='word_1_130' title='bbox 660 1768 718 1804; x_wconf 87' lang='grc' dir='ltr'><strong>τε</strong></span> <span class='ocrx_word' id='word_1_131' title='bbox 751 1753 844 1804; x_wconf 76' lang='grc' dir='ltr'>καὶ</span> <span class='ocrx_word' id='word_1_132' title='bbox 862 1752 1198 1813; x_wconf 77' lang='grc' dir='ltr'>πόθοςαύτδν</span> <span class='ocrx_word' id='word_1_133' title='bbox 1227 1753 1482 1822; x_wconf 78' lang='grc' dir='ltr'>ἄρῤητος,</span> <span class='ocrx_word' id='word_1_134' title='bbox 1508 1745 1615 1812; x_wconf 73' lang='grc' dir='ltr'>οἶος</span> <span class='ocrx_word' id='word_1_135' title='bbox 1642 1752 1749 1803; x_wconf 89' lang='grc' dir='ltr'><strong>τῶν</strong></span> 
     </span>
    </p>
   </div>
   <div class='ocr_carea' id='block_1_20' title="bbox 1855 581 3414 654">
    <p class='ocr_par' dir='ltr' id='par_1_20' title="bbox 1855 581 3414 654">
     <span class='ocr_line' id='line_1_20' title="bbox 1855 581 3414 654; baseline 0.008 -22"><span class='ocrx_word' id='word_1_136' title='bbox 1855 581 2059 636; x_wconf 84' lang='lat' dir='ltr'><strong>hensus</strong></span> <span class='ocrx_word' id='word_1_137' title='bbox 2112 581 2255 636; x_wconf 79' lang='lat' dir='ltr'><strong>fuit:</strong></span> <span class='ocrx_word' id='word_1_138' title='bbox 2286 582 2481 637; x_wconf 89' lang='lat' dir='ltr'><strong>timore</strong></span> <span class='ocrx_word' id='word_1_139' title='bbox 2531 582 2747 654; x_wconf 82' lang='lat' dir='ltr'><strong>quidem</strong></span> <span class='ocrx_word' id='word_1_140' title='bbox 2784 583 3069 653; x_wconf 77' lang='lat' dir='ltr'><strong>perculsus</strong></span> <span class='ocrx_word' id='word_1_141' title='bbox 3116 600 3182 641; x_wconf 89' lang='lat' dir='ltr'><strong>ac</strong></span> <span class='ocrx_word' id='word_1_142' title='bbox 3227 598 3414 643; x_wconf 76' lang='lat' dir='ltr'><strong>mento</strong></span> 
     </span>
    </p>
   </div>
   <div class='ocr_carea' id='block_1_21' title="bbox 1854 671 3413 744">
    <p class='ocr_par' dir='ltr' id='par_1_21' title="bbox 1854 671 3413 744">
     <span class='ocr_line' id='line_1_21' title="bbox 1854 671 3413 744; baseline 0.006 -20"><span class='ocrx_word' id='word_1_143' title='bbox 1854 671 2125 737; x_wconf 81' lang='lat' dir='ltr'><strong>turbatus,</strong></span> <span class='ocrx_word' id='word_1_144' title='bbox 2148 686 2213 727; x_wconf 80' lang='lat' dir='ltr'><strong>ex</strong></span> <span class='ocrx_word' id='word_1_145' title='bbox 2248 674 2470 728; x_wconf 86' lang='lat' dir='ltr'><strong>insolita</strong></span> <span class='ocrx_word' id='word_1_146' title='bbox 2512 681 2572 729; x_wconf 89' lang='lat' dir='ltr'><strong>ut</strong></span> <span class='ocrx_word' id='word_1_147' title='bbox 2598 689 2697 744; x_wconf 89' lang='lat' dir='ltr'><strong>par</strong></span> <span class='ocrx_word' id='word_1_148' title='bbox 2716 683 2801 729; x_wconf 82' lang='lat' dir='ltr'><strong>est</strong></span> <span class='ocrx_word' id='word_1_149' title='bbox 2828 675 3071 740; x_wconf 83' lang='lat' dir='ltr'><strong>visione;</strong></span> <span class='ocrx_word' id='word_1_150' title='bbox 3096 676 3259 732; x_wconf 82' lang='lat' dir='ltr'><strong>simul</strong></span> <span class='ocrx_word' id='word_1_151' title='bbox 3281 692 3413 734; x_wconf 89' lang='lat' dir='ltr'><strong>vero</strong></span> 
     </span>
    </p>
   </div>
   <div class='ocr_carea' id='block_1_22' title="bbox 1851 759 3417 840">
    <p class='ocr_par' dir='ltr' id='par_1_22' title="bbox 1851 759 3417 840">
     <span class='ocr_line' id='line_1_22' title="bbox 1851 759 3417 840; baseline 0.006 -25"><span class='ocrx_word' id='word_1_152' title='bbox 1851 759 2129 820; x_wconf 79' lang='lat' dir='ltr'><strong>delibutus</strong></span> <span class='ocrx_word' id='word_1_153' title='bbox 2164 764 2391 835; x_wconf 85' lang='lat' dir='ltr'><strong>gaudio,</strong></span> <span class='ocrx_word' id='word_1_154' title='bbox 2427 765 2554 835; x_wconf 83' lang='lat' dir='ltr'><strong>quia</strong></span> <span class='ocrx_word' id='word_1_155' title='bbox 2601 764 2933 821; x_wconf 83' lang='lat' dir='ltr'><strong>declaratum</strong></span> <span class='ocrx_word' id='word_1_156' title='bbox 2981 782 3125 822; x_wconf 87' lang='lat' dir='ltr'><strong>nunc</strong></span> <span class='ocrx_word' id='word_1_157' title='bbox 3153 775 3206 823; x_wconf 89' lang='lat' dir='ltr'><strong>et</strong></span> <span class='ocrx_word' id='word_1_158' title='bbox 3239 768 3417 840; x_wconf 76' lang='lat' dir='ltr'><strong>expll-</strong></span> 
     </span>
    </p>
   </div>
   <div class='ocr_carea' id='block_1_23' title="bbox 1850 855 3412 929">
    <p class='ocr_par' dir='ltr' id='par_1_23' title="bbox 1850 855 3412 929">
     <span class='ocr_line' id='line_1_23' title="bbox 1850 855 3412 929; baseline 0.005 -21"><span class='ocrx_word' id='word_1_159' title='bbox 1850 865 2031 911; x_wconf 85' lang='lat' dir='ltr'><strong>catum</strong></span> <span class='ocrx_word' id='word_1_160' title='bbox 2060 855 2299 919; x_wconf 88' lang='lat' dir='ltr'><strong>videbat,</strong></span> <span class='ocrx_word' id='word_1_161' title='bbox 2324 857 2469 926; x_wconf 88' lang='lat' dir='ltr'><strong>quod</strong></span> <span class='ocrx_word' id='word_1_162' title='bbox 2496 857 2648 926; x_wconf 86' lang='lat' dir='ltr'><strong>prius</strong></span> <span class='ocrx_word' id='word_1_163' title='bbox 2668 855 2718 913; x_wconf 82' lang='lat' dir='ltr'><strong>ei</strong></span> <span class='ocrx_word' id='word_1_164' title='bbox 2739 858 3015 912; x_wconf 86' lang='lat' dir='ltr'><strong>acciderat</strong></span> <span class='ocrx_word' id='word_1_165' title='bbox 3050 861 3412 929; x_wconf 74' lang='lat' dir='ltr'><strong>mysterium;</strong></span> 
     </span>
    </p>
   </div>
   <div class='ocr_carea' id='block_1_24' title="bbox 1850 941 3409 1018">
    <p class='ocr_par' dir='ltr' id='par_1_24' title="bbox 1850 941 3409 1018">
     <span class='ocr_line' id='line_1_24' title="bbox 1850 941 3409 1018; baseline 0.005 -19"><span class='ocrx_word' id='word_1_166' title='bbox 1850 946 2171 1015; x_wconf 75' lang='lat' dir='ltr'><strong>dicebatque</strong></span> <span class='ocrx_word' id='word_1_167' title='bbox 2215 952 2324 1000; x_wconf 81' lang='lat' dir='ltr'><strong>non</strong></span> <span class='ocrx_word' id='word_1_168' title='bbox 2352 945 2555 1002; x_wconf 77' lang='lat' dir='ltr'><strong>frustra</strong></span> <span class='ocrx_word' id='word_1_169' title='bbox 2587 948 2715 1010; x_wconf 85' lang='lat' dir='ltr'><strong>sibi,</strong></span> <span class='ocrx_word' id='word_1_170' title='bbox 2750 941 2809 1002; x_wconf 78' lang='lat' dir='ltr'><strong>in‘</strong></span> <span class='ocrx_word' id='word_1_171' title='bbox 2850 950 3018 1017; x_wconf 81' lang='lat' dir='ltr'><strong>priori</strong></span> <span class='ocrx_word' id='word_1_172' title='bbox 3053 950 3141 1005; x_wconf 84' lang='lat' dir='ltr'><strong>illa</strong></span> <span class='ocrx_word' id='word_1_173' title='bbox 3177 951 3409 1018; x_wconf 85' lang='lat' dir='ltr'><strong>visione,</strong></span> 
     </span>
    </p>
   </div>
   <div class='ocr_carea' id='block_1_25' title="bbox 1855 1036 3416 1107">
    <p class='ocr_par' dir='ltr' id='par_1_25' title="bbox 1855 1036 3416 1107">
     <span class='ocr_line' id='line_1_25' title="bbox 1855 1036 3416 1107; baseline 0.004 -17"><span class='ocrx_word' id='word_1_174' title='bbox 1855 1038 2073 1091; x_wconf 84' lang='lat' dir='ltr'><strong>tertium</strong></span> <span class='ocrx_word' id='word_1_175' title='bbox 2112 1047 2223 1092; x_wconf 91' lang='lat' dir='ltr'><strong>toto</strong></span> <span class='ocrx_word' id='word_1_176' title='bbox 2248 1040 2369 1093; x_wconf 89' lang='lat' dir='ltr'><strong>nisu</strong></span> <span class='ocrx_word' id='word_1_177' title='bbox 2405 1039 2756 1093; x_wconf 87' lang='lat' dir='ltr'><strong>inclamatam</strong></span> <span class='ocrx_word' id='word_1_178' title='bbox 2788 1040 3197 1094; x_wconf 73' lang='lat' dir='ltr'><strong>sanctissimam</strong></span> <span class='ocrx_word' id='word_1_179' title='bbox 3233 1036 3416 1107; x_wconf 76' lang='lat' dir='ltr'><strong>Trini-</strong></span> 
     </span>
    </p>
   </div>
   <div class='ocr_carea' id='block_1_26' title="bbox 1851 1126 3412 1201">
    <p class='ocr_par' dir='ltr' id='par_1_26' title="bbox 1851 1126 3412 1201">
     <span class='ocr_line' id='line_1_26' title="bbox 1851 1126 3412 1201; baseline 0.006 -21"><span class='ocrx_word' id='word_1_180' title='bbox 1851 1136 2039 1184; x_wconf 92' lang='lat' dir='ltr'><strong>tatem.</strong></span> <span class='ocrx_word' id='word_1_181' title='bbox 2088 1126 2339 1183; x_wconf 88' lang='lat' dir='ltr'><strong>Nondum</strong></span> <span class='ocrx_word' id='word_1_182' title='bbox 2364 1137 2546 1185; x_wconf 84' lang='lat' dir='ltr'><strong>tamen</strong></span> <span class='ocrx_word' id='word_1_183' title='bbox 2576 1130 2649 1184; x_wconf 86' lang='lat' dir='ltr'><strong>rei</strong></span> <span class='ocrx_word' id='word_1_184' title='bbox 2680 1139 2935 1185; x_wconf 79' lang='lat' dir='ltr'><strong>eventum</strong></span> <span class='ocrx_word' id='word_1_185' title='bbox 2980 1146 3176 1201; x_wconf 83' lang='lat' dir='ltr'><strong>capere</strong></span> <span class='ocrx_word' id='word_1_186' title='bbox 3202 1142 3412 1201; x_wconf 85' lang='lat' dir='ltr'><strong>poterat</strong></span> 
     </span>
    </p>
   </div>
   <div class='ocr_carea' id='block_1_27' title="bbox 1850 1216 3410 1290">
    <p class='ocr_par' dir='ltr' id='par_1_27' title="bbox 1850 1216 3410 1290">
     <span class='ocr_line' id='line_1_27' title="bbox 1850 1216 3410 1290; baseline 0.007 -21"><span class='ocrx_word' id='word_1_187' title='bbox 1850 1216 2187 1281; x_wconf 80' lang='lat' dir='ltr'><strong>omnimodo;</strong></span> <span class='ocrx_word' id='word_1_188' title='bbox 2213 1220 2307 1273; x_wconf 84' lang='lat' dir='ltr'><strong>sed</strong></span> <span class='ocrx_word' id='word_1_189' title='bbox 2340 1220 2525 1289; x_wconf 66' lang='lat' dir='ltr'><strong>primat</strong></span> <span class='ocrx_word' id='word_1_190' title='bbox 2542 1218 2901 1276; x_wconf 70' lang='lat' dir='ltr'><strong>dubitationis</strong></span> <span class='ocrx_word' id='word_1_191' title='bbox 2930 1222 3147 1287; x_wconf 84' lang='lat' dir='ltr'><strong>solutio,</strong></span> <span class='ocrx_word' id='word_1_192' title='bbox 3168 1234 3227 1277; x_wconf 85' lang='grc' dir='ltr'><strong>ιιι</strong></span> <span class='ocrx_word' id='word_1_193' title='bbox 3248 1224 3410 1290; x_wconf 79' lang='lat' dir='ltr'><strong>solet,</strong></span> 
     </span>
    </p>
   </div>
   <div class='ocr_carea' id='block_1_28' title="bbox 1852 1310 3413 1381">
    <p class='ocr_par' dir='ltr' id='par_1_28' title="bbox 1852 1310 3413 1381">
     <span class='ocr_line' id='line_1_28' title="bbox 1852 1310 3413 1381; baseline 0.007 -21"><span class='ocrx_word' id='word_1_194' title='bbox 1852 1310 2077 1364; x_wconf 90' lang='lat' dir='ltr'><strong>alterius</strong></span> <span class='ocrx_word' id='word_1_195' title='bbox 2109 1311 2435 1379; x_wconf 86' lang='lat' dir='ltr'><strong>principium</strong></span> <span class='ocrx_word' id='word_1_196' title='bbox 2463 1310 2586 1377; x_wconf 77' lang='lat' dir='ltr'><strong>fuit,</strong></span> <span class='ocrx_word' id='word_1_197' title='bbox 2613 1315 2808 1381; x_wconf 80' lang='lat' dir='ltr'><strong>partim</strong></span> <span class='ocrx_word' id='word_1_198' title='bbox 2842 1314 3149 1369; x_wconf 87' lang='lat' dir='ltr'><strong>adversanti</strong></span> <span class='ocrx_word' id='word_1_199' title='bbox 3185 1316 3413 1371; x_wconf 78' lang='lat' dir='ltr'><strong>manda-</strong></span> 
     </span>
    </p>
   </div>
   <div class='ocr_carea' id='block_1_29' title="bbox 1851 1400 3413 1476">
    <p class='ocr_par' dir='ltr' id='par_1_29' title="bbox 1851 1400 3413 1476">
     <span class='ocr_line' id='line_1_29' title="bbox 1851 1400 3413 1476; baseline 0.007 -24"><span class='ocrx_word' id='word_1_200' title='bbox 1851 1408 1989 1459; x_wconf 81' lang='lat' dir='ltr'><strong>tum,</strong></span> <span class='ocrx_word' id='word_1_201' title='bbox 2025 1400 2395 1469; x_wconf 86' lang='lat' dir='ltr'><strong>opinantique,</strong></span> <span class='ocrx_word' id='word_1_202' title='bbox 2431 1401 2535 1457; x_wconf 83' lang='lat' dir='ltr'><strong>sibi</strong></span> <span class='ocrx_word' id='word_1_203' title='bbox 2567 1404 2669 1457; x_wconf 85' lang='lat' dir='ltr'><strong>sub</strong></span> <span class='ocrx_word' id='word_1_204' title='bbox 2713 1404 2939 1462; x_wconf 76' lang='lat' dir='ltr'><strong>alterius</strong></span> <span class='ocrx_word' id='word_1_205' title='bbox 2966 1408 3249 1476; x_wconf 66' lang='lat' dir='ltr'><strong>preceplia</strong></span> <span class='ocrx_word' id='word_1_206' title='bbox 3276 1422 3413 1469; x_wconf 78' lang='lat' dir='ltr'><strong>con-</strong></span> 
     </span>
    </p>
   </div>
   <div class='ocr_carea' id='block_1_30' title="bbox 1851 1491 3407 1567">
    <p class='ocr_par' dir='ltr' id='par_1_30' title="bbox 1851 1491 3407 1567">
     <span class='ocr_line' id='line_1_30' title="bbox 1851 1491 3407 1567; baseline 0.006 -25"><span class='ocrx_word' id='word_1_207' title='bbox 1851 1491 2060 1555; x_wconf 82' lang='lat' dir='ltr'><strong>stituto,</strong></span> <span class='ocrx_word' id='word_1_208' title='bbox 2111 1501 2163 1545; x_wconf 90' lang='lat' dir='ltr'><strong>et</strong></span> <span class='ocrx_word' id='word_1_209' title='bbox 2195 1493 2298 1546; x_wconf 89' lang='lat' dir='ltr'><strong>sub</strong></span> <span class='ocrx_word' id='word_1_210' title='bbox 2337 1493 2639 1547; x_wconf 82' lang='lat' dir='ltr'><strong>obedientia</strong></span> <span class='ocrx_word' id='word_1_211' title='bbox 2670 1495 2891 1561; x_wconf 79' lang='lat' dir='ltr'><strong>viventi,</strong></span> <span class='ocrx_word' id='word_1_212' title='bbox 2947 1496 3080 1550; x_wconf 85' lang='lat' dir='ltr'><strong>nihil</strong></span> <span class='ocrx_word' id='word_1_213' title='bbox 3111 1498 3407 1567; x_wconf 83' lang='lat' dir='ltr'><strong>quidquam</strong></span> 
     </span>
    </p>
   </div>
   <div class='ocr_carea' id='block_1_31' title="bbox 1852 1580 3412 1652">
    <p class='ocr_par' dir='ltr' id='par_1_31' title="bbox 1852 1580 3412 1652">
     <span class='ocr_line' id='line_1_31' title="bbox 1852 1580 3412 1652; baseline 0.008 -21"><span class='ocrx_word' id='word_1_214' title='bbox 1852 1580 2015 1635; x_wconf 77' lang='lat' dir='ltr'><strong>licere</strong></span> <span class='ocrx_word' id='word_1_215' title='bbox 2082 1594 2279 1651; x_wconf 72' lang='lat' dir='ltr'><strong>praeter</strong></span> <span class='ocrx_word' id='word_1_216' title='bbox 2337 1583 2697 1641; x_wconf 76' lang='lat' dir='ltr'><strong>moderatoris</strong></span> <span class='ocrx_word' id='word_1_217' title='bbox 2749 1586 2834 1639; x_wconf 87' lang='lat' dir='ltr'><strong>sui</strong></span> <span class='ocrx_word' id='word_1_218' title='bbox 2893 1585 3247 1652; x_wconf 69' lang='lat' dir='ltr'><strong>voluntatem,</strong></span> <span class='ocrx_word' id='word_1_219' title='bbox 3296 1590 3412 1643; x_wconf 83' lang='lat' dir='ltr'><strong>sive</strong></span> 
     </span>
    </p>
   </div>
   <div class='ocr_carea' id='block_1_32' title="bbox 1852 1670 3410 1744">
    <p class='ocr_par' dir='ltr' id='par_1_32' title="bbox 1852 1670 3410 1744">
     <span class='ocr_line' id='line_1_32' title="bbox 1852 1670 3410 1744; baseline 0.004 -23"><span class='ocrx_word' id='word_1_220' title='bbox 1852 1685 2105 1737; x_wconf 86' lang='lat' dir='ltr'><strong>magnum</strong></span> <span class='ocrx_word' id='word_1_221' title='bbox 2137 1670 2266 1723; x_wconf 92' lang='lat' dir='ltr'><strong>illud</strong></span> <span class='ocrx_word' id='word_1_222' title='bbox 2296 1670 2367 1725; x_wconf 87' lang='lat' dir='ltr'><strong>sit</strong></span> <span class='ocrx_word' id='word_1_223' title='bbox 2398 1671 2511 1725; x_wconf 86' lang='lat' dir='ltr'><strong>sive</strong></span> <span class='ocrx_word' id='word_1_224' title='bbox 2536 1686 2800 1738; x_wconf 77' lang='lat' dir='ltr'><strong>parvum;</strong></span> <span class='ocrx_word' id='word_1_225' title='bbox 2838 1675 3036 1744; x_wconf 80' lang='lat' dir='ltr'><strong>partim</strong></span> <span class='ocrx_word' id='word_1_226' title='bbox 3077 1676 3241 1728; x_wconf 86' lang='lat' dir='ltr'><strong>etiam</strong></span> <span class='ocrx_word' id='word_1_227' title='bbox 3272 1690 3410 1729; x_wconf 89' lang='lat' dir='ltr'><strong>con-</strong></span> 
     </span>
    </p>
   </div>
   <div class='ocr_carea' id='block_1_33' title="bbox 1851 1755 3406 1837">
    <p class='ocr_par' dir='ltr' id='par_1_33' title="bbox 1851 1755 3406 1837">
     <span class='ocr_line' id='line_1_33' title="bbox 1851 1755 3406 1837; baseline 0.005 -30"><span class='ocrx_word' id='word_1_228' title='bbox 1851 1755 2413 1811; x_wconf 69' lang='lat' dir='ltr'><strong>siderantimoiulum</strong></span> <span class='ocrx_word' id='word_1_229' title='bbox 2448 1774 2627 1824; x_wconf 83' lang='lat' dir='ltr'><strong>suum,</strong></span> <span class='ocrx_word' id='word_1_230' title='bbox 2673 1769 2837 1831; x_wconf 86' lang='lat' dir='ltr'><strong>atque</strong></span> <span class='ocrx_word' id='word_1_231' title='bbox 2885 1762 3406 1837; x_wconf 66' lang='lat' dir='ltr'><strong>omninocogitanti</strong></span> 
     </span>
    </p>
   </div>
   <div class='ocr_carea' id='block_1_34' title="bbox 172 1838 1748 1921">
    <p class='ocr_par' dir='ltr' id='par_1_34' title="bbox 172 1840 1748 1914">
     <span class='ocr_line' id='line_1_34' title="bbox 172 1840 1748 1914; baseline 0.001 -20"><span class='ocrx_word' id='word_1_232' title='bbox 172 1840 436 1908; x_wconf 77' lang='grc' dir='ltr'>ἀφύκτων</span> <span class='ocrx_word' id='word_1_233' title='bbox 460 1845 741 1912; x_wconf 77' lang='grc' dir='ltr'>σειρήνων,</span> <span class='ocrx_word' id='word_1_234' title='bbox 758 1842 849 1896; x_wconf 86' lang='grc' dir='ltr'>τοῦ</span> <span class='ocrx_word' id='word_1_235' title='bbox 870 1844 1185 1897; x_wconf 79' lang='grc' dir='ltr'>διδασκάλου</span> <span class='ocrx_word' id='word_1_236' title='bbox 1210 1846 1449 1914; x_wconf 87' lang='grc' dir='ltr'>κατεῖχε,</span> <span class='ocrx_word' id='word_1_237' title='bbox 1470 1844 1562 1896; x_wconf 73' lang='grc' dir='ltr'>καὶ</span> <span class='ocrx_word' id='word_1_238' title='bbox 1578 1844 1748 1896; x_wconf 82' lang='grc' dir='ltr'>πάντα</span> 
     </span>
    </p>
   </div>
   <div class='ocr_carea' id='block_1_35' title="bbox 1848 1838 3405 1921">
    <p class='ocr_par' dir='ltr' id='par_1_35' title="bbox 1860 1848 3405 1921">
     <span class='ocr_line' id='line_1_35' title="bbox 1860 1848 3405 1921; baseline 0.006 -22"><span class='ocrx_word' id='word_1_239' title='bbox 1860 1861 1967 1900; x_wconf 90' lang='lat' dir='ltr'><strong>non</strong></span> <span class='ocrx_word' id='word_1_240' title='bbox 2010 1857 2297 1917; x_wconf 84' lang='lat' dir='ltr'><strong>suppetere</strong></span> <span class='ocrx_word' id='word_1_241' title='bbox 2355 1848 2458 1903; x_wconf 83' lang='lat' dir='ltr'><strong>sibi</strong></span> <span class='ocrx_word' id='word_1_242' title='bbox 2502 1856 2598 1903; x_wconf 87' lang='lat' dir='ltr'><strong>aut</strong></span> <span class='ocrx_word' id='word_1_243' title='bbox 2646 1850 2931 1906; x_wconf 86' lang='lat' dir='ltr'><strong>scientiam</strong></span> <span class='ocrx_word' id='word_1_244' title='bbox 2977 1854 3307 1921; x_wconf 76' lang='lat' dir='ltr'><strong>pastoralem</strong></span> <span class='ocrx_word' id='word_1_245' title='bbox 3338 1858 3405 1908; x_wconf 85' lang='lat' dir='ltr'><strong>ad</strong></span> 
     </span>
    </p>
   </div>
   <div class='ocr_carea' id='block_1_36' title="bbox 175 1932 1599 2005">
    <p class='ocr_par' dir='ltr' id='par_1_36' title="bbox 175 1932 1599 2005">
     <span class='ocr_line' id='line_1_36' title="bbox 175 1932 1599 2005; baseline 0.005 -24"><span class='ocrx_word' id='word_1_246' title='bbox 175 1932 381 1997; x_wconf 79' lang='grc' dir='ltr'>μᾶλλον</span> <span class='ocrx_word' id='word_1_247' title='bbox 418 1934 609 1986; x_wconf 77' lang='grc' dir='ltr'>παθεῖν</span> <span class='ocrx_word' id='word_1_248' title='bbox 638 1934 671 2005; x_wconf 76' lang='grc' dir='ltr'><strong>ἢ</strong></span> <span class='ocrx_word' id='word_1_249' title='bbox 703 1933 1047 2004; x_wconf 80' lang='grc' dir='ltr'>ζημιωθῆναι</span> <span class='ocrx_word' id='word_1_250' title='bbox 1082 1934 1271 1987; x_wconf 79' lang='grc' dir='ltr'>τοῦτον</span> <span class='ocrx_word' id='word_1_251' title='bbox 1302 1936 1599 2003; x_wconf 79' lang='grc' dir='ltr'>ὑπέμενεν.</span> 
     </span>
    </p>
   </div>
   <div class='ocr_carea' id='block_1_37' title="bbox 1846 1934 3408 2011">
    <p class='ocr_par' dir='ltr' id='par_1_37' title="bbox 1846 1934 3408 2011">
     <span class='ocr_line' id='line_1_37' title="bbox 1846 1934 3408 2011; baseline 0.004 -25"><span class='ocrx_word' id='word_1_252' title='bbox 1846 1934 2164 2005; x_wconf 87' lang='lat' dir='ltr'><strong>regendum,</strong></span> <span class='ocrx_word' id='word_1_253' title='bbox 2196 1943 2290 1989; x_wconf 87' lang='lat' dir='ltr'><strong>aut</strong></span> <span class='ocrx_word' id='word_1_254' title='bbox 2328 1942 2581 2005; x_wconf 85' lang='lat' dir='ltr'><strong>sumptus</strong></span> <span class='ocrx_word' id='word_1_255' title='bbox 2616 1946 2669 1990; x_wconf 84' lang='lat' dir='ltr'><strong>ot</strong></span> <span class='ocrx_word' id='word_1_256' title='bbox 2700 1937 3109 2011; x_wconf 68' lang='lat' dir='ltr'><strong>providentiam</strong></span> <span class='ocrx_word' id='word_1_257' title='bbox 3144 1952 3208 1993; x_wconf 89' lang='lat' dir='ltr'><strong>ac</strong></span> <span class='ocrx_word' id='word_1_258' title='bbox 3238 1940 3408 2008; x_wconf 86' lang='lat' dir='ltr'><strong>perﬁ-</strong></span> 
     </span>
    </p>
   </div>
   <div class='ocr_carea' id='block_1_38' title="bbox 171 2021 3409 2096">
    <p class='ocr_par' dir='ltr' id='par_1_38' title="bbox 171 2021 3409 2096">
     <span class='ocr_line' id='line_1_38' title="bbox 171 2021 3409 2096; baseline 0.003 -23"><span class='ocrx_word' id='word_1_259' title='bbox 171 2021 429 2078; x_wconf 82' lang='lat' dir='ltr'><strong>ciendum</strong></span> <span class='ocrx_word' id='word_1_260' title='bbox 455 2033 665 2079; x_wconf 88' lang='lat' dir='ltr'><strong>tantum</strong></span> <span class='ocrx_word' id='word_1_261' title='bbox 701 2026 1206 2096; x_wconf 75' lang='lat' dir='ltr'><strong>Opus:pra:scrtim</strong></span> <span class='ocrx_word' id='word_1_262' title='bbox 1256 2042 1383 2081; x_wconf 86' lang='lat' dir='ltr'><strong>cum</strong></span> <span class='ocrx_word' id='word_1_263' title='bbox 1440 2024 1747 2080; x_wconf 91' lang='lat' dir='ltr'><strong>incredibili</strong></span> <span class='ocrx_word' id='word_1_264' title='bbox 1786 2024 2081 2092; x_wconf 79' lang='lat' dir='ltr'><strong>desiderio,</strong></span> <span class='ocrx_word' id='word_1_265' title='bbox 2131 2024 2299 2079; x_wconf 85' lang='lat' dir='ltr'><strong>veluti</strong></span> <span class='ocrx_word' id='word_1_266' title='bbox 2352 2026 2748 2081; x_wconf 88' lang='lat' dir='ltr'><strong>incvitabilium</strong></span> <span class='ocrx_word' id='word_1_267' title='bbox 2803 2026 3079 2093; x_wconf 80' lang='lat' dir='ltr'><strong>Sirenum,</strong></span> <span class='ocrx_word' id='word_1_268' title='bbox 3138 2037 3409 2083; x_wconf 82' lang='lat' dir='ltr'><strong>teneretur</strong></span> 
     </span>
    </p>
   </div>
   <div class='ocr_carea' id='block_1_39' title="bbox 172 2120 2634 2192">
    <p class='ocr_par' dir='ltr' id='par_1_39' title="bbox 172 2120 2634 2192">
     <span class='ocr_line' id='line_1_39' title="bbox 172 2120 2634 2192; baseline 0.002 -19"><span class='ocrx_word' id='word_1_269' title='bbox 172 2120 423 2188; x_wconf 76' lang='lat' dir='ltr'><strong>magistri</strong></span> <span class='ocrx_word' id='word_1_270' title='bbox 458 2125 566 2185; x_wconf 91' lang='lat' dir='ltr'><strong>sul,</strong></span> <span class='ocrx_word' id='word_1_271' title='bbox 626 2122 840 2190; x_wconf 86' lang='lat' dir='ltr'><strong>quidvis</strong></span> <span class='ocrx_word' id='word_1_272' title='bbox 900 2123 1082 2191; x_wconf 91' lang='lat' dir='ltr'><strong>potius</strong></span> <span class='ocrx_word' id='word_1_273' title='bbox 1143 2124 1425 2179; x_wconf 87' lang='lat' dir='ltr'><strong>subiturus</strong></span> <span class='ocrx_word' id='word_1_274' title='bbox 1457 2136 1620 2191; x_wconf 87' lang='lat' dir='ltr'><strong>quam</strong></span> <span class='ocrx_word' id='word_1_275' title='bbox 1671 2124 1739 2176; x_wconf 87' lang='lat' dir='ltr'><strong>ab</strong></span> <span class='ocrx_word' id='word_1_276' title='bbox 1769 2120 1944 2192; x_wconf 87' lang='lat' dir='ltr'><strong>ipsius</strong></span> <span class='ocrx_word' id='word_1_277' title='bbox 1971 2122 2253 2177; x_wconf 90' lang='lat' dir='ltr'><strong>consortio</strong></span> <span class='ocrx_word' id='word_1_278' title='bbox 2292 2136 2634 2177; x_wconf 79' lang='lat' dir='ltr'><strong>recessurus.</strong></span> 
     </span>
    </p>
   </div>
   <div class='ocr_carea' id='block_1_40' title="bbox 250 2212 1749 2287">
    <p class='ocr_par' dir='ltr' id='par_1_40' title="bbox 250 2212 1749 2287">
     <span class='ocr_line' id='line_1_40' title="bbox 250 2212 1749 2287; baseline 0.001 -22"><span class='ocrx_word' id='word_1_279' title='bbox 250 2212 317 2265; x_wconf 88' lang='grc' dir='ltr'><strong>θ’.</strong></span> <span class='ocrx_word' id='word_1_280' title='bbox 350 2212 408 2265; x_wconf 84' lang='grc' dir='ltr'>Ὀ</span> <span class='ocrx_word' id='word_1_281' title='bbox 442 2215 539 2282; x_wconf 84' lang='grc' dir='ltr'><strong>μέν</strong></span> <span class='ocrx_word' id='word_1_282' title='bbox 568 2214 658 2268; x_wconf 76' lang='grc' dir='ltr'><strong>οὖν</strong></span> <span class='ocrx_word' id='word_1_283' title='bbox 689 2217 746 2268; x_wconf 92' lang='grc' dir='ltr'><strong>ἐν</strong></span> <span class='ocrx_word' id='word_1_284' title='bbox 779 2216 983 2280; x_wconf 84' lang='grc' dir='ltr'><strong>τούτοις</strong></span> <span class='ocrx_word' id='word_1_285' title='bbox 1007 2214 1074 2287; x_wconf 79' lang='grc' dir='ltr'>ἦν</span> <span class='ocrx_word' id='word_1_286' title='bbox 1096 2220 1198 2271; x_wconf 77' lang='grc' dir='ltr'>’καὶ</span> <span class='ocrx_word' id='word_1_287' title='bbox 1217 2219 1425 2280; x_wconf 81' lang='grc' dir='ltr'><strong>τούτοις</strong></span> <span class='ocrx_word' id='word_1_288' title='bbox 1467 2217 1749 2285; x_wconf 76' lang='grc' dir='ltr'>λογισμοῖς</span> 
     </span>
    </p>
   </div>
   <div class='ocr_carea' id='block_1_41' title="bbox 172 2304 1747 2379">
    <p class='ocr_par' dir='ltr' id='par_1_41' title="bbox 172 2304 1747 2379">
     <span class='ocr_line' id='line_1_41' title="bbox 172 2304 1747 2379; baseline 0.004 -25"><span class='ocrx_word' id='word_1_289' title='bbox 172 2305 582 2374; x_wconf 61' lang='grc' dir='ltr'>πῳσεπὰλαιεν</span> <span class='ocrx_word' id='word_1_290' title='bbox 610 2323 623 2337; x_wconf 87' lang='grc'>·</span> <span class='ocrx_word' id='word_1_291' title='bbox 654 2308 751 2360; x_wconf 84' lang='grc' dir='ltr'>οὐκ</span> <span class='ocrx_word' id='word_1_292' title='bbox 780 2304 846 2377; x_wconf 77' lang='grc' dir='ltr'>ἦν</span> <span class='ocrx_word' id='word_1_293' title='bbox 876 2308 930 2361; x_wconf 86' lang='grc' dir='ltr'>δὲ</span> <span class='ocrx_word' id='word_1_294' title='bbox 960 2309 1065 2379; x_wconf 84' lang='grc' dir='ltr'>ἄρα</span> <span class='ocrx_word' id='word_1_295' title='bbox 1094 2310 1263 2363; x_wconf 74' lang='grc' dir='ltr'>ταῦτα</span> <span class='ocrx_word' id='word_1_296' title='bbox 1291 2310 1475 2361; x_wconf 81' lang='grc' dir='ltr'>λαθεῖν</span> <span class='ocrx_word' id='word_1_297' title='bbox 1499 2309 1589 2361; x_wconf 70' lang='grc' dir='ltr'><strong>τὸν</strong></span> <span class='ocrx_word' id='word_1_298' title='bbox 1621 2308 1747 2377; x_wconf 69' lang='grc' dir='ltr'><strong>βλέι</strong></span> 
     </span>
    </p>
   </div>
   <div class='ocr_carea' id='block_1_42' title="bbox 173 2395 1747 2469">
    <p class='ocr_par' dir='ltr' id='par_1_42' title="bbox 173 2395 1747 2469">
     <span class='ocr_line' id='line_1_42' title="bbox 173 2395 1747 2469; baseline 0.004 -22"><span class='ocrx_word' id='word_1_299' title='bbox 173 2413 370 2458; x_wconf 80' lang='grc' dir='ltr'>ποντα,</span> <span class='ocrx_word' id='word_1_300' title='bbox 401 2399 547 2459; x_wconf 74' lang='grc' dir='ltr'>ὅστις</span> <span class='ocrx_word' id='word_1_301' title='bbox 588 2398 685 2450; x_wconf 79' lang='grc' dir='ltr'><strong>οὐκ</strong></span> <span class='ocrx_word' id='word_1_302' title='bbox 748 2399 925 2463; x_wconf 76' lang='grc' dir='ltr'>ἄλλος,</span> <span class='ocrx_word' id='word_1_303' title='bbox 991 2400 1105 2452; x_wconf 80' lang='grc' dir='ltr'>ἀλλ’</span> <span class='ocrx_word' id='word_1_304' title='bbox 1150 2401 1310 2462; x_wconf 66' lang='grc' dir='ltr'>αὐτὸς</span> <span class='ocrx_word' id='word_1_305' title='bbox 1344 2395 1413 2469; x_wconf 82' lang='grc' dir='ltr'>ἦν</span> <span class='ocrx_word' id='word_1_306' title='bbox 1458 2402 1685 2462; x_wconf 79' lang='grc' dir='ltr'>ἐκεῖνος,</span> <span class='ocrx_word' id='word_1_307' title='bbox 1720 2404 1747 2453; x_wconf 85' lang='grc' dir='ltr'>ὁ</span> 
     </span>
    </p>
   </div>
   <div class='ocr_carea' id='block_1_43' title="bbox 171 2483 1744 2560">
    <p class='ocr_par' dir='ltr' id='par_1_43' title="bbox 171 2483 1744 2560">
     <span class='ocr_line' id='line_1_43' title="bbox 171 2483 1744 2560; baseline 0.003 -23"><span class='ocrx_word' id='word_1_308' title='bbox 171 2483 271 2537; x_wconf 76' lang='grc' dir='ltr'>τοῦ</span> <span class='ocrx_word' id='word_1_309' title='bbox 299 2486 584 2539; x_wconf 78' lang='grc' dir='ltr'>θεσπεσίου</span> <span class='ocrx_word' id='word_1_310' title='bbox 617 2489 778 2541; x_wconf 76' lang='grc' dir='ltr'>τοῦδε</span> <span class='ocrx_word' id='word_1_311' title='bbox 844 2489 1059 2559; x_wconf 72' lang='grc' dir='ltr'>Πατρδς</span> <span class='ocrx_word' id='word_1_312' title='bbox 1090 2489 1405 2560; x_wconf 81' lang='grc' dir='ltr'>καθηγητὴς</span> <span class='ocrx_word' id='word_1_313' title='bbox 1458 2491 1550 2542; x_wconf 73' lang='grc' dir='ltr'>καὶ</span> <span class='ocrx_word' id='word_1_314' title='bbox 1598 2491 1744 2542; x_wconf 75' lang='grc' dir='ltr'>διδά-</span> 
     </span>
    </p>
   </div>
   <div class='ocr_carea' id='block_1_44' title="bbox 178 2570 1740 2649">
    <p class='ocr_par' dir='ltr' id='par_1_44' title="bbox 178 2570 1740 2649">
     <span class='ocr_line' id='line_1_44' title="bbox 178 2570 1740 2649; baseline 0.003 -22"><span class='ocrx_word' id='word_1_315' title='bbox 178 2575 396 2641; x_wconf 80' lang='grc' dir='ltr'>σκαλος,</span> <span class='ocrx_word' id='word_1_316' title='bbox 430 2570 473 2643; x_wconf 83' lang='grc' dir='ltr'><strong>ᾧ</strong></span> <span class='ocrx_word' id='word_1_317' title='bbox 504 2580 595 2628; x_wconf 75' lang='grc' dir='ltr'>καὶ</span> <span class='ocrx_word' id='word_1_318' title='bbox 650 2577 743 2631; x_wconf 83' lang='grc' dir='ltr'>νῦν</span> <span class='ocrx_word' id='word_1_319' title='bbox 767 2577 839 2641; x_wconf 85' lang='grc' dir='ltr'><strong>ῶς</strong></span> <span class='ocrx_word' id='word_1_320' title='bbox 889 2580 975 2632; x_wconf 76' lang='grc' dir='ltr'>ἀεὶ</span> <span class='ocrx_word' id='word_1_321' title='bbox 1034 2580 1207 2634; x_wconf 80' lang='grc' dir='ltr'>πάντα</span> <span class='ocrx_word' id='word_1_322' title='bbox 1257 2580 1509 2649; x_wconf 81' lang='grc' dir='ltr'>γνώριμα</span> <span class='ocrx_word' id='word_1_323' title='bbox 1540 2581 1740 2649; x_wconf 80' lang='grc' dir='ltr'>τίθησι,</span> 
     </span>
    </p>
   </div>
   <div class='ocr_carea' id='block_1_45' title="bbox 178 2656 1745 2740">
    <p class='ocr_par' dir='ltr' id='par_1_45' title="bbox 178 2656 1745 2740">
     <span class='ocr_line' id='line_1_45' title="bbox 178 2656 1745 2740; baseline 0.003 -21"><span class='ocrx_word' id='word_1_324' title='bbox 178 2668 359 2721; x_wconf 85' lang='grc' dir='ltr'>καίτοι</span> <span class='ocrx_word' id='word_1_325' title='bbox 390 2686 452 2736; x_wconf 90' lang='grc' dir='ltr'><strong>γε</strong></span> <span class='ocrx_word' id='word_1_326' title='bbox 510 2670 724 2740; x_wconf 83' lang='grc' dir='ltr'>μακρὰν</span> <span class='ocrx_word' id='word_1_327' title='bbox 754 2672 1048 2739; x_wconf 80' lang='grc' dir='ltr'>ἀφεστῶτι,</span> <span class='ocrx_word' id='word_1_328' title='bbox 1072 2674 1097 2723; x_wconf 83' lang='grc' dir='ltr'>ὁ</span> <span class='ocrx_word' id='word_1_329' title='bbox 1126 2672 1518 2726; x_wconf 83' lang='grc' dir='ltr'>ἀνακαλύπτων</span> <span class='ocrx_word' id='word_1_330' title='bbox 1577 2656 1745 2740; x_wconf 74' lang='grc' dir='ltr'>βαθέα</span> 
     </span>
    </p>
   </div>
   <div class='ocr_carea' id='block_1_46' title="bbox 176 2760 1743 2832">
    <p class='ocr_par' dir='ltr' id='par_1_46' title="bbox 176 2760 1743 2832">
     <span class='ocr_line' id='line_1_46' title="bbox 176 2760 1743 2832; baseline 0.002 -20"><span class='ocrx_word' id='word_1_331' title='bbox 176 2762 271 2812; x_wconf 67' lang='grc' dir='ltr'><strong>καὶ</strong></span> <span class='ocrx_word' id='word_1_332' title='bbox 317 2760 648 2828; x_wconf 80' lang='grc' dir='ltr'>ἀπογυμνῶν</span> <span class='ocrx_word' id='word_1_333' title='bbox 705 2762 1087 2831; x_wconf 76' lang='grc' dir='ltr'>κεκρυμμένα.</span> <span class='ocrx_word' id='word_1_334' title='bbox 1124 2763 1579 2832; x_wconf 74' lang='grc' dir='ltr'>Ὑποστρέψαντι</span> <span class='ocrx_word' id='word_1_335' title='bbox 1636 2765 1743 2831; x_wconf 68' lang='grc' dir='ltr'>γὰρ</span> 
     </span>
    </p>
   </div>
   <div class='ocr_carea' id='block_1_47' title="bbox 180 2850 1745 2923">
    <p class='ocr_par' dir='ltr' id='par_1_47' title="bbox 180 2850 1745 2923">
     <span class='ocr_line' id='line_1_47' title="bbox 180 2850 1745 2923; baseline 0.003 -23"><span class='ocrx_word' id='word_1_336' title='bbox 180 2850 321 2917; x_wconf 82' lang='grc' dir='ltr'><strong>μετά</strong></span> <span class='ocrx_word' id='word_1_337' title='bbox 357 2850 453 2919; x_wconf 82' lang='grc' dir='ltr'>τὴν</span> <span class='ocrx_word' id='word_1_338' title='bbox 486 2855 581 2921; x_wconf 84' lang='grc' dir='ltr'>τῆς</span> <span class='ocrx_word' id='word_1_339' title='bbox 616 2852 894 2914; x_wconf 84' lang='grc' dir='ltr'>διακονίας</span> <span class='ocrx_word' id='word_1_340' title='bbox 925 2853 1297 2923; x_wconf 73' lang='grc' dir='ltr'>ἐκπλήρωσιν,</span> <span class='ocrx_word' id='word_1_341' title='bbox 1378 2853 1573 2921; x_wconf 72' lang='grc' dir='ltr'>μικρὸν</span> <span class='ocrx_word' id='word_1_342' title='bbox 1623 2855 1745 2905; x_wconf 84' lang='grc' dir='ltr'>ἐπι·-</span> 
     </span>
    </p>
   </div>
   <div class='ocr_carea' id='block_1_48' title="bbox 177 2941 1747 3013">
    <p class='ocr_par' dir='ltr' id='par_1_48' title="bbox 177 2941 1747 3013">
     <span class='ocr_line' id='line_1_48' title="bbox 177 2941 1747 3013; baseline 0.003 -21"><span class='ocrx_word' id='word_1_343' title='bbox 177 2941 346 3009; x_wconf 77' lang='grc' dir='ltr'>σχὼν,</span> <span class='ocrx_word' id='word_1_344' title='bbox 385 2944 767 3011; x_wconf 73' lang='grc' dir='ltr'>μετακαλεῖται</span> <span class='ocrx_word' id='word_1_345' title='bbox 789 2945 877 2997; x_wconf 83' lang='grc' dir='ltr'>τὸν</span> <span class='ocrx_word' id='word_1_346' title='bbox 907 2945 1073 3007; x_wconf 87' lang='grc' dir='ltr'>ὅσιον,</span> <span class='ocrx_word' id='word_1_347' title='bbox 1095 2948 1185 2996; x_wconf 77' lang='grc' dir='ltr'>καὶ</span> <span class='ocrx_word' id='word_1_348' title='bbox 1208 2944 1292 3006; x_wconf 91' lang='grc' dir='ltr'>Τί,</span> <span class='ocrx_word' id='word_1_349' title='bbox 1323 2944 1475 3013; x_wconf 72' lang='grc' dir='ltr'>φησὶ,</span> <span class='ocrx_word' id='word_1_350' title='bbox 1510 2945 1747 3011; x_wconf 77' lang='grc' dir='ltr'>μέλλεις,</span> 
     </span>
    </p>
   </div>
   <div class='ocr_carea' id='block_1_49' title="bbox 176 3027 1750 3109">
    <p class='ocr_par' dir='ltr' id='par_1_49' title="bbox 176 3027 1750 3109">
     <span class='ocr_line' id='line_1_49' title="bbox 176 3027 1750 3109; baseline 0.002 -23"><span class='ocrx_word' id='word_1_351' title='bbox 176 3027 221 3086; x_wconf 81' lang='grc' dir='ltr'><strong>ὦ</strong></span> <span class='ocrx_word' id='word_1_352' title='bbox 251 3034 491 3102; x_wconf 75' lang='grc' dir='ltr'>Δωρόθεε</span> <span class='ocrx_word' id='word_1_353' title='bbox 522 3036 705 3088; x_wconf 81' lang='grc' dir='ltr'>τέκνον</span> <span class='ocrx_word' id='word_1_354' title='bbox 734 3032 834 3109; x_wconf 42' lang='grc' dir='ltr'>ηῆ</span> <span class='ocrx_word' id='word_1_355' title='bbox 870 3038 1001 3105; x_wconf 87' lang='grc' dir='ltr'>μήτι</span> <span class='ocrx_word' id='word_1_356' title='bbox 1040 3054 1143 3088; x_wconf 84' lang='grc' dir='ltr'><strong>που</strong></span> <span class='ocrx_word' id='word_1_357' title='bbox 1193 3036 1323 3103; x_wconf 87' lang='grc' dir='ltr'>σύγε</span> <span class='ocrx_word' id='word_1_358' title='bbox 1375 3038 1545 3102; x_wconf 62' lang='grc' dir='ltr'>λήθην</span> <span class='ocrx_word' id='word_1_359' title='bbox 1597 3038 1750 3105; x_wconf 60' lang='grc' dir='ltr'>ἔσχες</span> 
     </span>
    </p>
   </div>
   <div class='ocr_carea' id='block_1_50' title="bbox 177 3120 1747 3196">
    <p class='ocr_par' dir='ltr' id='par_1_50' title="bbox 177 3120 1747 3196">
     <span class='ocr_line' id='line_1_50' title="bbox 177 3120 1747 3196; baseline 0.003 -23"><span class='ocrx_word' id='word_1_360' title='bbox 177 3124 273 3173; x_wconf 80' lang='grc' dir='ltr'><strong>τοῦ</strong></span> <span class='ocrx_word' id='word_1_361' title='bbox 335 3125 780 3193; x_wconf 81' lang='grc' dir='ltr'>χρηματίσαντος</span> <span class='ocrx_word' id='word_1_362' title='bbox 837 3127 929 3179; x_wconf 80' lang='grc' dir='ltr'>καὶ</span> <span class='ocrx_word' id='word_1_363' title='bbox 1008 3120 1081 3178; x_wconf 78' lang='grc' dir='ltr'>ὧν</span> <span class='ocrx_word' id='word_1_364' title='bbox 1137 3128 1342 3189; x_wconf 89' lang='grc' dir='ltr'>ἐκεῖνος</span> <span class='ocrx_word' id='word_1_365' title='bbox 1396 3127 1747 3196; x_wconf 69' lang='grc' dir='ltr'>ἐπέσκηψενς</span> 
     </span>
    </p>
   </div>
   <div class='ocr_carea' id='block_1_51' title="bbox 184 3208 1749 3286">
    <p class='ocr_par' dir='ltr' id='par_1_51' title="bbox 184 3208 1749 3286">
     <span class='ocr_line' id='line_1_51' title="bbox 184 3208 1749 3286; baseline 0.003 -22"><span class='ocrx_word' id='word_1_366' title='bbox 184 3208 348 3274; x_wconf 67' lang='lat' dir='ltr'><strong>Eine,</strong></span> <span class='ocrx_word' id='word_1_367' title='bbox 412 3213 505 3265; x_wconf 73' lang='lat' dir='ltr'><strong>atati.</strong></span> <span class='ocrx_word' id='word_1_368' title='bbox 547 3213 975 3284; x_wconf 77' lang='grc' dir='ltr'>διαταραγθὲντα</span> <span class='ocrx_word' id='word_1_369' title='bbox 1026 3215 1116 3268; x_wconf 75' lang='grc' dir='ltr'><strong>τὸν</strong></span> <span class='ocrx_word' id='word_1_370' title='bbox 1167 3216 1316 3269; x_wconf 80' lang='grc' dir='ltr'>ὅσιον</span> <span class='ocrx_word' id='word_1_371' title='bbox 1372 3216 1579 3286; x_wconf 78' lang='grc' dir='ltr'>ἀθρόως</span> <span class='ocrx_word' id='word_1_372' title='bbox 1628 3217 1749 3269; x_wconf 75' lang='grc' dir='ltr'>ἰδὼν</span> 
     </span>
    </p>
   </div>
   <div class='ocr_carea' id='block_1_52' title="bbox 180 3304 1751 3379">
    <p class='ocr_par' dir='ltr' id='par_1_52' title="bbox 180 3304 1751 3379">
     <span class='ocr_line' id='line_1_52' title="bbox 180 3304 1751 3379; baseline 0.004 -26"><span class='ocrx_word' id='word_1_373' title='bbox 180 3304 314 3373; x_wconf 78' lang='grc' dir='ltr'>πρὸς</span> <span class='ocrx_word' id='word_1_374' title='bbox 350 3306 408 3355; x_wconf 73' lang='grc' dir='ltr'>τὸ</span> <span class='ocrx_word' id='word_1_375' title='bbox 463 3304 741 3373; x_wconf 79' lang='grc' dir='ltr'>τοῦλόγου</span> <span class='ocrx_word' id='word_1_376' title='bbox 803 3308 1124 3375; x_wconf 77' lang='grc' dir='ltr'>παράδοξον,</span> <span class='ocrx_word' id='word_1_377' title='bbox 1180 3312 1273 3361; x_wconf 77' lang='grc' dir='ltr'>καὶ</span> <span class='ocrx_word' id='word_1_378' title='bbox 1337 3308 1588 3379; x_wconf 73' lang='grc' dir='ltr'>καθάπερ</span> <span class='ocrx_word' id='word_1_379' title='bbox 1644 3310 1751 3360; x_wconf 70' lang='grc' dir='ltr'><strong>ύπύ</strong></span> 
     </span>
    </p>
   </div>
   <div class='ocr_carea' id='block_1_53' title="bbox 1915 2216 3405 2288">
    <p class='ocr_par' dir='ltr' id='par_1_53' title="bbox 1915 2216 3405 2288">
     <span class='ocr_line' id='line_1_53' title="bbox 1915 2216 3405 2288; baseline 0 -15"><span class='ocrx_word' id='word_1_380' title='bbox 1915 2219 1969 2273; x_wconf 88' lang='grc'><strong>9.</strong></span> <span class='ocrx_word' id='word_1_381' title='bbox 1990 2216 2211 2271; x_wconf 84' lang='lat' dir='ltr'><strong>Talibus</strong></span> <span class='ocrx_word' id='word_1_382' title='bbox 2236 2217 2325 2272; x_wconf 92' lang='lat' dir='ltr'><strong>ille</strong></span> <span class='ocrx_word' id='word_1_383' title='bbox 2343 2217 2655 2288; x_wconf 75' lang='lat' dir='ltr'><strong>agitabatur</strong></span> <span class='ocrx_word' id='word_1_384' title='bbox 2676 2217 3117 2288; x_wconf 82' lang='lat' dir='ltr'><strong>cogitationibus,</strong></span> <span class='ocrx_word' id='word_1_385' title='bbox 3146 2226 3199 2272; x_wconf 88' lang='lat' dir='ltr'><strong>et</strong></span> <span class='ocrx_word' id='word_1_386' title='bbox 3223 2233 3405 2273; x_wconf 84' lang='lat' dir='ltr'><strong>secum</strong></span> 
     </span>
    </p>
   </div>
   <div class='ocr_carea' id='block_1_54' title="bbox 1845 2306 3407 2377">
    <p class='ocr_par' dir='ltr' id='par_1_54' title="bbox 1845 2306 3407 2377">
     <span class='ocr_line' id='line_1_54' title="bbox 1845 2306 3407 2377; baseline 0 -16"><span class='ocrx_word' id='word_1_387' title='bbox 1845 2307 1961 2377; x_wconf 89' lang='lat' dir='ltr'><strong>ipse</strong></span> <span class='ocrx_word' id='word_1_388' title='bbox 2000 2306 2311 2361; x_wconf 87' lang='lat' dir='ltr'><strong>luctabatur</strong></span> <span class='ocrx_word' id='word_1_389' title='bbox 2345 2321 2360 2359; x_wconf 86' lang='lat'><strong>:</strong></span> <span class='ocrx_word' id='word_1_390' title='bbox 2395 2306 2537 2374; x_wconf 87' lang='lat' dir='ltr'><strong>quod</strong></span> <span class='ocrx_word' id='word_1_391' title='bbox 2569 2308 2736 2361; x_wconf 89' lang='lat' dir='ltr'><strong>latere</strong></span> <span class='ocrx_word' id='word_1_392' title='bbox 2759 2322 2865 2361; x_wconf 91' lang='lat' dir='ltr'><strong>non</strong></span> <span class='ocrx_word' id='word_1_393' title='bbox 2890 2310 3064 2377; x_wconf 87' lang='lat' dir='ltr'><strong>potuit</strong></span> <span class='ocrx_word' id='word_1_394' title='bbox 3093 2308 3361 2364; x_wconf 72' lang='lat' dir='ltr'><strong>videntem</strong></span> <span class='ocrx_word' id='word_1_395' title='bbox 3388 2325 3407 2375; x_wconf 84' lang='lat'><strong>;</strong></span> 
     </span>
    </p>
   </div>
   <div class='ocr_carea' id='block_1_55' title="bbox 1842 2397 3402 2466">
    <p class='ocr_par' dir='ltr' id='par_1_55' title="bbox 1842 2397 3402 2466">
     <span class='ocr_line' id='line_1_55' title="bbox 1842 2397 3402 2466; baseline 0 -15"><span class='ocrx_word' id='word_1_396' title='bbox 1842 2397 2043 2465; x_wconf 88' lang='lat' dir='ltr'><strong>ipsum,</strong></span> <span class='ocrx_word' id='word_1_397' title='bbox 2076 2397 2320 2466; x_wconf 86' lang='lat' dir='ltr'><strong>inquam,</strong></span> <span class='ocrx_word' id='word_1_398' title='bbox 2360 2398 2587 2466; x_wconf 84' lang='lat' dir='ltr'><strong>hujusce</strong></span> <span class='ocrx_word' id='word_1_399' title='bbox 2617 2398 2831 2451; x_wconf 89' lang='lat' dir='ltr'><strong>miriﬁci</strong></span> <span class='ocrx_word' id='word_1_400' title='bbox 2864 2398 3041 2454; x_wconf 83' lang='lat' dir='ltr'><strong>Patris</strong></span> <span class='ocrx_word' id='word_1_401' title='bbox 3080 2400 3402 2454; x_wconf 86' lang='lat' dir='ltr'><strong>directoretu</strong></span> 
     </span>
    </p>
   </div>
   <div class='ocr_carea' id='block_1_56' title="bbox 1842 2490 3403 2561">
    <p class='ocr_par' dir='ltr' id='par_1_56' title="bbox 1842 2490 3403 2561">
     <span class='ocr_line' id='line_1_56' title="bbox 1842 2490 3403 2561; baseline 0 -18"><span class='ocrx_word' id='word_1_402' title='bbox 1842 2504 1905 2544; x_wconf 88' lang='lat' dir='ltr'><strong>ac</strong></span> <span class='ocrx_word' id='word_1_403' title='bbox 1942 2490 2262 2561; x_wconf 89' lang='lat' dir='ltr'><strong>magistrum</strong></span> <span class='ocrx_word' id='word_1_404' title='bbox 2292 2505 2307 2552; x_wconf 88' lang='lat'><strong>;</strong></span> <span class='ocrx_word' id='word_1_405' title='bbox 2341 2490 2427 2544; x_wconf 89' lang='lat' dir='ltr'><strong>cui</strong></span> <span class='ocrx_word' id='word_1_406' title='bbox 2465 2500 2520 2545; x_wconf 92' lang='lat' dir='ltr'><strong>et</strong></span> <span class='ocrx_word' id='word_1_407' title='bbox 2573 2505 2737 2554; x_wconf 90' lang='lat' dir='ltr'><strong>nunc,</strong></span> <span class='ocrx_word' id='word_1_408' title='bbox 2782 2491 2858 2544; x_wconf 88' lang='lat' dir='ltr'><strong>uti</strong></span> <span class='ocrx_word' id='word_1_409' title='bbox 2895 2505 3131 2560; x_wconf 88' lang='lat' dir='ltr'><strong>semper,</strong></span> <span class='ocrx_word' id='word_1_410' title='bbox 3188 2495 3403 2546; x_wconf 86' lang='lat' dir='ltr'><strong>tametsi</strong></span> 
     </span>
    </p>
   </div>
   <div class='ocr_carea' id='block_1_57' title="bbox 1842 2578 3407 2650">
    <p class='ocr_par' dir='ltr' id='par_1_57' title="bbox 1842 2578 3407 2650">
     <span class='ocr_line' id='line_1_57' title="bbox 1842 2578 3407 2650; baseline 0.003 -20"><span class='ocrx_word' id='word_1_411' title='bbox 1842 2578 1999 2647; x_wconf 85' lang='lat' dir='ltr'><strong>longe</strong></span> <span class='ocrx_word' id='word_1_412' title='bbox 2020 2579 2254 2644; x_wconf 82' lang='lat' dir='ltr'><strong>absenti,</strong></span> <span class='ocrx_word' id='word_1_413' title='bbox 2284 2589 2411 2633; x_wconf 90' lang='lat' dir='ltr'><strong>nota</strong></span> <span class='ocrx_word' id='word_1_414' title='bbox 2439 2589 2558 2635; x_wconf 90' lang='lat' dir='ltr'><strong>erat</strong></span> <span class='ocrx_word' id='word_1_415' title='bbox 2588 2580 2793 2645; x_wconf 90' lang='lat' dir='ltr'><strong>omnia,</strong></span> <span class='ocrx_word' id='word_1_416' title='bbox 2829 2582 2993 2636; x_wconf 92' lang='lat' dir='ltr'><strong>solito</strong></span> <span class='ocrx_word' id='word_1_417' title='bbox 3016 2582 3257 2637; x_wconf 84' lang='lat' dir='ltr'><strong>revelare</strong></span> <span class='ocrx_word' id='word_1_418' title='bbox 3283 2597 3407 2650; x_wconf 61' lang='lat' dir='ltr'><strong>pro.</strong></span> 
     </span>
    </p>
   </div>
   <div class='ocr_carea' id='block_1_58' title="bbox 1841 2666 3404 2742">
    <p class='ocr_par' dir='ltr' id='par_1_58' title="bbox 1841 2666 3404 2742">
     <span class='ocr_line' id='line_1_58' title="bbox 1841 2666 3404 2742; baseline 0.003 -23"><span class='ocrx_word' id='word_1_419' title='bbox 1841 2666 2032 2734; x_wconf 86' lang='lat' dir='ltr'><strong>lunda,</strong></span> <span class='ocrx_word' id='word_1_420' title='bbox 2097 2684 2161 2724; x_wconf 89' lang='lat' dir='ltr'><strong>ac</strong></span> <span class='ocrx_word' id='word_1_421' title='bbox 2211 2669 2457 2739; x_wconf 82' lang='lat' dir='ltr'><strong>detegere</strong></span> <span class='ocrx_word' id='word_1_422' title='bbox 2520 2671 2754 2723; x_wconf 88' lang='lat' dir='ltr'><strong>occulta.</strong></span> <span class='ocrx_word' id='word_1_423' title='bbox 2818 2668 3112 2726; x_wconf 79' lang='lat' dir='ltr'><strong>Reversttm</strong></span> <span class='ocrx_word' id='word_1_424' title='bbox 3146 2675 3342 2742; x_wconf 80' lang='lat' dir='ltr'><strong>quippe</strong></span> <span class='ocrx_word' id='word_1_425' title='bbox 3377 2689 3404 2724; x_wconf 89' lang='lat' dir='ltr'><strong>a</strong></span> 
     </span>
    </p>
   </div>
   <div class='ocr_carea' id='block_1_59' title="bbox 1843 2757 3407 2829">
    <p class='ocr_par' dir='ltr' id='par_1_59' title="bbox 1843 2757 3407 2829">
     <span class='ocr_line' id='line_1_59' title="bbox 1843 2757 3407 2829; baseline 0.004 -19"><span class='ocrx_word' id='word_1_426' title='bbox 1843 2766 2065 2825; x_wconf 83' lang='lat' dir='ltr'><strong>peracto</strong></span> <span class='ocrx_word' id='word_1_427' title='bbox 2091 2757 2393 2811; x_wconf 85' lang='lat' dir='ltr'><strong>ministerio</strong></span> <span class='ocrx_word' id='word_1_428' title='bbox 2429 2757 2715 2823; x_wconf 83' lang='lat' dir='ltr'><strong>Sanctum,</strong></span> <span class='ocrx_word' id='word_1_429' title='bbox 2744 2770 2863 2826; x_wconf 90' lang='lat' dir='ltr'><strong>post</strong></span> <span class='ocrx_word' id='word_1_430' title='bbox 2894 2774 3101 2813; x_wconf 89' lang='lat' dir='ltr'><strong>moram</strong></span> <span class='ocrx_word' id='word_1_431' title='bbox 3132 2762 3407 2829; x_wconf 81' lang='lat' dir='ltr'><strong>exiguam,</strong></span> 
     </span>
    </p>
   </div>
   <div class='ocr_carea' id='block_1_60' title="bbox 1845 2848 3408 2921">
    <p class='ocr_par' dir='ltr' id='par_1_60' title="bbox 1845 2848 3408 2921">
     <span class='ocr_line' id='line_1_60' title="bbox 1845 2848 3408 2921; baseline 0.004 -20"><span class='ocrx_word' id='word_1_432' title='bbox 1845 2848 2077 2903; x_wconf 87' lang='lat' dir='ltr'><strong>advocat</strong></span> <span class='ocrx_word' id='word_1_433' title='bbox 2105 2850 2170 2902; x_wconf 88' lang='lat' dir='ltr'><strong>ad</strong></span> <span class='ocrx_word' id='word_1_434' title='bbox 2205 2863 2284 2909; x_wconf 84' lang='lat' dir='ltr'><strong>se.</strong></span> <span class='ocrx_word' id='word_1_435' title='bbox 2324 2856 2487 2917; x_wconf 82' lang='lat' dir='ltr'><strong>atque</strong></span> <span class='ocrx_word' id='word_1_436' title='bbox 2522 2850 2599 2902; x_wconf 86' lang='lat' dir='ltr'><strong>ait</strong></span> <span class='ocrx_word' id='word_1_437' title='bbox 2647 2865 2663 2903; x_wconf 90' lang='lat'><strong>:</strong></span> <span class='ocrx_word' id='word_1_438' title='bbox 2710 2848 2850 2914; x_wconf 85' lang='lat' dir='ltr'><strong>Quid</strong></span> <span class='ocrx_word' id='word_1_439' title='bbox 2894 2853 3288 2921; x_wconf 79' lang='lat' dir='ltr'><strong>tergiversaris,</strong></span> <span class='ocrx_word' id='word_1_440' title='bbox 3331 2855 3408 2909; x_wconf 90' lang='lat' dir='ltr'><strong>ﬁli</strong></span> 
     </span>
    </p>
   </div>
   <div class='ocr_carea' id='block_1_61' title="bbox 1845 2936 3407 3012">
    <p class='ocr_par' dir='ltr' id='par_1_61' title="bbox 1845 2936 3407 3012">
     <span class='ocr_line' id='line_1_61' title="bbox 1845 2936 3407 3012; baseline 0.003 -20"><span class='ocrx_word' id='word_1_441' title='bbox 1845 2940 1918 2992; x_wconf 91' lang='lat' dir='ltr'><strong>mi</strong></span> <span class='ocrx_word' id='word_1_442' title='bbox 1946 2938 2259 2993; x_wconf 87' lang='lat' dir='ltr'><strong>Dorotbee?</strong></span> <span class='ocrx_word' id='word_1_443' title='bbox 2290 2936 2565 3005; x_wconf 84' lang='lat' dir='ltr'><strong>Numquid</strong></span> <span class='ocrx_word' id='word_1_444' title='bbox 2597 2940 2802 2993; x_wconf 89' lang='lat' dir='ltr'><strong>oblivio</strong></span> <span class='ocrx_word' id='word_1_445' title='bbox 2840 2950 2891 2995; x_wconf 86' lang='lat' dir='ltr'><strong>te</strong></span> <span class='ocrx_word' id='word_1_446' title='bbox 2924 2943 3070 3012; x_wconf 87' lang='lat' dir='ltr'><strong>cepit</strong></span> <span class='ocrx_word' id='word_1_447' title='bbox 3115 2941 3281 3007; x_wconf 90' lang='lat' dir='ltr'><strong>illius,</strong></span> <span class='ocrx_word' id='word_1_448' title='bbox 3314 2946 3407 3012; x_wconf 88' lang='lat' dir='ltr'><strong>qui</strong></span> 
     </span>
    </p>
   </div>
   <div class='ocr_carea' id='block_1_62' title="bbox 1845 3029 3408 3101">
    <p class='ocr_par' dir='ltr' id='par_1_62' title="bbox 1845 3029 3408 3101">
     <span class='ocr_line' id='line_1_62' title="bbox 1845 3029 3408 3101; baseline 0.003 -18"><span class='ocrx_word' id='word_1_449' title='bbox 1845 3038 1901 3083; x_wconf 90' lang='lat' dir='ltr'><strong>te</strong></span> <span class='ocrx_word' id='word_1_450' title='bbox 1934 3029 2201 3084; x_wconf 84' lang='lat' dir='ltr'><strong>divinitus</strong></span> <span class='ocrx_word' id='word_1_451' title='bbox 2256 3029 2488 3093; x_wconf 88' lang='lat' dir='ltr'><strong>monuit,</strong></span> <span class='ocrx_word' id='word_1_452' title='bbox 2525 3036 2579 3083; x_wconf 84' lang='lat' dir='ltr'><strong>et</strong></span> <span class='ocrx_word' id='word_1_453' title='bbox 2616 3029 2997 3085; x_wconf 85' lang='lat' dir='ltr'><strong>mandatorum</strong></span> <span class='ocrx_word' id='word_1_454' title='bbox 3040 3049 3159 3101; x_wconf 71' lang='lat' dir='ltr'><strong>qua:</strong></span> <span class='ocrx_word' id='word_1_455' title='bbox 3206 3033 3408 3088; x_wconf 88' lang='lat' dir='ltr'><strong>dedit?</strong></span> 
     </span>
    </p>
   </div>
   <div class='ocr_carea' id='block_1_63' title="bbox 1846 3119 3407 3189">
    <p class='ocr_par' dir='ltr' id='par_1_63' title="bbox 1846 3119 3407 3189">
     <span class='ocr_line' id='line_1_63' title="bbox 1846 3119 3407 3189; baseline 0.004 -16"><span class='ocrx_word' id='word_1_456' title='bbox 1846 3119 1952 3173; x_wconf 92' lang='lat' dir='ltr'><strong>dic.</strong></span> <span class='ocrx_word' id='word_1_457' title='bbox 1986 3119 2120 3174; x_wconf 89' lang='lat' dir='ltr'><strong>Cum</strong></span> <span class='ocrx_word' id='word_1_458' title='bbox 2148 3134 2275 3175; x_wconf 88' lang='lat' dir='ltr'><strong>vero</strong></span> <span class='ocrx_word' id='word_1_459' title='bbox 2299 3122 2499 3189; x_wconf 88' lang='lat' dir='ltr'><strong>ipsum,</strong></span> <span class='ocrx_word' id='word_1_460' title='bbox 2534 3120 2811 3189; x_wconf 85' lang='lat' dir='ltr'><strong>inopinato</strong></span> <span class='ocrx_word' id='word_1_461' title='bbox 2837 3138 3089 3183; x_wconf 82' lang='lat' dir='ltr'><strong>sermone</strong></span> <span class='ocrx_word' id='word_1_462' title='bbox 3130 3127 3407 3180; x_wconf 87' lang='lat' dir='ltr'><strong>turbatum</strong></span> 
     </span>
    </p>
   </div>
   <div class='ocr_carea' id='block_1_64' title="bbox 1846 3210 3404 3281">
    <p class='ocr_par' dir='ltr' id='par_1_64' title="bbox 1846 3210 3404 3281">
     <span class='ocr_line' id='line_1_64' title="bbox 1846 3210 3404 3281; baseline 0.005 -19"><span class='ocrx_word' id='word_1_463' title='bbox 1846 3225 1909 3263; x_wconf 91' lang='lat' dir='ltr'><strong>ac</strong></span> <span class='ocrx_word' id='word_1_464' title='bbox 1941 3210 2105 3264; x_wconf 84' lang='lat' dir='ltr'><strong>veluti</strong></span> <span class='ocrx_word' id='word_1_465' title='bbox 2142 3212 2385 3264; x_wconf 89' lang='lat' dir='ltr'><strong>tonitruo</strong></span> <span class='ocrx_word' id='word_1_466' title='bbox 2423 3212 2660 3277; x_wconf 76' lang='lat' dir='ltr'><strong>quodam</strong></span> <span class='ocrx_word' id='word_1_467' title='bbox 2695 3215 3068 3281; x_wconf 78' lang='lat' dir='ltr'><strong>stupefactum</strong></span> <span class='ocrx_word' id='word_1_468' title='bbox 3109 3226 3355 3271; x_wconf 85' lang='lat' dir='ltr'><strong>cerneret</strong></span> <span class='ocrx_word' id='word_1_469' title='bbox 3390 3237 3404 3278; x_wconf 85' lang='lat'><strong>;</strong></span> 
     </span>
    </p>
   </div>
   <div class='ocr_carea' id='block_1_65' title="bbox 1845 3302 3407 3374">
    <p class='ocr_par' dir='ltr' id='par_1_65' title="bbox 1845 3302 3407 3374">
     <span class='ocr_line' id='line_1_65' title="bbox 1845 3302 3407 3374; baseline 0.004 -21"><span class='ocrx_word' id='word_1_470' title='bbox 1845 3302 2117 3354; x_wconf 87' lang='lat' dir='ltr'><strong>recreavit</strong></span> <span class='ocrx_word' id='word_1_471' title='bbox 2174 3302 2423 3355; x_wconf 88' lang='lat' dir='ltr'><strong>nonnihil</strong></span> <span class='ocrx_word' id='word_1_472' title='bbox 2464 3302 2645 3355; x_wconf 84' lang='lat' dir='ltr'><strong>animo</strong></span> <span class='ocrx_word' id='word_1_473' title='bbox 2696 3303 3034 3357; x_wconf 84' lang='lat' dir='ltr'><strong>deiicientem</strong></span> <span class='ocrx_word' id='word_1_474' title='bbox 3090 3314 3144 3359; x_wconf 87' lang='lat' dir='ltr'><strong>et</strong></span> <span class='ocrx_word' id='word_1_475' title='bbox 3198 3307 3407 3374; x_wconf 74' lang='lat' dir='ltr'><strong>placide</strong></span> 
     </span>
    </p>
   </div>
   <div class='ocr_carea' id='block_1_66' title="bbox 179 3392 1748 3468">
    <p class='ocr_par' dir='ltr' id='par_1_66' title="bbox 179 3396 1743 3468">
     <span class='ocr_line' id='line_1_66' title="bbox 179 3396 1743 3468; baseline 0.004 -21"><span class='ocrx_word' id='word_1_476' title='bbox 179 3412 322 3457; x_wconf 76' lang='grc' dir='ltr'>τινος</span> <span class='ocrx_word' id='word_1_477' title='bbox 354 3396 585 3465; x_wconf 71' lang='grc' dir='ltr'>βροντῆς</span> <span class='ocrx_word' id='word_1_478' title='bbox 612 3398 1114 3468; x_wconf 78' lang='grc' dir='ltr'>ἐκτεθαμϐημένον,</span> <span class='ocrx_word' id='word_1_479' title='bbox 1148 3400 1486 3467; x_wconf 67' lang='grc' dir='ltr'>ἀνελάμϐανε</span> <span class='ocrx_word' id='word_1_480' title='bbox 1510 3418 1566 3453; x_wconf 91' lang='grc' dir='ltr'><strong>τε</strong></span> <span class='ocrx_word' id='word_1_481' title='bbox 1603 3404 1743 3453; x_wconf 71' lang='grc' dir='ltr'>κατὰ</span> 
     </span>
    </p>
   </div>
   <div class='ocr_carea' id='block_1_67' title="bbox 1848 3392 3404 3468">
    <p class='ocr_par' dir='ltr' id='par_1_67' title="bbox 1848 3392 3404 3462">
     <span class='ocr_line' id='line_1_67' title="bbox 1848 3392 3404 3462; baseline 0.004 -19"><span class='ocrx_word' id='word_1_482' title='bbox 1848 3392 2142 3456; x_wconf 85' lang='lat' dir='ltr'><strong>revocavit,</strong></span> <span class='ocrx_word' id='word_1_483' title='bbox 2174 3406 2237 3446; x_wconf 86' lang='lat' dir='ltr'><strong>ac</strong></span> <span class='ocrx_word' id='word_1_484' title='bbox 2258 3392 2476 3446; x_wconf 89' lang='lat' dir='ltr'><strong>tandem</strong></span> <span class='ocrx_word' id='word_1_485' title='bbox 2513 3394 2766 3447; x_wconf 84' lang='lat' dir='ltr'><strong>manibus</strong></span> <span class='ocrx_word' id='word_1_486' title='bbox 2795 3396 3125 3462; x_wconf 86' lang='lat' dir='ltr'><strong>prehensum</strong></span> <span class='ocrx_word' id='word_1_487' title='bbox 3171 3399 3404 3451; x_wconf 75' lang='lat' dir='ltr'><strong>reduxit.</strong></span> 
     </span>
    </p>
   </div>
   <div class='ocr_carea' id='block_1_68' title="bbox 183 3486 1745 3558">
    <p class='ocr_par' dir='ltr' id='par_1_68' title="bbox 183 3486 1745 3558">
     <span class='ocr_line' id='line_1_68' title="bbox 183 3486 1745 3558; baseline 0.002 -21"><span class='ocrx_word' id='word_1_488' title='bbox 183 3486 417 3558; x_wconf 78' lang='grc' dir='ltr'>μικρὸν,</span> <span class='ocrx_word' id='word_1_489' title='bbox 513 3486 606 3537; x_wconf 77' lang='grc' dir='ltr'>καὶ</span> <span class='ocrx_word' id='word_1_490' title='bbox 702 3486 1013 3539; x_wconf 81' lang='grc' dir='ltr'>ἀνεκαλεῖτο</span> <span class='ocrx_word' id='word_1_491' title='bbox 1104 3488 1197 3539; x_wconf 75' lang='grc' dir='ltr'><strong>σὺν</strong></span> <span class='ocrx_word' id='word_1_492' title='bbox 1278 3488 1573 3556; x_wconf 74' lang='grc' dir='ltr'>εὐμενείᾳ,</span> <span class='ocrx_word' id='word_1_493' title='bbox 1652 3488 1745 3541; x_wconf 76' lang='grc' dir='ltr'>καὶ</span> 
     </span>
    </p>
   </div>
   <div class='ocr_carea' id='block_1_69' title="bbox 178 3577 1742 3646">
    <p class='ocr_par' dir='ltr' id='par_1_69' title="bbox 178 3577 1742 3646">
     <span class='ocr_line' id='line_1_69' title="bbox 178 3577 1742 3646; baseline 0.001 -19"><span class='ocrx_word' id='word_1_494' title='bbox 178 3577 332 3638; x_wconf 80' lang='grc' dir='ltr'>τέλος</span> <span class='ocrx_word' id='word_1_495' title='bbox 358 3577 452 3639; x_wconf 87' lang='grc' dir='ltr'><strong>τάς</strong></span> <span class='ocrx_word' id='word_1_496' title='bbox 486 3578 672 3645; x_wconf 82' lang='grc' dir='ltr'>χεῖρας</span> <span class='ocrx_word' id='word_1_497' title='bbox 714 3577 916 3638; x_wconf 74' lang='grc' dir='ltr'>ἐπιθεὶς</span> <span class='ocrx_word' id='word_1_498' title='bbox 951 3579 1313 3646; x_wconf 88' lang='grc' dir='ltr'>ἐπανήγαγεν.</span> <span class='ocrx_word' id='word_1_499' title='bbox 1355 3578 1412 3630; x_wconf 82' lang='grc' dir='ltr'>Ὀ</span> <span class='ocrx_word' id='word_1_500' title='bbox 1440 3580 1517 3642; x_wconf 83' lang='grc' dir='ltr'>δὲ,</span> <span class='ocrx_word' id='word_1_501' title='bbox 1549 3577 1742 3630; x_wconf 81' lang='grc' dir='ltr'>ἐαυτοῦ</span> 
     </span>
    </p>
   </div>
   <div class='ocr_carea' id='block_1_70' title="bbox 181 3656 1742 3737">
    <p class='ocr_par' dir='ltr' id='par_1_70' title="bbox 181 3656 1742 3737">
     <span class='ocr_line' id='line_1_70' title="bbox 181 3656 1742 3737; baseline 0.001 -20"><span class='ocrx_word' id='word_1_502' title='bbox 181 3677 240 3717; x_wconf 78' lang='grc' dir='ltr'><strong>τε</strong></span> <span class='ocrx_word' id='word_1_503' title='bbox 270 3667 386 3735; x_wconf 76' lang='grc' dir='ltr'>ἅμα</span> <span class='ocrx_word' id='word_1_504' title='bbox 411 3656 631 3721; x_wconf 79' lang='grc' dir='ltr'>καὶτῶν</span> <span class='ocrx_word' id='word_1_505' title='bbox 692 3668 970 3737; x_wconf 83' lang='grc' dir='ltr'>πατρικῶν</span> <span class='ocrx_word' id='word_1_506' title='bbox 1006 3668 1161 3737; x_wconf 80' lang='grc' dir='ltr'>ίκνῶν</span> <span class='ocrx_word' id='word_1_507' title='bbox 1197 3667 1455 3735; x_wconf 86' lang='grc' dir='ltr'>γεγονὼς,</span> <span class='ocrx_word' id='word_1_508' title='bbox 1483 3670 1742 3733; x_wconf 79' lang='grc' dir='ltr'>ἱκέτευεν,</span> 
     </span>
    </p>
   </div>
   <div class='ocr_carea' id='block_1_71' title="bbox 180 3758 1743 3829">
    <p class='ocr_par' dir='ltr' id='par_1_71' title="bbox 180 3758 1743 3829">
     <span class='ocr_line' id='line_1_71' title="bbox 180 3758 1743 3829; baseline 0 -21"><span class='ocrx_word' id='word_1_509' title='bbox 180 3758 474 3822; x_wconf 76' lang='grc' dir='ltr'>ἠντιόόλει,</span> <span class='ocrx_word' id='word_1_510' title='bbox 500 3760 876 3829; x_wconf 82' lang='grc' dir='ltr'>κατελιπάρει,</span> <span class='ocrx_word' id='word_1_511' title='bbox 909 3760 1200 3827; x_wconf 80' lang='grc' dir='ltr'>φιλήμασι,</span> <span class='ocrx_word' id='word_1_512' title='bbox 1234 3759 1485 3827; x_wconf 76' lang='grc' dir='ltr'>δάκρυσι,</span> <span class='ocrx_word' id='word_1_513' title='bbox 1540 3760 1743 3827; x_wconf 78' lang='grc' dir='ltr'>χειρῶν</span> 
     </span>
    </p>
   </div>
   <div class='ocr_carea' id='block_1_72' title="bbox 182 3848 1744 3920">
    <p class='ocr_par' dir='ltr' id='par_1_72' title="bbox 182 3848 1744 3920">
     <span class='ocr_line' id='line_1_72' title="bbox 182 3848 1744 3920; baseline 0 -19"><span class='ocrx_word' id='word_1_514' title='bbox 182 3848 509 3920; x_wconf 80' lang='grc' dir='ltr'>ἐμπλοκαῖς,</span> <span class='ocrx_word' id='word_1_515' title='bbox 554 3851 679 3910; x_wconf 80' lang='grc' dir='ltr'>τοὺς</span> <span class='ocrx_word' id='word_1_516' title='bbox 740 3850 941 3918; x_wconf 83' lang='grc' dir='ltr'>ὡραίου</span> <span class='ocrx_word' id='word_1_517' title='bbox 1033 3850 1273 3912; x_wconf 76' lang='grc' dir='ltr'>ἐκείνους</span> <span class='ocrx_word' id='word_1_518' title='bbox 1310 3851 1472 3912; x_wconf 78' lang='grc' dir='ltr'>πόδας</span> <span class='ocrx_word' id='word_1_519' title='bbox 1498 3849 1744 3916; x_wconf 82' lang='grc' dir='ltr'>ἐξεθερά-</span> 
     </span>
    </p>
   </div>
   <div class='ocr_carea' id='block_1_73' title="bbox 184 3936 1737 4007">
    <p class='ocr_par' dir='ltr' id='par_1_73' title="bbox 184 3936 1737 4007">
     <span class='ocr_line' id='line_1_73' title="bbox 184 3936 1737 4007; baseline 0.001 -21"><span class='ocrx_word' id='word_1_520' title='bbox 184 3954 338 3991; x_wconf 65' lang='lat' dir='ltr'><strong>resne.</strong></span> <span class='ocrx_word' id='word_1_521' title='bbox 371 3937 437 3990; x_wconf 87' lang='grc' dir='ltr'>Τί</span> <span class='ocrx_word' id='word_1_522' title='bbox 475 3938 583 4007; x_wconf 82' lang='grc' dir='ltr'>γὰρ</span> <span class='ocrx_word' id='word_1_523' title='bbox 613 3938 711 3989; x_wconf 81' lang='grc' dir='ltr'>οὐκ</span> <span class='ocrx_word' id='word_1_524' title='bbox 770 3936 960 4002; x_wconf 79' lang='grc' dir='ltr'>ἔλεγε;</span> <span class='ocrx_word' id='word_1_525' title='bbox 992 3936 1043 3987; x_wconf 91' lang='grc' dir='ltr'><strong>τί</strong></span> <span class='ocrx_word' id='word_1_526' title='bbox 1080 3936 1136 3988; x_wconf 78' lang='grc' dir='ltr'>δὲ</span> <span class='ocrx_word' id='word_1_527' title='bbox 1166 3938 1264 3989; x_wconf 87' lang='grc' dir='ltr'><strong>ούκ</strong></span> <span class='ocrx_word' id='word_1_528' title='bbox 1316 3938 1491 3989; x_wconf 79' lang='grc' dir='ltr'>ἐποίει</span> <span class='ocrx_word' id='word_1_529' title='bbox 1525 3937 1631 3989; x_wconf 87' lang='grc' dir='ltr'><strong>τῶν</strong></span> <span class='ocrx_word' id='word_1_530' title='bbox 1658 3937 1737 3999; x_wconf 88' lang='grc' dir='ltr'><strong>είς</strong></span> 
     </span>
    </p>
   </div>
   <div class='ocr_carea' id='block_1_74' title="bbox 182 4025 1742 4096">
    <p class='ocr_par' dir='ltr' id='par_1_74' title="bbox 182 4025 1742 4096">
     <span class='ocr_line' id='line_1_74' title="bbox 182 4025 1742 4096; baseline -0.001 -16"><span class='ocrx_word' id='word_1_531' title='bbox 182 4025 368 4080; x_wconf 77' lang='grc' dir='ltr'>οἶκτον</span> <span class='ocrx_word' id='word_1_532' title='bbox 399 4027 600 4079; x_wconf 78' lang='grc' dir='ltr'>ἱκανῶν</span> <span class='ocrx_word' id='word_1_533' title='bbox 656 4026 990 4079; x_wconf 72' lang='grc' dir='ltr'>ἐπισπᾶσθαι</span> <span class='ocrx_word' id='word_1_534' title='bbox 1041 4027 1217 4096; x_wconf 73' lang='grc' dir='ltr'>ψυχὴν</span> <span class='ocrx_word' id='word_1_535' title='bbox 1291 4027 1742 4094; x_wconf 68' lang='grc' dir='ltr'>φι).οικτίρμονσ.;</span> 
     </span>
    </p>
   </div>
   <div class='ocr_carea' id='block_1_75' title="bbox 182 4112 1745 4185">
    <p class='ocr_par' dir='ltr' id='par_1_75' title="bbox 182 4112 1745 4185">
     <span class='ocr_line' id='line_1_75' title="bbox 182 4112 1745 4185; baseline -0.005 -14"><span class='ocrx_word' id='word_1_536' title='bbox 182 4118 250 4171; x_wconf 85' lang='grc' dir='ltr'><strong>δι’</strong></span> <span class='ocrx_word' id='word_1_537' title='bbox 277 4112 352 4171; x_wconf 83' lang='grc' dir='ltr'>ὧν</span> <span class='ocrx_word' id='word_1_538' title='bbox 385 4118 639 4170; x_wconf 82' lang='grc' dir='ltr'>ἁπάντων</span> <span class='ocrx_word' id='word_1_539' title='bbox 671 4117 728 4168; x_wconf 81' lang='grc' dir='ltr'>ἓν</span> <span class='ocrx_word' id='word_1_540' title='bbox 778 4116 934 4170; x_wconf 80' lang='grc' dir='ltr'>τοῦτο</span> <span class='ocrx_word' id='word_1_541' title='bbox 998 4120 1292 4185; x_wconf 74' lang='grc' dir='ltr'>παρῃτεῖτο</span> <span class='ocrx_word' id='word_1_542' title='bbox 1318 4119 1409 4168; x_wconf 76' lang='grc' dir='ltr'>καὶ</span> <span class='ocrx_word' id='word_1_543' title='bbox 1431 4120 1609 4185; x_wconf 82' lang='grc' dir='ltr'>μόνον,</span> <span class='ocrx_word' id='word_1_544' title='bbox 1648 4118 1745 4185; x_wconf 76' lang='grc' dir='ltr'>τὴν</span> 
     </span>
    </p>
   </div>
   <div class='ocr_carea' id='block_1_76' title="bbox 184 4205 1747 4274">
    <p class='ocr_par' dir='ltr' id='par_1_76' title="bbox 184 4205 1747 4274">
     <span class='ocr_line' id='line_1_76' title="bbox 184 4205 1747 4274; baseline -0.002 -13"><span class='ocrx_word' id='word_1_545' title='bbox 184 4208 280 4261; x_wconf 78' lang='grc' dir='ltr'>ἀπ’</span> <span class='ocrx_word' id='word_1_546' title='bbox 333 4205 540 4258; x_wconf 68' lang='grc' dir='ltr'>ἐκείνου</span> <span class='ocrx_word' id='word_1_547' title='bbox 562 4205 867 4269; x_wconf 84' lang='grc' dir='ltr'>διάστασιν,</span> <span class='ocrx_word' id='word_1_548' title='bbox 897 4206 1173 4274; x_wconf 67' lang='grc' dir='ltr'>χωρισμὸν</span> <span class='ocrx_word' id='word_1_549' title='bbox 1196 4205 1329 4257; x_wconf 81' lang='grc' dir='ltr'>Θεοῦ</span> <span class='ocrx_word' id='word_1_550' title='bbox 1364 4206 1624 4274; x_wconf 78' lang='grc' dir='ltr'>ἄντικρυς</span> <span class='ocrx_word' id='word_1_551' title='bbox 1653 4208 1747 4258; x_wconf 79' lang='grc' dir='ltr'>καὶ</span> 
     </span>
    </p>
   </div>
   <div class='ocr_carea' id='block_1_77' title="bbox 186 4295 1745 4367">
    <p class='ocr_par' dir='ltr' id='par_1_77' title="bbox 186 4295 1745 4367">
     <span class='ocr_line' id='line_1_77' title="bbox 186 4295 1745 4367; baseline -0.001 -18"><span class='ocrx_word' id='word_1_552' title='bbox 186 4297 392 4367; x_wconf 79' lang='grc' dir='ltr'>ζημίαν</span> <span class='ocrx_word' id='word_1_553' title='bbox 443 4296 643 4365; x_wconf 71' lang='grc' dir='ltr'>ψυχῆς,</span> <span class='ocrx_word' id='word_1_554' title='bbox 674 4295 734 4346; x_wconf 81' lang='grc' dir='ltr'>τὸ</span> <span class='ocrx_word' id='word_1_555' title='bbox 767 4298 997 4365; x_wconf 84' lang='grc' dir='ltr'>πρᾶγμα</span> <span class='ocrx_word' id='word_1_556' title='bbox 1052 4295 1231 4347; x_wconf 82' lang='grc' dir='ltr'>καλῶν</span> <span class='ocrx_word' id='word_1_557' title='bbox 1286 4296 1377 4349; x_wconf 73' lang='grc' dir='ltr'>καὶ</span> <span class='ocrx_word' id='word_1_558' title='bbox 1426 4297 1745 4357; x_wconf 85' lang='grc' dir='ltr'>κατωδύνως</span> 
     </span>
    </p>
   </div>
   <div class='ocr_carea' id='block_1_78' title="bbox 185 4384 1743 4455">
    <p class='ocr_par' dir='ltr' id='par_1_78' title="bbox 185 4384 1743 4455">
     <span class='ocr_line' id='line_1_78' title="bbox 185 4384 1743 4455; baseline -0.002 -17"><span class='ocrx_word' id='word_1_559' title='bbox 185 4387 339 4453; x_wconf 81' lang='grc' dir='ltr'>ἄγειν</span> <span class='ocrx_word' id='word_1_560' title='bbox 371 4385 503 4455; x_wconf 78' lang='grc' dir='ltr'>πρὸς</span> <span class='ocrx_word' id='word_1_561' title='bbox 530 4384 705 4447; x_wconf 82' lang='grc' dir='ltr'>τοῦτο,</span> <span class='ocrx_word' id='word_1_562' title='bbox 736 4386 827 4436; x_wconf 76' lang='grc' dir='ltr'>καὶ</span> <span class='ocrx_word' id='word_1_563' title='bbox 854 4384 973 4435; x_wconf 76' lang='grc' dir='ltr'>λίαν</span> <span class='ocrx_word' id='word_1_564' title='bbox 1009 4386 1297 4454; x_wconf 77' lang='grc' dir='ltr'>ἁφορήτως</span> <span class='ocrx_word' id='word_1_565' title='bbox 1322 4386 1743 4454; x_wconf 70' lang='grc' dir='ltr'>διατεινόμενος.</span> 
     </span>
    </p>
   </div>
   <div class='ocr_carea' id='block_1_79' title="bbox 198 4475 1742 4546">
    <p class='ocr_par' dir='ltr' id='par_1_79' title="bbox 198 4475 1742 4546">
     <span class='ocr_line' id='line_1_79' title="bbox 198 4475 1742 4546; baseline -0.004 -14"><span class='ocrx_word' id='word_1_566' title='bbox 198 4478 339 4532; x_wconf 75' lang='grc' dir='ltr'>Ἀλλ’</span> <span class='ocrx_word' id='word_1_567' title='bbox 370 4479 398 4529; x_wconf 89' lang='grc' dir='ltr'>ὁ</span> <span class='ocrx_word' id='word_1_568' title='bbox 432 4477 603 4546; x_wconf 79' lang='grc' dir='ltr'>μέγας</span> <span class='ocrx_word' id='word_1_569' title='bbox 640 4475 791 4539; x_wconf 80' lang='grc' dir='ltr'>αὖθις</span> <span class='ocrx_word' id='word_1_570' title='bbox 822 4476 1178 4545; x_wconf 85' lang='grc' dir='ltr'>παρηγορῶν,</span> <span class='ocrx_word' id='word_1_571' title='bbox 1215 4477 1327 4528; x_wconf 83' lang='grc' dir='ltr'><strong>Ούκ</strong></span> <span class='ocrx_word' id='word_1_572' title='bbox 1358 4476 1524 4541; x_wconf 80' lang='grc' dir='ltr'>ἔστιν,</span> <span class='ocrx_word' id='word_1_573' title='bbox 1573 4475 1742 4538; x_wconf 75' lang='grc' dir='ltr'>εἶπεν,</span> 
     </span>
    </p>
   </div>
   <div class='ocr_carea' id='block_1_80' title="bbox 187 4562 1747 4632">
    <p class='ocr_par' dir='ltr' id='par_1_80' title="bbox 187 4562 1747 4632">
     <span class='ocr_line' id='line_1_80' title="bbox 187 4562 1747 4632; baseline -0.003 -12"><span class='ocrx_word' id='word_1_574' title='bbox 187 4564 231 4620; x_wconf 78' lang='grc' dir='ltr'>ὦ</span> <span class='ocrx_word' id='word_1_575' title='bbox 320 4567 529 4627; x_wconf 84' lang='grc' dir='ltr'>τέκνον,</span> <span class='ocrx_word' id='word_1_576' title='bbox 614 4565 715 4618; x_wconf 88' lang='grc' dir='ltr'><strong>οὐκ</strong></span> <span class='ocrx_word' id='word_1_577' title='bbox 790 4564 932 4616; x_wconf 76' lang='grc' dir='ltr'>ἔστιν</span> <span class='ocrx_word' id='word_1_578' title='bbox 982 4564 1155 4627; x_wconf 85' lang='grc' dir='ltr'>ἄλλως</span> <span class='ocrx_word' id='word_1_579' title='bbox 1236 4565 1549 4632; x_wconf 81' lang='grc' dir='ltr'>γενέσθαι·</span> <span class='ocrx_word' id='word_1_580' title='bbox 1592 4562 1747 4615; x_wconf 85' lang='grc' dir='ltr'>οἶσθα</span> 
     </span>
    </p>
   </div>
   <div class='ocr_carea' id='block_1_81' title="bbox 185 4654 1747 4730">
    <p class='ocr_par' dir='ltr' id='par_1_81' title="bbox 185 4654 1747 4730">
     <span class='ocr_line' id='line_1_81' title="bbox 185 4654 1747 4730; baseline -0.004 -17"><span class='ocrx_word' id='word_1_581' title='bbox 185 4660 295 4730; x_wconf 86' lang='grc' dir='ltr'><strong>γὰρ</strong></span> <span class='ocrx_word' id='word_1_582' title='bbox 341 4660 423 4711; x_wconf 80' lang='grc' dir='ltr'>ὅτι</span> <span class='ocrx_word' id='word_1_583' title='bbox 472 4659 633 4725; x_wconf 89' lang='grc' dir='ltr'>θεῖον,</span> <span class='ocrx_word' id='word_1_584' title='bbox 666 4658 765 4710; x_wconf 78' lang='grc' dir='ltr'>οὐκ</span> <span class='ocrx_word' id='word_1_585' title='bbox 793 4656 1147 4727; x_wconf 87' lang='grc' dir='ltr'>ἀνθρώπινον,</span> <span class='ocrx_word' id='word_1_586' title='bbox 1166 4656 1225 4708; x_wconf 82' lang='grc' dir='ltr'>τὸ</span> <span class='ocrx_word' id='word_1_587' title='bbox 1262 4658 1556 4723; x_wconf 83' lang='grc' dir='ltr'>ἐπίταγμα.</span> <span class='ocrx_word' id='word_1_588' title='bbox 1596 4658 1659 4707; x_wconf 82' lang='lat' dir='ltr'><strong>&quot;A</strong></span> <span class='ocrx_word' id='word_1_589' title='bbox 1693 4654 1747 4706; x_wconf 71' lang='grc' dir='ltr'>δὲ</span> 
     </span>
    </p>
   </div>
   <div class='ocr_carea' id='block_1_82' title="bbox 186 4732 1821 4818">
    <p class='ocr_par' dir='ltr' id='par_1_82' title="bbox 186 4732 1821 4818">
     <span class='ocr_line' id='line_1_82' title="bbox 186 4732 1821 4818; baseline -0.005 -14"><span class='ocrx_word' id='word_1_590' title='bbox 186 4750 428 4813; x_wconf 56' lang='lat' dir='ltr'><strong>sesego</strong></span> <span class='ocrx_word' id='word_1_591' title='bbox 469 4751 621 4816; x_wconf 81' lang='grc' dir='ltr'>ἆγιος</span> <span class='ocrx_word' id='word_1_592' title='bbox 678 4748 1045 4818; x_wconf 75' lang='grc' dir='ltr'>βεὸούλευται,</span> <span class='ocrx_word' id='word_1_593' title='bbox 1100 4748 1179 4810; x_wconf 88' lang='grc' dir='ltr'><strong>τίς</strong></span> <span class='ocrx_word' id='word_1_594' title='bbox 1228 4747 1598 4811; x_wconf 73' lang='grc' dir='ltr'>διασκεδάσει;</span> <span class='ocrx_word' id='word_1_595' title='bbox 1655 4746 1747 4797; x_wconf 76' lang='grc' dir='ltr'>καὶ</span> <span class='ocrx_word' id='word_1_596' title='bbox 1778 4732 1821 4786; x_wconf 76' lang='grc' dir='ltr'><strong>θ</strong></span> 
     </span>
    </p>
   </div>
   <div class='ocr_carea' id='block_1_83' title="bbox 186 4836 1747 4912">
    <p class='ocr_par' dir='ltr' id='par_1_83' title="bbox 186 4836 1747 4912">
     <span class='ocr_line' id='line_1_83' title="bbox 186 4836 1747 4912; baseline -0.005 -18"><span class='ocrx_word' id='word_1_597' title='bbox 186 4843 287 4912; x_wconf 78' lang='grc' dir='ltr'>τὴν</span> <span class='ocrx_word' id='word_1_598' title='bbox 312 4844 468 4912; x_wconf 84' lang='grc' dir='ltr'>χεῖρα</span> <span class='ocrx_word' id='word_1_599' title='bbox 523 4840 686 4893; x_wconf 81' lang='grc' dir='ltr'>αὐτοῦ</span> <span class='ocrx_word' id='word_1_600' title='bbox 732 4841 827 4911; x_wconf 83' lang='grc' dir='ltr'>τὴν</span> <span class='ocrx_word' id='word_1_601' title='bbox 876 4841 1083 4910; x_wconf 75' lang='grc' dir='ltr'>ὑψηλὴν</span> <span class='ocrx_word' id='word_1_602' title='bbox 1118 4838 1200 4902; x_wconf 84' lang='grc' dir='ltr'><strong>τίς</strong></span> <span class='ocrx_word' id='word_1_603' title='bbox 1256 4836 1631 4905; x_wconf 75' lang='grc' dir='ltr'>ἀποστρέψει;</span> <span class='ocrx_word' id='word_1_604' title='bbox 1674 4837 1747 4888; x_wconf 81' lang='grc' dir='ltr'>Οὐ</span> 
     </span>
    </p>
   </div>
   <div class='ocr_carea' id='block_1_84' title="bbox 187 4927 1747 5004">
    <p class='ocr_par' dir='ltr' id='par_1_84' title="bbox 187 4927 1747 5004">
     <span class='ocr_line' id='line_1_84' title="bbox 187 4927 1747 5004; baseline -0.006 -16"><span class='ocrx_word' id='word_1_605' title='bbox 187 4937 348 5004; x_wconf 73' lang='grc' dir='ltr'>θέμις</span> <span class='ocrx_word' id='word_1_606' title='bbox 393 4931 485 4989; x_wconf 80' lang='grc' dir='ltr'><strong>οὖν</strong></span> <span class='ocrx_word' id='word_1_607' title='bbox 542 4935 785 4987; x_wconf 89' lang='grc' dir='ltr'>ἀπειθεῖν</span> <span class='ocrx_word' id='word_1_608' title='bbox 844 4936 971 4997; x_wconf 86' lang='grc' dir='ltr'>ταῖς</span> <span class='ocrx_word' id='word_1_609' title='bbox 1026 4932 1322 4999; x_wconf 85' lang='grc' dir='ltr'>θειοτέραις</span> <span class='ocrx_word' id='word_1_610' title='bbox 1376 4927 1747 4996; x_wconf 81' lang='grc' dir='ltr'>οξκονομίαις·</span> 
     </span>
    </p>
   </div>
   <div class='ocr_carea' id='block_1_85' title="bbox 185 5016 1747 5097">
    <p class='ocr_par' dir='ltr' id='par_1_85' title="bbox 185 5016 1747 5097">
     <span class='ocr_line' id='line_1_85' title="bbox 185 5016 1747 5097; baseline -0.007 -18"><span class='ocrx_word' id='word_1_611' title='bbox 185 5027 344 5080; x_wconf 78' lang='grc' dir='ltr'>τοῦτο</span> <span class='ocrx_word' id='word_1_612' title='bbox 370 5026 478 5097; x_wconf 88' lang='grc' dir='ltr'><strong>γὰρ</strong></span> <span class='ocrx_word' id='word_1_613' title='bbox 511 5027 570 5077; x_wconf 87' lang='grc' dir='ltr'><strong>ού</strong></span> <span class='ocrx_word' id='word_1_614' title='bbox 602 5026 762 5090; x_wconf 85' lang='grc' dir='ltr'>μόνον</span> <span class='ocrx_word' id='word_1_615' title='bbox 791 5025 1129 5091; x_wconf 85' lang='grc' dir='ltr'>ἀσύμφορον,</span> <span class='ocrx_word' id='word_1_616' title='bbox 1161 5020 1294 5074; x_wconf 83' lang='grc' dir='ltr'>ἀλλὰ</span> <span class='ocrx_word' id='word_1_617' title='bbox 1329 5020 1407 5088; x_wconf 82' lang='grc' dir='ltr'>τῷ</span> <span class='ocrx_word' id='word_1_618' title='bbox 1450 5018 1611 5069; x_wconf 80' lang='grc' dir='ltr'>παντὶ</span> <span class='ocrx_word' id='word_1_619' title='bbox 1656 5016 1747 5069; x_wconf 79' lang='grc' dir='ltr'>καὶ</span> 
     </span>
    </p>
   </div>
   <div class='ocr_carea' id='block_1_86' title="bbox 188 5108 1748 5185">
    <p class='ocr_par' dir='ltr' id='par_1_86' title="bbox 188 5108 1748 5185">
     <span class='ocr_line' id='line_1_86' title="bbox 188 5108 1748 5185; baseline -0.007 -16"><span class='ocrx_word' id='word_1_620' title='bbox 188 5117 471 5170; x_wconf 84' lang='grc' dir='ltr'>ἀδύνατον.</span> <span class='ocrx_word' id='word_1_621' title='bbox 519 5110 694 5183; x_wconf 63' lang='grc' dir='ltr'><strong>Ἦμᾶξ</strong></span> <span class='ocrx_word' id='word_1_622' title='bbox 726 5114 799 5175; x_wconf 78' lang='grc' dir='ltr'>δ’,</span> <span class='ocrx_word' id='word_1_623' title='bbox 833 5115 897 5166; x_wconf 82' lang='grc' dir='ltr'>ἂν</span> <span class='ocrx_word' id='word_1_624' title='bbox 989 5112 1217 5181; x_wconf 85' lang='grc' dir='ltr'>θέλημα,</span> <span class='ocrx_word' id='word_1_625' title='bbox 1272 5109 1501 5162; x_wconf 86' lang='grc' dir='ltr'>κωλύσει</span> <span class='ocrx_word' id='word_1_626' title='bbox 1534 5108 1748 5169; x_wconf 76' lang='grc' dir='ltr'>πάντως</span> 
     </span>
    </p>
   </div>
   <div class='ocr_carea' id='block_1_87' title="bbox 187 5197 1747 5264">
    <p class='ocr_par' dir='ltr' id='par_1_87' title="bbox 187 5197 1747 5264">
     <span class='ocr_line' id='line_1_87' title="bbox 187 5197 1747 5264; baseline -0.009 -5"><span class='ocrx_word' id='word_1_627' title='bbox 187 5207 339 5259; x_wconf 84' lang='grc' dir='ltr'>οὐδὲν</span> <span class='ocrx_word' id='word_1_628' title='bbox 371 5204 802 5257; x_wconf 79' lang='grc' dir='ltr'>ἐπισκέπτεσθαί</span> <span class='ocrx_word' id='word_1_629' title='bbox 854 5220 912 5255; x_wconf 88' lang='grc' dir='ltr'><strong>σε</strong></span> <span class='ocrx_word' id='word_1_630' title='bbox 943 5202 1035 5255; x_wconf 76' lang='grc' dir='ltr'>καὶ</span> <span class='ocrx_word' id='word_1_631' title='bbox 1067 5201 1248 5264; x_wconf 84' lang='grc' dir='ltr'>πάλιν,</span> <span class='ocrx_word' id='word_1_632' title='bbox 1284 5200 1384 5252; x_wconf 78' lang='grc' dir='ltr'>κᾶν</span> <span class='ocrx_word' id='word_1_633' title='bbox 1410 5199 1467 5250; x_wconf 83' lang='grc' dir='ltr'><strong>ἐν</strong></span> <span class='ocrx_word' id='word_1_634' title='bbox 1499 5197 1747 5264; x_wconf 77' lang='grc' dir='ltr'>ἐσχάτοις</span> 
     </span>
    </p>
   </div>
   <div class='ocr_carea' id='block_1_88' title="bbox 186 5288 1740 5366">
    <p class='ocr_par' dir='ltr' id='par_1_88' title="bbox 186 5288 1740 5366">
     <span class='ocr_line' id='line_1_88' title="bbox 186 5288 1740 5366; baseline -0.012 -12"><span class='ocrx_word' id='word_1_635' title='bbox 186 5297 291 5365; x_wconf 80' lang='grc' dir='ltr'>γῆς</span> <span class='ocrx_word' id='word_1_636' title='bbox 330 5296 632 5366; x_wconf 73' lang='grc' dir='ltr'>διατρίϐῃς,</span> <span class='ocrx_word' id='word_1_637' title='bbox 686 5296 780 5347; x_wconf 70' lang='grc' dir='ltr'>καὶ</span> <span class='ocrx_word' id='word_1_638' title='bbox 839 5294 907 5345; x_wconf 86' lang='grc' dir='ltr'>τὰ</span> <span class='ocrx_word' id='word_1_639' title='bbox 958 5291 1157 5360; x_wconf 76' lang='grc' dir='ltr'>συνήθη</span> <span class='ocrx_word' id='word_1_640' title='bbox 1212 5288 1588 5357; x_wconf 82' lang='grc' dir='ltr'>γνωμοδοτεῖν,</span> <span class='ocrx_word' id='word_1_641' title='bbox 1651 5288 1740 5337; x_wconf 69' lang='grc' dir='ltr'>καὶ</span> 
     </span>
    </p>
   </div>
   <div class='ocr_carea' id='block_1_89' title="bbox 187 5383 1237 5457">
    <p class='ocr_par' dir='ltr' id='par_1_89' title="bbox 187 5383 1237 5457">
     <span class='ocr_line' id='line_1_89' title="bbox 187 5383 1237 5457; baseline -0.009 -16"><span class='ocrx_word' id='word_1_642' title='bbox 187 5388 537 5457; x_wconf 80' lang='grc' dir='ltr'>καταρτίζειν</span> <span class='ocrx_word' id='word_1_643' title='bbox 559 5389 619 5439; x_wconf 88' lang='grc' dir='ltr'><strong>ἐν</strong></span> <span class='ocrx_word' id='word_1_644' title='bbox 652 5387 761 5447; x_wconf 85' lang='grc' dir='ltr'>τοῖς</span> <span class='ocrx_word' id='word_1_645' title='bbox 787 5385 880 5436; x_wconf 83' lang='grc' dir='ltr'>τοῦ</span> <span class='ocrx_word' id='word_1_646' title='bbox 911 5383 1237 5450; x_wconf 78' lang='grc' dir='ltr'>πνεύματος.</span> 
     </span>
    </p>
   </div>
   <div class='ocr_carea' id='block_1_90' title="bbox 259 5553 1745 5630">
    <p class='ocr_par' dir='ltr' id='par_1_90' title="bbox 259 5553 1745 5630">
     <span class='ocr_line' id='line_1_90' title="bbox 259 5553 1745 5630; baseline -0.009 -13"><span class='ocrx_word' id='word_1_647' title='bbox 259 5564 308 5617; x_wconf 84' lang='grc' dir='ltr'><strong>ι’.</strong></span> <span class='ocrx_word' id='word_1_648' title='bbox 339 5564 519 5630; x_wconf 82' lang='grc' dir='ltr'>’Ὅπερ</span> <span class='ocrx_word' id='word_1_649' title='bbox 547 5558 639 5614; x_wconf 81' lang='grc' dir='ltr'><strong>οὖν</strong></span> <span class='ocrx_word' id='word_1_650' title='bbox 672 5562 744 5623; x_wconf 84' lang='grc' dir='ltr'>ὡς</span> <span class='ocrx_word' id='word_1_651' title='bbox 776 5561 1101 5629; x_wconf 74' lang='grc' dir='ltr'>ἐπηγγελτο,</span> <span class='ocrx_word' id='word_1_652' title='bbox 1134 5557 1224 5609; x_wconf 75' lang='grc' dir='ltr'>καὶ</span> <span class='ocrx_word' id='word_1_653' title='bbox 1239 5554 1406 5607; x_wconf 84' lang='grc' dir='ltr'>ποιῶν</span> <span class='ocrx_word' id='word_1_654' title='bbox 1432 5556 1531 5608; x_wconf 85' lang='grc' dir='ltr'><strong>οὐκ</strong></span> <span class='ocrx_word' id='word_1_655' title='bbox 1555 5553 1745 5622; x_wconf 75' lang='grc' dir='ltr'>ἔληγεν</span> 
     </span>
    </p>
   </div>
   <div class='ocr_carea' id='block_1_91' title="bbox 190 5643 1744 5722">
    <p class='ocr_par' dir='ltr' id='par_1_91' title="bbox 190 5643 1744 5722">
     <span class='ocr_line' id='line_1_91' title="bbox 190 5643 1744 5722; baseline -0.008 -14"><span class='ocrx_word' id='word_1_656' title='bbox 190 5655 411 5722; x_wconf 73' lang='grc' dir='ltr'>ὓστερον</span> <span class='ocrx_word' id='word_1_657' title='bbox 441 5654 469 5704; x_wconf 80' lang='grc' dir='ltr'><strong>ὁ</strong></span> <span class='ocrx_word' id='word_1_658' title='bbox 499 5652 731 5721; x_wconf 76' lang='grc' dir='ltr'>ἀψευδὴς</span> <span class='ocrx_word' id='word_1_659' title='bbox 789 5652 1041 5719; x_wconf 71' lang='grc' dir='ltr'>θεράπων</span> <span class='ocrx_word' id='word_1_660' title='bbox 1090 5650 1187 5715; x_wconf 78' lang='grc' dir='ltr'>τῆς</span> <span class='ocrx_word' id='word_1_661' title='bbox 1235 5646 1508 5711; x_wconf 79' lang='grc' dir='ltr'>ἀληθείαςο</span> <span class='ocrx_word' id='word_1_662' title='bbox 1545 5645 1664 5695; x_wconf 86' lang='grc' dir='ltr'>τότε</span> <span class='ocrx_word' id='word_1_663' title='bbox 1700 5643 1744 5695; x_wconf 75' lang='grc' dir='ltr'>δ’</span> 
     </span>
    </p>
   </div>
   <div class='ocr_carea' id='block_1_92' title="bbox 188 5733 1747 5816">
    <p class='ocr_par' dir='ltr' id='par_1_92' title="bbox 188 5733 1747 5816">
     <span class='ocr_line' id='line_1_92' title="bbox 188 5733 1747 5816; baseline -0.009 -17"><span class='ocrx_word' id='word_1_664' title='bbox 188 5747 373 5816; x_wconf 73' lang='grc' dir='ltr'>ἐπειδὴ</span> <span class='ocrx_word' id='word_1_665' title='bbox 436 5742 644 5797; x_wconf 88' lang='grc' dir='ltr'>τούτων</span> <span class='ocrx_word' id='word_1_666' title='bbox 695 5744 890 5811; x_wconf 75' lang='grc' dir='ltr'>ἢκουσε</span> <span class='ocrx_word' id='word_1_667' title='bbox 918 5741 1047 5808; x_wconf 77' lang='grc' dir='ltr'>παρ’</span> <span class='ocrx_word' id='word_1_668' title='bbox 1095 5737 1284 5789; x_wconf 77' lang='grc' dir='ltr'>ἐλπίδα</span> <span class='ocrx_word' id='word_1_669' title='bbox 1310 5736 1400 5790; x_wconf 69' lang='grc' dir='ltr'>καὶ</span> <span class='ocrx_word' id='word_1_670' title='bbox 1445 5733 1685 5802; x_wconf 86' lang='grc' dir='ltr'>γνώμην,</span> <span class='ocrx_word' id='word_1_671' title='bbox 1721 5735 1747 5785; x_wconf 85' lang='grc' dir='ltr'>ὁ</span> 
     </span>
    </p>
   </div>
   <div class='ocr_carea' id='block_1_93' title="bbox 1851 3481 3406 3555">
    <p class='ocr_par' dir='ltr' id='par_1_93' title="bbox 1851 3481 3406 3555">
     <span class='ocr_line' id='line_1_93' title="bbox 1851 3481 3406 3555; baseline 0.005 -22"><span class='ocrx_word' id='word_1_672' title='bbox 1851 3481 1971 3549; x_wconf 88' lang='lat' dir='ltr'><strong>ipse</strong></span> <span class='ocrx_word' id='word_1_673' title='bbox 2008 3497 2136 3536; x_wconf 82' lang='lat' dir='ltr'><strong>vero</strong></span> <span class='ocrx_word' id='word_1_674' title='bbox 2189 3493 2302 3536; x_wconf 90' lang='lat' dir='ltr'><strong>tum</strong></span> <span class='ocrx_word' id='word_1_675' title='bbox 2336 3500 2431 3537; x_wconf 85' lang='lat' dir='ltr'><strong>sua</strong></span> <span class='ocrx_word' id='word_1_676' title='bbox 2488 3491 2600 3537; x_wconf 88' lang='lat' dir='ltr'><strong>tum</strong></span> <span class='ocrx_word' id='word_1_677' title='bbox 2640 3494 2851 3553; x_wconf 86' lang='lat' dir='ltr'><strong>patrum</strong></span> <span class='ocrx_word' id='word_1_678' title='bbox 2912 3500 3133 3540; x_wconf 85' lang='lat' dir='ltr'><strong>suorum</strong></span> <span class='ocrx_word' id='word_1_679' title='bbox 3175 3489 3406 3555; x_wconf 76' lang='lat' dir='ltr'><strong>vestigia</strong></span> 
     </span>
    </p>
   </div>
   <div class='ocr_carea' id='block_1_94' title="bbox 1846 3572 3405 3643">
    <p class='ocr_par' dir='ltr' id='par_1_94' title="bbox 1846 3572 3405 3643">
     <span class='ocr_line' id='line_1_94' title="bbox 1846 3572 3405 3643; baseline 0.003 -19"><span class='ocrx_word' id='word_1_680' title='bbox 1846 3572 2115 3640; x_wconf 81' lang='lat' dir='ltr'><strong>relegens,</strong></span> <span class='ocrx_word' id='word_1_681' title='bbox 2186 3573 2565 3641; x_wconf 85' lang='lat' dir='ltr'><strong>supplicabat,</strong></span> <span class='ocrx_word' id='word_1_682' title='bbox 2631 3574 2984 3643; x_wconf 85' lang='lat' dir='ltr'><strong>precabatur,</strong></span> <span class='ocrx_word' id='word_1_683' title='bbox 3038 3576 3405 3638; x_wconf 80' lang='lat' dir='ltr'><strong>obsecrabat,</strong></span> 
     </span>
    </p>
   </div>
   <div class='ocr_carea' id='block_1_95' title="bbox 1846 3664 3410 3733">
    <p class='ocr_par' dir='ltr' id='par_1_95' title="bbox 1846 3664 3410 3733">
     <span class='ocr_line' id='line_1_95' title="bbox 1846 3664 3410 3733; baseline 0.003 -17"><span class='ocrx_word' id='word_1_684' title='bbox 1846 3664 2071 3726; x_wconf 82' lang='lat' dir='ltr'><strong>osculis,</strong></span> <span class='ocrx_word' id='word_1_685' title='bbox 2109 3664 2387 3732; x_wconf 83' lang='lat' dir='ltr'><strong>Iacrymis,</strong></span> <span class='ocrx_word' id='word_1_686' title='bbox 2420 3666 2673 3733; x_wconf 81' lang='lat' dir='ltr'><strong>amplexu</strong></span> <span class='ocrx_word' id='word_1_687' title='bbox 2705 3680 2959 3717; x_wconf 86' lang='lat' dir='ltr'><strong>manuum</strong></span> <span class='ocrx_word' id='word_1_688' title='bbox 2991 3665 3257 3721; x_wconf 82' lang='lat' dir='ltr'><strong>formosos</strong></span> <span class='ocrx_word' id='word_1_689' title='bbox 3293 3684 3410 3721; x_wconf 90' lang='lat' dir='ltr'><strong>mo-</strong></span> 
     </span>
    </p>
   </div>
   <div class='ocr_carea' id='block_1_96' title="bbox 1847 3754 3406 3822">
    <p class='ocr_par' dir='ltr' id='par_1_96' title="bbox 1847 3754 3406 3822">
     <span class='ocr_line' id='line_1_96' title="bbox 1847 3754 3406 3822; baseline 0.004 -17"><span class='ocrx_word' id='word_1_690' title='bbox 1847 3754 2121 3808; x_wconf 87' lang='lat' dir='ltr'><strong>deratoris</strong></span> <span class='ocrx_word' id='word_1_691' title='bbox 2161 3756 2243 3808; x_wconf 93' lang='lat' dir='ltr'><strong>sui</strong></span> <span class='ocrx_word' id='word_1_692' title='bbox 2279 3755 2443 3821; x_wconf 86' lang='lat' dir='ltr'><strong>pedes</strong></span> <span class='ocrx_word' id='word_1_693' title='bbox 2492 3755 2880 3810; x_wconf 90' lang='lat' dir='ltr'><strong>venerabatur.</strong></span> <span class='ocrx_word' id='word_1_694' title='bbox 2936 3756 3077 3822; x_wconf 85' lang='lat' dir='ltr'><strong>Quid</strong></span> <span class='ocrx_word' id='word_1_695' title='bbox 3114 3761 3257 3810; x_wconf 86' lang='lat' dir='ltr'><strong>enim</strong></span> <span class='ocrx_word' id='word_1_696' title='bbox 3298 3775 3406 3811; x_wconf 86' lang='lat' dir='ltr'><strong>non</strong></span> 
     </span>
    </p>
   </div>
   <div class='ocr_carea' id='block_1_97' title="bbox 1846 3843 3407 3912">
    <p class='ocr_par' dir='ltr' id='par_1_97' title="bbox 1846 3843 3407 3912">
     <span class='ocr_line' id='line_1_97' title="bbox 1846 3843 3407 3912; baseline 0.001 -17"><span class='ocrx_word' id='word_1_697' title='bbox 1846 3843 2111 3895; x_wconf 84' lang='lat' dir='ltr'><strong>dicebat?</strong></span> <span class='ocrx_word' id='word_1_698' title='bbox 2140 3844 2268 3911; x_wconf 90' lang='lat' dir='ltr'><strong>quid</strong></span> <span class='ocrx_word' id='word_1_699' title='bbox 2310 3860 2418 3897; x_wconf 92' lang='lat' dir='ltr'><strong>non</strong></span> <span class='ocrx_word' id='word_1_700' title='bbox 2452 3845 2645 3912; x_wconf 78' lang='lat' dir='ltr'><strong>agebat</strong></span> <span class='ocrx_word' id='word_1_701' title='bbox 2685 3845 2902 3897; x_wconf 82' lang='lat' dir='ltr'><strong>illorum</strong></span> <span class='ocrx_word' id='word_1_702' title='bbox 2936 3860 3057 3912; x_wconf 71' lang='lat' dir='ltr'><strong>quas</strong></span> <span class='ocrx_word' id='word_1_703' title='bbox 3101 3855 3225 3899; x_wconf 84' lang='lat' dir='ltr'><strong>nata</strong></span> <span class='ocrx_word' id='word_1_704' title='bbox 3279 3858 3407 3900; x_wconf 85' lang='lat' dir='ltr'><strong>sunt</strong></span> 
     </span>
    </p>
   </div>
   <div class='ocr_carea' id='block_1_98' title="bbox 1848 3935 3407 3990">
    <p class='ocr_par' dir='ltr' id='par_1_98' title="bbox 1848 3935 3407 3990">
     <span class='ocr_line' id='line_1_98' title="bbox 1848 3935 3407 3990; baseline 0.001 -4"><span class='ocrx_word' id='word_1_705' title='bbox 1848 3935 2083 3986; x_wconf 87' lang='lat' dir='ltr'><strong>animam</strong></span> <span class='ocrx_word' id='word_1_706' title='bbox 2124 3936 2534 3989; x_wconf 86' lang='lat' dir='ltr'><strong>misericordem</strong></span> <span class='ocrx_word' id='word_1_707' title='bbox 2588 3950 2809 3989; x_wconf 85' lang='lat' dir='ltr'><strong>movere</strong></span> <span class='ocrx_word' id='word_1_708' title='bbox 2866 3935 2931 3987; x_wconf 85' lang='lat' dir='ltr'><strong>a&#39;d</strong></span> <span class='ocrx_word' id='word_1_709' title='bbox 2976 3940 3407 3990; x_wconf 85' lang='lat' dir='ltr'><strong>commiseratio-</strong></span> 
     </span>
    </p>
   </div>
   <div class='ocr_carea' id='block_1_99' title="bbox 1850 4024 3405 4094">
    <p class='ocr_par' dir='ltr' id='par_1_99' title="bbox 1850 4024 3405 4094">
     <span class='ocr_line' id='line_1_99' title="bbox 1850 4024 3405 4094; baseline -0.001 -18"><span class='ocrx_word' id='word_1_710' title='bbox 1850 4025 2011 4076; x_wconf 87' lang='lat' dir='ltr'><strong>nem?</strong></span> <span class='ocrx_word' id='word_1_711' title='bbox 2042 4024 2094 4077; x_wconf 92' lang='lat' dir='ltr'><strong>id</strong></span> <span class='ocrx_word' id='word_1_712' title='bbox 2124 4041 2290 4078; x_wconf 90' lang='lat' dir='ltr'><strong>unum</strong></span> <span class='ocrx_word' id='word_1_713' title='bbox 2328 4036 2380 4077; x_wconf 91' lang='lat' dir='ltr'><strong>et</strong></span> <span class='ocrx_word' id='word_1_714' title='bbox 2412 4025 2587 4079; x_wconf 87' lang='lat' dir='ltr'><strong>solum</strong></span> <span class='ocrx_word' id='word_1_715' title='bbox 2630 4027 2948 4091; x_wconf 77' lang='lat' dir='ltr'><strong>deprecans,</strong></span> <span class='ocrx_word' id='word_1_716' title='bbox 2987 4040 3053 4078; x_wconf 91' lang='lat' dir='ltr'><strong>ne</strong></span> <span class='ocrx_word' id='word_1_717' title='bbox 3078 4041 3105 4075; x_wconf 89' lang='lat' dir='ltr'><strong>a</strong></span> <span class='ocrx_word' id='word_1_718' title='bbox 3140 4026 3405 4094; x_wconf 84' lang='lat' dir='ltr'><strong>magistm</strong></span> 
     </span>
    </p>
   </div>
   <div class='ocr_carea' id='block_1_100' title="bbox 1847 4114 3405 4183">
    <p class='ocr_par' dir='ltr' id='par_1_100' title="bbox 1847 4114 3405 4183">
     <span class='ocr_line' id='line_1_100' title="bbox 1847 4114 3405 4183; baseline 0 -15"><span class='ocrx_word' id='word_1_719' title='bbox 1847 4129 1947 4168; x_wconf 86' lang='lat' dir='ltr'><strong>suo</strong></span> <span class='ocrx_word' id='word_1_720' title='bbox 1981 4124 2334 4183; x_wconf 74' lang='lat' dir='ltr'><strong>separarctur</strong></span> <span class='ocrx_word' id='word_1_721' title='bbox 2366 4132 2379 4177; x_wconf 89' lang='lat'><strong>;</strong></span> <span class='ocrx_word' id='word_1_722' title='bbox 2435 4114 2578 4183; x_wconf 87' lang='lat' dir='ltr'><strong>quod</strong></span> <span class='ocrx_word' id='word_1_723' title='bbox 2616 4115 2771 4183; x_wconf 85' lang='lat' dir='ltr'><strong>plane</strong></span> <span class='ocrx_word' id='word_1_724' title='bbox 2823 4115 3224 4183; x_wconf 87' lang='lat' dir='ltr'><strong>separationem</strong></span> <span class='ocrx_word' id='word_1_725' title='bbox 3258 4115 3343 4170; x_wconf 82' lang='lat' dir='ltr'><strong>sui</strong></span> <span class='ocrx_word' id='word_1_726' title='bbox 3376 4133 3405 4168; x_wconf 75' lang='grc' dir='ltr'><strong>ιι</strong></span> 
     </span>
    </p>
   </div>
   <div class='ocr_carea' id='block_1_101' title="bbox 1852 4201 3405 4271">
    <p class='ocr_par' dir='ltr' id='par_1_101' title="bbox 1852 4201 3405 4271">
     <span class='ocr_line' id='line_1_101' title="bbox 1852 4201 3405 4271; baseline 0.001 -18"><span class='ocrx_word' id='word_1_727' title='bbox 1852 4202 1958 4255; x_wconf 87' lang='lat' dir='ltr'><strong>Deo</strong></span> <span class='ocrx_word' id='word_1_728' title='bbox 2011 4213 2174 4271; x_wconf 83' lang='lat' dir='ltr'><strong>atque</strong></span> <span class='ocrx_word' id='word_1_729' title='bbox 2219 4202 2489 4271; x_wconf 76' lang='lat' dir='ltr'><strong>jacturam</strong></span> <span class='ocrx_word' id='word_1_730' title='bbox 2550 4202 2745 4255; x_wconf 66' lang='lat' dir='ltr'><strong>animm</strong></span> <span class='ocrx_word' id='word_1_731' title='bbox 2788 4216 2898 4255; x_wconf 69' lang='lat' dir='ltr'><strong>sua:</strong></span> <span class='ocrx_word' id='word_1_732' title='bbox 2963 4201 3291 4270; x_wconf 76' lang='lat' dir='ltr'><strong>appellabat,</strong></span> <span class='ocrx_word' id='word_1_733' title='bbox 3348 4212 3405 4256; x_wconf 92' lang='lat' dir='ltr'><strong>et</strong></span> 
     </span>
    </p>
   </div>
   <div class='ocr_carea' id='block_1_102' title="bbox 1847 4290 3405 4362">
    <p class='ocr_par' dir='ltr' id='par_1_102' title="bbox 1847 4290 3405 4362">
     <span class='ocr_line' id='line_1_102' title="bbox 1847 4290 3405 4362; baseline -0.003 -14"><span class='ocrx_word' id='word_1_734' title='bbox 1847 4298 2127 4362; x_wconf 77' lang='lat' dir='ltr'><strong>aegerrime</strong></span> <span class='ocrx_word' id='word_1_735' title='bbox 2157 4293 2439 4346; x_wconf 78' lang='lat' dir='ltr'><strong>ferendum</strong></span> <span class='ocrx_word' id='word_1_736' title='bbox 2476 4291 2587 4345; x_wconf 90' lang='lat' dir='ltr'><strong>itno</strong></span> <span class='ocrx_word' id='word_1_737' title='bbox 2611 4290 2951 4345; x_wconf 85' lang='lat' dir='ltr'><strong>intolerabile</strong></span> <span class='ocrx_word' id='word_1_738' title='bbox 2978 4292 3080 4345; x_wconf 89' lang='lat' dir='ltr'><strong>sibi</strong></span> <span class='ocrx_word' id='word_1_739' title='bbox 3106 4293 3405 4345; x_wconf 87' lang='lat' dir='ltr'><strong>asserebat.</strong></span> 
     </span>
    </p>
   </div>
   <div class='ocr_carea' id='block_1_103' title="bbox 1851 4384 3401 4452">
    <p class='ocr_par' dir='ltr' id='par_1_103' title="bbox 1851 4384 3401 4452">
     <span class='ocr_line' id='line_1_103' title="bbox 1851 4384 3401 4452; baseline -0.002 -15"><span class='ocrx_word' id='word_1_740' title='bbox 1851 4385 1953 4437; x_wconf 65' lang='lat' dir='ltr'><strong>Sed</strong></span> <span class='ocrx_word' id='word_1_741' title='bbox 1992 4386 2283 4452; x_wconf 67' lang='lat' dir='ltr'><strong>praeclarus</strong></span> <span class='ocrx_word' id='word_1_742' title='bbox 2312 4384 2623 4436; x_wconf 83' lang='lat' dir='ltr'><strong>moderator</strong></span> <span class='ocrx_word' id='word_1_743' title='bbox 2664 4396 2859 4436; x_wconf 85' lang='lat' dir='ltr'><strong>rursus</strong></span> <span class='ocrx_word' id='word_1_744' title='bbox 2905 4397 3029 4436; x_wconf 90' lang='lat' dir='ltr'><strong>eum</strong></span> <span class='ocrx_word' id='word_1_745' title='bbox 3068 4384 3401 4437; x_wconf 89' lang='lat' dir='ltr'><strong>consolans:</strong></span> 
     </span>
    </p>
   </div>
   <div class='ocr_carea' id='block_1_104' title="bbox 1848 4470 3401 4543">
    <p class='ocr_par' dir='ltr' id='par_1_104' title="bbox 1848 4470 3401 4543">
     <span class='ocr_line' id='line_1_104' title="bbox 1848 4470 3401 4543; baseline -0.001 -16"><span class='ocrx_word' id='word_1_746' title='bbox 1848 4475 1963 4528; x_wconf 82' lang='lat' dir='ltr'><strong>Non</strong></span> <span class='ocrx_word' id='word_1_747' title='bbox 1999 4482 2199 4543; x_wconf 88' lang='lat' dir='ltr'><strong>potest,</strong></span> <span class='ocrx_word' id='word_1_748' title='bbox 2245 4474 2443 4543; x_wconf 86' lang='lat' dir='ltr'><strong>inquit,</strong></span> <span class='ocrx_word' id='word_1_749' title='bbox 2480 4473 2555 4526; x_wconf 82' lang='lat' dir='ltr'><strong>illi</strong></span> <span class='ocrx_word' id='word_1_750' title='bbox 2580 4474 2673 4537; x_wconf 86' lang='lat' dir='ltr'><strong>mi,</strong></span> <span class='ocrx_word' id='word_1_751' title='bbox 2709 4488 2816 4526; x_wconf 88' lang='lat' dir='ltr'><strong>non</strong></span> <span class='ocrx_word' id='word_1_752' title='bbox 2852 4479 3031 4541; x_wconf 88' lang='lat' dir='ltr'><strong>potest</strong></span> <span class='ocrx_word' id='word_1_753' title='bbox 3061 4472 3217 4524; x_wconf 83' lang='lat' dir='ltr'><strong>aliter</strong></span> <span class='ocrx_word' id='word_1_754' title='bbox 3240 4470 3354 4524; x_wconf 84' lang='lat' dir='ltr'><strong>ﬁeri</strong></span> <span class='ocrx_word' id='word_1_755' title='bbox 3388 4492 3401 4526; x_wconf 87' lang='lat'><strong>:</strong></span> 
     </span>
    </p>
   </div>
   <div class='ocr_carea' id='block_1_105' title="bbox 1850 4561 3405 4635">
    <p class='ocr_par' dir='ltr' id='par_1_105' title="bbox 1850 4561 3405 4635">
     <span class='ocr_line' id='line_1_105' title="bbox 1850 4561 3405 4635; baseline -0.003 -15"><span class='ocrx_word' id='word_1_756' title='bbox 1850 4567 1989 4620; x_wconf 88' lang='lat' dir='ltr'><strong>nosti</strong></span> <span class='ocrx_word' id='word_1_757' title='bbox 2036 4581 2291 4635; x_wconf 87' lang='lat' dir='ltr'><strong>namque,</strong></span> <span class='ocrx_word' id='word_1_758' title='bbox 2330 4582 2360 4619; x_wconf 90' lang='lat' dir='ltr'><strong>a</strong></span> <span class='ocrx_word' id='word_1_759' title='bbox 2395 4564 2523 4627; x_wconf 91' lang='lat' dir='ltr'><strong>Deo,</strong></span> <span class='ocrx_word' id='word_1_760' title='bbox 2558 4580 2665 4619; x_wconf 91' lang='lat' dir='ltr'><strong>non</strong></span> <span class='ocrx_word' id='word_1_761' title='bbox 2720 4564 2787 4617; x_wconf 90' lang='lat' dir='ltr'><strong>ab</strong></span> <span class='ocrx_word' id='word_1_762' title='bbox 2834 4563 3053 4616; x_wconf 85' lang='lat' dir='ltr'><strong>homine</strong></span> <span class='ocrx_word' id='word_1_763' title='bbox 3104 4561 3405 4631; x_wconf 80' lang='lat' dir='ltr'><strong>perfectum</strong></span> 
     </span>
    </p>
   </div>
   <div class='ocr_carea' id='block_1_106' title="bbox 1850 4651 3405 4720">
    <p class='ocr_par' dir='ltr' id='par_1_106' title="bbox 1850 4651 3405 4720">
     <span class='ocr_line' id='line_1_106' title="bbox 1850 4651 3405 4720; baseline -0.003 -11"><span class='ocrx_word' id='word_1_764' title='bbox 1850 4657 2027 4710; x_wconf 86' lang='lat' dir='ltr'><strong>isthoc</strong></span> <span class='ocrx_word' id='word_1_765' title='bbox 2065 4659 2404 4709; x_wconf 88' lang='lat' dir='ltr'><strong>mandatum.</strong></span> <span class='ocrx_word' id='word_1_766' title='bbox 2446 4658 2578 4719; x_wconf 63' lang='lat' dir='ltr'><strong>Quae</strong></span> <span class='ocrx_word' id='word_1_767' title='bbox 2614 4664 2797 4706; x_wconf 91' lang='lat' dir='ltr'><strong>autem</strong></span> <span class='ocrx_word' id='word_1_768' title='bbox 2841 4651 3002 4716; x_wconf 91' lang='lat' dir='ltr'><strong>Deus,</strong></span> <span class='ocrx_word' id='word_1_769' title='bbox 3038 4653 3131 4720; x_wconf 90' lang='lat' dir='ltr'><strong>qui</strong></span> <span class='ocrx_word' id='word_1_770' title='bbox 3176 4661 3405 4705; x_wconf 88' lang='lat' dir='ltr'><strong>sanctus</strong></span> 
     </span>
    </p>
   </div>
   <div class='ocr_carea' id='block_1_107' title="bbox 1849 4741 3403 4814">
    <p class='ocr_par' dir='ltr' id='par_1_107' title="bbox 1849 4741 3403 4814">
     <span class='ocr_line' id='line_1_107' title="bbox 1849 4741 3403 4814; baseline -0.004 -13"><span class='ocrx_word' id='word_1_771' title='bbox 1849 4758 1951 4812; x_wconf 91' lang='lat' dir='ltr'><strong>est,</strong></span> <span class='ocrx_word' id='word_1_772' title='bbox 1986 4747 2198 4808; x_wconf 88' lang='lat' dir='ltr'><strong>statuit,</strong></span> <span class='ocrx_word' id='word_1_773' title='bbox 2235 4747 2359 4814; x_wconf 90' lang='lat' dir='ltr'><strong>quis</strong></span> <span class='ocrx_word' id='word_1_774' title='bbox 2381 4743 2717 4811; x_wconf 78' lang='lat' dir='ltr'><strong>dissipabit?</strong></span> <span class='ocrx_word' id='word_1_775' title='bbox 2756 4751 2809 4797; x_wconf 89' lang='lat' dir='ltr'><strong>et</strong></span> <span class='ocrx_word' id='word_1_776' title='bbox 2844 4756 3065 4795; x_wconf 90' lang='lat' dir='ltr'><strong>manum</strong></span> <span class='ocrx_word' id='word_1_777' title='bbox 3110 4741 3251 4809; x_wconf 85' lang='lat' dir='ltr'><strong>ejus,</strong></span> <span class='ocrx_word' id='word_1_778' title='bbox 3284 4757 3403 4811; x_wconf 76' lang='lat' dir='ltr'><strong>qua:</strong></span> 
     </span>
    </p>
   </div>
   <div class='ocr_carea' id='block_1_108' title="bbox 1847 4830 3404 4902">
    <p class='ocr_par' dir='ltr' id='par_1_108' title="bbox 1847 4830 3404 4902">
     <span class='ocr_line' id='line_1_108' title="bbox 1847 4830 3404 4902; baseline -0.006 -13"><span class='ocrx_word' id='word_1_779' title='bbox 1847 4836 2059 4889; x_wconf 78' lang='lat' dir='ltr'><strong>excelsa</strong></span> <span class='ocrx_word' id='word_1_780' title='bbox 2099 4842 2201 4896; x_wconf 86' lang='lat' dir='ltr'><strong>est,</strong></span> <span class='ocrx_word' id='word_1_781' title='bbox 2234 4834 2359 4902; x_wconf 87' lang='lat' dir='ltr'><strong>quis</strong></span> <span class='ocrx_word' id='word_1_782' title='bbox 2410 4834 2643 4885; x_wconf 84' lang='lat' dir='ltr'><strong>avertit?</strong></span> <span class='ocrx_word' id='word_1_783' title='bbox 2675 4830 2790 4885; x_wconf 79' lang='lat' dir='ltr'><strong>Non</strong></span> <span class='ocrx_word' id='word_1_784' title='bbox 2843 4830 3007 4899; x_wconf 87' lang='lat' dir='ltr'><strong>igitur</strong></span> <span class='ocrx_word' id='word_1_785' title='bbox 3060 4844 3273 4897; x_wconf 66' lang='lat' dir='ltr'><strong>acquum</strong></span> <span class='ocrx_word' id='word_1_786' title='bbox 3320 4838 3404 4882; x_wconf 88' lang='lat' dir='ltr'><strong>est</strong></span> 
     </span>
    </p>
   </div>
   <div class='ocr_carea' id='block_1_109' title="bbox 1847 4917 3401 4991">
    <p class='ocr_par' dir='ltr' id='par_1_109' title="bbox 1847 4917 3401 4991">
     <span class='ocr_line' id='line_1_109' title="bbox 1847 4917 3401 4991; baseline -0.008 -12"><span class='ocrx_word' id='word_1_787' title='bbox 1847 4926 2044 4979; x_wconf 60' lang='lat' dir='ltr'><strong>divina!</strong></span> <span class='ocrx_word' id='word_1_788' title='bbox 2076 4922 2419 4991; x_wconf 80' lang='lat' dir='ltr'><strong>dispositioni</strong></span> <span class='ocrx_word' id='word_1_789' title='bbox 2453 4938 2558 4975; x_wconf 89' lang='lat' dir='ltr'><strong>non</strong></span> <span class='ocrx_word' id='word_1_790' title='bbox 2588 4936 2782 4989; x_wconf 85' lang='lat' dir='ltr'><strong>parere</strong></span> <span class='ocrx_word' id='word_1_791' title='bbox 2813 4937 2828 4973; x_wconf 89' lang='lat'><strong>:</strong></span> <span class='ocrx_word' id='word_1_792' title='bbox 2860 4919 2911 4973; x_wconf 91' lang='lat' dir='ltr'><strong>id</strong></span> <span class='ocrx_word' id='word_1_793' title='bbox 2934 4919 3079 4972; x_wconf 88' lang='lat' dir='ltr'><strong>enim</strong></span> <span class='ocrx_word' id='word_1_794' title='bbox 3104 4934 3211 4971; x_wconf 89' lang='lat' dir='ltr'><strong>non</strong></span> <span class='ocrx_word' id='word_1_795' title='bbox 3244 4917 3401 4969; x_wconf 85' lang='lat' dir='ltr'><strong>modo</strong></span> 
     </span>
    </p>
   </div>
   <div class='ocr_carea' id='block_1_110' title="bbox 1848 5007 3401 5077">
    <p class='ocr_par' dir='ltr' id='par_1_110' title="bbox 1848 5007 3401 5077">
     <span class='ocr_line' id='line_1_110' title="bbox 1848 5007 3401 5077; baseline -0.007 -9"><span class='ocrx_word' id='word_1_796' title='bbox 1848 5013 2037 5068; x_wconf 88' lang='lat' dir='ltr'><strong>inutile</strong></span> <span class='ocrx_word' id='word_1_797' title='bbox 2088 5012 2247 5077; x_wconf 79' lang='lat' dir='ltr'><strong>foret,</strong></span> <span class='ocrx_word' id='word_1_798' title='bbox 2282 5012 2377 5065; x_wconf 90' lang='lat' dir='ltr'><strong>sed</strong></span> <span class='ocrx_word' id='word_1_799' title='bbox 2412 5010 2577 5065; x_wconf 88' lang='lat' dir='ltr'><strong>etiam</strong></span> <span class='ocrx_word' id='word_1_800' title='bbox 2611 5010 2836 5063; x_wconf 90' lang='lat' dir='ltr'><strong>omnino</strong></span> <span class='ocrx_word' id='word_1_801' title='bbox 2873 5008 2988 5061; x_wconf 91' lang='lat' dir='ltr'><strong>ﬁeri</strong></span> <span class='ocrx_word' id='word_1_802' title='bbox 3046 5007 3253 5074; x_wconf 86' lang='lat' dir='ltr'><strong>nequit.</strong></span> <span class='ocrx_word' id='word_1_803' title='bbox 3290 5008 3401 5058; x_wconf 84' lang='lat' dir='ltr'><strong>Nos</strong></span> 
     </span>
    </p>
   </div>
   <div class='ocr_carea' id='block_1_111' title="bbox 1848 5099 3397 5174">
    <p class='ocr_par' dir='ltr' id='par_1_111' title="bbox 1848 5099 3397 5174">
     <span class='ocr_line' id='line_1_111' title="bbox 1848 5099 3397 5174; baseline -0.008 -16"><span class='ocrx_word' id='word_1_804' title='bbox 1848 5120 2028 5174; x_wconf 89' lang='lat' dir='ltr'><strong>porro,</strong></span> <span class='ocrx_word' id='word_1_805' title='bbox 2056 5104 2098 5159; x_wconf 88' lang='lat' dir='ltr'><strong>si</strong></span> <span class='ocrx_word' id='word_1_806' title='bbox 2145 5104 2215 5155; x_wconf 89' lang='lat' dir='ltr'><strong>ita</strong></span> <span class='ocrx_word' id='word_1_807' title='bbox 2264 5102 2362 5155; x_wconf 89' lang='lat' dir='ltr'><strong>tibi</strong></span> <span class='ocrx_word' id='word_1_808' title='bbox 2406 5101 2633 5156; x_wconf 89' lang='lat' dir='ltr'><strong>lubitum</strong></span> <span class='ocrx_word' id='word_1_809' title='bbox 2682 5100 2863 5161; x_wconf 79' lang='lat' dir='ltr'><strong>fuerit.</strong></span> <span class='ocrx_word' id='word_1_810' title='bbox 2912 5099 3047 5153; x_wconf 92' lang='lat' dir='ltr'><strong>nihil</strong></span> <span class='ocrx_word' id='word_1_811' title='bbox 3102 5100 3397 5165; x_wconf 87' lang='lat' dir='ltr'><strong>quidquam</strong></span> 
     </span>
    </p>
   </div>
   <div class='ocr_carea' id='block_1_112' title="bbox 1847 5190 3406 5265">
    <p class='ocr_par' dir='ltr' id='par_1_112' title="bbox 1847 5190 3406 5265">
     <span class='ocr_line' id='line_1_112' title="bbox 1847 5190 3406 5265; baseline -0.006 -15"><span class='ocrx_word' id='word_1_812' title='bbox 1847 5196 2184 5265; x_wconf 89' lang='lat' dir='ltr'><strong>impediet,a</strong></span> <span class='ocrx_word' id='word_1_813' title='bbox 2221 5194 2536 5249; x_wconf 90' lang='lat' dir='ltr'><strong>visitatione</strong></span> <span class='ocrx_word' id='word_1_814' title='bbox 2602 5194 2702 5255; x_wconf 89' lang='lat' dir='ltr'><strong>tui,</strong></span> <span class='ocrx_word' id='word_1_815' title='bbox 2763 5191 2977 5245; x_wconf 86' lang='lat' dir='ltr'><strong>tametsi</strong></span> <span class='ocrx_word' id='word_1_816' title='bbox 3037 5190 3089 5242; x_wconf 93' lang='lat' dir='ltr'><strong>in</strong></span> <span class='ocrx_word' id='word_1_817' title='bbox 3140 5192 3406 5242; x_wconf 81' lang='lat' dir='ltr'><strong>extremis</strong></span> 
     </span>
    </p>
   </div>
   <div class='ocr_carea' id='block_1_113' title="bbox 1848 5276 3402 5353">
    <p class='ocr_par' dir='ltr' id='par_1_113' title="bbox 1848 5276 3402 5353">
     <span class='ocr_line' id='line_1_113' title="bbox 1848 5276 3402 5353; baseline -0.006 -14"><span class='ocrx_word' id='word_1_818' title='bbox 1848 5296 2120 5341; x_wconf 87' lang='lat' dir='ltr'><strong>terrarum</strong></span> <span class='ocrx_word' id='word_1_819' title='bbox 2164 5284 2337 5353; x_wconf 77' lang='lat' dir='ltr'><strong>plagis</strong></span> <span class='ocrx_word' id='word_1_820' title='bbox 2389 5283 2710 5345; x_wconf 87' lang='lat' dir='ltr'><strong>morareris,</strong></span> <span class='ocrx_word' id='word_1_821' title='bbox 2759 5279 3043 5334; x_wconf 89' lang='lat' dir='ltr'><strong>consilium</strong></span> <span class='ocrx_word' id='word_1_822' title='bbox 3102 5276 3200 5329; x_wconf 89' lang='lat' dir='ltr'><strong>tibi</strong></span> <span class='ocrx_word' id='word_1_823' title='bbox 3249 5290 3402 5330; x_wconf 84' lang='lat' dir='ltr'><strong>more</strong></span> 
     </span>
    </p>
   </div>
   <div class='ocr_carea' id='block_1_114' title="bbox 1847 5357 3397 5439">
    <p class='ocr_par' dir='ltr' id='par_1_114' title="bbox 1847 5357 3397 5439">
     <span class='ocr_line' id='line_1_114' title="bbox 1847 5357 3397 5439; baseline -0.006 -10"><span class='ocrx_word' id='word_1_824' title='bbox 1847 5382 2034 5430; x_wconf 90' lang='lat' dir='ltr'><strong>nostro</strong></span> <span class='ocrx_word' id='word_1_825' title='bbox 2075 5375 2321 5436; x_wconf 52' lang='lat' dir='ltr'><strong>daturos,</strong></span> <span class='ocrx_word' id='word_1_826' title='bbox 2357 5382 2408 5427; x_wconf 88' lang='lat' dir='ltr'><strong>et</strong></span> <span class='ocrx_word' id='word_1_827' title='bbox 2447 5375 2499 5427; x_wconf 91' lang='lat' dir='ltr'><strong>in</strong></span> <span class='ocrx_word' id='word_1_828' title='bbox 2532 5373 2697 5426; x_wconf 88' lang='lat' dir='ltr'><strong>rebus</strong></span> <span class='ocrx_word' id='word_1_829' title='bbox 2746 5368 3124 5439; x_wconf 85' lang='lat' dir='ltr'><strong>spiritualibus</strong></span> <span class='ocrx_word' id='word_1_830' title='bbox 3156 5357 3397 5421; x_wconf 57' lang='lat' dir='ltr'><strong>dir’ectu—</strong></span> 
     </span>
    </p>
   </div>
   <div class='ocr_carea' id='block_1_115' title="bbox 1845 5478 1956 5519">
    <p class='ocr_par' dir='ltr' id='par_1_115' title="bbox 1845 5478 1956 5519">
     <span class='ocr_line' id='line_1_115' title="bbox 1845 5478 1956 5519; baseline -0.018 -2"><span class='ocrx_word' id='word_1_831' title='bbox 1845 5478 1956 5519; x_wconf 87' lang='lat' dir='ltr'><strong>I&#39;OS.</strong></span> 
     </span>
    </p>
   </div>
   <div class='ocr_carea' id='block_1_116' title="bbox 1916 5548 3395 5616">
    <p class='ocr_par' dir='ltr' id='par_1_116' title="bbox 1916 5548 3395 5616">
     <span class='ocr_line' id='line_1_116' title="bbox 1916 5548 3395 5616; baseline -0.006 -9"><span class='ocrx_word' id='word_1_832' title='bbox 1916 5555 1999 5607; x_wconf 79' lang='grc'><strong>10.</strong></span> <span class='ocrx_word' id='word_1_833' title='bbox 2029 5553 2149 5606; x_wconf 76' lang='lat' dir='ltr'><strong>Haec</strong></span> <span class='ocrx_word' id='word_1_834' title='bbox 2172 5551 2259 5604; x_wconf 89' lang='lat' dir='ltr'><strong>ubi</strong></span> <span class='ocrx_word' id='word_1_835' title='bbox 2285 5550 2460 5603; x_wconf 90' lang='lat' dir='ltr'><strong>edicta</strong></span> <span class='ocrx_word' id='word_1_836' title='bbox 2487 5549 2655 5613; x_wconf 83' lang='lat' dir='ltr'><strong>fuere,</strong></span> <span class='ocrx_word' id='word_1_837' title='bbox 2683 5563 2794 5601; x_wconf 91' lang='lat' dir='ltr'><strong>rem</strong></span> <span class='ocrx_word' id='word_1_838' title='bbox 2821 5548 3151 5616; x_wconf 90' lang='lat' dir='ltr'><strong>propositam</strong></span> <span class='ocrx_word' id='word_1_839' title='bbox 3171 5549 3395 5613; x_wconf 75' lang='lat' dir='ltr'><strong>exsequi</strong></span> 
     </span>
    </p>
   </div>
   <div class='ocr_carea' id='block_1_117' title="bbox 1846 5633 3399 5698">
    <p class='ocr_par' dir='ltr' id='par_1_117' title="bbox 1846 5633 3399 5698">
     <span class='ocr_line' id='line_1_117' title="bbox 1846 5633 3399 5698; baseline -0.008 0"><span class='ocrx_word' id='word_1_840' title='bbox 1846 5659 1951 5698; x_wconf 93' lang='lat' dir='ltr'><strong>non</strong></span> <span class='ocrx_word' id='word_1_841' title='bbox 1984 5642 2121 5694; x_wconf 90' lang='lat' dir='ltr'><strong>ultra</strong></span> <span class='ocrx_word' id='word_1_842' title='bbox 2148 5640 2363 5694; x_wconf 84' lang='lat' dir='ltr'><strong>distulit</strong></span> <span class='ocrx_word' id='word_1_843' title='bbox 2387 5638 2561 5692; x_wconf 88' lang='lat' dir='ltr'><strong>ﬁdelis</strong></span> <span class='ocrx_word' id='word_1_844' title='bbox 2592 5636 2846 5690; x_wconf 87' lang='lat' dir='ltr'><strong>minister</strong></span> <span class='ocrx_word' id='word_1_845' title='bbox 2870 5637 3111 5690; x_wconf 85' lang='lat' dir='ltr'><strong>veritatis</strong></span> <span class='ocrx_word' id='word_1_846' title='bbox 3134 5651 3147 5695; x_wconf 87' lang='lat'><strong>;</strong></span> <span class='ocrx_word' id='word_1_847' title='bbox 3174 5635 3264 5687; x_wconf 87' lang='lat' dir='ltr'><strong>sed</strong></span> <span class='ocrx_word' id='word_1_848' title='bbox 3291 5633 3399 5686; x_wconf 85' lang='lat' dir='ltr'><strong>illis</strong></span> 
     </span>
    </p>
   </div>
   <div class='ocr_carea' id='block_1_118' title="bbox 1845 5723 3377 5801">
    <p class='ocr_par' dir='ltr' id='par_1_118' title="bbox 1845 5723 3377 5801">
     <span class='ocr_line' id='line_1_118' title="bbox 1845 5723 3377 5801; baseline -0.006 -17"><span class='ocrx_word' id='word_1_849' title='bbox 1845 5739 2039 5801; x_wconf 57' lang='lat' dir='ltr'><strong>praeter</strong></span> <span class='ocrx_word' id='word_1_850' title='bbox 2068 5744 2217 5799; x_wconf 87' lang='lat' dir='ltr'><strong>spem</strong></span> <span class='ocrx_word' id='word_1_851' title='bbox 2246 5738 2298 5782; x_wconf 91' lang='lat' dir='ltr'><strong>et</strong></span> <span class='ocrx_word' id='word_1_852' title='bbox 2325 5726 2655 5783; x_wconf 81' lang='lat' dir='ltr'><strong>sententiam</strong></span> <span class='ocrx_word' id='word_1_853' title='bbox 2684 5724 2913 5791; x_wconf 90' lang='lat' dir='ltr'><strong>auditis,</strong></span> <span class='ocrx_word' id='word_1_854' title='bbox 2949 5725 3099 5778; x_wconf 89' lang='lat' dir='ltr'><strong>illico</strong></span> <span class='ocrx_word' id='word_1_855' title='bbox 3128 5723 3231 5777; x_wconf 85' lang='lat' dir='ltr'><strong>sibi</strong></span> <span class='ocrx_word' id='word_1_856' title='bbox 3267 5736 3377 5790; x_wconf 88' lang='lat' dir='ltr'><strong>per-</strong></span> 
     </span>
    </p>
   </div>
  </div>
