4124 6338
664 411 824 479 ⁷1063

1858 390 2182 454 ΙΟᾹΝΝΙΞ
2212 384 2775 447 EUCHMTEN’SIS

3783 371 3915 437 109⁸4

677 530 898 586 suaderi
931 527 1056 585 sivit
1086 540 1251 581 verus
1280 519 1605 577 obedientia:
1637 516 1779 571 filius
1806 533 1819 580 ;
1856 514 1991 569 nihil
2015 523 2245 565 excusa—

2348 507 2514 573 ratqu
2540 506 2637 573 τὴν
2665 501 2975 555 εὐπείθειαν
3023 500 3228 561 ἐκεῖνος
3280 499 3369 551 καὶ
3395 494 3833 567 ἐπρονςάσιστος.
3858 494 3919 546 τὸ

683 624 850 677 tinnis
882 618 1134 681 εστι-θοι,
1162 614 1299 671 nihil
1325 617 1380 669 in
1407 610 1744 670 contrarium
1774 607 2076 668 adducens.
2101 605 2234 658 nihil

678 692 1049 776 dissentiens;
1085 707 1179 764 sed
1217 706 1426 776 absque
1462 702 1613 775 omni
1642 700 1901 756 violentia
1945 715 2004 755 se
2059 708 2234 753 totum

679 802 871 871 gratiae
921 797 1238 862 commisit;
1299 804 1357 851 et
1403 806 1675 866 propensa
1738 791 2038 853 voluntate,
2088 788 2236 858 quod

680 890 1103 950 convcnientius
1138 895 1276 950 erat.
1331 886 1558 957 eligens,
1626 882 1760 938 abiit
1807 882 2091 944 continuo,
2144 889 2237 933 aut

684 985 865 1053 potius
916 981 1069 1043 adiit,
1135 987 1198 1033 ut
1252 978 1442 1051 jussus
1503 977 1703 1039 fuerat,
1726 973 1802 1028 .ad
1834 972 2177 1043 designatum
2210 986 2239 1023 a

682 1074 893 1130 visi‘one
931 1074 1135 1127 locum.
1187 1071 1345 1125 illum
1368 1068 1580 1125 scilicet
1608 1069 1814 1130 locum,
1844 1065 1936 1135 qui
1971 1081 2001 1119 e
2043 1063 2239 1117 vicinia

680 1167 787 1220 late
816 1165 1174 1234 conspicuus.
1209 1177 1333 1217 cum
1356 1162 1507 1229 prius
1530 1158 1911 1213 inhabitabilis
1940 1166 2103 1218 esset,
2129 1167 2237 1209 tam

689 1272 1048 1312 numerosum
1110 1240 1260 1310 n’unc
1307 1268 1523 1324 gregem
1579 1250 1993 1307 monachorum.
2044 1248 2096 1301 in
2150 1261 2244 1315 spe

684 1348 1047 1409 habitantem.
1101 1348 1183 1399 uti
1238 1344 1505 1415 scriptum
1536 1352 1624 1397 est
1654 1343 1698 1409 ⁸,
1729 1342 1892 1397 habet
1924 1352 2088 1409 atque
2121 1341 2239 1404 alit,

684 1444 809 1498 cibo
846 1453 957 1497 tum
990 1440 1287 1512 corporali,
1340 1448 1456 1495 tum
1512 1436 1686 1492 multo
1718 1435 1893 1500 magis
1945 1430 2245 1502 spirituali,

683 1533 845 1602 cujus
875 1531 1209 1601 praecipuam
1252 1531 1329 1584 illi
1382 1530 1649 1583 rationem
1709 1526 1936 1590 ducunt,
1981 1532 2035 1577 et
2083 1521 2245 1590 cujus

686 1640 853 1679 causa
881 1625 1182 1679 certamina
1201 1622 1510 1689 spiritualia
1533 1628 1586 1675 et
1607 1619 1884 1675 salutifera
1914 1616 2243 1689 suscipiunt.

686 1718 764 1773 Δ]
800 1718 1011 1770 huncce
1042 1700 1221 1769 locum
1254 1714 1565 1769 Dorntbeus
1596 1727 1622 1764 a
1647 1710 1756 1765 Deo
1783 1718 1837 1765 et
1867 1714 2062 1775 magno
2089 1706 2249 1761 Patre

683 1822 784 1861 suo
818 1815 982 1873 atque
1006 1804 1319 1857 institutore
1358 1802 1583 1861 missus.
1631 1798 1751 1853 sine
1794 1796 2245 1865 tergiversatione

693 1897 826 1959 ulla,
878 1897 999 1950 sine
1050 1895 1159 1947 ulla
1203 1891 1559 1961 ambiguitate
1612 1904 1750 1958 Opus
1789 1902 2084 1957 aggressus
2126 1895 2244 1951 est;

686 1996 742 2041 et
774 1987 987 2041 labores
1016 1983 1303 2038 laboribus
1330 1982 1673 2051 sudoresque
1689 1978 1986 2033 sudoribus
2009 1976 2242 2043 addidit,

685 2077 803 2131 suis
867 2075 1120 2133 manibus
1178 2073 1359 2126 locum
1409 2069 1775 2141 repurgando,
1827 2068 2244 2138 complanando,

694 2166 853 2220 noxia
892 2164 1170 2219 efferendo
1201 2180 1218 2220 ι
1252 2171 1371 2217 erat
1396 2162 1597 2231 quippe
1622 2160 1911 2214 admodum
1953 2160 2246 2223 silvestris.

691 2266 748 2311 et
792 2258 968 2311 ruinis
1028 2255 1430 2322 ruderibusque
1491 2253 1670 2306 omnis
1729 2251 1943 2320 generis
1976 2252 2242 2319 oppletus.

686 2344 866 2411 Quare
898 2345 1053 2398 initio
1087 2343 1310 2412 quidem
1348 2350 1531 2397 actum
1568 2356 1750 2410 agere.
1788 2351 1951 2410 atque
2000 2341 2051 2394 id
2102 2342 2248 2411 quod

691 2438 802 2492 fleri
837 2450 944 2491 non
976 2442 1157 2504 potest
1178 2434 1472 2488 videbatur
1494 2433 1637 2487 velle
1664 2433 1839 2485 moliri
1865 2454 1879 2487 :
1903 2448 2027 2486 cum
2053 2433 2251 2486 exaedi-

689 2528 855 2583 ﬁcare
884 2528 1173 2582 ecclesiam
1196 2534 1247 2581 et
1274 2526 1661 2579 monasterium
1680 2535 2001 2579 construere
2026 2524 2079 2576 in
2104 2533 2248 2579 terra

687 2619 900 2673 deserta
933 2626 986 2671 et
1017 2616 1163 2670 invia
1218 2615 1431 2669 induxit
1488 2614 1542 2667 in
1597 2614 1870 2678 animum;
1925 2621 1980 2666 ct
2030 2615 2246 2680 quidem

687 2710 1009 2778 peregrinus
1078 2706 1220 2763 inter
1278 2705 1640 2775 peregrinos,
1703 2719 1932 2773 pauper,
1988 2705 2246 2768 extorris,

688 2802 927 2870 ignotus,
954 2798 1103 2865 pumi
1126 2798 1330 2853 auxilio
1360 2796 1697 2866 consilioque
1727 2798 1997 2865 privatus.
2035 2794 2247 2849 Etenim

686 2891 913 2946 omnino
978 2889 1150 2953 solus,
1219 2888 1528 2958 adiutorem
1586 2903 1693 2944 non
1756 2887 1989 2941 habebat
2053 2898 2249 2956 praeter

691 2995 859 3033 unum
895 2977 1177 3042 Basilium,
1227 2976 1404 3031 virum
1441 2976 1667 3040 bonum,
1715 2990 1874 3045 quem
1923 2991 1987 3031 ex
2041 2978 2247 3029 circum

688 3086 749 3125 se
782 3070 1059 3124 stantibus
1089 3070 1296 3123 socium
1323 3068 1773 3138 peregrinationis
1801 3076 1853 3120 et
1889 3068 2245 3121 certaminum

2340 599 2439 663 τῆς
2471 584 2718 663 ὑπακοῆς
2743 595 2910 655 ὅντως
2940 594 3149 657 τέκνον,
3201 592 3301 643 οὐκ
3353 588 3674 642 ἀντιτείνων
3699 584 3769 659 ἦν
3806 588 3915 647 ἔτι,

2339 691 2440 741 οὐκ
2464 687 2725 752 ἀπειθῶν,
2752 685 2811 739 ού
2826 683 3305 756 προσϐιαζόμενος,
3322 682 3435 736 ἀλλ’
3459 681 3581 733 ὅλον
3604 680 3800 732 ἑαυτὴν
3849 682 3916 745 τῇ

2342 782 2525 851 χάριτι
2550 779 2847 849 παραδοὺς,
2884 777 2979 830 καὶ
3013 775 3113 846 τῆς
3133 776 3230 828 τοῦ
3262 774 3573 845 κρείττονος
3632 770 3918 833 εὐδοκίας,

2343 874 2559 927 ἄπεισιν
2588 870 2773 933 εὐθὺς,
2804 868 2880 932 ὡς
2926 866 3323 938 προστέτακτο,
3358 865 3511 934 παρὰ
3555 864 3647 916 τὸν
3696 861 3917 916 ὑποδει-

2344 962 2541 1034 χθέντα
2569 960 2735 1013 τὸπον
2764 961 2869 1013 ὑπὸ
2898 960 2993 1026 τῆς
3018 958 3219 1027 ὂψεως,
3255 957 3458 1024 μᾶλλον
3488 955 3544 1008 δὲ
3588 955 3880 1025 πρόσεισιν
3899 968 3915 982 ο

2336 1053 2495 1121 οὗτος
2553 1058 2662 1126 γὰρ
2698 1058 2905 1119 ἐκεῖνος
2950 1058 2978 1107 ὀ
3025 1056 3208 1116 τόπος,
3243 1046 3415 1114 οὗτος
3464 1053 3492 1104 ὀ
3534 1053 3598 1105 ἐκ
3653 1050 3920 1118 γειτόνων

2342 1150 2645 1221 ὁρώμενος,
2682 1150 2775 1203 καὶ
2802 1148 3073 1217 τοσαύτην
3116 1147 3315 1214 ἀγέλην
3344 1144 3439 1197 νῦν
3486 1144 3791 1213 μοναστῶν,
3827 1144 3913 1196 ἐπ’

2344 1242 2523 1295 ἑλπίδι
2574 1239 2969 1304 κατοικοῦσαν,
3015 1242 3091 1301 ὼς
3122 1240 3453 1309 γέγραπται,
3520 1238 3585 1289 ἐκ
3638 1235 3734 1289 τοῦ
3787 1238 3925 1305 πρὶν

2345 1332 2602 1400 ἀοικήτου
2644 1330 2825 1400 φέρων
2854 1331 2946 1382 καὶ
2973 1330 3186 1399 τρέφων
3214 1331 3281 1398 τῇ
3322 1328 3606 1397 σωματικῇ
3633 1343 3689 1379 τε
3716 1328 3920 1396 epam,

2347 1422 2440 1475 καὶ
2469 1420 2646 1489 πολλῷ
2702 1437 2763 1488 γε
2801 1420 3002 1489 μᾶλλον
3029 1422 3095 1490 τῇ
3126 1421 3357 1490 ψυχικῇ,
3417 1413 3485 1489 ἧς
3528 1419 3710 1479 αὖτοῖς
3735 1410 3763 1470 ὅ
3789 1414 3922 1480 ’πᾶς

2345 1514 2520 1579 λόγος,
2576 1514 2667 1565 καὶ
2702 1513 2840 1583 ὑπὲρ
2870 1508 2937 1583 ἦς
2969 1511 3017 1565 oi
3047 1512 3255 1579 ἀγῶνες
3305 1512 3351 1563 οί
3404 1509 3771 1579 πνευματικοὶ
3820 1508 3925 1560 καὶ

2350 1606 2630 1675 σωτήριοι.
2656 1604 2795 1677 Πρὸς
2816 1604 3005 1658 τοῦτον
3045 1606 3250 1666 ἐκεῖνος
3273 1604 3376 1656 ὑπὸ
3404 1602 3537 1655 Θεοῦ
3560 1619 3621 1653 τε
3647 1598 3922 1669 πεμφθεὶς

2348 1700 2443 1752 καὶ
2497 1696 2591 1750 τοῦ
2637 1697 2871 1768 μεγάλου
2923 1697 3132 1767 Πατρὺς
3181 1699 3390 1751 ἐκείνου
3452 1700 3545 1751 καὶ
3603 1698 3918 1757 παιδευτοῦ,

2353 1788 2595 1858 μηδεμιᾷ
2650 1789 2907 1857 μελλήσει
2930 1787 2992 1840 τὸ
3026 1789 3257 1856 πρᾶγμα
3320 1787 3453 1856 μηδὲ
3506 1786 3790 1856 δισταγμῷ
3811 1803 3922 1838 τινι

2346 1880 2492 1949 δοὺς,
2542 1879 2705 1947 ἔργου
2752 1882 2956 1949 εἴχετο,
3015 1881 3108 1932 καὶ
3164 1880 3346 1941 πόνοις
3413 1880 3610 1941 πόνους
3677 1880 3922 1947 συνῆπτε

2348 1973 2441 2033 καὶ
2475 1972 2693 2042 ἱδρῶσιν
2739 1971 2989 2041 ἱδρῶτας,
3022 1972 3389 2041 ἐκκαθαίρων,
3448 1972 3721 2040 ἐκφορῶν,
3784 1972 3926 2039 ὁμα-

2348 2060 2511 2125 λίξων
2544 2065 2663 2126 ταῖς
2695 2064 2891 2116 ἑαυτοῦ
2936 2067 3123 2134 χερσὶν
3174 2065 3200 2115 ὁ
3224 2067 3494 2130 γενναῖος·
3531 2064 3728 2133 μεστὸς
3759 2064 3873 2133 γὰρ
3899 2066 3926 2115 ὁ

2349 2156 2513 2217 τόπος
2595 2154 2726 2222 ὕλης
2801 2154 2998 2224 ἀγρίας
3037 2193 3051 2218 ,
3109 2157 3304 2224 μεστὸς
3364 2156 3785 2225 συμπτωμάτων
3828 2159 3929 2209 καὶ

2350 2244 2693 2297 παντοδαποῦ
2755 2244 3012 2313 φορυτοῦ.
3070 2245 3227 2314 Παρὰ
3276 2246 3375 2316 τὴν
3419 2247 3643 2317 πρώτην
3703 2248 3804 2317 μὲν
3832 2247 3926 2301 οὖν

2349 2336 2589 2404 ἀνήνυτά
2620 2352 2677 2386 τε
2717 2336 2946 2403 κάμνειν
2989 2335 3149 2405 ἐῴκει
3180 2338 3271 2390 καὶ
3304 2338 3585 2400 ἀδυνάτοις
3634 2341 3924 2409 προδήλως

2350 2426 2671 2495 ἐπιχειρεῖν,
2692 2426 2982 2495 οἰκοδομὴν
3012 2427 3308 2496 ἐκκλησίας
3338 2431 3431 2480 καὶ
3464 2430 3635 2495 μονῆς
3655 2430 3925 2483 σύστασιν

2350 2518 2623 2587 ὲνὲρήμῳ
2656 2519 2724 2589 γῇ
2756 2517 2848 2570 καὶ
2906 2517 3095 2589 ἀϐάτῳ
3144 2519 3527 2589 διανοούμενος
3574 2526 3928 2592 καταστήσαο

2354 2608 2519 2659 σθαι·
2603 2609 2697 2662 καὶ
2748 2608 2922 2662 ταῦτα
2971 2608 3118 2674 ξένος
3146 2612 3204 2663 ὲν
3251 2611 3443 2675 ξένοις,
3488 2613 3680 2681 πένης,
3715 2613 3874 2666 ἄοικο

2351 2698 2656 2765 ἄγνωστος.
2696 2699 2902 2770 ἔρημος
2929 2701 3144 2770 ἁπάσης
3173 2702 3423 2770 βοηθείας
3471 2703 3564 2754 καὶ
3621 2706 3926 2771 συγκροτῄ-

2351 2806 2508 2851 σεως·
2546 2789 2733 2859 ἐπειδὴ
2780 2794 2874 2843 καὶ
2941 2796 3267 2861 μονώτατος,
3304 2793 3385 2843 ὄτι
3441 2792 3514 2863 μὴ
3545 2794 3626 2846 svi
3678 2794 3927 2863 συνεργῷ

2352 2882 2620 2952 Βασιλείῳ
2653 2883 2730 2951 τῷ
2782 2882 2933 2950 καλῴ
2987 2882 3301 2952 χρώμενος·
3337 2884 3421 2949 ὃν,
3458 2883 3551 2935 τοῦ
3613 2884 3732 2935 κατ’
3765 2885 3923 2937 αὑτὸν

2348 2970 2476 3024 δντα
2542 2972 2763 3036 κύκλου,
2822 2963 3162 3041 συνέκδημον
3219 2973 3429 3043 είλήφει
3482 2975 3572 3027 καὶ
3635 2974 3904 3028 σύναθλον

2351 3065 2505 3133 παρὰ
2533 3064 2627 3117 τοῦ
2656 3066 2871 3134 Πατρδς
2900 3068 3262 3135 αἰτησάμενος
3281 3082 3295 3096 ⁶
3335 3067 3454 3125 μεθ’
3484 3062 3543 3121 οὗ
3568 3068 3748 3121 πονῶν
3803 3085 3911 3120 κατ

688 3166 917 3233 petierat
964 3171 1127 3231 atque
1156 3162 1467 3216 obtinuerat
1495 3176 1525 3215 a
1565 3165 1838 3215 communi
1888 3161 2048 3215 Patre
2080 3179 2092 3213 :
2123 3176 2245 3215 cum

2353 3155 2525 3224 ἀρχὰς
2552 3155 2645 3207 καλ¹
2669 3155 2806 3223 πρὸς
2843 3154 3163 3223 τηλικοῦτον
3221 3152 3382 3208 ἆθλον
3415 3156 3920 3227 παραόαλλόμενος,

688 3253 832 3325 quod
862 3263 915 3307 et
948 3254 1158 3309 initium
1188 3255 1385 3310 laboris
1421 3253 1648 3315 faciens.
1690 3264 1741 3308 et
1774 3264 1920 3308 tanta
1954 3256 2251 3309 certamina

687 3343 1031 3413 aggrediens,
1081 3360 1188 3397 non
1252 3345 1305 3399 in
1362 3344 1521 3397 linem
1576 3344 2029 3413 derelinquendus
2072 3352 2252 3398 erata

690 3433 1036 3487 Providentia
1088 3434 1293 3488 divina.
1350 3435 1625 3504 Siquidem
1686 3436 1892 3489 circum
1946 3435 2252 3489 habitantes

692 3525 901 3592 populi,
938 3523 987 3576 id
1024 3525 1168 3593 quod
1203 3540 1291 3579 res
1322 3536 1435 3578 erat
1480 3539 1601 3579 mox
1641 3526 2155 3588 animadvertentes,
2199 3536 2253 3579 et

688 3627 796 3665 non
838 3612 941 3664 nisi
976 3622 1185 3667 motore
1212 3613 1479 3667 Deotalia
1512 3614 1629 3669 fieri
1656 3614 1797 3683 apud
1828 3629 1951 3669 sese
1976 3615 2251 3683 sapienter

688 3711 1025 3768 statuentes;
1059 3704 1206 3758 omni
1230 3704 1409 3759 studio
1438 3713 1490 3759 et
1518 3713 1714 3759 conatu
1769 3719 1987 3758 manum
2039 3714 2092 3756 et
2149 3705 2249 3773 ipsi

692 3795 1058 3846 admoverunt
1083 3795 1233 3862 operi
1266 3812 1280 3859 ;
1326 3796 1578 3863 pecunia,
1617 3793 1842 3859 viribus,
1884 3794 2113 3863 aliisque
2137 3809 2254 3848 me-

688 3884 775 3936 dis
812 3884 1063 3937 alacriter
1106 3884 1451 3939 conferentes
1484 3898 1637 3947 opem
1677 3892 1729 3937 et
1773 3899 1991 3953 operam
2044 3899 2197 3939 suam
2232 3902 2247 3938 :

690 3973 832 4027 unde
884 3984 937 4026 et
985 3974 1240 4043 templum
1270 3974 1353 4044 (ut
1380 3974 1614 4029 breviter
1656 3973 1867 4045 dicam)
1898 3976 2089 4044 exiguo
2113 3984 2252 4030 tem-

689 4078 843 4132 pore,
886 4072 937 4117 et
974 4066 1134 4133 paulo
1160 4075 1284 4135 post
1319 4067 1715 4121 monasterium
1750 4081 1963 4137 quoque
2006 4068 2071 4121 ad
2106 4068 2249 4121 illam

689 4155 920 4209 formam
984 4158 1214 4211 adducta
1283 4165 1446 4222 sunt,
1494 4174 1599 4228 qua
1664 4174 1811 4213 nunc
1882 4168 2249 4227 spectantur:

687 4259 1001 4313 quanquam
1052 4246 1212 4297 etiam
1266 4255 1477 4312 tempus
1513 4287 1526 4309 ,
1586 4247 1709 4301 licet
1768 4249 1948 4312 breve,
2002 4249 2250 4316 exiguam

691 4334 929 4400 aliquam
962 4334 1335 4387 accessionem
1386 4335 1452 4389 iis
1481 4350 1599 4403 qua:
1654 4344 1767 4390 tum
1816 4335 1955 4391 facta
2001 4346 2127 4392 sunt
2154 4341 2251 4392 atl-

690 4424 818 4491 iecit

2352 3247 2452 3299 οὐκ
2475 3248 2555 3307 είς
2583 3245 2733 3307 τέλος
2758 3246 2979 3313 ἔμελλεν
3024 3248 3130 3316 ἄρα
3173 3247 3324 3315 παρὰ
3355 3249 3455 3317 τῆς
3482 3247 3631 3311 θείας
3681 3251 3925 3317 ἐγκατα-

2353 3335 2634 3403 λειφθῆναι
2692 3334 2966 3403 προνοίας.
3042 3335 3201 3388 Ἀλλὰ
3255 3338 3393 3405 ταχὺ
3452 3336 3520 3389 τὰ
3576 3337 3670 3389 τοῦ
3738 3331 3923 3408 πράγ-

2355 3447 2523 3499 ματος
2555 3430 2602 3481 οἱ
2639 3429 2906 3499 περίοικοι
2942 3429 3384 3496 συναισθόμενοι,
3430 3431 3524 3484 καὶ
3561 3430 3635 3500 μὴ
3675 3429 3742 3484 ἂν
3771 3429 3920 3483 ἀθεεὶ

2354 3523 2527 3575 ταῦτα
2553 3521 2797 3587 γίνεσθαι
2838 3522 2897 3574 εὖ
2957 3522 3104 3590 μάλα
3146 3524 3324 3591 σοφῶς
3350 3523 3482 3593 παρ’
3531 3524 3747 3584 ἑαυτοῖς
3798 3526 3917 3594 ιιρί-

2353 3630 2568 3675 ναντες,
2625 3614 2720 3685 ὅλῃ
2775 3617 2869 3666 καὶ
2928 3615 3130 3684 σπουδῇ
3175 3618 3265 3667 καὶ
3297 3618 3439 3687 χειρὶ
3487 3616 3917 3684 συντφάπτονταε

2352 3701 2462 3754 τῶν
2494 3702 2670 3771 ἔργων
2705 3703 2907 3768 αὐτοῖς,
2942 3706 3186 3773 χρήμασί
3215 3723 3271 3757 τε
3300 3708 3392 3758 καὶ
3422 3706 3637 3774 σώμασι
3660 3707 3753 3759 καὶ
3784 3708 3919 3759 πᾶσι

2353 3794 2573 3857 τρόποις
2603 3793 2859 3861 ἐκθύμως
2892 3798 2957 3847 τὰ
3005 3796 3102 3865 τῆς
3134 3798 3419 3867 συνεργίας
3454 3799 3917 3869 ἐπιδεικνύμενον

2352 3885 2411 3948 ἐξ
2454 3879 2530 3937 ὧν
2579 3885 2689 3955 (ἴνα
2753 3887 2955 3939 συνέλω
3006 3887 3065 3940 τὸ
3099 3890 3223 3959 πᾶν)
3251 3891 3309 3943 τό
3334 3907 3393 3942 τε
3452 3892 3594 3961 ἱερὸν
3616 3893 3672 3943 ὲν
3730 3893 3919 3961 ὀλίγῳ,

2354 3980 2447 4031 καὶ
2475 3981 2509 4048 ἡ
2536 3979 2670 4049 μονὴ
2706 3981 2822 4046 μετ’
2844 3980 3044 4047 ὀλίγον,
3080 3983 3157 4043 είς
3180 3982 3207 4033 ὃ
3239 3982 3334 4035 νῦν
3365 3983 3597 4051 ὁρῶνται
3634 4001 3923 4053 συναπαρ-

2351 4069 2591 4132 τίζονται
2657 4069 2841 4138 σχῆμα
2872 4087 2884 4100 ·
2913 4071 3111 4142 δηλαδὴ
3140 4075 3232 4126 καὶ
3262 4074 3358 4126 τοῦ
3409 4074 3601 4143 χρόνον
3659 4076 3921 4146 βραχεῖάν

2351 4176 2472 4211 τινα
2502 4160 2839 4230 προσθήκην,
2873 4161 2992 4213 ἐπεὶ
3025 4163 3115 4216 καὶ
3145 4163 3369 4235 βραχὺς,
3400 4168 3507 4229 τοῖς
3560 4167 3919 4237 ἐξειργασμιο

2352 4266 2461 4312 νοις
2490 4250 2607 4303 τότε
2632 4252 3155 4321 συνεισενέγκαντος.

756 4516 783 4589 ί
802 4515 853 4570 l.
878 4516 1052 4584 Atque
1090 4516 1204 4572 haec
1236 4516 1454 4586 quidem
1482 4532 1646 4573 causa
1673 4526 1725 4574 et
1761 4522 1899 4575 ratio
1926 4531 2190 4590 suscepta:
2217 4536 2245 4573 a

2424 4518 2512 4565 ια’.
2548 4512 2694 4581 Αὕτη
2724 4514 2821 4581 μὲν
2855 4515 3073 4582 ήαὶτία,
3115 4516 3207 4570 καὶ
3243 4512 3397 4581 οὗτος
3422 4521 3447 4572 ὁ
3478 4520 3632 4587 λόγος
3688 4522 3787 4589 τῆς
3829 4524 3912 4584 είς

697 4603 967 4659 Dorotheo
1030 4610 1080 4659 in
1138 4609 1314 4662 locum
1370 4610 1530 4662 istum
1586 4613 2045 4679 peregrinationis
2095 4631 2107 4665 :
2150 4613 2251 4667 hoc

692 4707 830 4760 opus
865 4695 1059 4763 ipsius,
1098 4698 1189 4749 hic
1225 4697 1444 4750 vivendi
1480 4699 1867 4767 laborandiqne
1896 4700 2090 4755 ibidem
2129 4718 2246 4756 m0-

691 4784 792 4836 dus
832 4804 844 4837 :
879 4787 986 4838 imo
1024 4803 1150 4840 vero
1179 4788 1309 4841 illud
1339 4804 1445 4841 non
1478 4804 1613 4857 opus
1644 4788 1838 4856 ipsius.
1870 4790 1962 4845 sed
1986 4794 2251 4860 quodam-

692 4876 856 4927 modo
904 4880 1121 4929 occasio
1177 4893 1239 4931 ac
1302 4879 1709 4933 fundamentum
1760 4881 1999 4934 melioris
2048 4885 2249 4949 Operis,

687 4965 814 5031 quia
856 4967 1035 5017 omnia
1077 4966 1191 5020 haec
1222 4968 1487 5037 dirigebat
1522 4970 1978 5039 conferebatque;
2020 4974 2085 5024 ad
2115 4988 2245 5040 ope-

2351 4603 2496 4654 τόνδε
2539 4604 2627 4656 τὸν
2662 4604 2827 4656 τόπον
2878 4605 2973 4657 τοῦ
3002 4607 3191 4676 ἀνδρὸς
3218 4608 3341 4676 ὲνδη
3354 4610 3480 4677 μίας
3504 4626 3515 4637 ·
3555 4611 3711 4664 τοῦτο
3737 4613 3795 4664 δὲ
3822 4617 3918 4665 καὶ

2350 4693 2411 4745 τὸ
2440 4695 2619 4763 ἔργον,
2653 4697 2745 4747 καὶ
2806 4691 2957 4757 οὗτος
2994 4698 3021 4749 ὁ
3065 4698 3259 4765 τρόπος
3288 4700 3383 4768 τῆς
3435 4701 3663 4754 ἐνταῦθα
3723 4720 3918 4772 παροι-

2350 4783 2475 4846 κίας
2496 4782 2662 4835 αὐτοῦ
2692 4786 2783 4837 καὶ
2827 4786 3149 4853 φιλοπονίας
3178 4804 3189 4816 ’
3241 4788 3442 4857 μᾶλλον
3485 4790 3540 4841 δὲ
3573 4791 3633 4841 τὸ
3663 4793 3823 4858 ἔργον
3852 4795 3915 4844 οὐ

2354 4874 2537 4938 τοῦτο,
2580 4875 2694 4927 ἀλλ’
2731 4870 2839 4929 οἷόν
2866 4894 2946 4940 τις
2983 4879 3199 4949 ἀφορμὴ
3227 4881 3317 4933 καὶ
3350 4882 3617 4951 καταϐολὴ
3657 4883 3751 4935 τοῦ
3787 4884 3919 4951 ἀλη-

2356 4966 2475 5027 θοῦς
2507 4965 2690 5035 ἔργου,
2726 4970 2859 5036 πρὸς
2881 4970 2909 5020 δ
2934 4969 3105 5023 ταῦτα
3151 4972 3324 5024 πάντα
3379 4974 3643 5026 συντείνει
3700 4975 3796 5026 καὶ
3821 4976 3919 5043 φέ-

690 5054 977 5118 rationem,
1006 5057 1149 5119 dico,
1186 5058 1423 5119 virtutis,
1453 5061 1505 5112 et
1533 5061 1789 5127 angelica:
1812 5066 2245 5118 cenversationis

2350 5073 2452 5125 ρει,
2497 5047 2599 5125 τὴν
2667 5060 2931 5128 ἐργασίαν
2986 5061 3126 5128 λέγω
3155 5064 3247 5114 τοῦ
3275 5062 3507 5129 ἀγαθοῦ,
3548 5066 3642 5117 καὶ
3677 5065 3778 5135 τὴν
3812 5068 3915 5133 τῆς

691 5144 1011 5196 exercitium
1037 5154 1200 5213 atque
1226 5149 1558 5211 institutum,
1587 5152 1727 5217 quod
1752 5151 1867 5219 ipse
1889 5154 2161 5207 inchoavit
2187 5169 2245 5207 ac

2348 5148 2647 5216 ἁγγελικῆς
2694 5150 2969 5213 πολιτείας
3019 5152 3254 5222 ἄσκησιν
3309 5156 3403 5207 καὶ
3459 5154 3915 5227 κατόρθωσιν,ἧς

691 5235 931 5300 posteris
978 5235 1172 5290 ibidem
1216 5239 1331 5292 suis
1391 5241 1629 5306 reliquit.
1695 5241 1753 5295 Et
1808 5248 1979 5310 prima
2034 5244 2245 5312 quidem

2349 5238 2557 5298 ἐκεῖνος
2592 5237 2853 5305 κατῆρξε,
2891 5242 2983 5291 καὶ
3012 5243 3074 5311 ἣν
3102 5244 3215 5304 τοῖς
3251 5242 3369 5311 μετ’
3397 5246 3604 5297 ἐκεῖνον
3634 5248 3912 5299 κατέλιπε·

689 5325 977 5393 principia,
1004 5340 1122 5393 quae
1149 5343 1243 5395 pro
1272 5327 1476 5398 Regula
1503 5332 1617 5385 suis
1643 5347 1766 5387 esse
1798 5334 2030 5396 volebat,
2058 5350 2245 5404 magno

2350 5330 2446 5390 τὰς
2499 5328 2721 5397 πρώτας
2818 5332 2915 5399 μὲν
2968 5332 3257 5394 ὑποθέσεις
3308 5340 3459 5403 παρὰ
3509 5336 3600 5389 τοῦ
3672 5340 3914 5406 μεγάλου

692 5414 851 5467 Patre
882 5430 984 5467 suo
1013 5416 1182 5469 veluti
1219 5418 1482 5473 elementa
1519 5426 1765 5489 quanlam
1802 5433 2076 5477 mutuatus
2107 5423 2245 5489 fult;

683 5518 975 5571 eorumque
1001 5502 1250 5570 formam,
1280 5522 1344 5559 ex
1375 5510 1607 5564 celebris
1666 5514 1808 5565 Illius
1860 5515 2051 5566 Arseni
2112 5532 2245 5584 prae-

2348 5518 2433 5565 τὸν
2465 5517 2562 5582 τῆς
2598 5516 2879 5583 ἀκριϐείας
2938 5518 3126 5568 τοῦτον
3178 5520 3396 5585 κανόνα,
3449 5514 3524 5573 ὧν
3557 5524 3682 5583 τοὺς
3711 5523 3918 5585 τύπους

680 5595 854 5661 ceptis
910 5595 1261 5663 descriptam,
1316 5600 1390 5652 uti
1425 5600 1560 5653 alter
1616 5602 1824 5666 Moyses
1860 5618 2107 5660 exaratos
2155 5607 2242 5661 Dei

2348 5607 2650 5674 ἐγγράπτους
2676 5610 2737 5659 ἐκ
2770 5607 2877 5660 τῶν
2916 5609 3193 5679 Ἀρισενίου
3227 5611 3319 5662 τοῦ
3336 5612 3474 5665 πάνυ
3504 5611 3912 5683 διαταγμάτων,

2353 5424 2584 5491 Πατρδς,
2642 5424 2844 5475 ὡσανεί
2899 5442 3023 5477 τινα
3079 5428 3336 5495 στοιχεῖα,
3391 5429 3745 5499 παρειληφὼς
3779 5431 3917 5497 πρὸς

755 5772 774 5803 ⁸
803 5769 946 5823 Psai.
978 5785 1045 5820 tv.
1081 5771 1155 5814 In.
