4126 6338
273 357 408 424 1065

1323 363 1498 425 VITA
1533 363 1589 424 S.
1636 362 2029 425 DOROTHEI
2056 364 2436 433 IUNIORIS.

3353 381 3484 443 liti-6

265 473 452 545 ὥσπερ
492 474 645 537 ἄλλος
678 476 880 546 Μωσῆς
912 477 1310 550 θεοχαράκτους
1340 482 1558 544 πλάκας
1604 483 1824 547 ἐδέξατο

1931 480 2104 550 digito
2142 487 2382 551 tabulas,
2426 488 2658 557 excepit.
2696 487 2824 544 Erat
2872 498 3055 545 autem
3090 493 3354 549 Arscnius
3387 499 3488 552 iste

267 558 356 632 (ἦν
425 565 483 618 δὲ
512 560 667 629 οὗτος
737 566 1060 636 ’Λρσένιοςό
1089 569 1188 639 τὴν
1256 571 1456 641 ἀρετὴν
1502 572 1827 641 περιϐόητος

266 655 473 717 ἐκεῖνος
499 657 559 708 ὲν
590 661 907 725 μονασταῖς,
963 659 1020 721 ὃς
1048 660 1143 711 καὶ
1203 661 1301 729 τῆς
1335 662 1542 730 χρυσῆς
1568 662 1831 730 καλουμὲο

267 762 366 814 νης
394 747 626 816 Πέτρας,
653 749 714 800 οὐ
746 749 792 801 δ’
813 749 998 819 ἐκείνη
1022 749 1081 804 δὲ
1107 749 1317 820 πόρρω,
1374 753 1574 822 ἄριστα
1611 752 1828 806 πάντων

263 830 403 905 ἦρχε
431 839 524 888 καὶ
548 839 918 910 ἀφηγήσατο),
952 840 1048 894 καὶ
1075 841 1235 904 αὐτὸς
1265 842 1322 894 δὲ
1341 842 1510 896 πολλὰ
1540 843 1834 912 προσεξευ-

273 926 384 995 ρῶν
454 926 690 993 οἴκοθεν,
741 929 836 981 καὶ
865 930 944 1000 τῷ
1001 929 1330 1001 πολυπλόκῳ
1377 932 1552 1002 τούτῳ
1585 935 1834 1003 στεφάνῳ

267 1018 373 1085 τῆς
427 1017 731 1086 ἀσκητικῆς
785 1019 1123 1088 εὐπρεπείας
1179 1021 1654 1088 συγκαταπλέξας,
1716 1023 1833 1092 ἃμα

273 1104 374 1172 μὲν
427 1106 505 1168 είς
541 1106 770 1169 κάλλους
804 1108 1143 1176 περιουσίαν,
1182 1109 1298 1178 ἅμα
1318 1110 1374 1163 δὲ
1407 1110 1500 1163 δια)⁵
1543 1110 1680 1180 πρὸς
1711 1113 1831 1180 μεί-

269 1192 423 1258 ζονος
479 1196 751 1266 ὠφελείας
782 1199 1056 1253 ὑπόθεσιν.
1121 1200 1186 1252 Τί
1211 1203 1318 1270 γὰρ
1363 1202 1470 1254 τῶν
1495 1203 1675 1256 καλῶν
1704 1206 1835 1274 παρ’

267 1286 450 1349 αὐτοῖς
476 1289 536 1340 οὐ
561 1287 934 1358 φιλοσοφεῖται
958 1306 974 1358 ;
1004 1291 1063 1344 οὐ
1094 1292 1488 1363 μακρυθυμίας
1539 1293 1636 1349 οὐκ
1660 1296 1834 1350 ἐπιεί-

268 1392 392 1430 κεια
426 1395 440 1443 ;
475 1380 595 1448 οὐχὶ
619 1380 726 1433 τῶν
757 1382 1040 1451 παρόντων
1066 1382 1336 1454 ὑπεροψία
1356 1402 1371 1451 ;
1394 1385 1514 1455 οὐχὶ
1548 1386 1657 1440 τῶν
1710 1387 1837 1458 μελ-

267 1465 471 1522 λόντων
500 1470 766 1540 ἐπιθυμία
793 1488 807 1536 ;
841 1472 902 1525 οὐ
929 1471 1208 1544 πραότης;
1237 1478 1298 1526 οὐ
1345 1475 1696 1547 καθαρότης;
1737 1477 1835 1548 οὐχ

266 1561 303 1627 ἠ
334 1562 471 1615 κατά
493 1560 714 1630 πνεῦμα
736 1563 1017 1631 πτωχείας
1047 1563 1145 1634 οὐχ
1189 1565 1290 1620 ὅσα
1323 1566 1431 1620 τῶν
1463 1566 1836 1637 μακαριζομέ-

267 1667 374 1705 νων
405 1654 438 1723 ἢ
464 1653 558 1706 καὶ
593 1653 768 1717 ἄλλως
803 1656 1258 1726 ιπαινουμένωνς
1301 1655 1364 1710 Ἥ
1388 1656 1623 1728 ἀκτησία
1683 1658 1762 1723 δὲ,
1801 1659 1834 1729 ή

264 1740 312 1795 δ’
338 1741 602 1810 εὐτέλεια,
644 1745 704 1798 τὸ
734 1746 778 1799 δ’
805 1746 1074 1816 ἐγκρατὲς
1133 1747 1264 1817 περὶ
1318 1747 1513 1814 πάντα,
1574 1749 1633 1802 τὸ
1692 1745 1843 1821 πρὸς

1932 573 2272 630 clarissimus
2303 579 2500 631 virtute
2526 579 2664 634 inter
2683 581 2995 647 monachos,
3017 583 3212 653 quique
3232 587 3487 652 Auream,

1931 671 1993 715 ut
2038 665 2332 732 appellant,
2364 664 2602 734 Petram,
2659 685 2766 724 non
2815 675 3004 741 procul
3041 673 3163 730 inde
3201 685 3486 743 remotam,

1931 753 2140 821 primus
2163 757 2404 809 omnium
2439 758 2718 812 inchoavit
2753 763 3020 831 rexitque.
3066 764 3188 832 ipse
3229 783 3357 821 vero
3386 769 3487 822 Do-

1937 843 2164 898 rotbeus
2200 846 2368 898 multa
2397 847 2504 902 illis
2528 863 2623 916 per
2647 865 2704 904 se
2735 851 2953 906 inventa
2987 855 3271 922 adjiciens,
3304 860 3490 913 eadem

1934 946 2047 986 sua:
2106 935 2442 993 multimodis
2505 939 2674 1008 plexae
2727 945 2946 999 ascetici
3004 948 3216 1002 decoris
3275 966 3494 1006 corona:

1936 1023 2194 1088 intexuit,
2232 1034 2346 1080 tum
2385 1027 2451 1080 ad
2497 1031 2796 1099 augendam
2849 1036 3022 1105 magis
3069 1039 3490 1106 pulcritudinem

1934 1109 2089 1178 ejus,
2142 1121 2254 1166 tum
2291 1117 2355 1168 ad
2391 1119 2698 1184 ponendum
2734 1121 2956 1191 majoris
3001 1127 3250 1183 utilitatis
3296 1128 3492 1182 funda-

1934 1215 2198 1260 mentum.
2245 1206 2396 1272 Quod
2427 1211 2568 1265 enim
2608 1213 2871 1268 virtutum
2911 1231 3078 1284 genus
3098 1217 3166 1271 ab
3217 1219 3345 1287 ipsis
3383 1234 3491 1273 nun

1935 1296 2333 1350 exercebatur?
2365 1299 2446 1352 An
2480 1302 2909 1368 longanimitas?
2945 1321 3010 1359 an
3071 1309 3382 1362 modestia?
3422 1325 3488 1362 an

1933 1384 2288 1456 despicientia
2334 1405 2516 1446 rerum
2564 1398 2935 1462 praesentium,
2978 1407 3065 1451 aut
3101 1415 3252 1454 amor
3285 1400 3493 1454 futura-

1935 1477 2095 1532 rum?
2149 1493 2216 1532 an
2268 1485 2676 1537 mansuetudo?
2715 1500 2782 1538 an
2834 1489 3092 1555 puritas?
3140 1504 3208 1544 an
3265 1491 3491 1558 spiritus

1936 1570 2270 1639 paupertas?
2298 1585 2366 1626 an
2398 1574 2600 1642 aliquid
2624 1576 2836 1630 demum
2868 1579 3106 1632 Omnium
3130 1595 3249 1650 quae
3274 1582 3489 1636 beatum

1936 1660 2164 1717 reddere
2221 1672 2457 1732 possunt
2508 1665 2781 1722 hominem
2846 1676 2942 1721 aut
2986 1670 3142 1724 aliter
3202 1671 3490 1726 laudabilia

1936 1749 2103 1804 sunt?
2167 1752 2338 1808 Porro
2407 1764 2720 1824 paupertas,
2770 1757 3073 1827 frugalitas,
3131 1759 3187 1814 in
3237 1763 3492 1816 omnibus

265 1829 576 1899 ἀγρυπνίαν
601 1834 910 1903 φιλόπονον,
942 1835 1002 1888 τὸ
1033 1838 1159 1907 περὶ
1182 1838 1244 1890 τὸ
1261 1837 1481 1908 ψάλλειν
1510 1840 1824 1912 ἀκόρεστον,

1934 1843 2314 1910 temperantia,
2369 1845 2624 1916 vigilandi
2682 1848 2945 1912 studium,
3006 1851 3270 1919 psallendi
3331 1855 3496 1906 ardor

270 1921 304 1988 ἡ
327 1923 385 1975 ἐν
426 1927 761 1995 προσευχαῖς
787 1926 1019 1993 εὐτονία,
1066 1930 1099 1997 ὴ
1167 1927 1284 1982 τῶν·
1318 1929 1476 1984 θείων
1513 1931 1740 2003 μελέτη,
1767 1935 1824 1987 τὸ

1930 1925 2283 1995 insatiabilis,
2315 1933 2508 1986 orandi
2543 1935 2797 2001 intentio,
2826 1952 3007 1992 rerum
3032 1939 3347 1996 divinarum
3377 1958 3492 1998 me-

265 2013 563 2082 φιλόξενον,
585 2017 646 2070 τὺ
697 2018 1058 2090 φιλόπτωχον,
1104 2019 1230 2074 ὅσον
1259 2020 1323 2074 ἐκ
1352 2021 1461 2076 τῶν
1502 2023 1823 2091 παρόντων;

337 2299 424 2371 ιβ’.
457 2301 530 2355 Τδ
596 2303 762 2374 μηδὲν
820 2305 1005 2372 ἁπλῶς
1055 2309 1167 2364 τῶν
1228 2311 1580 2383 σωματικῶν,
1613 2314 1749 2382 μόνα
1771 2314 1827 2368 δὲ

263 2392 335 2445 τά
367 2392 460 2446 τοῦ
516 2395 824 2466 πνεύματος
856 2398 1046 2470 ζητεῖν
1074 2418 1132 2454 τε
1161 2401 1255 2456 καὶ
1313 2405 1824 2474 πραγματεύεσθαι,

260 2483 347 2536 ὅτι
376 2484 450 2554 μὴ
478 2487 626 2540 πᾶσα
686 2489 922 2562 ἀνάγκη,
981 2491 1074 2548 καὶ
1102 2487 1176 2548 ὧν
1218 2496 1387 2566 χωρὶς
1440 2497 1702 2566 δηλονότι,
1735 2502 1826 2553 τὸν

261 2577 402 2647 πρὸς
426 2578 485 2632 τδ
518 2581 676 2651 σῶμα
709 2582 908 2652 δεσμὸν
945 2589 1012 2657 τῇ
1040 2586 1184 2658 ψυχῇ
1225 2588 1501 2658 διαμένειν
1523 2591 1657 2654 ὅλως
1683 2593 1827 2663 ἀμή-

261 2684 451 2736 χανον,
480 2671 572 2724 καὶ
600 2671 758 2727 τοῦτο
792 2675 847 2727 δὲ
891 2675 999 2729 τῶν
1053 2677 1228 2732 ἄλλων
1262 2681 1358 2750 οὐχ
1388 2674 1548 2752 ἦττον
1580 2700 1828 2753 πνευμα-

259 2758 415 2810 τικόν
443 2777 501 2811 τε
526 2763 622 2814 καὶ
653 2763 1033 2831 ἀποστολικὸν,
1066 2767 1141 2838 μὴ
1163 2771 1451 2839 φορτικούς
1487 2784 1630 2825 τισιν
1663 2769 1822 2840 εἶναι,

1929 2021 2289 2095 ditatio,erga
2315 2026 2631 2094 peregrinos
2649 2028 2801 2097 juxta
2827 2044 2890 2084 ac
2910 2033 3189 2089 mendicos
3223 2034 3488 2102 Charitas,

1930 2117 2094 2179 quota
2126 2127 2254 2181 pars
2285 2120 2414 2168 sunt
2441 2113 2656 2170 illorum
2692 2133 2812 2186 quae
2837 2119 2888 2173 in
2917 2129 3170 2191 promptu
3201 2135 3285 2179 est
3319 2140 3486 2180 enar-

1932 2214 2047 2254 rare
2068 2200 2092 2252 ’ί

2000 2311 2085 2366 12.
2116 2313 2332 2370 illorum
2368 2326 2449 2374 est
2479 2319 2610 2373 nihil
2642 2322 2864 2376 omnino
2901 2339 3080 2379 rerum
3110 2343 3230 2396 qua:
3263 2330 3326 2384 ad
3366 2347 3491 2387 eor-

1928 2417 2052 2471 pus,
2094 2404 2269 2458 solum
2293 2420 2421 2463 vero
2446 2424 2565 2478 qua:
2588 2411 2653 2464 ad
2677 2413 2915 2467 animum
2951 2428 3216 2485 spectant,
3251 2437 3494 2491 quaerere

1929 2503 1981 2548 et
2010 2497 2228 2562 sectari,
2271 2498 2377 2553 nisi
2408 2515 2620 2555 summa
2655 2507 2955 2562 necessitas
3009 2520 3199 2578 urgeat
3247 2527 3310 2567 ac
3361 2513 3494 2568 talia

1927 2601 1991 2642 ea
2039 2587 2169 2654 sint,
2227 2590 2348 2644 sine
2401 2592 2600 2660 quibus
2660 2598 2927 2653 sustineri
2983 2601 3091 2654 vita
3143 2604 3290 2658 nullo
3335 2607 3495 2662 modo

1929 2685 2128 2744 potest.
2166 2679 2383 2736 Illorum
2413 2691 2498 2737 est
2535 2685 2664 2740 illud
2689 2702 2930 2757 quoque,
2967 2707 3076 2746 non
3117 2695 3298 2750 minus
3329 2713 3491 2766 quam

1931 2772 2033 2825 alia
2063 2774 2343 2842 spirituaie
2363 2784 2414 2831 et
2443 2780 2823 2848 apostolicum,
2842 2785 2981 2850 quod
3008 2800 3131 2839 cum
3157 2792 3496 2846 necessitatis

257 2847 333 2902 τὰ
366 2850 500 2920 πρὸς
562 2853 750 2924 χρείαν
814 2859 1121 2924 αἰτοῦντας,
1158 2863 1282 2932 μηδ’
1334 2865 1574 2936 ἐγκοπὴν
1627 2868 1824 2922 διδόναι

1930 2878 2096 2918 causa
2136 2876 2330 2934 petunt
2362 2870 2669 2939 quidpiam,
2722 2874 2928 2927 nemini
2971 2881 3189 2933 onerosi
3224 2882 3354 2946 sint,
3395 2899 3494 2945 nec

261 2940 386 2994 τινά
410 2943 474 3012 τῇ
501 2945 591 2997 τοῦ
645 2946 851 3013 ἀγαθοῦ
887 2951 1223 3022 κατορθώσει
1255 2957 1318 3008 ἐκ
1341 2957 1433 3008 τοῦ
1469 2960 1596 3029 περὶ
1652 2961 1824 3015 ταῦτα

1931 2963 2110 3010 tamen
2141 2958 2482 3014 obstaculum
2522 2965 2783 3031 prmelaro
2833 2967 3056 3024 virtutis
3101 2975 3363 3030 exercitio
3397 2992 3494 3045 po-

276 3037 634 3106 καταναρκᾷν
659 3039 805 3091 ἔστιν
836 3032 910 3094 ὧν
937 3057 951 3072 ’
984 3043 1118 3097 ἀλλά
1153 3046 1274 3108 ταῖς
1306 3046 1461 3110 ἰδίαις
1497 3051 1824 3118 ἐργάζεσθαι

1932 3056 2063 3102 nant
2084 3064 2178 3118 per
2205 3050 2509 3106 istiusmodi
2532 3069 2711 3108 rerum
2746 3061 3107 3128 corporalium
3142 3065 3488 3134 neglectum;

261 3125 454 3191 χερσὶν
491 3162 504 3187 ,
563 3126 650 3177 ὅτε
718 3127 846 3192 δεῖ,
901 3130 994 3184 καὶ
1048 3132 1266 3201 βοηθεῖν
1327 3135 1539 3200 ἑαυτοῖς
1595 3139 1661 3191 δι’
1700 3141 1824 3194 ἐαυ-

1933 3133 2027 3186 sed
2062 3136 2295 3203 propriis
2326 3149 2622 3205 operantur
2655 3144 2932 3208 manibus.
2971 3150 3188 3215 quando
3225 3169 3361 3222 opus
3388 3165 3489 3223 est,

259 3212 356 3262 τοῦ
384 3211 463 3275 είς
520 3214 588 3267 τὰ
645 3217 942 3285 ἀναγκαῖαο
997 3221 1097 3288 τῆς
1148 3223 1347 3286 ἔξωθεν
1429 3227 1484 3278 δὲ
1525 3233 1824 3298 περιφορᾶς

1932 3231 1985 3275 et
2016 3223 2210 3290 juvant
2265 3241 2325 3280 se
2369 3243 2463 3296 per
2511 3232 2724 3299 seipsos
2765 3235 2818 3287 in
2869 3238 2984 3293 suis
3024 3244 3486 3312 necessitatibus;

261 3302 487 3372 ταύτης,
529 3305 595 3376 ἢν
631 3308 818 3362 πολλοὶ
842 3310 951 3363 τῶν
987 3312 1367 3386 ἁπλουστέρων
1427 3320 1824 3391 ἐπιτηδεύουσιν

1932 3312 2074 3367 illam
2102 3325 2278 3371 autem
2295 3321 2624 3375 exteriorum
2653 3325 2991 3392 negotiorum
3018 3345 3224 3397 curam,
3250 3335 3485 3405 inquam

261 3395 344 3456 είς
384 3396 675 3467 ἑρανισμὸν
698 3400 806 3452 τῶν
855 3402 996 3455 κατὰ
1050 3406 1240 3476 χρείαν
1289 3409 1400 3472 τοῖς
1447 3410 1824 3482 ἀσκουμένοις,

1930 3406 2322 3475 simpliciorum
2375 3413 2529 3466 multi
2589 3423 2696 3467 tam
2753 3417 2986 3472 sollicite
3044 3422 3366 3478 ineumbunt
3420 3428 3485 3480 ad

261 3485 414 3555 παρά
442 3487 550 3540 τῶν
580 3489 814 3559 ἑτοίμων
875 3495 1245 3563 μεταδιδόναι,
1279 3501 1557 3567 φείδεσθαί
1590 3521 1651 3556 τε
1705 3493 1830 3559 καθ’

258 3574 389 3627 ὅλου
422 3578 542 3630 ικαὶ
598 3579 657 3632 τὸ
697 3582 921 3651 σύμπαν
976 3587 1299 3656 ἀπέχεσθαι,
1361 3589 1425 3644 ἵν’
1477 3595 1826 3664 ἀπρόσκοπον

259 3667 449 3730 αὐτοῖς
483 3671 822 3740 πανταχόθεν
851 3675 946 3745 τῆς
969 3675 1318 3750 δικαιοσύνης
1366 3683 1518 3749 μένοι
1551 3686 1612 3738 τὸ
1640 3686 1820 3757 ἔργον,

262 3758 362 3808 καὶ
403 3759 630 3828 μηδενὸς
680 3763 788 3816 τῶν
815 3765 1034 3820 πάντων
1063 3771 1370 3842 συνείδησις
1391 3775 1483 3826 ἐπί
1513 3793 1618 3829 τινι
1653 3779 1822 3848 πλήτ-

259 3865 408 3902 τοιτο
432 3852 539 3905 τῶν
572 3853 662 3908 ὑπ’
694 3856 878 3911 αὐτῶν
909 3861 1325 3932 πραττομένων·
1362 3866 1566 3935 μᾶλλον
1606 3870 1704 3938 μὲν
1732 3867 1824 3924 οὖν

259 3940 317 3992 εί
345 3956 428 4003 τις
453 3942 705 4015 δύναμις,
756 3948 955 4013 αὐτοὺς
984 3950 1091 4003 τῶν
1123 3953 1266 4006 ίδίων
1319 3956 1496 4009 πόνων
1549 3963 1824 4014 κοινωνεῖν

261 4031 477 4101 ἑτέροις
506 4037 826 4108 προθύμως’
861 4042 946 4094 ἵνα
975 4043 1324 4121 κάντεῦθενῇ
1355 4048 1538 4117 μεῖζον
1569 4051 1628 4102 τὸ
1645 4050 1822 4120 θαῦμα

256 4121 364 4190 τῆς
397 4123 603 4193 ἀρετῆς
637 4128 773 4196 μετὰ
803 4128 898 4197 τῆς
933 4131 1225 4203 φιλοσόφου
1257 4138 1446 4199 πενίας
1485 4138 1819 4209 πλούτούσης

256 4209 361 4263 καὶ
386 4211 481 4282 τὴν
515 4215 820 4283 μετάδοσινο
852 4219 972 4272 ἐπεὶ
1017 4223 1111 4275 καὶ
1146 4222 1356 4286 Παῦλος
1388 4227 1485 4288 τάς
1524 4232 1713 4299 χεῖρας
1759 4233 1819 4284 ού

256 4303 382 4364 ταῖς
422 4302 614 4358 ἑαυτοῦ
649 4308 860 4376 χρείαις
891 4311 1072 4380 μόνον,
1107 4313 1240 4367 ἀλλά
1269 4317 1362 4368 καὶ
1406 4321 1519 4380 τοῖς
1549 4317 1667 4373 οὖσι
1703 4322 1821 4390 μετ’

257 4392 429 4445 αὐτοῦ
454 4394 725 4460 διακόνοις
771 4400 1156 4471 ἀνακηρύττει.
1216 4407 1355 4476 Πρὸς
1392 4408 1418 4460 ὃ
1470 4411 1817 4481 παράδειγμα

259 4483 479 4552 βλέπων
516 4485 544 4537 δ
594 4487 951 4554 ἀποστολικδς
1002 4494 1211 4557 ἐκεῖνος
1269 4496 1430 4568 ἀνὴρ,
1475 4500 1535 4552 οὐ
1586 4503 1718 4556 πολὺ
1765 4504 1820 4556 δὲ

259 4576 394 4638 ίσως
423 4578 592 4629 εἰπεῖν
624 4578 706 4633 ὅτι
741 4583 831 4634 καὶ
856 4583 1170 4654 ἀπόστολος,
1210 4589 1399 4642 ἑαυτόν
1414 4608 1472 4643 τε
1508 4591 1641 4660 πρὸς
1665 4594 1821 4648 τοῦτο

255 4665 524 4720 κάλλιστα
557 4669 737 4739 ῆσκει,
774 4674 867 4726 καὶ
916 4675 1040 4739 τοὺς
1089 4677 1282 4730 ἑαυτοῦ
1314 4680 1681 4745 ἐξεπαίδευσε.
1713 4686 1820 4738 Καὶ

255 4755 357 4809 νῦν
384 4757 530 4811 ἔστιν
581 4760 710 4813 ίδεῖν
766 4765 904 4830 μετά
960 4766 1069 4820 τῶν
1109 4768 1282 4822 ἄλλων
1321 4771 1499 4824 καλῶν
1547 4775 1638 4827 καὶ
1663 4777 1818 4829 τοῦτο

255 4847 393 4916 παρ’
429 4849 612 4912 αὐτοῖς
640 4853 1090 4923 σπουδαζόμενον,
1123 4861 1220 4929 τὴν
1240 4859 1346 4913 τῶν
1405 4863 1604 4932 χειρῶν
1655 4864 1817 4934 ὶργα-

255 4938 404 5000 σίαν,
436 4939 558 4992 ὅσον
606 4942 765 5010 μόνον
812 4946 1016 5019 ταύτην
1074 4950 1173 5019 μὲν
1221 4947 1362 5004 εἶναι
1425 4956 1816 5025 πάρεργονοτὺ

254 5023 305 5075 δ’
352 5024 551 5095 ἀληθὲς
607 5029 766 5098 ἔργον
823 5034 1007 5105 ἕτερον
1076 5039 1175 5108 τὴν
1245 5041 1333 5094 διὰ
1412 5023 1624 5114 πάσηςῗ
1678 5047 1818 5112 ίδὲας

251 5111 603 5185 λειτουργίαν
631 5123 722 5174 τοῦ
749 5123 892 5177 θείου
925 5127 1018 5179 καὶ
1047 5126 1365 5199 θεραπείαν,
1401 5136 1501 5186 οὐκ
1519 5111 1616 5189 οἷδ’
1646 5139 1814 5193 εἵπου

256 5204 448 5260 ἄλλοθι
500 5211 788 5284 μᾶλλον,ἢ
859 5218 1087 5273 ἐνταῦθα
1129 5225 1599 5297 κατορθουμένην·
1651 5230 1724 5292 ὡς
1751 5232 1816 5284 ἂν

255 5298 444 5361 αὐτοῖς
504 5301 689 5372 ἀρτιον
741 5307 831 5359 καὶ
889 5313 1226 5381 πανταχόθεν
1264 5315 1470 5386 πλῆρες
1491 5321 1582 5373 καὶ
1611 5322 1813 5376 τέλειον

251 5386 320 5438 τὸ
350 5388 548 5456 ἀγαθὸν
593 5389 649 5463 ᾖ,
705 5394 767 5450 ἔκ
794 5414 850 5450 τε
885 5401 994 5454 τῶν
1047 5407 1372 5473 σωματικῶν
1418 5412 1636 5480 ίκανῶς,
1668 5415 1731 5468 εκ
1754 5435 1811 5470 τε

253 5475 369 5530 τῶν
421 5488 807 5551 πνευματικῶν
886 5492 1142 5564 δαψιλῶς,
1197 5500 1279 5563 εἰς
1337 5501 1429 5556 τὸν
1475 5475 1818 5579 ἀπαρτισμὸν

255 5569 771 5642 συμπληρούμενον.

328 5726 351 5758 ⁸
387 5725 504 5781 Act.
529 5745 618 5791 xx,
649 5731 741 5784 24.

585 5825 847 5882 Parnm"
901 5823 1015 5882 Gn.
1077 5823 1172 5880 CX
1189 5823 1267 5886 Χ.

1929 3500 2263 3567 corroganda
2306 3504 2741 3561 exercitantibus
2791 3513 3127 3576 necessaria,
3187 3517 3489 3571 transferre

1928 3589 1993 3640 ad
2027 3588 2185 3643 facile
2216 3592 2477 3659 parabilia
2504 3602 2796 3664 satagunt;
2836 3609 2926 3653 aut
2962 3602 3143 3670 potius
3176 3622 3234 3659 ea
3262 3608 3488 3662 omnino

1927 3677 2220 3741 abstinent,
2258 3688 2315 3732 ut
2365 3681 2568 3750 ubique
2609 3683 2836 3751 justitize
2874 3703 3036 3756 opera
3071 3707 3326 3748 exercere
3368 3696 3488 3752 sine

1924 3765 2220 3822 oﬂ‘ensione
2249 3777 2301 3823 et
2326 3769 2586 3825 seandalo
2606 3774 2841 3841 possint,
2867 3778 3176 3849 nulliusque
3194 3784 3485 3838 conscien-

1927 3856 1996 3908 tia
2029 3856 2083 3910 in
2105 3856 2288 3926 aliquo
2311 3873 2540 3928 operum
2571 3878 2796 3918 suorum
2830 3878 3064 3937 angatur
3104 3887 3118 3923 :
3157 3874 3300 3941 quod
3327 3875 3369 3928 si
3401 3875 3485 3928 fa-

1925 3947 2100 4000 cultas
2136 3955 2403 4016 suppetat,
2445 3951 2543 4019 ipsi
2606 3953 2856 4011 laborum
2911 3974 3136 4014 suorum
3195 3966 3488 4034 participes

1925 4035 2062 4089 alios
2088 4035 2293 4088 faciunt
2323 4037 2601 4100 alacriter,
2640 4049 2697 4092 ut
2729 4044 2814 4094 vel
2853 4042 2983 4098 hinc
3015 4046 3389 4104 admirabilior
3416 4050 3488 4104 sit

1923 4123 2004 4176 vis
2034 4125 2273 4189 virtutis,
2331 4140 2451 4194 quae
2495 4134 2548 4180 et
2605 4127 3040 4199 philosophicam
3083 4143 3325 4188 sectatur
3357 4152 3488 4204 pau-

1924 4221 2212 4282 pertatem,
2243 4224 2298 4267 et
2344 4216 2604 4284 epulenta
2642 4232 2807 4272 manu
2864 4221 2916 4273 in
2979 4223 3116 4277 alios
3163 4224 3482 4290 distribuit;

1924 4318 2047 4358 cum
2069 4304 2233 4358 etiam
2258 4305 2458 4362 Paulus
2490 4308 2745 4376 praedicet
2779 4311 2821 4374 ',
2855 4325 3049 4366 manus
3072 4328 3200 4369 suas
3231 4332 3336 4370 non
3370 4319 3483 4372 suis

1927 4399 2109 4460 modo,
2135 4398 2229 4453 sed
2263 4399 2533 4453 sociorum
2565 4416 2780 4470 quoque
2814 4417 3035 4457 suorum
3070 4406 3259 4462 usibus
3291 4425 3484 4463 neces-

1925 4487 2067 4542 saria
2097 4487 2566 4543 subministrasse.
2593 4489 2744 4554 Quod
2771 4493 3077 4558 exemplum
3105 4495 3205 4549 sibi
3235 4501 3484 4567 proposi-

1923 4585 2035 4630 tum
2071 4576 2276 4629 habens
2312 4576 2397 4628 vir
2427 4578 2528 4631 iste
2559 4578 2920 4645 apostolicus,
2948 4580 3056 4632 imo
3088 4589 3140 4636 et
3168 4586 3475 4653 apostolum

1922 4666 2132 4728 dixero,
2168 4665 2220 4718 in
2258 4664 2367 4716 illis
2400 4679 2458 4719 se
2495 4665 2751 4733 praeclare
2780 4666 3101 4731 exercebat,
3146 4678 3200 4723 et
3242 4671 3478 4725 instrue~

1922 4756 2012 4810 bat
2043 4768 2191 4809 suos.
2240 4753 2356 4808 Jam
2389 4769 2518 4807 vero
2565 4753 3022 4810 considerandum
3053 4759 3213 4813 nobis
3242 4768 3324 4814 est
3353 4776 3476 4815 cum

1920 4844 2038 4896 aliis
2071 4857 2258 4896 eorum
2294 4843 2461 4910 gestis
2501 4842 2634 4896 illud
2665 4859 2880 4914 quoque
2912 4846 2964 4898 in
2994 4847 3137 4915 quod
3170 4848 3360 4902 sedulo
3393 4851 3475 4903 in-

1919 4934 2197 4997 cumbant,
2220 4931 2469 4986 videlicet
2493 4935 2738 5001 operatio
2761 4937 3051 5002 manualis,
3073 4947 3338 5004 quatenus
3365 4941 3477 4996 lucc
3532 4940 3535 4942 ’

1921 5025 2096 5079 solum
2128 5029 2274 5077 esset
2301 5023 2586 5091 occupatio
2619 5025 2984 5090 secundaria;
3043 5042 3165 5081 cum
3216 5030 3475 5095 primaria

1921 5120 1975 5173 in
2009 5133 2072 5170 eo
2099 5124 2435 5180 versaretur,
2487 5116 2630 5183 quod
2683 5118 2859 5174 omnis
2915 5123 3128 5190 generis
3176 5124 3379 5178 cultum
3423 5136 3478 5179 ct

1922 5204 2187 5262 sacriﬁcia
2224 5203 2453 5258 oll'erant
2488 5203 2618 5268 Deo,
2654 5220 2752 5260 nec
2783 5209 2918 5270 scio,
2969 5224 3037 5262 an
3079 5213 3210 5264 nulli
3261 5216 3472 5284 uspiam

1924 5296 2111 5366 majori
2157 5310 2282 5350 cum
2346 5295 2694 5351 accuratione
2744 5313 2902 5366 quam
2952 5301 3028 5354 illi
3075 5301 3368 5358 hic:adeo
3420 5317 3477 5359 ut

1919 5390 2186 5456 integrum
2213 5394 2267 5438 et
2293 5385 2440 5438 omni
2477 5399 2539 5438 ex
2573 5395 2727 5454 parte
2751 5390 3079 5458 completum
3113 5401 3273 5464 atque
3301 5398 3476 5465 perfe-

1919 5490 2064 5533 ctum
2100 5477 2417 5545 possideant
2461 5476 2687 5544 bonum,
2745 5479 2923 5548 quoad
2977 5497 3178 5552 cerpus
3235 5488 3475 5555 quidem,

1921 5567 2293 5629 sufﬁcienter;
2352 5564 2531 5632 quoad
2576 5568 2809 5621 animam
2861 5585 3009 5638 vero,
3038 5572 3372 5630 abundanter
3425 5585 3477 5630 et

1919 5675 2041 5715 cum
2069 5655 2468 5712 absolutissima
2503 5657 2856 5720 perfectione.

2926 5844 3001 5902 34
