4126 6338
759 378 885 444 1071

1930 375 2256 441 'JOANNIS
2287 377 2864 442 EUCHAITENSIS

3858 383 3987 453 1072

756 490 997 548 colenda:
1030 503 1162 545 cura
1199 488 1527 560 quibusdam
1550 487 1836 547 monachis
1859 503 2154 548 commissa
2185 500 2322 559 erat,

2431 491 2542 554 τοῖς
2571 490 2648 553 είς
2681 492 2839 544 τοῦτο
2859 490 3213 560 τεταγμένοις
3239 491 3348 546 τῶν
3385 493 3655 564 μοναχῶν·
3689 495 3785 550 καὶ
3812 499 3863 551 oi
3896 500 3986 569 μὲν

753 593 1036 639 strenuam
1091 582 1140 637 ei
1193 597 1412 654 operam
1476 583 1914 653 impendentibus
1949 600 1963 638 :
1996 584 2193 657 quibus
2226 585 2314 642 ille

751 676 1042 748 praefectus
1068 684 1121 730 et
1153 691 1341 732 comes
1376 675 1667 742 accedens,
1713 690 1882 747 grana
1914 676 2122 746 aliquot
2157 677 2313 747 legun

751 766 957 822 minum
995 768 1133 822 clam
1177 776 1334 823 terra?
1365 767 1659 832 mandavit,
1725 780 1789 821 ac
1836 765 2033 821 leniter
2082 765 2314 836 pedibus

743 865 970 928 aggesta
1002 857 1170 912 humo
1201 859 1468 913 contexit.
1500 859 1556 913 Id
1581 872 1745 928 porro
1781 858 1926 928 quod
1958 858 2040 914 sic
2079 857 2315 913 semina-

741 959 862 1004 tum
903 960 1042 1017 erat,
1080 951 1346 1008 decimam
1379 959 1589 1022 partem
1648 951 1906 1008 medimni
1957 967 2068 1007 non
2121 951 2312 1022 imple-

750 1042 843 1096 bat
873 1059 889 1096 :
926 1042 978 1098 id
1001 1059 1129 1100 vero
1155 1045 1295 1115 quod
1327 1060 1426 1101 suo
1457 1052 1700 1115 tempore
1730 1045 1832 1101 fuit
1854 1048 2124 1103 redditum
2147 1047 2314 1118 (Deus

739 1131 917 1200 ~bone,
949 1135 1072 1202 quis
1123 1135 1398 1205 justorum
1459 1144 1679 1191 tuorum
1739 1140 2035 1208 potentiam
2088 1140 2315 1211 eloqua-

749 1225 910 1296 tur!)
952 1229 1333 1283 eensitumest
1363 1235 1429 1283 ad
1479 1229 1783 1286 medimnos
1815 1232 2039 1288 omnino
2069 1235 2312 1305 triginta.

753 1317 1062 1373 istiusmodi
1096 1319 1195 1373 viri
1228 1319 1474 1391 prodigia
1516 1331 1701 1390 posset
1733 1322 1858 1386 quis
1890 1338 1987 1394 per
2022 1325 2188 1380 otium
2215 1343 2314 1383 an-

750 1423 1035 1464 numerare
1064 1411 1240 1478 plura,
1281 1426 1457 1481 eaque
1495 1413 1821 1481 verissima;
1861 1429 1969 1470 non
2021 1432 2088 1472 ex
2126 1418 2312 1474 auditu

735 1499 979 1555 collecta
1016 1503 1279 1567 referens,
1319 1503 1412 1559 sed
1463 1503 1588 1561 illos
1616 1505 1766 1576 ipsos
1795 1507 1889 1577 qui
1947 1508 2158 1578 singula
2189 1525 2315 1580 pro-

751 1593 883 1660 priis
919 1594 1096 1648 oculis
1128 1604 1488 1666 usurparunt,
1525 1596 1579 1651 in
1619 1598 1911 1653 maximam
1941 1601 2317 1657 conﬁrmatio-

755 1699 877 1738 nem
907 1685 1181 1742 dictorum
1235 1703 1458 1743 suorum
1519 1688 1796 1744 adducens
1831 1705 1843 1742 :
1874 1692 2313 1762 quandoquidem

750 1775 814 1829 ad
851 1777 998 1846 ipsos
1034 1794 1250 1848 quoque
1279 1795 1430 1850 reges
1465 1779 1732 1834 factorum
1761 1781 1880 1851 ejus
1913 1782 2110 1836 famam
2149 1799 2312 1855 pene-

751 1870 992 1931 traverit,
1013 1846 1284 1924 celebrem
1311 1846 1569 1924 reddente
1593 1846 1936 1939 operatorem
1965 1846 2162 1926 virtute
2189 1886 2309 1939 sua,
2343 1846 2385 1902 Β

753 1973 874 2027 qum
905 1960 1101 2028 ipsum,
1128 1970 1185 2014 ut
1218 1963 1378 2024 solet,
1426 1961 1499 2015 ad
1545 1976 1796 2031 magnam
1847 1962 2072 2031 gloriam
2112 1966 2310 2020 evexit.

749 2049 1009 2103 Sanctum
1049 2051 1197 2104 enim
1234 2051 1341 2105 illis
1373 2061 1481 2104 tam
1527 2049 1894 2105 venerabilem
1927 2050 2077 2116 fecit,
2111 2065 2169 2106 ut
2201 2061 2312 2108 tum

748 2142 928 2211 quoad
956 2142 1061 2197 alia
1103 2158 1266 2213 supra
1291 2143 1565 2197 hominem
1598 2143 1803 2213 aliquid
1839 2144 1938 2213 ipsi
1965 2145 2313 2202 tribuendum

751 2246 1045 2304 putarent;
1081 2245 1193 2290 tum
1232 2250 1361 2291 vero
1403 2235 1592 2290 divino
1621 2235 1741 2306 ejus
1781 2236 1928 2305 operi
1987 2236 2184 2306 (novo,
2227 2240 2312 2294 in-

751 2341 936 2396 quam,
967 2325 1158 2381 buicce
1207 2341 1271 2380 ac
1320 2325 1616 2381 venerabili
1664 2326 2060 2397 monasterio).
2110 2329 2312 2399 regiam

753 2433 905 2472 suam
942 2416 1371 2473 sollicitudinem
1414 2419 1806 2488 impenderint,
1830 2436 1950 2489 qua:
1981 2428 2034 2476 et
2066 2437 2315 2478 necessa-

755 2510 833 2565 ria
868 2511 932 2564 ad
967 2520 1220 2579 sumptus
1256 2511 1537 2575 faciendos
1567 2512 1948 2583 suppeditavit,
1977 2521 2030 2570 et
2055 2530 2213 2585 opem
2247 2516 2314 2570 ad

754 2603 1034 2660 molestias
1067 2604 1339 2674 quaslibet
1373 2603 1625 2662 ferendas
1653 2607 1858 2672 attulit,
1885 2609 2187 2674 molestias,
2221 2611 2308 2664 in—

755 2712 940 2765 quam,
997 2698 1344 2751 extrinsecus
1400 2696 1786 2762 advenientes;
1826 2697 2026 2767 quibus
2081 2700 2210 2754 olim
2261 2708 2314 2756 et

757 2790 918 2842 modo
945 2788 1179 2843 maxime
1215 2789 1514 2842 turbantur
1545 2790 1750 2853 omnia,
1797 2800 1850 2846 et
1881 2806 2116 2860 quorum
2150 2808 2314 2849 causa

757 2882 863 2936 vita
895 2882 1130 2936 humana
1160 2881 1419 2937 violenter
1444 2881 1822 2940 labefactatur.
1849 2884 2029 2955 Atque
2060 2886 2134 2940 ita
2168 2896 2318 2942 recte

758 2974 1027 3029 factorum
1067 2974 1169 3028 viri
1205 2976 1378 3029 sancti
1430 2975 1602 3043 gloria
1641 2978 1695 3031 in
1738 2992 2007 3032 summam
2043 2978 2317 3049 magnitu-

764 3069 935 3122 linem
962 3049 1124 3138 atque
1145 3068 1559 3124 admirationem
1582 3070 1844 3135 excrevit,
1866 3080 1919 3126 et
1941 3071 2049 3125 vita
2073 3071 2193 3141 ejus
2222 3087 2318 3142 per

761 3169 922 3215 totum
958 3174 1094 3227 pene
1127 3169 1395 3213 terrarum
1425 3160 1611 3216 orbem
1637 3162 1917 3217 inclaruit.

826 3253 911 3305 17.
949 3250 1091 3306 Mors
1128 3266 1254 3306 vero
1286 3248 1531 3318 ejusdem
1568 3252 1706 3322 (cur
1750 3254 1897 3308 enim
1947 3255 2159 3326 longius
2190 3272 2316 3313 ora-

745 3349 965 3402 .tionem
1034 3344 1493 3415 protendiinus?)
1561 3361 1724 3414 quam
1771 3347 2036 3403 mirabilis
2095 3359 2148 3404 et
2201 3351 2319 3420 ipsa

744 3441 879 3502 luit,
913 3453 1187 3508 quamque
1235 3447 1596 3492 consentanea
1629 3437 1722 3491 tali
1772 3439 1930 3493 vitae!
1966 3442 2319 3509 operantibus

759 3533 844 3586 hic
906 3545 1122 3600 quoque
1165 3530 1218 3584 in
1262 3517 1441 3582 anima
1477 3529 1614 3598 ejus,
1671 3529 1857 3598 gratia:
1908 3531 2087 3599 plena,
2123 3532 2322 3588 divinis

743 3621 935 3676 denis.
974 3619 1224 3675 Nondum
1273 3618 1580 3689 quidquam
1633 3620 2020 3675 invaletudinis
2079 3623 2325 3676 tentabat

759 3729 987 3783 corpus,
1047 3713 1288 3768 nondum
1347 3711 1640 3781 vestigium
1699 3713 1974 3782 languoris
2032 3714 2326 3783 apparebat

763 3807 930 3861 ullum
970 3821 984 3858 :
1027 3804 1246 3875 quando
1281 3804 1363 3858 vir
1400 3813 1624 3857 sanctus
1650 3805 1963 3873 propediem
1994 3804 2094 3860 sibi
2120 3805 2326 3863 instare

763 3907 992 3953 mortem
1030 3896 1279 3966 praedixit
1311 3912 1325 3948 :
1358 3895 1642 3966 oravitque
1673 3911 1861 3951 earum
1912 3898 2135 3966 insuper
2169 3915 2324 3955 suam

765 3989 1098 4052 recularum,
1147 4002 1267 4056 qua:
1298 3987 1354 4040 in
1387 3987 1725 4042 monasterio
1765 3995 1941 4050 erant,
1980 4000 2184 4057 partem
2223 3991 2325 4044 sibi

760 4084 900 4144 dari,
955 4090 1017 4135 ut
1064 4080 1346 4145 viaticum,
1401 4079 1699 4149 inquiebat,
1739 4078 1970 4134 habeam
2025 4097 2135 4150 quo
2196 4082 2328 4138 illuc

760 4174 1138 4245 commigrent.
1167 4171 1303 4227 Cum
1334 4173 1552 4227 veroilli
1582 4172 1635 4226 in
1669 4181 1988 4242 paupertate
2007 4188 2105 4228 sua
2132 4175 2327 4229 divites

766 4264 1042 4330 monachi,
1097 4264 1243 4318 illico
1295 4265 1351 4319 in
1388 4263 1626 4319 medium
1679 4264 2041 4319 contulissent
2081 4267 2327 4322 certatim

765 4358 947 4411 omnia
980 4356 1076 4428 (ita
1107 4357 1307 4426 quippe
1340 4371 1370 4410 a
1397 4355 1660 4427 magistro
1690 4370 1790 4411 suo
1813 4358 2019 4427 pridem
2043 4358 2326 4413 exercitati

765 4449 1374 4520 erantinobedientia),
1407 4447 1690 4504 dimidiam
1715 4451 1930 4505 illorum
1961 4457 2168 4521 partem
2198 4467 2330 4507 con-

2343 3177 2390 3238 C

2415 584 2731 653 εῖργάζοντο
2784 582 3108 652 φιλοπόνως,
3173 588 3200 639 ὁ
3249 586 3294 639 δ’
3354 588 3539 652 αὐτοῖς
3588 589 3836 659 ἐφεστὼς
3895 597 3982 647 καὶ

2415 678 2797 747 παρεπόμενος
2859 679 2977 748 ἅμα
3011 718 3025 745 ,
3080 679 3317 743 κόκκους
3389 681 3692 751 λεληθότως
3750 684 3988 755 ὀσπρίων

2416 767 2659 837 ἐρρίπτει
2710 767 2852 822 κατὰ
2899 770 2998 838 τῆς
3041 770 3163 840 γῆς,
3221 773 3334 834 τοῖς
3379 773 3538 825 ποσὶν
3586 773 3772 843 ἠρέμα
3819 792 3990 830 κατα-

2415 856 2686 927 χωννύων.
2714 859 2788 913 Τὸ
2842 859 3183 932 καταϐληθὲν
3240 863 3337 932 μὲν
3368 857 3463 917 οὖν
3491 863 3603 918 οὐδ’
3655 869 3738 927 είς
3765 866 3991 921 δέκατον

2415 957 2677 1024 ἐξικνεῖτο
2720 963 2885 1031 μέρος
2922 961 3205 1031 μεδίμνου,
3237 965 3297 1015 τὸ
3327 962 3373 1016 δ’
3407 964 3665 1024 άποδοθὲν
3696 967 3755 1019 ἐν
3815 967 3993 1039 καιρῷ

2417 1048 2541 1118 (τίς,
2576 1049 2676 1102 Θεέ
2691 1051 2800 1104 τῶν
2830 1051 3081 1119 δικαίων,
3112 1051 3336 1121 λαλήσει
3365 1053 3464 1118 τὰς
3485 1054 3803 1121 δυναστείας
3836 1074 3935 1112 σου
3955 1059 3992 1125 ;)

2415 1139 2495 1203 είς
2527 1138 2681 1202 ὅλους
2704 1140 2999 1211 τριάκοντα
3035 1141 3322 1211 μεδίμνους
3343 1142 3726 1201 συνεποσοῦτο.
3751 1147 3992 1206 Τοιαῦτα

2417 1229 2592 1284 πολλὰ
2624 1230 2733 1284 τῶν
2758 1229 2851 1285 τοῦ
2879 1232 3071 1302 ἀνδρὸς
3095 1234 3401 1304 τεραστίων
3431 1236 3572 1290 κατὰ
3596 1236 3796 1309 σχολὴν
3821 1241 3889 1296 ἄν
3911 1259 3992 1306 τις

2416 1325 2530 1396 ἔχοι
2609 1327 2921 1396 φιλαλήθως
3006 1329 3482 1401 άπαριθμεῖσθαι,
3563 1334 3663 1389 οὐκ
3714 1335 3774 1402 ἐξ
3821 1339 3995 1409 ἀκοῆς

2417 1415 2718 1485 ἀναλέγων,
2753 1418 2869 1472 ἀλλ’
2899 1419 3098 1484 αὐτοὺς
3123 1421 3366 1486 ἐκείνους
3393 1424 3521 1487 τοὺς
3547 1424 3754 1480 ἐκαστα
3783 1429 3991 1484 τούτων

2415 1508 2537 1579 ὕψει
2587 1509 3022 1580 παραλαϐόντας,
3083 1512 3166 1577 είς
3222 1513 3632 1585 ἀκριϐεστάτην
3693 1518 3992 1588 βεϐαίωσιν

2415 1602 2683 1673 παράγων
2733 1603 2844 1657 τῶν
2896 1601 3205 1673 λεγομένων
3239 1619 3257 1638 ⁸
3317 1606 3618 1682 ἐπειδήπερ
3679 1615 3775 1667 καὶ
3830 1613 3990 1687 μέχρι

2419 1693 2686 1764 βασιλέων
2710 1695 2890 1749 αὐτῶν
2921 1697 2953 1765 ή
2989 1698 3113 1767 περὶ
3139 1697 3344 1753 τούτων
3370 1701 3575 1770 ἔφθασε
3625 1703 3807 1774 φήμη,
3850 1705 3991 1777 λαμ-

2417 1785 2730 1858 πρυνούσης
2783 1787 2874 1842 τὸν
2928 1790 3166 1860 ἐργάτην
3231 1790 3336 1862 τῆς
3380 1793 3604 1865 άρετῆς,
3639 1797 3755 1861 καὶ,
3800 1797 3991 1870 ὥσπερ

2417 1874 2579 1945 νόμος
2606 1876 2767 1948 αὐτῇ,
2793 1879 2884 1931 ἐπὶ
2919 1879 3060 1950 μέγα
3091 1880 3250 1953 δόξης
3278 1883 3566 1957 αἰρούσης·
3601 1879 3683 1949 οἷς
3708 1889 3992 1960 τοσαύτην

2416 1967 2552 2021 αῑδὼ
2597 1969 2693 2023 καὶ
2753 1970 2920 2042 τιμὴν
2971 1972 3100 2043 περὶ
3132 1973 3225 2027 τὸν
3246 1972 3399 2043 ἅγιον
3429 1974 3767 2048 ἐνεποίησεν,
3818 1979 3898 2043 ὡς
3926 1981 3991 2036 τὰ

2414 2058 2552 2114 ἄλλα
2583 2061 2874 2132 κρείττονα
2904 2061 3118 2127 τούτοις
3167 2063 3200 2135 ἢ
3232 2065 3351 2118 κατ’
3384 2064 3672 2136 ἄνθρωπον
3721 2069 3988 2140 νομισθῆ-

2416 2166 2506 2203 ναι
2525 2151 2618 2204 τὸν
2645 2152 2836 2223 ἄνδρα,
2865 2155 2962 2207 καὶ
2990 2154 3052 2208 τδ
3080 2153 3227 2210 θεῖον
3264 2155 3427 2228 ἔργον
3483 2159 3651 2213 αὐτοῦ
3686 2160 3772 2229 (τὸ
3804 2165 3992 2218 καινὸν

2415 2241 2574 2297 τοῦτο
2637 2244 2783 2314 λέγω
2838 2246 2932 2300 καὶ
2963 2247 3159 2300 σεπτὸν
3208 2251 3647 2322 φροντιστήριον)
3699 2252 3991 2327 βασιλικῆς

2417 2331 2675 2400 προνοίας
2703 2335 2890 2403 τυχεῖν
2912 2335 3049 2405 πρός
3074 2352 3133 2388 τε
3160 2336 3259 2408 τὴν
3285 2337 3538 2413 δαπάνην
3573 2347 3938 2416 συναιρομένη
3950 2365 3991 2414 ς,

2416 2423 2509 2475 καὶ
2539 2423 2854 2498 ἀποτροπὴν
2885 2426 3032 2498 αὐτῷ
3082 2429 3460 2504 βραϐευούσης
3523 2433 3724 2505 βάρους
3759 2439 3987 2504 παντὸς,

2417 2519 2616 2592 δηλαδὴ
2636 2522 2743 2578 τῶν
2767 2523 2964 2591 ἔξωθεν
2998 2525 3204 2582 τούτων
3226 2544 3239 2558 ⁸
3269 2523 3350 2591 οἷς
3379 2529 3461 2583 ἀεὶ
3494 2531 3585 2584 καὶ
3620 2532 3714 2585 νῦν
3752 2533 3988 2602 μάλιστα

2415 2613 2484 2666 τὰ
2508 2615 2683 2668 πάντα
2732 2616 2992 2683 δοκεῖται,
3046 2620 3141 2671 καὶ
3184 2618 3252 2672 δι’
3303 2613 3377 2674 ὧν
3422 2624 3454 2691 ἡ
3506 2622 3823 2695 ἀνθρωπίνη
3881 2626 3990 2694 ζωὴ

2419 2704 2570 2774 παρὰ
2597 2705 2696 2774 τῆς
2755 2706 3018 2777 ἐπηρείας
3069 2707 3412 2777 λυμαίνεται.
3461 2711 3556 2771 Εἰς
3605 2710 3864 2764 τοσοῦτον
3899 2730 3990 2780 με·

2418 2796 2610 2864 γέθους
2641 2797 2780 2869 ἤρθη
2805 2799 2899 2851 καλ⁵
2957 2799 3233 2870 θαύματος
3263 2799 3294 2868 ἡ
3324 2800 3448 2865 δόξα
3495 2800 3601 2852 τῶν
3628 2801 3720 2853 τοῦ
3755 2802 3989 2870 μεγάλου

2419 2890 2878 2962 κατορθωμάτων,
2931 2891 3024 2944 καὶ
3092 2891 3263 2956 οὕτως
3295 2893 3322 2944 ὀ
3353 2891 3465 2963 βίος
3495 2893 3644 2963 αὐτῷ
3692 2897 3769 2957 εἰς
3802 2896 3986 2949 πᾶσαν

2423 2979 2624 3052 μικροῦ
2654 2982 2753 3053 τὴν
2775 2984 3106 3055 οἰκουμένην
3131 2982 3455 3053 ἐξέλαμψεν.

2492 3255 2582 3317 ιζ’.
2635 3250 2761 3317 Οἴος
2809 3253 2980 3306 δὲκαὶ
3024 3255 3051 3305 ὁ
3101 3251 3374 3314 θάνατοςῐ
3439 3250 3527 3320 (τί
3568 3250 3674 3321 γὰρ
3704 3251 3770 3303 ἂν
3814 3268 3991 3322 παραυ

2419 3348 2690 3416 τείνοιμεν
2704 3347 2793 3398 ἐπὶ
2812 3347 2974 3399 πλέον
2989 3346 3076 3399 τὸν
3107 3345 3265 3413 λόγον
3282 3345 3321 3417 ;)
3349 3345 3425 3407 ὼς
3453 3343 3762 3413 θαυμαστὸς
3783 3344 3860 3413 τῷ
3877 3345 3988 3396 δντι

2422 3442 2696 3507 κάκεῖνος,
2755 3441 2850 3493 καὶ
2891 3437 3153 3507 τοιαύτης
3211 3437 3353 3506 ζωῆς
3406 3435 3481 3507 ὡς
3542 3433 3758 3504 άληθῶς
3815 3435 3983 3503 άξιος,

2422 3531 2644 3601 ἐνεργὸν
2690 3531 2969 3585 κάνταῦθα
3014 3530 3076 3582 τὸ
3119 3529 3365 3600 χάρισμα
3407 3530 3474 3597 τῇ
3562 3529 3983 3598 κεχαριτωμένη

2421 3623 2568 3692 ψυχῇ
2593 3640 2608 3689 ;
2637 3624 2821 3692 Μὴπω
2880 3621 3011 3690 γοῦν
3065 3638 3209 3683 τινος
3255 3619 3542 3689 ἀνωμάλου
3574 3619 3630 3671 τὸ
3662 3620 3822 3689 σῶμα
3851 3637 3991 3689 παρ.

2421 3719 2785 3789 ενοχλοῦντος,
2841 3718 2961 3788 μηδ’
3005 3720 3188 3787 ῖχνους
3249 3717 3522 3786 μαλακίας
3580 3715 3989 3782 ὑποφανέντος,

2422 3813 2590 3874 αὐτὸς
2626 3813 2750 3864 ὅσον
2808 3809 2960 3862 οὔπω
3014 3810 3112 3880 τὴν
3147 3809 3404 3878 τελευτὴν
3430 3807 3577 3877 αὐτῷ
3601 3811 3864 3876 προεῖπεν
3903 3810 3990 3876 ἐγ-

2423 3904 2600 3976 γίζειν
2626 3919 2641 3933 ⁸
2672 3903 2826 3973 ἠξίου
2891 3901 2958 3972 δὴ
2983 3905 3082 3954 καὶ
3150 3902 3312 3964 αὐτὸς
3373 3901 3435 3952 τὸ
3483 3899 3770 3954 ἐπιϐάλλον
3807 3901 3991 3970 μέρος,

2427 3995 2585 4063 εῖπερ
2611 4013 2663 4047 τι
2717 3993 2825 4048 τῶν
2874 3995 2938 4063 τῇ
2976 3995 3109 4064 μονῇ
3167 3993 3504 4063 προσόντων,
3545 3991 3897 4062 μεταλαϐεῖν,
3926 3993 3990 4043 ῖν⁹

2426 4089 2659 4158 ἐφόδιον,
2715 4087 2900 4155 φησὶν,
2966 4085 3149 4155 ἔχοιμι
3206 4084 3342 4154 πρὸς
3379 4083 3474 4155 τὴν
3521 4085 3638 4137 ἐκεῖ
3689 4083 3989 4153 μετοικίαν.

2428 4183 2575 4253 Ταχὺ
2609 4182 2664 4234 δὲ
2695 4180 2803 4234 τῶν
2833 4180 3080 4248 πενήτων
3113 4177 3340 4230 ἐκείνων
3374 4174 3642 4227 πλουσίων
3698 4174 3780 4237 είς
3831 4176 3992 4239 μέσον

2427 4276 2499 4330 τὰ
2524 4274 2703 4327 πάντα
2733 4269 3030 4342 προθύμως
3058 4266 3496 4335 συνενεγκάντων
3526 4263 3692 4337 (οὓτω
3714 4263 3827 4332 γὰρ
3859 4265 3991 4335 πρὸς

2427 4365 2738 4422 εὐπείθειαν
2770 4359 2911 4434 ἦσαν
2931 4360 3024 4413 ὐπ’
3051 4359 3260 4414 ἐκείνου
3312 4356 3988 4427 πάλαι-γεγυμνασμένοι),

2427 4461 2634 4530 διεδόθη
2665 4459 2807 4513 κατὰ
2829 4452 3064 4522 σπουδὴν
3093 4452 3204 4514 τοῖς
3255 4449 3554 4518 περιοίκοις
3611 4447 3679 4501 τὰ
3707 4449 3845 4517 πρὸς
3867 4447 3994 4518 ἡμί-

765 4542 951 4598 l‘estim
982 4539 1424 4597 distribuendam
1449 4540 1596 4594 inter
1625 4540 1839 4596 accolas
1875 4544 2091 4596 curavit
2121 4562 2135 4598 :
2169 4552 2322 4597 erant

2435 4523 2633 4607 σειανο-
2671 4548 3026 4602 εὐτελέστατα
3050 4544 3093 4597 δ’
3137 4539 3297 4613 ἦσαν,
3345 4537 3432 4594 οἷα
3467 4539 3633 4603 είκὸς,
3673 4540 3768 4593 καὶ
3795 4536 3994 4607 φαυλό-

770 4642 978 4702 autem,
1006 4633 1084 4687 uti
1117 4631 1366 4696 decebat,
1445 4630 1718 4686 vilissima
1756 4639 1810 4686 et
1860 4633 2062 4688 nullius
2109 4636 2330 4690 omnino

764 4729 925 4798 pretii
963 4735 1272 4796 tegumenta
1315 4733 1368 4778 et
1412 4723 1655 4787 vascula,
1709 4737 1885 4793 eaque
1925 4723 1990 4778 ad
2024 4727 2330 4796 suscipien-

766 4822 898 4877 dum
933 4835 993 4874 ac
1028 4817 1373 4873 serviendum
1406 4814 1714 4884 hospitibus
1747 4815 2041 4872 destinata.
2091 4818 2171 4871 Ad
2219 4819 2332 4875 haec

775 4927 959 4966 rerum
1027 4911 1304 4972 omnium,
1373 4922 1494 4976 qua:
1554 4904 1622 4958 ad
1681 4907 2098 4962 sustentandam
2152 4910 2323 4964 vitam

774 5005 1066 5062 reconditae
1120 5001 1511 5064 servabantur,
1575 5000 1867 5069 participes
1917 5001 2069 5055 reddi
2125 5017 2190 5058 ex
2230 5004 2331 5055 mi-

775 5096 1076 5156 sericordia
1142 5108 1410 5164 pauperes
1457 5091 1666 5158 voluit,
1722 5091 2041 5162 priusquam
2105 5109 2334 5149 morere-

775 5202 890 5250 ίυΓ.

851 5287 939 5340 18.
971 5284 1097 5338 Tres
1132 5279 1324 5336 exinde
1346 5278 1462 5334 dies
1487 5277 1828 5340 cﬂluxerant,
1873 5291 1995 5332 cum
2029 5283 2190 5332 solito
2222 5291 2336 5330 ma-

777 5380 957 5433 turius
983 5390 1233 5446 surgens,
1257 5372 1612 5428 domunculae
1643 5369 1866 5424 fratrum
1899 5367 2148 5424 circuivit
2173 5384 2186 5433 ;
2211 5382 2333 5422 cum

773 5469 1121 5539 singulisque
1158 5463 1386 5519 seorsim
1419 5477 1606 5528 agens,
1633 5466 1685 5514 et
1716 5458 1784 5512 ad
1817 5457 1981 5527 pedes
2012 5471 2197 5512 eorum
2243 5470 2336 5506 ac-

781 5563 997 5622 cidens,
1055 5568 1312 5626 tanquam
1352 5552 1680 5607 humilitatis
1713 5564 1839 5604 vere
1885 5563 2014 5603 suos
2046 5548 2337 5602 cxaltantis

784 5666 962 5725 typus,
1005 5651 1278 5703 orationes
1314 5647 1487 5716 ipsius
1511 5653 1564 5699 et
1595 5642 1810 5698 veniam
1859 5640 2179 5695 delictorum
2208 5653 2336 5692 suo-

773 5759 902 5798 rum
946 5740 1261 5812 postulavit.
1315 5739 1523 5790 Interea
1589 5732 1873 5796 fratribus,
1923 5744 2044 5784 cum
2101 5728 2338 5783 demissa

783 5845 1092 5891 reverentia
1126 5843 1180 5888 et
1205 5828 1490 5900 religione,
1519 5825 1738 5884 Patrem
1773 5838 1932 5882 suum
1974 5821 2337 5878 circumstan—

2433 4661 2572 4699 τατα
2621 4643 2796 4710 πάντη
2850 4637 3212 4705 σκεπάσματα
3263 4635 3358 4687 καὶ
3422 4632 3707 4701 σκευάρια,
3766 4632 3991 4684 κάκεῖνα

2437 4737 2572 4806 πρὸς
2601 4731 2863 4801 ὑποδοχὴν
2886 4730 2978 4782 καὶ
3031 4723 3326 4796 θεραπείαν
3374 4724 3541 4789 ξένων
3592 4722 3954 4791 άφωρισμένα
3978 4737 3992 4752 ’

2431 4826 2514 4879 ἐτι
2548 4824 2604 4876 δὲ
2629 4822 2723 4876 καὶ
2747 4823 2847 4874 ὅσα
2873 4816 2982 4870 τῶν
3009 4812 3322 4875 ἀναγκαίων
3353 4811 3433 4873 είς
3451 4808 3766 4879 ἁποτροφὴν
3816 4811 3994 4868 αὐτοῖς

2436 4915 2820 4989 προαπέκειτο,
2848 4909 2946 4962 καὶ
2973 4908 3000 4960 ὁ
3032 4905 3372 4975 φιλόπτωχος
3401 4903 3570 4972 ὅμως,
3613 4899 3734 4954 οὐδὲ
3793 4901 3995 4954 τούτων

2429 5010 2636 5082 ἀπῆλθε
2673 5005 2804 5077 πρὸς
2845 5001 2994 5054 ἐλεον
3021 4997 3409 5068 ἀκοινώνητος.

2505 5275 2595 5339 ιη’.
2621 5266 2782 5336 Τρεῖς
2810 5260 3058 5316 ἐντεῦθεν
3087 5256 3313 5329 ἡμέραι,
3347 5265 3440 5309 καὶ
3466 5253 3705 5315 ἀναστὰς
3761 5254 3996 5323 πρωῖαί-

2434 5377 2610 5430 τερον,
2641 5359 2768 5418 τοὺς
2793 5352 3065 5412 οἰκίσκους
3096 5349 3310 5419 περιῄει
3338 5347 3444 5399 τῶν
3476 5344 3739 5412 ἀδελφῶν,
3775 5343 3913 5413 ὁμοῦ
3939 5358 3994 5395 τε

2433 5452 2528 5506 καὶ
2557 5450 2673 5503 κατ’
2737 5446 2873 5500 ἰδίαν
2935 5441 3278 5511 ἐντυγχάνων
3331 5437 3534 5500 αὐτοῖς,
3563 5437 3658 5488 καὶ
3701 5434 3852 5504 παρὰ
3875 5435 3995 5494 τοὺς

2433 5544 2595 5603 πόδας
2625 5539 2839 5608 ἑκάστῳ
2866 5532 3410 5605 προκυλινδούμενος,
3447 5531 3473 5580 ὁ
3501 5526 3674 5589 τύπος
3698 5524 3799 5594 τῆς
3821 5525 3990 5586 δντως

2436 5631 2693 5702 ὑψοποιοῦ
2744 5625 3163 5689 ταπεινώσεως,
3214 5620 3377 5691 εὐχὴν
3430 5617 3580 5687 παρὰ
3627 5616 3847 5668 πάντων
3903 5613 3994 5671 καὶ

2431 5722 2763 5793 σψγγνώμην
2811 5721 2930 5791 ᾔτει
2981 5715 3089 5769 τῶν
3157 5709 3560 5778 ἐπταισμένων.
3614 5706 3735 5760 Τῶν
3786 5703 3842 5756 δὲ
3905 5704 3993 5755 σὺν

2433 5816 2571 5870 αἰδοῖ
2618 5815 2683 5884 τῇ
2739 5807 3117 5881 προσκυνούσῃ
3171 5807 3262 5860 καὶ
3330 5798 3587 5870 εὐλαϐείᾳ
3638 5798 3728 5852 τὸν
3779 5793 3993 5864 Πατέρα
