4126 6338
149 421 281 493 1οῗ3

139 537 526 600 περιεπόντων.
572 541 883 613 ἀσπασμοῖς
939 567 994 603 τε
1044 556 1135 608 καὶ
1174 557 1274 612 δάκ

137 622 330 692 ιδαφος
361 628 852 691 ,ἀντικατακλίσεσι
907 639 966 692 τὸ
1021 644 1166 709 εἰκὸς
1213 622 1706 729 ἐκπληρούντων,ῆ

140 715 458 808 μεσημϐρία
481 722 774 808 παρῆλθεν.
811 727 977 783 Ἔνθα
1001 731 1066 803 δὴ
1096 736 1331 799 μάλιστα
1365 715 1531 806 πολύς
1563 715 1644 808 τις

137 802 497 905 φιλόστοργος.
643 852 661 878 ,
728 818 937 888 τροφῆς
1017 802 1307 896 μετασχεῖν
1363 802 1696 905 παρακαλῶν

133 893 383 999 smmi],
414 899 507 952 καὶ
529 901 680 966 ἄξιον
714 906 789 979 μὴ
819 913 1154 982 συγκάμνειν
1327 893 1492 976 πλέον
1526 926 1697 999 αὐτῷ,

135 983 210 1046 ὡς
250 987 434 1042 οὐκέτι
479 993 608 1061 περὶ
636 995 703 1050 τὰ
747 1003 904 1054 κοινὰ
957 1009 1274 1079 πονουμένῳ
1298 1013 1439 1068 κατὰ
1468 1016 1527 1068 τὸ
1555 983 1699 1084 ἔθος,

139 1075 278 1130 άλλά
305 1079 397 1134 νῦν
430 1099 492 1150 γε
528 1088 660 1156 περὶ
683 1088 742 1141 τὸ
771 1090 900 1146 ίδιον
938 1075 1256 1165 ἀναγκαίως
1304 1075 1702 1181 ἀσχολουμένω,

133 1167 228 1220 καὶ⁵
260 1170 336 1241 μὴ
392 1173 621 1243 διοχλεῖν
677 1179 984 1254 βουλομένῳ
1035 1188 1162 1252 τοὺς
1213 1167 1452 1259 οίκείους
1501 1167 1581 1261 είς

129 1257 327 1355 cinia.
369 1264 432 1316 Οί
469 1265 568 1334 μὲν
619 1267 710 1322 οὖν
741 1271 984 1344 ἀντεῖχον
1030 1257 1695 1355 δυσφοροῦντεςῖέπιπολὺ,

131 1344 179 1396 oi
233 1347 280 1399 δ’
339 1351 607 1407 ἐνέκειντο
671 1359 835 1413 πλέον
900 1344 1316 1435 ἐκϐιαζόμενοι,
1370 1344 1474 1436 ἕως
1524 1344 1699 1431 πάντα

131 1437 374 1537 ποιοῦντι
430 1445 624 1514 μικρόν
680 1465 733 1502 τι
796 1460 1317 1528 παραχωρήσαντες,
1369 1464 1699 1537 συνέδραμον

129 1523 289 1623 «tot;
321 1531 460 1598 μετὰ
491 1537 726 1608 σπουδῆς
756 1523 1127 1615 παραχρῆμα·
1164 1552 1258 1604 καὶ
1300 1523 1700 1623 καταλαδόνιτες

128 1616 220 1671 τὸν
252 1618 410 1689 ἆγιον
436 1625 815 1703 ἐκτενέστερον
861 1641 1314 1710 προσευχόμενον,
1375 1616 1702 1718 διατραπέπθ;

125 1726 215 1774 τις
245 1712 560 1788 ὑπέστησαν
587 1738 601 1753 ·
632 1723 788 1795 ἄχρις
820 1728 943 1783 ὅτου
980 1732 1132 1798 ποτὲ,
1160 1735 1260 1799 τῆς
1297 1738 1463 1810 εὐχῆς
1487 1712 1694 1809 ἐκεῖνος

125 1805 498 1897 παυσάμενος,
534 1814 660 1876 τοὺς
708 1817 809 1884 μὲν
849 1819 1119 1893 ἐπέτρεπε
1147 1805 1394 1896 ψάλλειν,
1418 1805 1608 1897 ἀὐτὸς
1642 1805 1693 1890 δῖ

130 1892 469 1997 ἀνακλιθεὶς,
506 1905 621 1969 πῶς
641 1906 709 1962 ἂν
737 1911 880 1965 εῖποι
914 1931 997 1978 τις
1021 1892 1203 1988 ἠρέμα
1252 1924 1350 1977 καὶ
1376 1892 1692 1997 προσηνῶς,
1732 1902 1774 1958 Β

129 1985 228 2090 καὶ
268 1987 396 2054 τοὺς
425 1993 592 2059 πόδας
621 1996 840 2069 ἐξάρας,
865 2003 921 2056 ἐν
950 1985 1140 2084 είρῆνη
1170 2012 1309 2066 κατὰ
1338 2015 1398 2067 τὸ
1428 1985 1695 2090 ’γεγραμί

128 2077 294 2146 μενον
351 2082 618 2157 ἐκοιμήθη
666 2091 762 2144 καὶ
832 2093 1078 2150 ὕπνωσεν
1112 2077 1316 2156 ’-ὕπνον
1355 2077 1571 2174 ὄντωςῖ
1630 2077 1694 2164 οὐ

125 2168 380 2238 θάνατον,
443 2175 608 2232 ὕπνον
635 2180 726 2235 τὸν
753 2185 1032 2254 πρέποντα
1079 2191 1309 2257 δικαίοις
1333 2195 1407 2259 ὠς
1437 2168 1652 2270 ἀληθῶς
1677 2219 1693 2234 ο

124 2262 225 2314 καὶ
260 2269 565 2361 προσετέθη
599 2273 772 2361 τοίύτιρ
800 2276 876 2346 τῷ
907 2280 1093 2350 τρόπῳ
1119 2282 1254 2352 πρὸς
1279 2287 1404 2349 τοὺς
1451 2262 1696 2361 πατέρας

122 2351 290 2404 αὐτοῦ
315 2356 343 2407 6
371 2344 664 2428 ήμέτερος¹
692 2344 856 2428 οὗτος.
890 2344 951 2421 ἐν
976 2344 1174 2436 ἁγίοις.
1209 2344 1419 2446 Πατὴρ,
1452 2381 1543 2434 καὶ

121 2441 334 2541 τῆςτοῦ
370 2447 502 2502 Θεοῦ
558 2452 856 2522 βασιλείας,
919 2461 1052 2532 πρὸς
1089 2464 1158 2534 ἢν
1187 2441 1545 2534 οὕτως’ίλέως
1573 2441 1694 2541 eis;

117 2531 180 2602 δή
191 2551 384 2606 μησεν,
414 2540 506 2593 ἐπὶ
524 2544 584 2594 τὸ
616 2543 866 2615 βραϐεῖον
899 2531 992 2618 τῆς
1023 2531 1134 2606 ἄνω
1163 2531 1406 2626 κλήσεως
1431 2531 1691 2632 σπεύσας,

122 2627 219 2678 καὶ
254 2628 394 2696 πρὸς
432 2631 530 2701 τὴν
559 2635 768 2689 ἐκεῖθεν
827 2640 1135 2697 ἀνάπαυσιν
1188 2648 1493 2719 ὑπερφυῶς
1527 2627 1692 2724 μεταξ

122 2714 225 2816 σάς
285 2719 351 2771 ἐκ
396 2722 495 2790 τῆς
543 2725 781 2782 ἐνταῦθα
836 2735 1247 2799 κακοπαθείας·
1381 2743 1476 2813 οὐχ
1527 2714 1695 2816 ’ἦττον

121 2800 266 2860 εἶναι
293 2810 354 2863 τὸ
385 2813 532 2877 τέλος
563 2817 710 2886 αὐτῷ
741 2820 772 2890 ἢ
807 2821 896 2873 τὸν
924 2823 1038 2892 βίον
1066 2800 1515 2900 ἀξιοθαύμαστόν.

193 2898 280 2953 ιϐ’.
309 2901 542 2975 Τοιαύτη
606 2907 706 2974 μὲν
762 2912 1021 2984 Δωροθέῳ
1076 2918 1108 2987 ἡ
1161 2920 1254 2972 ἐπὶ
1297 2898 1433 2992 -γῆς
1493 2943 1689 2997 παροι-

119 2987 236 3054 κία,
270 2991 444 3053 οὕτως
475 2999 530 3047 al
569 2999 796 3067 πράξεις
854 3004 948 3055 καὶ
982 3005 1046 3059 τὰ
1093 3008 1228 3077 ἔργα
1277 2987 1521 3083 essent),
1550 2987 1690 3072 olim

115 3078 316 3150 δαψιλῆ
365 3084 433 3136 τὰ
485 3088 834 3159 χαρίσμαται·
898 3095 1119 3164 τοιαύτη
1176 3099 1233 3152 δὲ
1283 3078 1446 3157 πάλιν
1487 3078 1606 3161 ’καὶ
1656 3112 1687 3181 ἡ

116 3169 369 3224 ἐντεῦθεν
407 3177 757 3244 μετάστασις,
788 3181 1047 3248 ἐπιεικῶς
1093 3187 1218 3252 ἀξία
1259 3195 1350 3243 καὶ
1378 3196 1679 3265 πρέπουσα,
1714 3233 1756 3292 c

117 3261 208 3292 νηὶ
237 3256 351 3292 ιτ...
382 3269 611 3292 ..,-....ι,
645 3288 723 3292 ---
782 3291 787 3292 ,
826 3290 838 3292 _
922 3275 949 3288 ~
1023 3280 1048 3292 ..
1150 3281 1173 3290 ι.
1219 3283 1231 3292 .
1281 3284 1302 3292 ι
1343 3285 1355 3292 .
1510 3291 1519 3292 ,

117 3261 212 3314 καὶ
237 3256 351 3315 οἷον
382 3269 611 3334 κορωνίς
643 3288 725 3334 τις
779 3275 950 3345 χρυσῆ
986 3280 1050 3346 τῇ
1081 3281 1173 3331 τοῦ
1207 3283 1395 3356 ἀνδρὸς
1421 3256 1682 3364 ’πολιτεία

118 3353 264 3405 κατὰ
300 3354 456 3423 λόγον
483 3359 795 3416 ἐπιτεθεῖσα
819 3380 834 3396 θ
860 3360 921 3418 οὗ
951 3370 1066 3429 ταῖς
1094 3371 1226 3440 πρὸς
1247 3353 1319 3425 τὸἽ
1369 3376 1522 3432 Θεῖον
1555 3353 1686 3451 πρε.-

119 3442 358 3508 σ6είαις,
382 3439 425 3514 ᾧ
447 3449 627 3514 καλῶς
661 3452 1040 3524 εὐηρέστησεν,
1071 3439 1383 3530 εὐαρεστεῖν
1418 3439 1687 3540 εὐχόμεθα

115 3533 211 3585 καὶ
245 3535 400 3590 αὐτοὶ
433 3541 640 3609 κατάγε
667 3543 867 3616 δηλαδὴ
900 3548 958 3600 τὸ
986 3550 1277 3622 ἡμέτερον,
1310 3559 1404 3610 καὶ
1428 3533 1685 3630 ’καθ’

113 3624 266 3693 ἡμᾶς
312 3626 456 3696 λέγω
501 3630 751 3703 δύναμιν·
787 3637 908 3692 ἐπεὶ
937 3641 1030 3693 καὶ
1073 3644 1184 3705 τοῖς
1213 3624 1522 3716 ἐλαχίστοις
1548 3649 1687 3709 οἶδεν

111 3717 145 3786 ἡ
171 3718 450 3790 ἁγαθότης
519 3723 727 3796 χαίρειν
756 3727 864 3782 ὑπὸ
906 3729 1339 3804 φιλανθρωπίας,
1398 3743 1492 3794 καὶ
1532 3747 1687 3816 χεῖρα

113 3809 383 3882 παρέχειν
427 3815 563 3884 πρὸς
593 3817 662 3870 τὰ
699 3819 937 3887 κρείττω
966 3825 1088 3886 ταῖς
1122 3827 1473 3898 προθυμίαις·
1524 3809 1685 3888 δυνα-

112 3900 205 3964 τὸς
234 3901 292 3954 δὲ
317 3904 345 3955 6
388 3904 564 3973 ἅγιος,
595 3908 656 3963 τὸ
699 3909 888 3966 λειπδν
947 3914 1318 3985 άποπληροῦνο
1387 3924 1510 3977 ἐπεὶ
1555 3928 1686 3981 κάν-

113 3989 294 4043 ταῦθα
317 3995 625 4066 χρηστότης
667 3999 836 4071 αὐτῷ,
872 4001 980 4056 τῶν
1031 4003 1252 4070 ἀγαθῶν
1282 4009 1342 4062 τὸ
1372 4013 1685 4082 κεφάλαιον,

115 4081 353 4136 κάκεῖσε
387 4084 483 4140 νῦν
525 4089 688 4144 πάλιν
730 4091 850 4162 (οὐκ
884 4093 1247 4167 ἀπιστοῦμεν)
1274 4103 1350 4165 ὡς
1375 4109 1685 4178 παραμῖνει

113 4175 258 4243 μετά
294 4193 437 4242 τινος
485 4179 544 4234 εὖ
593 4177 708 4237 οἶδα
761 4188 1076 4259 προσθήκης
1123 4194 1223 4247 οὐκ
1273 4175 1551 4266 ἀγεννοῦς,
1575 4204 1684 4273 ὅσῳ

109 4266 208 4319 καὶ
239 4265 480 4360 μάλιστα
506 4273 572 4342 τῇ
600 4273 710 4327 τῶν
759 4276 942 4333 καλῶν
975 4283 1123 4350 πηγῇ
1184 4286 1301 4339 νυνὶ
1323 4265 1684 4360 πεπλησίακέ,

111 4359 251 4426 παρ’
281 4353 354 4450 ἧς
372 4358 432 4411 τὸ
461 4362 697 4433 χρηστὸν
725 4366 1082 4437 ἀρυσάμενος
1111 4378 1384 4440 πλουσίως
1411 4353 1504 4431 καί⁵
1527 4353 1686 4450 δαψιέ

109 4445 242 4509 λῶς.
280 4444 340 4501 εὖ
374 4466 432 4502 τε
457 4451 806 4511 δεδούλευκεν
832 4459 933 4530 ῆδη
970 4464 1187 4531 πολλοῖς
1225 4469 1319 4520 καὶ
1360 4444 1679 4538 πεποίηκεν,

1184 450 1361 508 νιΤΑ
1405 459 1460 514 δ.
1508 456 1899 519 ΒΟΒΟΤΗἘΙ
1947 462 2327 529 JUNIORIS.

3230 487 3365 556 1074

1282 578 1343 629 ρυ
1352 578 1403 614 σι
1467 540 1586 629 ταῖς
1632 569 1693 630 είς

1817 572 1980 637 tibus,
2032 577 2316 648 ipsumque
2344 583 2723 651 amplexando,
2753 588 3119 661 lacrymando,
3154 601 3218 652 ad
3257 614 3364 657 ler-

1818 677 1931 715 ram
1987 681 2156 734 usque
2197 685 2317 724 sese
2373 673 2707 741 inclinando,
2734 683 2876 749 quod
2909 685 2990 738 sui
3015 692 3147 741 erat
3179 691 3360 759 ofﬁcii,

1819 751 2192 824 implentibus,
2242 764 2535 819 transierat
2573 769 2846 825 meridies.
2903 772 3079 839 Tunc,
3117 780 3193 833 uti
3236 798 3364 839 suos

1815 858 1978 911 quam
2010 850 2102 918 qui
2128 854 2358 909 maxime
2403 857 2640 925 amabat,
2684 861 2924 932 singulos
2958 867 3105 924 abire
3162 873 3364 927 eiimm-

1816 950 1922 1001 que
1951 952 2167 995 sumere
2189 941 2387 1009 jussit;
2428 947 2564 1000 nihil
2595 950 2701 1003 sibi
2727 965 2887 1018 porro
2911 957 2976 1008 ab
3007 959 3141 1027 ipsis
3170 960 3362 1018 ofﬁciis

1814 1023 2234 1094 impendendum
2265 1033 2523 1091 dictitans
2555 1055 2568 1102 ;
2597 1049 2782 1110 utpote
2813 1044 2902 1110 qui
2933 1044 2997 1100 de
3027 1023 3188 1105 rebus
3213 1068 3363 1106 com-

1814 1118 2118 1186 munitatis,
2143 1131 2203 1176 ut
2229 1126 2461 1192 solebat,
2489 1130 2623 1184 nlhil
2680 1134 2915 1203 amplius
2982 1139 3266 1208 sollicitus,
3296 1147 3362 1200 ad

1815 1208 2079 1275 privatam
2135 1220 2344 1270 tantum
2376 1221 2761 1277 necessitatem
2807 1227 3162 1294 intendebat;
3204 1248 3362 1290 suos-

1812 1313 1917 1367 que
1940 1301 2083 1357 circa
2117 1318 2176 1360 se
2203 1309 2387 1362 vexari
2414 1312 2646 1367 nolebat.
2673 1313 2732 1367 Et
2762 1316 2852 1370 alii
2879 1318 3095 1385 quidem
3129 1323 3359 1378 multum

1812 1399 2006 1457 contra
2056 1394 2394 1462 nitebantur,
2453 1402 2542 1456 alii
2613 1419 2742 1457 vero
2790 1408 3106 1478 ampliorem
3151 1412 3197 1463 ei
3257 1413 3360 1465 vim

1810 1480 2100 1549 faciebant,
2154 1487 2326 1543 donec
2362 1492 2587 1546 multum
2622 1498 2886 1566 satagenti
2941 1501 3185 1556 nonnihil
3231 1518 3364 1558 con-

1808 1583 2093 1630 cesserunt
2129 1593 2143 1630 :
2188 1579 2281 1633 sed
2322 1594 2444 1634 mox
2486 1584 2759 1638 curricuio
2807 1587 2870 1640 ad
2907 1589 3085 1657 ipsum
3127 1602 3363 1646 reverte-

1807 1660 2049 1731 bantur;
2108 1667 2556 1741 invenientesque
2612 1673 2879 1731 intensius
2934 1689 3178 1734 orantem
3237 1700 3359 1739 cum

1807 1757 2127 1812 verecundia
2167 1761 2553 1828 substiterunt,
2587 1766 2761 1822 donec
2795 1768 2945 1823 ﬁnita
2977 1775 3218 1829 oratione
3248 1776 3360 1830 fra-

1806 1849 1917 1899 tres
1945 1846 2014 1900 ad
2059 1850 2398 1918 psallendum
2432 1854 2678 1912 hortatus
2727 1866 2854 1925 est;
2900 1867 2954 1915 et
3004 1862 3274 1919 reclinans
3303 1883 3361 1920 se

1805 1935 1944 2004 ipse,
1973 1940 2178 2009 quiete,
2217 1954 2275 1997 ut
2301 1947 2382 2000 sic
2417 1947 2619 2013 dicam,
2653 1957 2816 2019 atque
2845 1966 3018 2019 prono
3066 1954 3117 2006 in
3157 1963 3354 2011 terram

1797 2039 2026 2096 corpore
2056 2033 2332 2102 pedesque
2363 2037 2683 2101 extendens,
2717 2040 2770 2094 in
2801 2056 2952 2110 pace,
2983 2046 3056 2097 uti
3089 2049 3351 2117 scriptum

1796 2123 1879 2171 est
1917 2117 1959 2182 ⁷,
1998 2123 2261 2190 requievit
2289 2134 2342 2180 et
2375 2125 2631 2182 dormivit
2663 2145 2914 2186 somnum
2954 2141 3136 2203 potius
3187 2155 3352 2207 quam

1798 2206 1852 2261 in
1887 2221 2112 2266 mortem
2157 2231 2171 2267 :
2209 2230 2457 2272 somnum
2497 2235 2711 2286 nempe,
2748 2224 2924 2291 qualis
2951 2225 3126 2292 iustos
3148 2230 3300 2285 decet
3332 2250 3346 2284 :

1797 2305 1958 2366 atque
1985 2301 2056 2354 ita
2097 2305 2373 2372 appositus
2409 2316 2488 2361 est
2538 2311 2782 2379 patribus
2808 2315 2922 2368 suis
2950 2326 3169 2374 sanctus
3202 2321 3353 2376 hicce

1795 2385 1956 2442 Pater
1990 2398 2195 2457 noster,
2230 2396 2379 2463 regni
2420 2396 2681 2451 caelorum
2717 2399 2878 2466 filius,
2927 2419 3035 2471 quo
3070 2415 3176 2458 tant
3213 2409 3350 2461 hila-

1793 2476 1926 2530 riter
1950 2477 2051 2532 iter
2083 2483 2339 2550 suscepit,
2373 2484 2437 2537 ad
2467 2487 2746 2554 praemium
2775 2505 3020 2556 supernae
3048 2496 3349 2551 vocationis

1798 2568 2078 2635 festinans,
2116 2580 2168 2626 et
2201 2574 2266 2626 ad
2299 2581 2540 2642 requiem
2576 2579 2844 2632 caelestem
2897 2584 3057 2637 modo
3105 2593 3351 2641 extraor-

1797 2657 2008 2713 dinario
2063 2662 2336 2717 transiens
2393 2679 2456 2718 ex
2509 2665 2658 2719 hisce
2715 2667 2989 2733 miseriis;
3053 2681 3110 2726 ut
3172 2674 3350 2728 obitus

1795 2747 1913 2816 ejus
1963 2764 2070 2804 non
2138 2752 2334 2807 minori
2393 2755 2751 2811 admiratione
2816 2758 3009 2826 dignus
3067 2761 3137 2815 sit
3185 2777 3346 2828 quam

1793 2840 1926 2893 vita.

1869 2931 1956 2984 19.
1985 2931 2133 2988 Talis
2164 2935 2329 3004 igitur
2364 2935 2620 2992 Dorothei
2656 2939 2706 2992 in
2754 2941 2914 2995 terris
2944 2941 3160 2995 vivendi
3207 2945 3346 2997 ratio

1795 3020 1914 3084 fuit,
1951 3023 2078 3076 talia
2117 3033 2332 3094 tamque
2363 3027 2546 3081 divina
2581 3043 2776 3096 opera,
2805 3038 2912 3082 tam
2938 3032 3155 3099 capiosa
3182 3047 3211 3085 a
3236 3034 3344 3087 Deo

1793 3107 1986 3163 collata
2026 3109 2168 3165 dona
2197 3134 2208 3166 :
2240 3114 2364 3168 talis
2397 3115 2650 3171 similiter
2673 3117 2774 3170 viri
2805 3120 3093 3185 transitus,
3115 3121 3334 3175 omnino

1792 3199 2239 3265 praeclarissimus
2273 3211 2327 3257 et
2360 3204 2614 3270 decorus,
2655 3222 2717 3260 ac
2755 3208 2918 3262 veluti
2952 3212 3168 3264 coronis
3198 3227 3341 3279 quae-

1790 3290 1912 3341 dam
1941 3305 2126 3355 aurea,
2169 3292 2262 3344 tali
2294 3297 2697 3350 conversationi
2726 3297 2868 3366 ejus,
2893 3307 2951 3351 ut
2973 3313 3071 3367 par
3105 3309 3207 3363 est,
3239 3301 3339 3353 im-

1791 3380 1967 3444 posita
2011 3381 2212 3449 :cujus
2273 3383 2759 3440 intercessionibus
2819 3390 2957 3455 apud
3014 3390 3200 3450 Deum,
3255 3392 3340 3443 cui

1790 3467 1907 3537 ipse
1961 3471 2253 3525 admodum
2311 3474 2548 3542 placuit,
2608 3491 2709 3530 nos
2771 3493 2986 3546 quoque
3044 3480 3340 3548 placituros

1788 3567 2128 3626 exoptamus,
2161 3571 2420 3631 quantum
2461 3579 2656 3634 nempe
2701 3582 2796 3634 per
2851 3576 3048 3622 statum
3089 3571 3339 3639 viresque

1789 3657 2007 3704 nostras
2041 3650 2259 3716 licebit;
2301 3668 2422 3706 cum
2463 3655 2625 3708 etiam
2674 3657 2912 3712 minimis
2969 3660 3204 3729 gaudere
3235 3675 3342 3728 pra:

1790 3739 2127 3794 humanitate
2163 3756 2258 3796 sua
2285 3744 2500 3797 noverit
2531 3745 2746 3800 bonitas
2769 3746 2909 3815 ejus,
2937 3755 2987 3803 et
3017 3748 3336 3818 adjutrieem

1788 3831 2010 3885 tendere
2044 3847 2261 3885 manum
2293 3833 2358 3888 iis
2397 3835 2489 3903 qni
2528 3840 2793 3906 consequi
2833 3837 3086 3892 virtutem
3119 3839 3338 3895 deside-

1787 3930 1932 3975 rant.
1973 3921 2153 3978 Potest
2179 3932 2359 3978 autem
2393 3925 2628 3981 Sanctus
2653 3928 2798 3996 quod
2833 3927 2986 3983 deest
3037 3931 3290 3999 supplere
3321 3949 3333 3983 :

1787 4008 2225 4079 quandoquidem
2282 4012 2468 4068 eadem
2533 4013 2862 4084 benignitas,
2901 4031 3019 4086 quae
3070 4017 3159 4071 hic
3196 4019 3338 4074 inter

1786 4098 2016 4153 virtutes
2070 4100 2189 4170 ejus
2246 4101 2453 4170 primas
2509 4105 2714 4170 tenuit,
2751 4120 2898 4162 nunc
2938 4105 3049 4162 illic
3097 4121 3333 4177 quoque,

1787 4190 2010 4244 dubium
2039 4200 2367 4258 perseveret,
2421 4209 2546 4248 cum
2598 4209 2707 4249 non
2762 4197 2962 4266 exiguo
3018 4198 3101 4252 sui
3158 4199 3336 4255 incre-

1785 4293 1969 4338 mento
1999 4301 2014 4351 ;
2053 4291 2359 4356 praesertim
2386 4304 2510 4342 cum
2546 4288 2770 4357 propius
2805 4301 2950 4342 nunc
2979 4288 3115 4342 absit
3149 4289 3216 4342 ab
3244 4289 3334 4344 illo

1787 4371 2050 4428 bonorum
2084 4378 2327 4432 omnium
2363 4379 2532 4443 fonte,
2569 4392 2631 4432 ex
2676 4392 2785 4446 quo
2821 4377 3024 4432 aﬂ‘atim
3078 4379 3334 4433 bonitatis

1784 4469 1837 4516 et
1856 4463 2074 4532 copiose
2105 4465 2384 4532 hauriens,
2415 4467 2636 4522 servivit
2665 4466 2776 4536 jam
2807 4468 3014 4536 pridem
3060 4482 3122 4522 ac
3172 4469 3335 4524 bene-

107 4533 267 4586 ἐνθεν
297 4537 378 4599 εις
398 4539 654 4594 τοσοῦτον
699 4547 792 4598 καὶ
832 4543 1208 4621 δεδικαίωται,
1233 4557 1326 4610 καὶ
1359 4557 1439 4610 ἔτι
1481 4533 1682 4629 μάλ),οᾲ
1715 4565 1760 4620 ι)
1791 4548 1914 4604 fecit
1940 4552 2122 4608 multis
2156 4553 2293 4622 ipse,
2345 4563 2666 4624 tantumque
2713 4555 3083 4609 sanctimonia
3139 4570 3335 4611 consc-

111 4622 358 4691 ποιήσει,
388 4626 483 4714 καὶ
511 4629 571 4680 τὸ
599 4629 899 4700 φιλάγαθον
928 4638 1260 4709 ἐπιδείξεται
1314 4645 1441 4714 περὶ
1479 4622 1684 4711 πάντας

108 4714 261 4781 ἡμᾶς
327 4713 453 4778 τοὺς
504 4720 857 4790 περιλοίπους
911 4727 992 4784 ἔτι
1044 4733 1140 4786 καὶ
1196 4713 1429 4800 ζῶντας,
1481 4738 1576 4792 καὶ
1605 4738 1683 4809 τῷ

106 4807 266 4876 τόπῳ
317 4806 491 4876 τούτῳ
541 4810 641 4880 τῆς
712 4813 951 4882 βασάνου
1013 4822 1150 4885 τέως
1208 4806 1679 4896 ἐνδιατρίϐοντας)

109 4895 218 4957 ἕως
284 4897 381 4948 καὶ
430 4900 577 4968 ἡμᾶς
610 4903 638 4954 6
674 4903 885 4960 ἐκείνου
947 4911 1348 4984 μισθαποδότης
1392 4895 1537 4984 πρὸς
1581 4916 1680 4987 τὴν

109 4985 234 5037 ἐκεῖ
289 4985 508 5040 καλέσει
561 4992 925 5062 κατάπαυσιν,
1003 5000 1091 5070 είη
1124 5003 1179 5054 δὲ
1207 5003 1382 5055 είπεῖν
1421 5004 1515 5055 καὶ
1545 4985 1677 5057 άνάο

110 5095 340 5140 παυσιν,
370 5072 414 5146 ᾧ
448 5081 642 5151 πρέπει
673 5087 821 5138 πᾶσα
847 5088 1138 5162 δόξα,τιμὴ
1171 5095 1262 5146 καὶ
1293 5095 1676 5164 προσκύνησις,

109 5171 207 5219 νῦν
263 5171 360 5222 καὶ
408 5172 530 5236 ἀεὶ,
586 5174 681 5227 καὶ
728 5179 807 5240 εἰς
853 5181 978 5244 τοὺς
1031 5183 1236 5248 αἰῶνας
1289 5187 1395 5236 τῶν
1446 5184 1676 5239 αίώνων.

122 5259 329 5330 Ἀμήν.

182 5524 202 5552 ⁷
246 5523 396 5577 Psal.
435 5539 506 5588 tv,
549 5528 602 5582 9.

1781 4652 1941 4698 cutus
1967 4652 2095 4710 est;
2146 4659 2293 4700 nunc
2353 4655 2535 4701 autem
2586 4646 2866 4700 liberalius
2918 4645 3237 4711 henefaciet,
3280 4655 3333 4701 et

1778 4733 2190 4789 beneﬁcentiam
2210 4751 2362 4790 suam
2388 4745 2599 4791 exseret
2618 4737 2670 4790 in
2689 4750 2788 4790 nos
2809 4751 3019 4800 omnes,
3043 4736 3132 4803 qui
3152 4737 3332 4790 adhuc

1780 4825 2103 4891 superstites
2137 4839 2328 4880 sumus
2357 4826 2408 4880 in
2441 4825 2543 4880 hac
2572 4827 2680 4880 vita
2723 4833 2775 4880 et
2806 4827 2861 4880 in
2908 4827 3071 4881 haece
3116 4827 3330 4880 exerci-

1779 4915 2001 4970 tationis
2032 4914 2281 4983 palmstra
2315 4929 2598 4988 versamur
2627 4930 2642 4968 :
2673 4915 2846 4970 donec
2884 4915 2996 4977 ille,
3045 4916 3137 4984 qui
3181 4915 3325 4968 Patri

1779 5011 1968 5058 nostro
2005 5013 2384 5057 remuneratus
2422 5013 2523 5069 est,
2560 5018 2658 5058 nos
2691 5019 2906 5073 quoque
2936 5003 3000 5056 ad
3036 5018 3323 5071 supernam

1779 5093 2042 5161 requiem,
2074 5100 2167 5145 aut
2201 5094 2379 5160 potius
2406 5091 2658 5156 dixerint,
2694 5094 2874 5145 omnis
2923 5094 3184 5146 molestia:
3234 5109 3329 5145 va-

1780 5185 2036 5236 cuitatem
2067 5191 2293 5247 evocet;
2317 5197 2474 5251 quem
2505 5183 2659 5236 decet
2694 5182 2886 5250 gloria,
2912 5182 3088 5237 honos
3117 5194 3166 5236 et
3190 5182 3324 5273 adq;

1782 5272 1921 5325 ratio
1943 5279 2162 5338 cuncta,
2200 5286 2342 5326 nunc
2369 5283 2422 5327 et
2447 5287 2662 5343 semper
2695 5279 2748 5328 et
2770 5273 2823 5328 in
2846 5273 3043 5328 sarcula
3088 5269 3319 5327 saeuis;

1783 5377 1921 5416 rum.
1954 5362 2145 5416 Amen.

182 5683 261 5753 (υ)
288 5681 480 5750 Πόσος,
521 5701 764 5755 quantus,
801 5703 954 5758 quam
995 5689 1224 5754 multus;
1260 5690 1384 5747 hinc
1417 5695 1643 5749 necdum
1683 5709 1693 5747 :

1797 5696 1812 5750 i
1842 5697 2040 5757 lectum
2072 5697 2473 5771 συμποσέομαι,
2509 5700 2660 5769 quasi
2690 5700 3140 5767 sintttlaupputor.
