4126 6338
677 393 810 456 1079

1851 397 2169 460 JOANNlS
2208 396 2778 456 EUCHAITENSIS

3770 391 3897 458 1080

741 506 1032 562 Gcnitricis
1064 506 1154 559 Dei
1189 508 1446 562 hodierna
1482 509 1568 562 die
1629 509 1972 565 celebramus
2026 508 2235 563 Dormi-

2408 508 2627 577 Μητρὸς
2653 507 2788 562 Θεοῦ
2815 507 3072 578 κοίμησιν
3115 507 3448 578 ἑορτάζομεν
3483 509 3746 578 σήμερον,
3778 513 3893 581 Mn.

672 597 896 660 tionem,
937 596 1225 652 Genitricis
1258 599 1346 652 Dei
1375 598 1791 669 depositionem,
1819 601 2111 658 Gcnitricis
2134 601 2228 656 Dei

673 688 1162 753 resurrectionem,
1207 689 1581 742 ascensionem
1638 691 1751 759 (3),
1807 692 2228 755 exaltationem;

671 790 732 827 ac
764 775 1032 831 miraculo
1063 777 1296 843 accedit,
1329 779 1472 847 quod
1505 790 1557 834 et
1589 779 1721 836 Filia
1770 781 1839 837 sit
1887 796 2005 850 quae
2036 781 2228 845 Mater,
2253 771 2270 791 ’⁵

669 868 894 933 etquod
931 868 1153 936 insuper
1183 869 1416 939 Sponsa,
1452 886 1514 925 ac
1540 887 1731 928 rursus
1780 871 1925 941 quod
1959 871 2126 942 Virgo
2159 872 2232 927 sit

671 971 786 1021 quae
819 956 1028 1023 Sponsa
1056 967 1160 1026 est,
1194 970 1355 1028 atque
1383 977 1480 1030 per
1506 963 1685 1016 omnia
1727 962 1931 1031 Regina
1965 1001 1980 1026 ,
2009 971 2065 1016 et
2109 973 2235 1018 ante

670 1045 853 1098 omnia
887 1047 1128 1112 Ancilla,
1168 1047 1586 1116 divinorumque
1633 1049 2024 1105 charismatum
2081 1049 2232 1104 varia

669 1149 732 1189 ac
756 1135 1168 1202 praeclarissima
1199 1139 1479 1208 plenitudo
1511 1141 1609 1209 (4).

739 1223 828 1279 iV.
862 1226 1034 1297 Hujus
1068 1244 1214 1284 nunc
1238 1233 1344 1292 vita
1377 1231 1444 1285 ab
1476 1232 1578 1285 hac
1603 1242 1745 1286 terra
1777 1247 1994 1289 sursum
2049 1236 2234 1288 evehi-

670 1322 795 1379 tur;
831 1330 894 1369 ac
922 1318 1116 1372 coelum
1171 1335 1361 1376 versus
1395 1335 1456 1376 ea
1491 1322 1756 1377 attollitur
1779 1361 1794 1388 ,
1829 1338 1951 1392 qua:
2005 1331 2091 1378 est
2121 1339 2236 1378 cm-

675 1406 853 1460 lorum
890 1409 1237 1478 mysterium,
1298 1420 1488 1483 stupor
1539 1416 1852 1483 angelorum
1885 1453 1900 1478 ,
1955 1415 2235 1471 hominum

667 1494 930 1551 fortitudo
958 1537 973 1563 ,
1005 1500 1219 1568 generis
1247 1502 1329 1554 sui
1380 1503 1654 1567 nobilitas,
1691 1504 2125 1561 Christianorum
2177 1505 2238 1560 fl-

666 1585 851 1650 ducia,
880 1588 1082 1642 bonum
1137 1592 1331 1659 quovis
1378 1592 1523 1648 bono
1568 1594 2064 1664 incomparabiliter
2120 1610 2238 1650 ma-

661 1679 754 1747 jus
789 1678 904 1750 (5);
966 1689 1019 1734 et
1073 1683 1352 1737 mortalem
1407 1684 1553 1740 hunc
1603 1687 1864 1741 mundum
1916 1686 2238 1742 mortalibus

665 1769 964 1836 dimittens,
994 1771 1107 1842 ipsa
1138 1773 1203 1828 ad
1243 1789 1360 1829 eam
1411 1790 1573 1846 quam
1623 1777 1832 1845 genuit,
1860 1777 2028 1832 vitam
2054 1785 2236 1834 trans-

669 1859 888 1928 migrat.
1014 1839 1029 1842 '
1425 1839 1443 1846 -
1624 1839 1651 1843 ﬂ
1819 1839 1828 1845 I
2265 1839 2308 1896 Β

737 1950 860 2007 Haec
889 1951 964 2023 (6)
999 1967 1126 2014 vero
1156 1964 1381 2010 matrem
1411 1966 1464 2011 et
1489 1956 1613 2012 data
1661 1959 1884 2015 dextera
1936 1960 2236 2018 liberaliter

667 2042 881 2108 salutat,
909 2052 963 2098 et
987 2046 1218 2100 comiter
1255 2046 1618 2115 amplexatur.
1657 2050 1707 2106 is
1741 2053 1924 2121 itaque
1949 2095 1964 2120 ,
2001 2053 2095 2123 qui
2151 2055 2237 2108 in-

665 2133 964 2188 efl'abiliter
999 2150 1184 2190 auram
1210 2151 1425 2192 onmem
1461 2155 1624 2196 manu
1656 2143 1898 2199 continet
1927 2183 1942 2208 ,
1977 2145 2044 2199 ad
2093 2145 2234 2200 hanc

664 2239 857 2281 rursus
887 2226 1196 2293 descendit,
1229 2245 1338 2283 non
1372 2239 1432 2284 ut
1467 2232 1520 2286 in
1552 2247 1638 2299 ea,
1679 2235 1823 2289 sicut
1845 2235 2015 2304 prius,
2045 2237 2230 2292 sedem

664 2317 884 2387 deligat,
919 2320 1036 2385 sed,
1067 2336 1234 2390 prope
1261 2322 1490 2378 dixerim
1527 2365 1542 2390 ,
1573 2335 1632 2380 ut
1669 2341 1697 2378 a
1753 2342 1852 2382 sua
1904 2327 2052 2382 illam
2101 2330 2229 2385 sede

663 2409 880 2472 educat,
919 2424 1014 2464 seu
1049 2415 1232 2480 potius
1267 2423 1326 2467 ut
1348 2429 1466 2470 eam
1498 2417 1562 2470 ad
1597 2416 1779 2471 sedem
1824 2418 2076 2484 deducat,
2106 2435 2228 2489 qua!

665 2503 1053 2570 congruentior
1083 2504 1173 2566 sit,
1203 2513 1254 2558 et
1291 2520 1457 2576 penes
1503 2509 1856 2576 semetipsum
1908 2511 2035 2565 hinc
2087 2512 2232 2566 illam

665 2591 984 2656 transferat,
1020 2609 1140 2662 quae
1190 2609 1315 2648 eum
1358 2597 1689 2652 exinanitum
1743 2600 2105 2656 immaculatis
2151 2603 2233 2655 vi-

665 2679 843 2736 scerib
885 2695 912 2736 s
939 2683 1186 2751 gestavit.
1224 2684 1277 2738 Id
1318 2685 1434 2738 irco
1467 2695 1517 2741 et
1547 2702 1784 2756 praesens
1812 2689 1926 2758 ipse
1952 2692 2105 2746 adest
2133 2733 2146 2755 ,
2177 2701 2231 2747 et

665 2785 847 2825 secum
883 2774 1200 2841 angelorum
1236 2790 1298 2829 ac
1329 2777 1629 2830 caelestium
1679 2779 1876 2833 civium
1924 2782 2226 2835 exercitum

662 2857 825 2911 simul
872 2859 1130 2914 adducit:
1179 2863 1382 2931 quibus
1427 2865 1660 2933 stipatus
1719 2870 1962 2924 ascendit
1995 2885 2228 2935 rursus,

663 2961 820 3002 suam
871 2965 1057 3006 secum
1113 2954 1430 3020 genitricem
1481 2957 1760 3024 attollens,
1811 2967 1864 3013 et
1913 2961 2103 3030 ingens
2152 2961 2230 3017 ili

2335 595 2464 664 τρδς
2506 597 2642 650 Θεοῦ
2696 598 3058 664 κατάπαυσιν,
3087 599 3308 668 Μητρὸς
3360 596 3496 651 Θεοῦ
3543 599 3895 667 μετάστασιν,

2334 685 2620 752 ἀνάϐασιν,
2658 687 2911 758 ἔπαρσιν·
2967 687 3062 741 καὶ
3118 687 3403 757 προσθήκη
3451 688 3547 740 τοῦ
3600 687 3896 755 θαύματος,

2336 779 2419 830 ὅτι
2456 779 2550 832 καὶ
2575 779 2823 850 Θυγάτηρ
2865 782 2899 851 ἠ
2927 782 3148 850 Μήτηρ,
3185 779 3300 834 ἔστι
3331 779 3376 832 δ’
3406 781 3487 833 ὅτι
3517 780 3612 833 καὶ
3658 779 3886 848 Νύμφη,

2333 868 2428 921 καὶ
2470 869 2743 940 ΙΙαρθένος
2794 871 3002 942 αῦθιςή
3029 872 3255 941 Νύμφη,
3287 873 3381 925 καὶ
3409 871 3498 924 διὰ
3535 872 3711 924 πάντα
3740 869 3901 924 Βασί-

2335 957 2517 1022 λισσα,
2559 943 2652 1014 καλ
2684 961 2845 1032 δούλη
2881 961 2986 1032 πρὸ
3036 961 3276 1023 πάντων,
3301 961 3393 1015 καὶ
3421 950 3528 1014 τῶν
3553 961 3902 1032 χαρισμάτων

2333 1047 2394 1101 τὸ
2421 1049 2619 1120 πλῆθος
2650 1051 2892 1106 ποικίλον
2915 1052 3006 1106 καὶ
3036 1052 3401 1122 πολυώνυμον.

2405 1227 2484 1283 Δ⁹.
2519 1228 2741 1299 Ταύτης
2777 1230 2994 1302 αἴρεται
3022 1230 3117 1284 νῦν
3149 1230 3260 1286 ἀπὸ
3285 1229 3387 1298 τῆς
3424 1231 3527 1298 γῆς
3567 1231 3600 1301 ἠ
3642 1229 3778 1299 ζωή·
3810 1229 3899 1284 καὶ

2337 1320 2474 1391 πρὸς
2507 1319 2771 1390 οὐρανοὺς
2803 1320 3242 1390 ἁνυψοῦταιτῶν
3287 1321 3539 1391 οὐρανῶν
3595 1320 3656 1373 τὸ
3698 1321 3903 1389 μυστή-

2340 1427 2474 1482 ριον,
2529 1410 2640 1464 τῶν
2689 1411 2941 1494 ἀγγέλων
3006 1409 3066 1464 sb
3103 1410 3310 1482 θαῦμα,
3346 1411 3456 1463 τῶν
3504 1409 3810 1482 ἀνθρώπων
3840 1409 3898 1463 τὸ

2338 1502 2560 1572 κράτος,
2586 1503 2621 1574 ἡ
2644 1501 2737 1556 τοῦ
2774 1501 2968 1570 γένους
3002 1502 3271 1571 εὐγένεια,
3303 1503 3337 1571 ἡ
3372 1501 3715 1571 Χριστιανῶν
3761 1503 3899 1572 παρα

2341 1593 2527 1664 ρῃσία,
2565 1594 2627 1647 τὸ
2650 1592 2849 1658 παντὸς
2879 1593 3047 1647 καλοῦ
3078 1591 3264 1662 μεῖζον
3295 1593 3682 1662 ’ἀσυγκρίτως
3711 1593 3900 1649 καλόν·

2340 1663 2437 1738 ἀξια
2471 1684 2565 1738 τὸν
2631 1683 2824 1755 θνητὸν
2861 1683 3050 1738 τοῦτον
3081 1683 3286 1753 κόσμον
3307 1686 3421 1746 τοῖς
3459 1682 3674 1752 θνητοῖς
3724 1700 3897 1737 κατα·

2337 1775 2572 1847 λείψασα
2603 1776 2670 1844 ⁸⁸,
2709 1775 2849 1848 αὑτὴ
2879 1775 3016 1847 πρὸς
3036 1775 3103 1844 ἢν
3124 1775 3280 1830 ἔτεκε
3317 1776 3464 1848 ζωὴν
3507 1780 3814 1850 μεταχωρεῖ
3836 1777 3902 1832 ¹¹.

2411 1960 2479 2016 Ἦ
2507 1961 2564 2017 δι
2600 1962 2700 2032 τὴν
2749 1961 2960 2033 μητέρα
3010 1961 3105 2016 καὶ
3152 1960 3426 2026 δεξιοῦται
3473 1960 3766 2031 λαμπρῶς,
3798 1959 3896 2014 καὶ

2333 2051 2629 2122 φιλοτίμως
2654 2053 2981 2117 ἀσπάζεται.
3029 2053 3090 2105 '0
3119 2053 3335 2122 κρατῶν
3357 2051 3492 2120 γοῦν
3528 2052 3790 2123 άρῤήτως
3837 2051 3903 2122 τῇ

2331 2143 2477 2214 χειρὶ
2544 2144 2713 2214 πνοὴν
2748 2146 2965 2200 ἃπασαν
3015 2147 3106 2200 ἐπὶ
3141 2147 3347 2215 ταύτην
3379 2145 3625 2199 κάτεισιν
3654 2145 3698 2175 ¹³
3726 2141 3902 2208 αὖθις,

2330 2236 2430 2289 οὐκ
2459 2236 2775 2306 ἑνοικήσων,
2810 2237 2885 2300 ὡς
2913 2237 3066 2307 πρὶν,
3099 2237 3215 2291 ἀλλ’
3249 2236 3324 2298 ὡς
3354 2237 3552 2300 εἰπεῖν,
3597 2234 3903 2298 ὲξοικίσων,

2331 2323 2532 2393 μᾶλλον
2557 2325 2610 2378 δὲ
2639 2325 2988 2391 κατοικίσων,
3013 2319 3074 2380 οὗ
3115 2325 3587 2398 πρεπωδέστερον,
3611 2324 3705 2376 καὶ
3736 2323 3903 2392 μετά-

2330 2416 2434 2479 ξων
2468 2415 2720 2468 ἐντεῦθεν
2779 2416 2917 2486 πρὸς
2972 2417 3163 2470 ἑαυτὸν
3215 2416 3313 2488 τὴν
3348 2416 3407 2469 ἐν
3463 2415 3792 2483 σπλάγχνοις
3840 2413 3902 2464 ά-

2329 2507 2583 2577 χράντοις
2639 2508 2941 2562 κενωθέντα
3011 2508 3380 2578 βαστάσασαν.
3443 2507 3542 2560 Διὰ
3593 2505 3753 2558 τοῦτο
3808 2505 3907 2556 καὶ

2331 2600 2586 2668 πάρεστι·
2615 2603 2710 2654 καὶ
2738 2601 2968 2672 στρατὸν
3000 2599 3294 2668 άγγελικδν
3321 2599 3415 2652 καὶ
3443 2598 3696 2667 οὐράνιον
3730 2595 3905 2664 ἑαυτῷ

2342 2692 2383 2722 ¹⁸
2420 2690 2803 2759 συνεπάγεται·
2844 2692 2962 2761 μεθ’
2991 2685 3064 2746 ὧν
3095 2692 3139 2723 ¹⁸
3167 2692 3330 2745 πάλιν
3359 2691 3533 2744 ἄνεισι
3574 2691 3641 2751 ¹⁸,
3679 2688 3777 2758 τὴν
3813 2704 3905 2738 τε·

2337 2782 2541 2836 κοῦσαν
2591 2783 2844 2852 ἀπάγων,
2895 2785 2986 2838 καὶ
3045 2785 3291 2855 μεγάλην
3320 2784 3630 2836 άντέκτισιν
3665 2779 3904 2849 μεγάλου

2339 2873 2691 2928 καταϐάλλων
2728 2875 2772 2906 ¹⁸
2796 2875 3031 2941 δανείου,
3082 2875 3506 2942 παλιγγενεσίαν
3555 2871 3675 2925 ἀντὶ
3714 2870 3909 2937 γεννή-

2339 2982 2499 3029 σεως,
2531 2969 2626 3020 καὶ
2660 2967 2780 3020 ἀντὶ
2814 2967 3145 3039 σαρκώσεως
3180 2967 3404 3022 θέωσιν.

664 3042 845 3097 {mnus
883 3058 981 3112 pro
1015 3044 1216 3115 ingenti
1263 3061 1424 3102 usura
1453 3047 1765 3116 persolvens
1793 3089 1811 3118 ,
1843 3065 1939 3121 pro
1989 3055 2337 3120 generatione
2392 3061 2875 3131 regenerationem,
2940 3069 2995 3116 et
3050 3077 3148 3132 pro
3181 3062 3417 3118 humana
3459 3073 3622 3118 carne
3688 3054 3909 3114 dciﬁca’

667 3133 890 3187 tionem.

738 3221 805 3280 V.
848 3224 972 3278 llaec
1019 3225 1375 3282 solemnitatis
1410 3227 1572 3296 hujus
1605 3238 1803 3286 nostrae
1841 3247 2051 3289 summa
2098 3240 2218 3288 est:

2397 3235 2473 3288 E'.
2525 3233 2695 3288 Τοῦτο
2719 3235 2852 3304 ἡμῖν
2876 3234 2975 3299 τῆς
3001 3233 3196 3302 ἑορτῆς
3229 3233 3290 3286 τὸ
3322 3231 3640 3300 κεφάλαιον
3687 3232 3833 3299 αὕτη
3863 3221 3907 3264 ⁸⁷

661 3318 780 3372 haec
807 3319 1086 3386 praesentis
1117 3318 1427 3376 festivitatis
1469 3331 1694 3378 tessera.
1725 3324 1858 3390 Quis
1886 3326 1950 3380 ad
1991 3326 2092 3382 ista
2122 3342 2230 3380 non

664 3407 895 3474 lsetetnr,
924 3420 978 3462 et
1009 3411 1191 3464 anima
1249 3413 1451 3466 sensim
1505 3429 1611 3468 non
1677 3416 2010 3484 attollatur,
2070 3427 2234 3487 atque

665 3501 782 3568 ipso
811 3514 1037 3570 corpore
1070 3503 1204 3558 levis
1234 3519 1339 3557 non
1374 3505 1706 3573 sublevetur,
1741 3515 1998 3578 totusque
2052 3507 2106 3562 in
2137 3524 2232 3563 su-

666 3591 832 3648 blime
864 3590 1116 3647 feratur?
1150 3592 1447 3661 Cuiusnam
1484 3597 1658 3650 oculis
1717 3597 1982 3664 ejusmodi
2027 3606 2239 3666 specta-

666 3687 848 3740 culum
880 3687 1237 3753 obversetur,
1272 3699 1327 3742 et
1362 3705 1470 3745 non
1515 3706 1730 3746 sursum
1789 3688 2096 3745 attrahatur
2121 3731 2137 3758 ,
2189 3698 2242 3745 et

667 3785 987 3833 contemnat
1016 3779 1224 3848 reliqua
1258 3781 1461 3847 omnia,
1494 3789 1656 3850 atque
1677 3782 1741 3836 ad
1775 3781 1876 3836 hoc
1912 3799 2078 3836 unum
2132 3798 2237 3837 non

670 3866 954 3934 rapiatur?
991 3865 1248 3931 Quaenam
1310 3869 1534 3922 suavior
1591 3869 1881 3923 oblectatio
1903 3870 1934 3922 ?
1969 3871 2232 3936 Quaenam

666 3959 910 4029 patiores
938 3957 1186 4013 deliciae?
1215 3959 1347 4025 Quce
1376 3960 1481 4014 alia
1505 3961 1756 4029 voluptas
1785 3976 1894 4030 pra:
1925 3961 2240 4030 hujusmodi

672 4049 940 4105 hilaritate
965 4050 1303 4119 jucundior?
1352 4049 1454 4106 Ubi
1488 4059 1542 4106 et
1586 4066 1829 4120 praesens
1863 4051 2016 4106 adest
2049 4051 2190 4107 Deus
2223 4092 2240 4118 ,

666 4146 722 4193 et
759 4137 923 4193 simul
950 4145 1093 4193 astat
1120 4137 1438 4208 angelorum
1469 4137 1709 4204 chorus,
1762 4145 1816 4192 et
1866 4151 2024 4193 sacro
2068 4137 2232 4192 mini-

669 4245 696 4282 s
723 4229 838 4285 erio
863 4229 1167 4299 funguntur
1199 4229 1435 4298 apostoli
1469 4267 1484 4291 .
1514 4237 1566 4284 et
1599 4227 1898 4283 honoribus
1926 4228 2238 4283 cumulatur

671 4320 764 4374 Dei
788 4318 978 4384 Mater,
1010 4320 1066 4374 in
1093 4319 1249 4390 cujus
1278 4319 1507 4390 gratiam
1549 4317 1664 4372 haec
1711 4317 1894 4372 omnia
1921 4357 1938 4382 ,
1980 4324 2036 4371 et
2077 4316 2233 4386 cujus

670 4409 1054 4479 splendoribus
1079 4407 1363 4478 splendido
1402 4408 1598 4477 plausu
1632 4407 2019 4476 gratulantur?

2338 3324 2437 3391 τῆς
2468 3325 2681 3394 ἡμέρας
2703 3326 2736 3392 ἡ
2768 3323 3020 3393 δύναμις.
3051 3325 3148 3386 Τις
3207 3323 3268 3374 οὐ
3299 3324 3478 3392 χαίρει
3524 3323 3662 3393 πρὸς
3705 3322 3906 3388 ταῦτα,

2334 3414 2427 3466 καὶ
2452 3413 2550 3481 τὴν
2577 3411 2755 3482 ψυχὴν
2787 3411 2976 3481 ἡρέμα
3013 3409 3325 3480 πτεροῦται,
3353 3410 3446 3462 καὶ
3477 3409 3536 3461 τὸ
3563 3409 3722 3479 σῶμα
3768 3425 3903 3461 κου-

2338 3501 2580 3571 φίζεται,
2630 3501 2723 3554 καὶ
2797 3501 2916 3563 ὅλος
2985 3503 3065 3564 είς
3133 3500 3268 3569 ὕψος
3315 3500 3757 3570 μετεωρίζεται;
3807 3500 3910 3562 Τίς

2341 3593 2608 3665 τοιούτοις
2661 3590 2932 3659 θεάμασιν
2988 3589 3252 3660 ἐντυχὼν,
3311 3589 3412 3643 οὐκ
3457 3589 3768 3658 ἐπαίρεται,
3809 3590 3911 3643 καὶ

2340 3685 2666 3756 περιφρονεῖ
2682 3682 2853 3737 τᾶλλα
2881 3682 3080 3748 πάντα,
3107 3681 3200 3736 καὶ
3218 3681 3355 3750 πρὸς
3384 3681 3444 3733 ἓν
3463 3681 3620 3733 τοῦτο
3641 3681 3869 3750 φέρεται
3890 3697 3908 3745 ;

2339 3779 2436 3841 Τίς
2495 3777 2662 3847 ἡδίων
2710 3776 3056 3840 ἀπόλαυσις;
3113 3773 3210 3838 Τίς
3245 3771 3485 3844 ἀμείνων
3522 3771 3742 3842 τρυφῆς
3803 3770 3912 3834 Τίς

2339 3869 2502 3941 ἑτέρα
2558 3869 2750 3940 τέρψις
2805 3866 3136 3940 χαριεστέρα
3183 3865 3573 3935 τῆςητοιᾶσδε
3621 3862 3916 3932 φαιδρότη-

2336 3977 2430 4023 τος
2461 3977 2476 4025 ;
2523 3960 2624 4013 Ἠν
2653 3957 2786 4022 Θεός
2828 3974 2888 4010 τε
2929 3954 3144 4027 παρὼν,
3174 3955 3272 4008 καὶ
3293 3953 3456 4023 χορὸς
3487 3951 3733 4020 ἀγγέλων
3773 3965 3913 4003 συν.

2343 4051 2441 4115 ὼν,
2467 4051 2561 4104 καὶ
2585 4045 3026 4118 λειτουργοῦντες
3067 4045 3378 4109 ἀπόστολοι,
3411 4043 3508 4097 καὶ
3549 4042 3751 4111 Μήτηρ
3768 4039 3914 4093 Θεοῦ

2342 4141 2647 4212 τιμωμένη,
2673 4139 2741 4194 δι’
2777 4140 2843 4210 ἢν
2880 4137 3056 4192 ταῦτα
3083 4137 3285 4202 πάντα,
3340 4138 3437 4190 καὶ
3496 4131 3626 4203 περὶ
3656 4131 3724 4202 ἢν
3767 4131 3919 4186 λιιι-

2344 4233 2493 4304 πράν
2507 4232 2774 4302 λαμπρῶς
2806 4227 3192 4299 συγκροτοῦσιν
3225 4245 3240 4293 ;

1983 4516 2183 4577 Varite
2212 4515 2542 4579 lectiones.

744 4621 765 4652 ⁸
797 4619 931 4674 Cod.
966 4620 1132 4672 Laur.
1168 4617 1385 4685 μεῖζων,
1421 4617 1510 4670 ubi
1547 4618 1660 4685 ipse
1714 4625 1974 4671 accentus
2031 4615 2415 4685 circumﬂexus
2475 4616 2712 4672 ostendit
2768 4614 3022 4685 mendum
3078 4612 3301 4685 alterius
3334 4610 3585 4685 syllaba.

1951 4686 1991 4717 ¹¹
2024 4683 2163 4738 Cod.
2195 4683 2354 4739 Laur.
2408 4686 2645 4742 κάτισιν.
2727 4686 2770 4721 ⁸³
2803 4685 2936 4741 Cod.
2980 4683 3102 4738 Vat.
3134 4684 3191 4736 ὲν
3220 4681 3387 4749 αὐτῷ.

676 4690 837 4744 Laur.
887 4687 1271 4754 καταλήψασα.
1376 4686 1558 4740 “Vat.
1595 4685 1839 4754 ὲκδημεϊ.

673 4759 752 4812 εν.
849 4759 889 4790 ⁸⁸
921 4756 1058 4811 Cod.
1095 4755 1217 4809 Vat.
1253 4755 1417 4810 ἄεισι.

1526 4756 1567 4786 ⁸⁸
1597 4754 1729 4810 Cod.
1760 4753 1922 4807 Laur.
1957 4753 2317 4808 καταϐάλλον.
2396 4756 2436 4787 ⁸⁷
2466 4755 2630 4810 Laur.
2670 4755 2832 4827 αὕτη.

3694 4608 3737 4642 ¹⁶
3770 4607 3919 4666 Cod.

3493 4683 3536 4713 ⁸⁵
3569 4679 3702 4734 Cod.
3736 4678 3918 4732 Laur.

2913 4756 2955 4788 “
2979 4755 3088 4816 Τῆς
3120 4745 3492 4808 abesta'Gods
3522 4745 3692 4807 Vatic.

2204 4848 2401 4909 Notte.

749 4949 827 5015 (3)
867 4947 1011 5001 Licet
1061 4944 1367 5015 communis
1423 4945 1614 5015 titulus
1658 4943 1829 5015 hujus
1880 4943 2245 4997 solemnitatis
2280 4950 2322 5002 D
2352 4946 2635 5014 plenitudo
2662 4946 2899 5009 abesset,
2928 4945 2973 5000 si
3006 4944 3278 5000 charisma
3308 4943 3437 5015 illud
3471 4946 3749 5015 tantopere
3776 4953 3924 4996 exo-

679 5011 816 5085 apud
853 5016 1068 5069 Graccus
1101 5016 1170 5068 sit
1202 5014 1461 5067 Dormitio
1644 5013 1903 5077 Deiparte,
1929 5022 1984 5085 et
2009 5015 2242 5085 homiliaa

683 5081 780 5139 liae
817 5085 1104 5137 Occasione
1137 5085 1333 5136 habitae
1365 5082 1587 5136 inscribi
1621 5081 2005 5135 consueverint
2039 5083 2092 5134 in
2125 5099 2248 5134 san-

679 5157 927 5207 ctissima:
959 5152 1199 5218 Deipara:
1239 5152 1642 5214 Dormitionem,
1677 5167 1745 5204 ex
1779 5151 1883 5204 hoc
1910 5161 2088 5204 tamen
2120 5150 2238 5203 loco

685 5223 970 5276 manifeste
997 5222 1388 5290 liquet,eadem
1412 5219 1702 5290 festivitate
1727 5220 2052 5290 celebratam
2069 5218 2248 5290 fuisse

679 5308 788 5350 non
819 5286 1201 5343 Dormitionem
1234 5291 1416 5355 modo,
1449 5288 1538 5342 sed
1565 5290 1724 5342 etiam
1771 5289 2012 5355 ejusdem
2069 5286 2247 5356 Virgi-

682 5360 768 5415 nis
804 5360 1250 5412 Rcsurrcctioncm
1275 5401 1289 5420 ,
1322 5362 1676 5426 corporisque
1712 5358 1873 5411 simul
1906 5371 2028 5410 cum
2064 5357 2243 5409 anima

682 5431 734 5483 in
767 5430 934 5483 caelos
967 5429 1410 5494 Assumptioncm.

754 5498 829 5558 (4)
861 5496 1122 5559 Observa,
1159 5493 1364 5564 autcso,
1394 5496 1665 5563 quomodo
1695 5509 1800 5547 non
1823 5493 1983 5548 modo
2019 5493 2246 5560 Dcipara

683 5567 856 5634 gratia
893 5566 1048 5635 plena
1082 5568 1294 5619 dicatur
1320 5604 1334 5628 ,
1368 5567 1459 5618 sed
1488 5566 1758 5629 plenitudo
1784 5578 2022 5635 quoque
2044 5564 2249 5635 charis-

682 5632 906 5689 t—natum’
937 5637 1277 5704 appelletur;
1341 5648 1447 5704 quo
1487 5649 1616 5687 sane
1668 5633 1799 5686 nihil
1853 5632 2247 5704 significantius

687 5707 790 5757 dici
827 5700 1091 5771 potestati
1126 5700 1575 5772 perlectissimam
1610 5718 1894 5755 munerum
1947 5700 2045 5767 ipsi
2080 5703 2249 5755 colla-

693 5784 871 5829 torum
924 5771 1135 5841 cepiani
1181 5771 1604 5841 exprimendam.
1664 5773 1728 5825 At
1769 5785 1893 5826 vero
1944 5773 2093 5836 plane
2142 5772 2244 5826 ista

2349 5012 2633 5081 ptandum.
2663 5015 3003 5085 quoafceda
3051 5015 3251 5070 diaboli
3287 5012 3600 5083 captivitate
3642 5017 3724 5064 est
3771 5022 3926 5075 pra:-

2347 5093 2585 5143 servata,
2620 5084 2720 5152 ipSi
2752 5084 3036 5139 defuisset.

2419 5153 2494 5219 (5)
2528 5150 2651 5206 Hoc
2671 5168 2801 5206 sane
2832 5155 2897 5208 de
2930 5153 3085 5207 bonis
3110 5160 3308 5207 creatis
3359 5150 3759 5219 intelligendum
3797 5160 3918 5204 est.

2348 5218 2561 5274 Videsis
2594 5231 2794 5282 tamen.
2821 5238 2982 5290 quam
3013 5225 3119 5274 a'te
3151 5224 3218 5277 de
3252 5221 3467 5288 Virgine
3496 5218 3920 5290 Patres_sen_se-

2347 5291 2474 5353 rint,
2503 5298 2556 5344 et
2586 5292 2636 5343 in
2664 5285 2907 5344 eamdem
2940 5290 3274 5345 transferant
3298 5329 3313 5350 ,
3341 5285 3477 5358 Quae
3504 5287 3569 5340 de
3617 5285 3734 5358 solo
3793 5285 3916 5358 Qec

2347 5359 2743 5425 praedicantur;
2782 5368 2834 5414 et
2878 5360 3041 5414 simul
3075 5376 3236 5428 quam
3279 5355 3435 5428 longe
3467 5357 3579 5409 haec
3616 5355 3768 5428 notio
3795 5355 3927 5428 Vir-

2347 5429 2577 5498 ginisab
2610 5443 2677 5498 eo
2701 5429 2840 5483 malo
2863 5428 3044 5489 distet.
3081 5425 3222 5498 Quod
3259 5443 3289 5482 a
3336 5425 3509 5498 prima
3550 5425 3759 5495 origine
3806 5427 3931 5478 nti-

2345 5499 2450 5550 seri
2484 5497 2572 5549 tilii
2606 5497 2731 5550 Atla:
2757 5497 3110 5552 contrahunt.

2420 5566 2496 5636 (6)
2539 5565 2658 5620 Haec
2702 5581 2885 5634 netan
2935 5566 3074 5630 Vita,
3110 5567 3175 5621 de
3199 5579 3304 5632 quo
3331 5563 3532 5636 Paulus
3563 5562 3923 5636 (ColossLm.

2345 5635 2397 5706 4)
2428 5631 2644 5706 ΞίὈταν
2669 5638 2695 5688 ὁ
2722 5631 2955 5705 Χριστὸς
3010 5631 3323 5705 φανερωθῇ,
3355 5638 3387 5706 ἡ
3421 5632 3532 5698 ζωὴ
3550 5631 3706 5694 ἡμῶν
3737 5675 3748 5686 -
3777 5631 3925 5688 διέτη

2347 5705 2587 5760 Christus
2625 5706 2930 5774 apparuerit
2955 5708 3058 5761 vita
3077 5716 3276 5761 nostra.
