4124 6338
1047 421 1307 483 SERMO
1346 423 1431 486 IN
1466 426 1568 486 SS.
1601 428 1950 491 DEIPARE
1985 430 2554 495 DORMITIONEM.

258 526 351 622 (τ’.
395 522 676 622 Ἀλλ’-οἷον
717 528 891 582 ἐκεῖνό
910 547 996 599 μοι
1032 534 1159 604 παρ’
1186 536 1374 589 ἐλπίδα
1410 540 1685 607 προσέστη
1723 542 1734 595 ι

1916 542 2008 598 Ἦ.
2034 543 2234 600 Verum
2269 549 2526 617 quidnam
2561 546 2690 602 illud
2722 547 2851 603 mihi
2880 560 3075 620 prater
3108 563 3398 622 exspecta-

183 616 354 671 Τοιαύ
367 634 457 686 της
490 616 601 687 γὰρ
632 619 732 688 ήδη
761 622 824 689 τῇ
859 620 1160 693 Θεομήτορι
1188 628 1741 699 παρασκευασθείσης

185 710 418 778 πομπῆς
452 708 516 761 εκ
544 710 865 777 τηλικούτου
891 715 1253 784 συστήματος,
1277 717 1358 782 τίς
1394 720 1510 772 ἐκεῖ
1530 720 1751 790 δοθήσε-

181 812 277 851 ται
305 797 349 830 ¹⁶
379 798 528 869 χώρα
563 802 674 862 τοῖς
703 801 1004 871 ἐλαχίστοις
1041 806 1169 875 ἡμῖν
1210 808 1345 875 πρὸς
1376 810 1474 880 τὴν
1503 811 1602 877 τῆς
1638 828 1751 865 κοι-

184 888 293 957 νῆς
348 889 647 961 Δεσποίνης
712 894 868 961 ἡμῶν
900 896 944 926 ⁸ο
979 898 1177 966 τιμήν;
1228 898 1323 960 Τίς
1356 900 1411 952 δὲ
1467 901 1508 932 ’⁸
1572 902 1751 965 ἱκανὸς

188 980 528 1033 καταλαϐεῖν
580 996 702 1035 τινα
755 981 884 1036 θέαν
918 985 975 1037 ὲν
1005 985 1146 1038 οὕτω
1195 986 1465 1059 θεσπεσίῳ
1520 990 1748 1061 θεάτρῳ,

180 1069 278 1121 καὶ
331 1070 639 1139 καλλίστης.
678 1073 920 1139 ὁράσεως
973 1075 1143 1145 βραχύ
1194 1093 1247 1129 τι
1280 1080 1749 1148 παραπολαῦσαις

182 1154 315 1227 Ἆρ’
344 1160 447 1213 οὐκ
480 1160 761 1228 ἑδείσατες
826 1164 960 1234 Οὐχὶ
1008 1166 1083 1233 μὴ
1127 1167 1378 1234 κατόπιν,
1420 1169 1449 1222 ὃ
1473 1170 1537 1241 δή
1567 1187 1747 1239 φασιν,

182 1247 436 1318 [λθοιμεν
458 1251 502 1283 ι’
538 1252 734 1321 ἑορτῆς
768 1268 784 1317 ;
832 1252 992 1307 Ἀλλὰ
1032 1254 1092 1308 τὺ
1125 1255 1423 1328 δεινότερον
1485 1260 1586 1327 ἔτι,
1650 1262 1749 1332 μὴ,

181 1341 280 1393 καὶ
307 1346 593 1410 παρόντες,
635 1344 975 1414 ἁμάρτοιμεν
1002 1345 1195 1415 αὐτῆς,
1229 1348 1301 1413 ὡς
1335 1351 1544 1415 ἀνάξιοι
1577 1371 1594 1419 ;

1849 635 2054 689 tionem
2090 639 2397 708 contingit!
2453 638 2588 693 Cum
2636 640 2775 693 enim
2828 640 2918 695 Dei
2966 641 3228 700 Genitriei
3278 653 3389 702 tam

1846 726 2045 781 nobilis
2065 739 2133 781 ex
2157 728 2420 797 ejusmodi
2442 738 2710 784 conventu
2737 731 2843 799 jam
2872 742 3058 802 parata
3082 735 3153 790 sit
3178 750 3399 809 pompa,

1848 819 2036 887 ecquis
2077 818 2233 874 nobis
2267 820 2503 877 minimis
2542 822 2697 878 locus
2724 823 2795 877 ibi
2826 824 3042 881 dabitur
3070 868 3084 894 ,
3136 829 3203 883 ad
3246 845 3404 884 com-

1849 922 2066 963 munem
2095 908 2374 964 Dominam
2404 922 2646 967 nostram
2693 914 3105 973 honorandam‘l
3138 921 3339 989 Ecquis
3370 936 3403 975 e

1849 995 2011 1050 nobis
2061 997 2255 1063 dignus
2301 1006 2424 1066 est,
2456 1009 2513 1054 ut
2550 1001 2601 1053 in
2644 1002 2913 1056 theatrum
2978 1007 3112 1063 adeo
3160 1008 3403 1066 divinum

1847 1082 1932 1139 vel
1959 1084 2149 1139 oculos
2182 1086 2389 1154 iuiiciat
2413 1127 2428 1154 ,
2464 1097 2519 1142 et
2542 1091 2912 1157 pulcherrimo
2940 1095 3133 1151 horum
3172 1112 3399 1171 aspectu

1848 1175 1931 1229 vel
1964 1176 2141 1231 obiter
2168 1178 2236 1232 ad
2285 1180 2497 1234 brevem
2532 1183 2769 1251 aliquam
2802 1184 2990 1240 horam
3044 1189 3359 1257 perfruatur
3388 1230 3400 1248 .

1848 1264 2123 1337 Numquid
2179 1283 2287 1324 non
2340 1284 2438 1325 vos
2493 1280 2699 1329 tremor
2744 1277 3076 1345 occupavit?
3128 1278 3407 1349 Numquid

1848 1371 1977 1421 non,
2014 1360 2159 1429 quod
2188 1364 2378 1431 utique
2417 1372 2499 1419 est
2551 1366 2606 1419 in
2646 1370 2929 1435 proverbio
2959 1413 2974 1437 ,
3034 1380 3159 1442 post
3208 1371 3405 1429 festum

181 1434 582 1528 occurremus?
612 1435 821 1496 Nonne.
847 1437 989 1506 quod
1024 1438 1186 1495 etiam
1232 1442 1454 1512 gravius
1486 1452 1567 1499 est
1592 1485 1609 1510 ,
1639 1444 1749 1501 etsi
1782 1458 2075 1517 praesentes
2099 1452 2239 1509 festo
2267 1462 2530 1522 astemus,
2596 1434 2839 1528 ejusdem
2904 1434 3082 1517 tamen
3141 1474 3409 1528 exsortes.

186 1535 379 1594 utpote
414 1525 641 1598 indigni,
676 1530 1051 1584 manebimus?

267 1620 428 1675 ’Δλλά
465 1638 555 1691 μοι
578 1621 627 1653 ⁸³
672 1620 923 1691 θαρσεῖτε
943 1640 958 1655 ·
1011 1624 1187 1696 μάτην
1219 1626 1325 1697 γὰρ
1357 1629 1389 1699 ή
1418 1628 1607 1695 δειλία,
1634 1630 1727 1685 καὶ

180 1710 245 1765 τὸ
300 1711 421 1774 δέος
469 1714 571 1767 οὐκ
615 1714 695 1776 είς
759 1714 973 1785 καιρόν.
1007 1716 1104 1778 Τίς
1128 1718 1236 1787 γὰρ
1263 1717 1409 1788 αὕτη
1433 1720 1527 1773 καὶ
1558 1720 1744 1789 πόθεν,

1927 1633 2315 1693 Verumtamen
2344 1641 2485 1695 bono
2517 1638 2717 1703 animo,
2750 1653 2952 1706 quaeso,
2981 1647 3153 1697 estote
3185 1660 3199 1696 :
3227 1642 3408 1700 inanis

1852 1724 1997 1781 enim
2023 1736 2108 1782 est
2148 1728 2248 1783 iste
2280 1737 2477 1794 metus,
2528 1744 2702 1800 neque
2735 1732 2823 1785 hic
2864 1732 3025 1786 timor
3069 1741 3409 1803 opportunus

180 1803 315 1905 περὶ
334 1805 400 1905 ἢν
497 1802 622 1905 ξένη
646 1808 802 1905 τιμὴῙ
836 1807 946 1905 καὶ.
977 1805 1037 1859 τὸ
1083 1809 1181 1878 τῆς
1229 1808 1387 1878 δόξης
1418 1811 1745 1882 ἀπρόσιτονς

1853 1829 1998 1869 nunc
2021 1815 2240 1871 accidit.
2280 1814 2410 1882 Quae
2440 1818 2585 1873 enim
2620 1829 2673 1873 et
2709 1819 2850 1875 unde
2874 1820 2975 1875 ista
3006 1802 3121 1886 est,
3140 1822 3227 1875 cui
3255 1837 3411 1891 pere-

182 1893 301 1946 Οΰκ
335 1893 395 1958 ιε
427 1892 584 1965 ἡμῶν
630 1893 739 1948 τῶν
777 1894 1121 1965 ἁνθρώπωνς
1171 1899 1262 1962 Ἐξ
1302 1900 1457 1970 ἡμῶν
1505 1900 1700 1973 δηλαδή
1735 1920 1751 1937 ν

181 1986 279 2038 καὶ
337 1986 444 2039 κᾶν
493 1985 633 2057 ὑπὲρ
688 1985 998 2057 ἄνθρωπον,
1033 1990 1167 2043 ἀλλὰ
1214 1990 1519 2059 ἄνθρωπος.
1554 1993 1696 2062 Τί,δ’
1727 1998 1754 2050 ὀ

180 2077 389 2147 ταύτην
419 2075 647 2141 δοξάσας
674 2076 766 2129 επὶ
795 2078 1081 2145 τοσοῦτο-ις
1131 2081 1265 2150 Οὐχὶ
1305 2082 1399 2134 καὶ
1428 2084 1589 2146 αὐτὸς
1636 2084 1755 2138 καθ’

182 2169 331 2237 ἡμᾶς
356 2166 463 2219 ἀπὸ
492 2166 697 2236 ταύτης
720 2166 787 2218 δι’
824 2167 1259 2238 εὐσπλαγχνίαν,
1314 2171 1342 2223 ὁ
1379 2172 1473 2224 καὶ
1504 2172 1609 2243 πρὸ
1626 2173 1755 2225 ταύ-

182 2274 280 2327 της
337 2258 590 2327 ἀρρήτως
621 2258 758 2329 ὑπὲρ
791 2260 935 2328 ἡμᾶς
961 2258 1035 2311 ὢν
1067 2261 1112 2292 ³⁸
1155 2261 1279 2329 dei;
1334 2262 1454 2314 Τῶν
1478 2264 1753 2333 ἀριδήλων

185 2352 285 2404 καὶ
312 2351 491 2404 τοῦτο.
518 2351 658 2405 Κατ’
701 2351 855 2406 οὐδὲν
918 2353 1097 2405 τοίνυν
1132 2355 1346 2407 ἔλαττον
1371 2357 1464 2408 καὶ
1496 2359 1631 2425 ἡμῖν
1666 2358 1759 2409 ἀν-

186 2444 475 2497 θεκτέονη
502 2445 595 2513 ςῆς
626 2443 718 2497 τοῦ
744 2443 909 2497 καλοῦ
941 2444 1254 2515 μετουσίας.
1304 2446 1369 2499 'H
1400 2447 1506 2516 γὰρ
1565 2449 1629 2500 ὲκ
1663 2447 1758 2501 τοῦ

1852 1904 2038 1976 grinus
2066 1906 2151 1961 hic
2182 1908 2375 1972 honor,
2412 1917 2467 1964 et
2506 1910 2943 1979 incomparabilis
2971 1912 3085 1967 haec
3114 1913 3286 1982 gloria
3316 1914 3412 1968 de-

1853 1996 2057 2051 fertur?
2079 1996 2265 2053 Nonne
2296 2014 2363 2055 ex
2401 2001 2559 2055 nobis
2588 2001 2936 2057 hominibus?
2960 2002 3037 2056 Ex
3067 2003 3223 2058 nobis
3248 2018 3402 2069 sane;

1854 2097 1908 2143 et
1929 2090 2053 2143 licet
2073 2101 2360 2145 humanam
2393 2094 2756 2147 conditionem
2777 2095 3119 2149 transcendat
3140 2096 3242 2163 (7),
3270 2104 3411 2149 atta-

1856 2192 1981 2233 men
2008 2178 2168 2233 homo
2199 2187 2301 2233 est.
2333 2178 2469 2245 Quid
2496 2195 2623 2235 vero
2647 2182 2754 2246 ille,
2781 2184 2872 2249 qui
2902 2183 2965 2235 ad
2994 2190 3197 2234 tantum
3230 2183 3412 2251 gloriae

1856 2267 1996 2322 hanc
2032 2269 2313 2337 provexit?
2342 2270 2534 2324 Nonne
2584 2278 2637 2325 ct
2683 2272 2798 2340 ipse
2830 2281 3047 2339 propter
3097 2270 3416 2324 misericor-

1855 2357 1998 2411 diam
2037 2373 2187 2412 suam
2226 2360 2292 2415 ab
2345 2375 2405 2415 ea
2455 2369 2616 2415 natus
2663 2369 2746 2415 est
2797 2360 2960 2415 homo
3007 2360 3163 2414 nobis
3200 2360 3414 2427 similis,

1854 2450 1943 2518 qui
1979 2450 2168 2516 utique
2213 2459 2336 2505 ante
2387 2449 2560 2520 ipsam
2590 2490 2605 2515 ,
2644 2459 2835 2504 natura
2874 2452 2972 2503 hac
3023 2459 3209 2503 nostra
3250 2464 3416 2520 supra

186 2536 381 2600 γένους
438 2534 711 2598 οἰκείωσις
758 2536 942 2605 ὀρέγει
998 2536 1098 2605 τὴν
1161 2538 1515 2606 παρῤησίαν’
1548 2538 1641 2590 καὶ
1664 2538 1754 2609 τὴν

1857 2556 2020 2609 quam
2051 2542 2155 2595 dici
2189 2543 2360 2611 possit
2391 2543 2717 2611 prmeelsior,
2751 2544 2818 2596 ab
2846 2550 3047 2595 aeterno
3080 2540 3416 2595 exsistebat?

189 2626 354 2693 φύσιν
404 2626 500 2697 οὐχ
551 2628 705 2690 ὅπως
736 2626 1165 2698 ἁνθισταμένην,
1199 2626 1333 2681 ἀλλὰ
1360 2629 1452 2681 καὶ
1476 2629 1754 2699 συμπράτ-

1860 2632 1925 2686 Ει
1952 2632 2053 2687 hoc
2084 2647 2304 2702 prorsus
2334 2633 2708 2689 manifestum.
2758 2633 2938 2689 Nihilo
2971 2634 3133 2704 igitur
3165 2634 3342 2686 minus
3363 2641 3416 2686 et

191 2735 287 2770 του
296 2734 396 2771 σαν
430 2716 646 2788 ἔχομεν.

1860 2736 1961 2776 nos
1986 2722 2291 2777 communis
2329 2723 2455 2777 boni
2490 2724 2781 2793 participes
2807 2740 2929 2778 esse
2958 2724 3236 2778 debemus.
3281 2720 3413 2774 Nam

190 2828 311 2882 quae
342 2828 406 2867 ex
444 2814 717 2867 communi
767 2827 960 2884 genere
994 2811 1168 2869 oritur
1197 2811 1563 2875 necessitudo,
1610 2814 1748 2867 hanc
1788 2815 1947 2884 plane
1978 2815 2290 2872 facultatem
2325 2817 2488 2885 facit;
2560 2831 2659 2872 nos
2739 2832 2898 2887 porro
2946 2832 3053 2871 non
3102 2817 3260 2871 modo
3312 2831 3421 2871 non

192 2912 548 2978 pugnantem,
588 2904 697 2959 imo
737 2918 861 2959 vero
888 2918 1183 2958 consonam
1231 2908 1479 2956 naturam
1523 2903 1811 2959 habemus.

282 3019 373 3081 Ὠς
404 3015 596 3083 ὄφελον
626 3014 767 3068 οὕτω
790 3016 885 3069 καὶ
913 3014 1003 3067 τὸν
1041 3014 1240 3084 τρόπον
1269 3014 1483 3084 ἔχοιμεν
1511 3015 1754 3086 συναιρόε

1942 3017 2119 3087 Atque
2154 3018 2358 3073 utinam
2393 3024 2446 3071 et
2479 3017 2692 3071 vivendi
2736 3018 2997 3072 rationem
3048 3016 3165 3085 pari
3225 3017 3421 3071 elatam

198 3126 381 3177 μενον.
412 3109 511 3160 “Av
561 3106 672 3175 γὰρ
703 3106 768 3176 δὴ
793 3106 889 3159 καὶ
935 3104 1091 3158 τοῦτο
1126 3107 1325 3174 προσῇ,
1353 3104 1639 3174 θαυμαστή
1680 3121 1754 3167 τις

1870 3110 2149 3164 nobilitate
2202 3108 2564 3164 servaremus!
2602 3107 2659 3161 Si
2720 3108 2859 3161 enim
2904 3107 3063 3161 etiam
3121 3121 3298 3160 mores
3349 3107 3423 3161 ita

194 3170 421 3271 εὐτυχία
445 3199 505 3252 τδ
531 3170 786 3268 πράγμα,
845 3196 942 3250 καὶ
986 3170 1183 3266 μηκέτι
1236 3170 1513 3265 μέλλωμεν
1556 3170 1754 3264 ἄνθρω-

1864 3196 2191 3266 compositos
2221 3212 2548 3265 gereremus,
2577 3198 2630 3250 in
2661 3200 2846 3250 miram
2877 3197 3159 3266 quamdam
3194 3195 3424 3248 felicita-

193 3310 307 3357 ποι,
340 3290 472 3343 ἀλλὰ
520 3292 632 3351 τοῖς
686 3288 941 3355 ἀγγέλοις
991 3285 1318 3355 θαρροῦντες
1353 3287 1581 3348 ἑαυτοὺς
1630 3288 1754 3340 ἀνα-

1858 3293 1964 3341 tem
1996 3302 2084 3341 res
2117 3295 2227 3339 tota
2257 3295 2509 3345 verteret.
2545 3296 2599 3341 et
2622 3302 2746 3340 mox
2778 3303 2881 3340 non
2906 3287 3134 3355 amplius
3162 3285 3415 3339 homines

200 3384 473 3452 μίξωμεν.
528 3381 602 3433 Οὑ
643 3379 750 3449 γὰρ
781 3379 958 3441 κτίσις
1013 3377 1248 3431 ἐνταῦθα
1303 3377 1401 3445 τῆς
1456 3377 1608 3441 ἀξίας
1658 3376 1754 3429 τῶι

1863 3390 2131 3438 essemus,
2167 3375 2262 3429 sed
2297 3389 2419 3428 cum
2455 3376 2647 3429 iidncia
2680 3376 3038 3440 nosmetipsos
3073 3375 3280 3443 angelis
3306 3387 3430 3443 per-

200 3474 437 3544 φύσεων,
490 3472 625 3526 ἀλλὰ
681 3471 944 3541 θυμηδίας
1005 3469 1301 3538 ἰσομοιρία,
1355 3469 1554 3537 μᾶλλον
1583 3469 1639 3519 δὲ
1676 3468 1754 3520 κα¹

1865 3467 2246 3548 misceremus.
2276 3464 2463 3533 Neque
2497 3467 2639 3520 enim
2676 3482 2739 3520 ex
2787 3479 3098 3520 naturarum
3144 3465 3428 3519 nobilitate

199 3569 303 3619 τῶν
334 3568 549 3635 φύσεων
578 3564 824 3619 ἱντεῦθεν
858 3562 1098 3632 ίσοτιμία
1115 3562 1181 3626 ⁸⁸,
1217 3560 1304 3613 διὰ
1336 3560 1426 3611 τὸν
1470 3561 1532 3611 ἐκ
1584 3558 1754 3612 τοιαύ‹

1866 3571 1955 3611 res
1988 3557 2110 3611 heic
2143 3556 2495 3623 dijudicatur,
2529 3556 2621 3610 sed
2656 3571 2753 3624 par
2777 3556 3027 3610 omnibus
3067 3571 3129 3609 ex
3163 3554 3428 3623 mquojus

198 3677 299 3727 της
330 3661 462 3728 ἡμῖν
483 3654 812 3727 ὁμοιωθέντα
845 3654 1067 3724 μητρὸς,
1122 3653 1217 3704 καὶ
1234 3651 1345 3712 τοῖς
1368 3648 1709 3717 ἐπουρανίοις
1726 3648 1754 3678 ²⁴

1870 3654 1955 3703 est
2013 3646 2409 3716 participanda:
2469 3648 2692 3711 laetitiae;
2749 3663 2842 3701 seu
2893 3648 3085 3701 melius
3141 3645 3428 3708 dixerim,

200 3750 479 3803 ινιώσαντα
514 3745 830 3818 θεοπρεπῶς
856 3746 923 3798 τὰ
968 3743 1204 3812 ἐπίγεια.

1873 3738 2098 3807 aequalis
2130 3737 2373 3807 ipsarum
2404 3752 2618 3806 quoque
2649 3744 2966 3792 naturarum
3006 3737 3197 3790 exinde
3243 3735 3298 3787 tit
3328 3734 3427 3787 ho-

199 3858 302 3897 nor
336 3851 553 3909 propter
586 3840 758 3906 illum,
782 3838 874 3908 qui
906 3851 1001 3908 per
1027 3844 1135 3891 tam
1167 3833 1485 3907 pracelsam
1520 3840 1751 3888 matrem
1792 3830 1971 3888 iactus
2016 3840 2101 3888 est
2133 3830 2295 3887 nobis
2376 3829 2571 3887 similis
2596 3868 2612 3897 ,
2664 3839 2720 3887 et
2789 3831 3066 3887 terrestria
3120 3827 3431 3885 coelestibus

200 3933 469 3990 divinitus
502 3930 810 4001 conjunxit.

276 4048 353 4100 Z'.
387 4043 689 4116 Τοιγαροῦν
747 4043 870 4097 ἐπεὶ
898 4040 1071 4097 ταῦτα
1099 4039 1193 4094 καὶ
1213 4038 1471 4095 τοσούτου
1498 4038 1754 4109 θεάματος

1943 4031 2057 4086 VII.
2093 4031 2539 4102 Quandoquidem
2572 4044 2701 4099 ergo
2746 4028 2897 4083 hisce
2937 4027 3003 4081 de
3058 4025 3241 4116 causis
3273 4021 3427 4116 digni

209 4134 537 4207 μεταλαϐεῖν
559 4114 898 4204 ἄειούμεθαο
929 4132 1022 4186 ἐπὶ
1046 4130 1220 4200 τούτῳ
1252 4130 1381 4219 γὰρ,
1417 4129 1511 4182 καὶ
1552 4126 1754 4219 συνεληε

1873 4124 2046 4182 effecti
2091 4137 2302 4188 sumus,
2350 4131 2410 4177 ut
2446 4123 2610 4176 etiam
2644 4130 2749 4173 tam
2784 4117 2908 4172 miri
2938 4114 3229 4185 spectaculi
3261 4115 3429 4183 parti-

214 4203 474 4298 λύθαμενε
504 4203 827 4296 τιμήσωμεν
858 4226 1038 4293 ἁγνῶς
1067 4221 1167 4292 τὴν
1199 4218 1497 4293 Παρθένον,
1528 4215 1754 4311 τὴνᾼδίη·

1870 4217 2023 4289 cipes
2060 4215 2261 4278 simus;
2293 4227 2417 4267 nam
2462 4219 2515 4267 et
2558 4219 2775 4281 propter
2824 4209 2931 4263 hoc
2984 4206 3125 4260 idem
3170 4206 3227 4258 in
3278 4203 3426 4257 hunc

215 4322 342 4390 τέρα
380 4318 641 4388 γνησίως,
670 4317 770 4385 τὴν
822 4316 1061 4386 Νύμφην
1120 4312 1451 4377 πολυτελῶς,
1502 4309 1598 4380 τὴν
1631 4308 1754 4363 δεδο

1871 4314 2071 4363 cretum
2142 4306 2527 4368 convenimus;
2587 4303 2740 4373 puris
2792 4299 3065 4355 mentibus
3113 4298 3433 4365 Virginem,

208 4387 484 4479 ξασμὲνην
526 4406 776 4473 ενδόξως,
812 4404 1196 4475 ὕπερκοσμίως
1239 4403 1337 4473 τὴν
1360 4401 1730 4471 ὑπερκόσμιον

1874 4399 2091 4454 sincero
2122 4395 2313 4450 affectu
2352 4393 2577 4449 Matrem
2607 4433 2621 4459 ,
2658 4390 2941 4461 magniﬁce
2975 4388 3264 4458 Sponsam.
3313 4387 3430 4454 glo-

207 4475 449 4570 καθαροὶ.
472 4498 541 4550 τὰ
569 4495 885 4562 καθήκοντα
910 4495 977 4563 τῇ
1012 4492 1230 4562 καθαρᾷ
1276 4490 1754 4561 λειτουργήσωμεν

1850 4492 2023 4558 ,τὶοεε
2055 4486 2405 4558 refulgentem
2438 4484 2630 4555 gloria,
2671 4482 2903 4538 terrenis
2930 4478 3181 4535 omnibus
3217 4475 3432 4547 praecel-

208 4587 449 4651 εὐλαϐῶς
480 4588 545 4657 τῇ
573 4584 860 4654 Δεσποίνῃ,
884 4584 951 4653 τῇ
992 4581 1229 4634 Βασιλίὸι
1248 4579 1518 4649 λαμπρῶς
1546 4579 1614 4631 τὰ
1642 4577 1754 4650 πρὸς

1882 4584 2082 4640 siorem
2143 4578 2397 4635 laudibus
2445 4591 2554 4631 non
2606 4572 2838 4629 terrenis
2894 4571 3270 4625 honoremus:
3318 4581 3435 4635 qua

210 4678 511 4748 θεραπείαν
541 4674 969 4743 ἐπιτελέσωμεν.
996 4670 1177 4739 Μηδὲν
1206 4671 1313 4723 τῶν
1339 4669 1588 4737 ἁνάγνων
1611 4685 1754 4739 προσ

1881 4690 2071 4747 puram
2103 4674 2352 4740 deceant,
2383 4684 2539 4725 sacra
2570 4666 2690 4737 puri
2738 4678 3082 4735 peragamus,
3129 4665 3436 4715 reverenter

217 4768 470 4840 φερέσθω
498 4769 565 4836 τῇ
602 4762 865 4833 παναγίᾳ,
904 4763 1067 4831 μηδὲν
1101 4759 1208 4812 τῶν
1231 4761 1381 4814 κάτω
1406 4760 1673 4827 κειμένων
1708 4760 1754 4828 τῇ

1881 4767 2142 4828 Dominae,
2166 4761 2441 4833 splendide
2468 4759 2685 4830 Regina
2715 4756 3065 4810 exhibeamus
3096 4750 3435 4850 famulatum:

214 4836 321 4915 τῶν
353 4858 595 4926 οὐρανῶν
620 4854 916 4926 ὑπερτέρᾳ·
958 4850 1098 4905 ἔστω
1126 4849 1395 4921 κράτιστα
1419 4848 1612 4912 πάντα,
1668 4848 1754 4902 και

1876 4850 2024 4907 Nihil
2058 4865 2166 4906 non
2202 4864 2393 4911 Durum
2424 4847 2783 4904 sanctissimae
2801 4842 3079 4899 oﬂ‘eratur:
3113 4839 3266 4906 nihil,
3291 4836 3437 4909 quod

1550 5036 1749 5099 Varia)
1778 5033 2108 5097 lectiones.

2017 5182 2059 5213 ’ί
2091 5179 2187 5235 Hic
2229 5178 2405 5234 Vatic.
2456 5175 2805 5244 addithpt‘ov.
2872 5173 2923 5244 _”
2949 5168 3115 5223 Laur.
3166 5162 3437 5244 ,ἔλθωμεν

290 5199 329 5231 ¹⁹
366 5195 505 5251 Cod.
548 5195 712 5249 Laur.
766 5190 1086 5246 δοθείσεται.
1216 5189 1263 5220 ¹⁶
1293 5188 1455 5242 Abest
1478 5185 1641 5256 ἡμῶν
1678 5200 1703 5237 a
1739 5184 1754 5221 Ὺ

290 5263 397 5300 fimi
458 5265 598 5300 Innr
652 5261 764 5300 ἀλλ’
825 5262 971 5300 sum,
1016 5260 1062 5291 ιδ
1089 5258 1215 5300 Emi,
1248 5248 1530 5300 Lantr‘nv-
1618 5253 1754 5300 "Cn

1850 5184 1911 5237 ic.
2017 5183 2059 5213 ’ί
2092 5183 2187 5235 Hic
2229 5183 2405 5234 Yatic.
2456 5183 2805 5244 Ἆᾱαὶιὴμῶν.
2879 5183 2923 5203 "
2949 5183 3115 5223 Laur.
3196 5183 3437 5230 ειυωμεν

1852 5252 2019 5300 Laur.
2048 5248 2385 5300 ἀνθεκταῖον.
2501 5247 2548 5278 ’⁸
2575 5245 2789 5300 Absunt
2820 5239 3036 5296 aLaur.
3080 5232 3209 5292 cod.
3254 5232 3440 5289 verba.

220 5248 421 5321 "coli.
456 5248 617 5319 Laur.
652 5261 764 5316 ἀλλ’
825 5262 976 5329 ἆμοι.
1016 5260 1062 5291 ιι
1089 5258 1220 5329 God.
1248 5256 1411 5329 Laur.
1434 5248 1534 5329 es.“
1618 5253 1754 5329 ’χορ

1852 5252 2019 5329 L_aur.
2048 5248 2385 5329 ανθεκταῖον.

221 5318 420 5407 μᾶλλον
440 5318 496 5388 εξ
524 5332 745 5387 καὶτῶν
772 5318 986 5399 φύσεων
1014 5326 1260 5381 ἐντεῦθεν
1296 5324 1557 5393 ἰσοτιμία.
1634 5324 1677 5355 ’⁷
1713 5321 1845 5375 Cod.
1879 5319 2044 5374 Laur.
2070 5321 2141 5372 t1:
2185 5318 2476 5388 οὐρανίοις.

1726 5461 1928 5521 Notae.

288 5612 365 5683 {7)
396 5612 455 5666 Si
485 5610 780 5684 humanam
818 5608 1182 5684 conditionem
1242 5600 1600 5684 transcendit.
1634 5614 1764 5672 ergo
1874 5607 2155 5684 putarunt,
2184 5596 2791 5684 quoﬂirgoADeipara
2834 5585 3107 5650 communi
3155 5580 3433 5641 hominum

227 5672 425 5753 frustra
452 5680 613 5753 exiis
630 5677 988 5753 quaepropria
1008 5683 1134 5730 sunt
1158 5672 1771 5753 conditionisbumapﬁ
1876 5672 2006 5727 vitio
2032 5672 2231 5727 inlecta
2269 5672 2637 5725 evinceretur.

229 5750 573 5807 ineluctabile
626 5738 903 5819 quoddam
964 5750 1348 5817 argumentum
1387 5740 1511 5798 duci
1558 5738 1777 5811 quidam
2128 5756 2131 5759 <
