4126 6338
657 412 793 479 1033

651 613 743 670 nia
775 622 999 682 prorsus
1027 605 1228 662 eximis
1258 605 1389 668 sint,
1421 602 1605 657 omnia
1632 598 2014 654 munificentiae
2044 599 2214 658 deco-

649 707 838 778 risque
861 705 1043 784 plena,
1074 711 1127 757 et
1156 714 1367 769 pompae
1395 706 1502 752 tam
1537 704 1780 765 augustae
1807 733 1824 761 ,
1868 704 2034 768 atque
2081 709 2217 751 con-

650 808 852 856 ventus
889 793 1226 852 solemnitati
1256 805 1522 860 congrua.

721 894 901 961 Atque
926 905 1028 958 ego
1069 885 1306 956 quidem,
1344 899 1464 954 qua:
1507 884 1571 938 ad
1618 881 1901 939 abeuntem
1930 881 2217 937 Dominam

650 981 1022 1038 deducendam
1050 984 1317 1048 spectant,
1342 977 1674 1040 deeantabo;
1704 982 2011 1031 vosautem
2037 971 2126 1028 alii
2153 987 2220 1028 ex

654 1083 814 1142 parte
873 1076 1086 1125 Vosmet
1138 1067 1519 1124 consociantes
1569 1065 1742 1122 fausta
1787 1068 2123 1132 acclamate,
2167 1072 2221 1122 et

654 1163 799 1234 quod
832 1161 1065 1231 quisque
1101 1159 1300 1230 possit,
1357 1165 1622 1228 quantum
1679 1157 1731 1214 in
1787 1175 1846 1216 se
1896 1168 2002 1224 est,
2056 1159 2221 1214 simul

655 1267 848 1309 omnes
874 1251 1189 1314 ofi‘erentcs,
1225 1250 1491 1306 solemnia
1539 1264 1754 1305 meeum
1793 1250 2094 1320 parentalia
2125 1249 2221 1306 de-

654 1353 842 1401 center
893 1343 1207 1410 persolvite.
1257 1341 1646 1397 Verumtamen
1698 1357 1806 1397 non
1859 1342 1958 1396 abs
2014 1357 2072 1397 re
2117 1342 2224 1397 erit

656 1434 922 1490 sermonis
946 1435 1227 1491 exordium
1253 1435 1417 1506 paulo
1447 1435 1612 1492 altius
1638 1436 1881 1508 petiisse,
1905 1445 1962 1490 ut
1985 1436 2225 1506 Deipara

656 1525 842 1599 laudes
877 1540 906 1578 ρ
943 1526 1129 1583 divino
1160 1537 1318 1596 partu
1349 1528 1636 1595 deducam,
1667 1537 1720 1584 et
1748 1529 1976 1600 egregia:
2010 1539 2221 1588 oertra-

657 1616 878 1671 ctationi
911 1618 1187 1686 egregium
1221 1612 1436 1690 initium
1469 1618 1686 1675 faciam.

732 1706 870 1768 Vill.
913 1706 1057 1774 Fuit,
1085 1709 1304 1778 quando
1345 1710 1578 1765 mundus
1619 1711 1827 1767 alienus
1860 1719 1912 1766 et
1968 1711 2224 1768 inimicus

658 1803 776 1850 erat
823 1796 1047 1861 mundo,
1100 1798 1351 1865 videlicet
1391 1800 1736 1868 aspectabilis
1784 1800 1870 1854 hic
1923 1801 2222 1867 invisibili,

661 1888 1038 1955 corruptibilis
1086 1889 1425 1957 incorrupto,
1478 1890 1724 1946 dilabens
1776 1892 2001 1947 firmiter
2048 1895 2229 1949 consi-

662 1979 848 2038 stenti.
886 1985 939 2032 et
987 1987 1254 2033 creatura:
1284 1989 1473 2034 contra
1506 1982 1680 2049 ipsum
1714 1982 2026 2038 Creatorem
2069 1999 2226 2039 suum

663 2068 828 2138 impie
865 2070 1096 2124 rebelles
1121 2078 1296 2125 erant.
1344 2071 1411 2124 Et
1445 2073 1584 2126 alter
1621 2074 1836 2141 quidem
1875 2074 2227 2131 Conditorem

662 2163 946 2229 proprium
975 2202 990 2226 ,
1031 2171 1087 2215 ut
1127 2178 1225 2232 par
1257 2174 1362 2226 est,
1399 2165 1767 2229 reverebatur,
1799 2167 1956 2236 eique
2001 2168 2228 2238 gloriam

662 2251 921 2306 reddebat
956 2261 1009 2306 et
1041 2254 1335 2320 honorem;
1371 2254 1505 2308 alter
1538 2270 1664 2308 vero
1691 2257 1856 2310 animi
1885 2258 2131 2311 socordia
2161 2258 2229 2312 ab

664 2358 730 2398 eo
757 2345 844 2411 qui
872 2351 976 2406 est,
1010 2343 1306 2410 declinans,
1344 2346 1612 2402 abductus
1651 2355 1735 2400 est
1768 2347 1835 2400 ad
1864 2364 1925 2403 ea
1959 2365 2080 2418 quae
2120 2365 2228 2404 non

665 2439 826 2496 sunt;
883 2440 937 2484 et
985 2440 1241 2501 tanquam
1293 2433 1560 2489 beneﬁcos
1618 2437 1782 2490 stulte
1818 2441 2100 2506 amplexus
2147 2449 2231 2495 est

665 2521 930 2583 inimicos,
967 2532 1016 2575 et
1049 2537 1141 2590 per
1169 2524 1452 2592 segnitiem
1486 2525 1783 2598 errorivceu
1812 2528 2018 2582 veritati
2048 2529 2232 2582 adhae-

666 2610 756 2664 sit.
791 2609 926 2662 lline
952 2611 1129 2666 nobile
1163 2614 1262 2668 hoc
1299 2613 1386 2667 Dei
1418 2630 1556 2683 opus
1592 2617 1895 2671 exitialium
1923 2618 2228 2673 dmmonum

667 2699 723 2752 flt
785 2701 1122 2767 ludibrium;
1157 2711 1210 2755 et
1248 2702 1300 2756 in
1358 2705 1741 2759 contumeliam
1779 2707 2054 2776 archetypi
2105 2722 2233 2776 pro-

668 2789 916 2842 culeatur
944 2791 1087 2858 quod
1119 2791 1183 2843 ad
1219 2791 1459 2859 ejusdem
1487 2793 1772 2862 imaginem
1804 2794 2003 2848 factum
2033 2795 2228 2857 fuerat;

668 2884 723 2930 et
761 2887 1095 2944 comparatus
1129 2887 1204 2934 est
1227 2879 1484 2947 jumenlis

670 2968 734 3020 ab
768 2969 964 3036 angelis
1003 2967 1046 3021 τ.

744 3058 837 3112 IX.
873 3059 1078 3113 Exinde
1114 3075 1244 3114 vero
1279 3059 1441 3123 illius,
1483 3061 1575 3129 qui
1608 3043 1778 3116 nescit
1800 3063 1944 3120 affici
1969 3105 1982 3128 ,
2024 3065 2232 3119 viscera

1531 2893 1573 2946 ε,
1607 2881 1693 2949 qui
1722 2883 1881 2948 paulo
1916 2885 2088 2937 minus
2120 2893 2234 2936 erat

1825 398 2148 460 JOANNIS
2172 395 2745 466 EUCHAITENSiS

651 534 852 578 terram
884 514 1147 578 redoleat,
1178 511 1277 578 illi,
1305 525 1426 583 quae
1458 508 1614 576 caelis
1642 516 1724 564 est
1753 509 2073 576 sublimior;
2101 523 2216 564 om-

2334 508 2720 578 μεγαλοπρεπῆ
2748 507 2792 538 ¹⁶
2827 545 2842 569 ,

3756 390 3885 458 1084

2907 507 2999 559 καὶ
3066 505 3325 574 φιλότιμα
3359 547 3371 570 ,
3424 504 3521 560 καὶ
3582 506 3881 580 τηλικαύτῃ

2319 602 2513 671 πομπῇ
2548 601 2641 652 καὶ
2666 599 2973 669 πανηγύρει
3015 599 3380 670 προσήκοντα.

2401 871 2541 939 Ἐγὼ
2567 870 2668 940 μὲν
2693 870 2882 941 ὲπᾴσω
2904 873 2971 942 τῇ
2991 873 3256 944 Δεσποίνῃ
3271 873 3338 926 τὰ
3357 878 3792 947 προπεμπτήρια
3815 878 3881 924 ⁸9-

2320 962 2477 1032 ὑμεῖς
2508 961 2565 1015 δὲ
2593 963 2814 1017 ἄλλοθεν
2843 963 3002 1025 ἄλλος
3032 962 3340 1027 ἀκολούθως
3372 965 3766 1038 ἐπευφημεῖτε,
3791 972 3884 1026 λαὶ

2320 1056 2381 1110 τὸ
2433 1056 2570 1129 πρὸς
2591 1055 2820 1122 δύναμιν
2843 1055 3073 1118 ἕκαστος
3093 1056 3224 1126 παρ’
3247 1057 3440 1112 ἑαυτοῦ
3492 1062 3885 1134 συνεισφέρων,

2321 1151 2420 1218 τὴν
2442 1151 2596 1205 ὁσίαν
2620 1149 2810 1212 αίσίως
2857 1148 2958 1218 τῆς
2992 1148 3185 1218 ἑορτῆς
3214 1150 3604 1230 συμπληροῦτέ
3660 1172 3769 1224 μοι.
3809 1159 3882 1210 Οὐ

2321 1245 2500 1315 χεῖρον
2523 1242 2724 1312 μέντοι,
2758 1242 2851 1294 τὸν
2903 1239 3063 1308 λόγον
3113 1242 3376 1312 ἀνωτέρω
3403 1250 3773 1315 προαγαγεῖν,
3819 1250 3886 1302 ἵν’

2323 1332 2431 1388 ἀπὸ
2461 1332 2556 1386 τοῦ
2591 1332 2752 1385 τόκου
2777 1329 2872 1384 τοῦ
2917 1330 3063 1384 θείου
3119 1334 3337 1404 τιμήσω
3362 1334 3460 1406 τὴν
3487 1335 3774 1403 Θεοτόκον,
3799 1345 3892 1394 καὶ

2323 1425 2493 1499 καλὴν
2516 1425 2690 1498 ἀρχὴν
2714 1425 2897 1480 ὑποθῶ
2925 1427 3072 1498 καλῷ
3121 1426 3431 1499 πράγματι.

2384 1696 2468 1754 Ην.
2557 1695 2636 1749 Ην
2680 1695 2770 1748 ὅτε
2800 1694 3003 1763 κόσμος
3039 1694 3176 1766 πρὸς
3230 1698 3434 1767 κόσμον
3461 1697 3756 1770 ἀλλοτρίως
3779 1697 3892 1771 εἶχε

2329 1787 2426 1842 καὶ
2479 1790 2776 1859 πολεμίως,
2835 1791 2863 1842 ὀ
2887 1789 3161 1860 ὁρώμενος
3187 1784 3338 1853 οὗτος
3367 1791 3504 1860 πρὸς
3533 1791 3622 1844 τὸν
3645 1792 3892 1862 ἀόρατον,

2329 1883 2354 1933 ὁ
2377 1881 2474 1949 τῆς
2500 1879 2708 1948 φθορᾶς
2740 1880 2875 1950 πρὸς
2922 1880 3013 1932 τὸν
3038 1879 3314 1950 ἄφθαρτον
3336 1881 3402 1944 ³⁸,
3435 1881 3463 1932 6
3495 1881 3670 1934 ἀπιὼν
3691 1883 3733 1914 ³¹
3761 1883 3895 1954 πρὸς

2329 1971 2420 2022 τὸν
2449 1970 2701 2040 μένοντα,
2733 1972 2826 2024 καὶ
2849 1969 2917 2024 τά
2941 1971 2984 2002 ³¹
3015 1970 3106 2023 τοῦ
3136 1970 3299 2023 αὑτοῦ
3335 1971 3570 2024 Κτίστου
3602 1971 3893 2043 κτίσματα

2330 2065 2515 2128 κακῶς
2579 2062 2919 2127 ἐστασίαζεν.
2986 2064 3042 2116 Ὃ
3077 2064 3175 2131 μὲν
3223 2063 3320 2117 τὸν
3354 2067 3575 2129 οἰκεῖον,
3610 2066 3684 2127 ὡς
3716 2066 3894 2134 θέμις,

2330 2157 2559 2226 ποιητὴν
2617 2160 2865 2225 περιεῖπε
2885 2157 2950 2220 ³³,
3014 2156 3252 2223 κάκείνῳ
3305 2157 3403 2227 τὴν
3455 2157 3611 2222 δόξαν
3645 2158 3895 2212 ἀπεδίδου

2330 2252 2421 2303 καὶ
2448 2251 2544 2319 τὴν
2572 2251 2739 2320 τιμήν
2772 2267 2785 2280 ·
2817 2250 2843 2301 ὁ
2873 2250 2931 2302 δὲ
2969 2249 3215 2320 ῥᾳθυμίᾳ
3243 2249 3338 2302 τοῦ
3369 2250 3523 2314 ὄντος
3552 2252 3895 2322 διαμαρτὼν,

2332 2343 2616 2413 ἀπηνέχθη
2667 2343 2802 2412 πρὸς
2850 2341 2920 2394 τά
2966 2342 3038 2411 μὴ
3098 2343 3224 2394 ὄντα
3257 2356 3271 2371 ⁸
3334 2341 3430 2394 καὶ
3490 2343 3618 2405 τοὺς
3671 2344 3900 2412 ἐχθροὺς

2331 2435 2622 2504 εὐεργέτας
2697 2435 2941 2502 ἀνοήτως
2993 2433 3252 2494 ὑπέλαϐε,
3310 2433 3406 2485 καὶ
3457 2433 3532 2496 ὡς
3582 2433 3896 2504 ἀληθείᾳ’τῇ

2334 2527 2506 2598 πλάνῃ
2549 2527 2615 2578 δι’
2669 2527 3001 2595 ἀπροσεξίαν
3059 2525 3553 2593 κατηκολούθησεν.
3616 2525 3899 2580 Ἐντεῦθεν

2332 2619 2487 2672 τοῦτο
2519 2620 2577 2671 τὸ
2614 2619 2756 2688 μέγα
2785 2619 2878 2671 τοῦ
2905 2617 3040 2670 Θεοῦ
3084 2619 3295 2685 ποίημα
3346 2616 3604 2686 ὀλεθρίων
3631 2618 3901 2685 δαιμόνων

2333 2712 2542 2777 γίνεται
2577 2712 2850 2776 παίγνιονο
2889 2710 2984 2760 καὶ
3007 2708 3068 2759 τὸ
3095 2707 3217 2760 κατ’
3250 2707 3435 2760 είκόνα
3465 2710 3717 2762 πατεῖται
3768 2709 3900 2778 πρὸς

2335 2800 2490 2868 ὓϐριν
2522 2799 2616 2852 τοῦ
2649 2799 2979 2870 ἀρχετύπου*
3018 2798 3164 2850 καὶὸ
3196 2798 3370 2867 βραχὺ
3418 2799 3550 2868 παρ’
3611 2799 3879 2867 ἀγγέλους

2335 2890 2789 2960 παρασυνεσλήθη
2825 2892 2939 2950 τοῖς
2970 2890 3245 2958 κτήνεσιν.

2404 3071 2480 3123 Θ’.
2552 3071 2828 3123 Ἐντευθεν
2859 3080 2926 3122 τα
2957 3069 3235 3138 σπλάγχνα
3268 3069 3466 3138 πάσχει
3507 3069 3600 3122 τοῦ
3633 3066 3895 3130 ἀπαθοῦς·

668 3149 1009 3214 aiflciuutur;
1044 3149 1270 3204 affectus
1313 3162 1489 3205 autem
1531 3152 1806 3206 miseratio
1859 3153 1958 3206 fuit
1995 3157 2047 3208 in
2091 3170 2228 3222 opus

2336 3162 2427 3214 καὶ
2460 3160 2520 3212 τὸ
2560 3159 2751 3222 πάθος,
2799 3155 2979 3220 οἶκτος
3033 3159 3162 3226 περὶ
3197 3162 3255 3209 τὸ
3305 3157 3552 3226 πλάσμα,
3588 3159 3679 3210 καὶ
3713 3158 3899 3225 φιλαν-

672 3258 855 3304 suum,
882 3254 933 3295 et
957 3243 1197 3303 cletnens
1228 3257 1348 3312 erga
1381 3243 1627 3296 homines
1659 3245 1917 3299 Charitas.
1945 3246 2081 3299 Hinc
2111 3262 2236 3298 con-

669 3335 843 3388 silium
874 3333 1000 3386 illttd
1032 3335 1302 3402 antiquum
1341 3349 1401 3384 ac
1437 3350 1609 3385 verum
1632 3336 1677 3398 ⁸,
1711 3345 1764 3389 et
1787 3345 1992 3390 certum
2027 3337 2232 3392 ferendi

673 3424 858 3478 auilii
898 3434 1112 3492 tempus
1143 3425 1519 3479 defiuiebatur.
1563 3425 1680 3494 ipsa
1716 3439 1892 3480 autem
1932 3428 2236 3496 opitulandi

673 3519 814 3570 ratio
841 3530 1001 3584 quam
1034 3517 1189 3583 longe
1223 3525 1428 3570 naturae
1454 3517 1586 3571 lines
1613 3519 2016 3585 praetervolans,
2048 3535 2238 3589 quam-

673 3621 779 3677 que
806 3606 1120 3659 admiranda
1154 3608 1241 3659 illa
1284 3607 1421 3661 fuit!

742 3696 1043 3766 Postquam
1092 3697 1194 3750 alia
1230 3699 1556 3753 adminicula
1588 3700 1769 3756 omnia
1819 3701 1953 3756 nihil
1988 3718 2235 3772 prorece-

677 3797 820 3853 rant,
852 3790 897 3843 is
931 3789 1066 3858 ipse,
1097 3791 1186 3856 qui
1222 3791 1396 3845 omnia
1426 3801 1602 3857 portat
1636 3793 1782 3845 verbo
1819 3795 2027 3849 virtutis
2055 3812 2163 3848 suw
2185 3794 2235 3859 δ,

675 3891 950 3934 certamen
995 3880 1095 3933 hoc
1125 3879 1312 3947 subit;
1350 3892 1402 3935 et
1427 3883 1515 3950 qui
1547 3881 1690 3937 Deus
1723 3894 1804 3938 est
1833 3885 2141 3951 hominum,
2179 3889 2238 3942 fit

671 3970 838 4024 homo
883 3979 1103 4040 propter
1133 3972 1415 4037 homines;
1454 3983 1505 4027 et
1554 3974 1644 4042 qui
1682 3976 1882 4028 exultat
1921 3977 2154 4035 humiles
2189 3982 2237 4045 ί,

667 4061 742 4116 ad
788 4063 1043 4116 humilem
1095 4064 1462 4119 conditionem
1527 4081 1585 4120 se
1619 4067 1884 4132 demittit;
1938 4075 1991 4122 et
2040 4069 2237 4124 luctam

668 4159 865 4206 contra
897 4152 1270 4209 adversarium
1305 4171 1410 4210 non
1439 4171 1594 4211 secus
1623 4172 1686 4212 ac
1716 4174 1858 4214 unus
1885 4175 1915 4214 e
1941 4160 2118 4223 nobis,
2148 4164 2237 4231 qui

671 4249 1172 4318 prosternebamur,
1225 4253 1471 4321 suscipit.
1506 4255 1644 4318 Quid
1692 4256 1859 4323 enim,
1911 4258 1955 4310 si
1985 4259 2066 4311 vel
2108 4258 2225 4312 solo

678 4345 814 4390 nutu
851 4352 880 4391 e
912 4339 1087 4403 cmlo,
1125 4348 1239 4395 tuto
1282 4341 1394 4410 ipse
1433 4342 1484 4396 iu
1534 4345 1754 4398 sublimi
1791 4360 1888 4399 sua
1936 4347 2240 4404 consistens

669 4433 829 4497 sede,
876 4447 937 4485 ac
971 4434 1175 4487 nullum
1209 4436 1261 4488 in
1301 4436 1552 4492 conflictu
1590 4437 1833 4492 laborem
1892 4448 1982 4492 aut
2024 4441 2237 4509 perieu-

674 4522 790 4575 lum
833 4525 1108 4578 sustinens
1134 4565 1149 4589 ,
1207 4527 1489 4582 inimicum
1540 4531 1900 4601 perdidisset?
1940 4533 2080 4599 Quid
2111 4553 2238 4593 vero

681 4628 933 4680 magnum
983 4613 1240 4688 (fuisset),
1276 4616 1558 4689 fugitivum
1599 4620 1769 4686 illum,
1823 4623 2129 4690 improbum
2186 4637 2238 4682 et

679 4704 970 4772 ingratum,
1005 4720 1032 4758 a
1070 4705 1179 4763 Deo
1210 4709 1403 4778 subjici
1435 4712 1985 4785 Scelestissimumque
2018 4731 2234 4772 servum

679 4806 708 4844 a
741 4791 849 4846 Deo
887 4804 1104 4860 potente
1144 4797 1384 4852 vinctum
1418 4801 1651 4857 abduci?
1683 4802 1735 4857 id
1771 4807 2048 4862 enimvero
2080 4807 2236 4864 facile

681 4883 860 4950 potius
892 4884 1082 4940 fuisset
1107 4927 1120 4951 ,
1157 4904 1314 4957 quam
1352 4891 1707 4952 admiratione
1753 4897 1971 4968 dignum
2002 4943 2016 4966 ,
2056 4917 2119 4956 ac
2149 4918 2235 4958 res

681 4972 911 5027 feliciter
943 4985 1091 5044 gesta
1117 4980 1312 5034 divinas
1345 4985 1516 5053 magis
1549 4985 1874 5053 fortitudini,
1905 5006 2064 5058 quam
2087 4993 2231 5063 ejus-

677 5063 798 5116 dem
833 5078 957 5133 erga
997 5064 1242 5123 homines
1270 5071 1520 5127 eharitati
1551 5077 1866 5133 aseribenda
1897 5091 2058 5137 esset.

751 5151 946 5207 Verum
985 5156 1072 5209 ille
1112 5160 1336 5227 gloriam
1382 5178 1557 5218 meam
1609 5182 1719 5222 sua:
1752 5171 2230 5241 ipsius=°quodamo

680 5240 842 5295 modo
899 5244 1149 5314 dignitati
1199 5255 1553 5322 anteponens:
1583 5257 1636 5324 (ο
1701 5240 2085 5318 misericordiae
2134 5264 2226 5320 Dei

756 5405 780 5434 ε
809 5393 954 5451 Psal.
1006 5413 1193 5464 XLVIII,
1239 5401 1323 5457 13.
1376 5403 1427 5472 ,τ
1462 5404 1604 5459 Psal.
1644 5425 1760 5475 vni,
1795 5411 1850 5467 6.
1933 5416 1958 5455 ε
1988 5413 2092 5468 Isa.
2143 5433 2267 5481 xxv,
2304 5416 2326 5469 1
2369 5428 2482 5470 sec.
2544 5406 2709 5464 LXX.
2784 5403 3017 5474 h‘Hebr.
3069 5421 3106 5471 t,
3150 5405 3204 5458 5.

2341 3253 2553 3326 θρωπία
2617 3253 2743 3322 περὶ
2785 3251 2874 3304 τὸν
2927 3251 3232 3322 ἄνθρωπον.
3297 3249 3644 3321 Ἐντεῦθεν-1]
3701 3250 3898 3321 ἀρχαία

2342 3338 2508 3416 βουλὴ
2564 3344 2656 3396 καὶ
2718 3342 2968 3412 ἀληθινὴ,
3037 3343 3129 3394 καὶ
3184 3342 3400 3411 βοηθεῖν
3466 3342 3640 3394 ἐδόκει
3690 3343 3895 3410 καιρός.

2337 3437 2447 3491 Καὶ
2481 3437 2580 3506 τῆς
2616 3437 2868 3507 βοηθείας
2895 3436 3160 3506 ὁτρόπος,
3194 3435 3270 3498 ὡς
3318 3433 3601 3506 ὑπερφυὴς
3657 3435 3755 3487 καὶ
3794 3449 3898 3488 πα·

2343 3529 2579 3600 ράδοξος.

2408 3713 2562 3767 Μετὰ
2593 3713 2772 3764 πᾶσαν
2796 3711 2964 3780 ἀλλην
3011 3709 3258 3780 μηχανὴν
3300 3710 3758 3778 ἀπρακτήσασαν,
3797 3707 3896 3760 αύ-

2339 3805 2451 3868 τὸς,
2485 3807 2511 3857 ὀ
2546 3804 2727 3873 φέρων
2754 3802 2821 3856 τὰ
2870 3805 3048 3855 πάντα
3100 3802 3176 3870 τῷ
3227 3802 3434 3872 ῥήματι
3466 3800 3565 3868 τῆς
3594 3799 3896 3868 δυνάμεως,

2339 3897 2428 3948 τὸν
2456 3896 2641 3963 ἀγῶνα
2699 3894 2891 3947 τοῦτον
2955 3894 3286 3962 ὑπέρχεταιε
3342 3893 3437 3946 καὶ
3493 3893 3582 3944 ὁ³⁸
3611 3892 3743 3952 Θεὸς
3787 3891 3901 3943 τῶν

2342 3987 2640 4056 ἀνθρώπων
2670 3986 2755 4038 διὰ
2807 3986 2932 4047 τοὺς
2984 3985 3302 4055 ἀνθρώπους
3335 3983 3708 4054 ὲνανθρωπεῖ·
3739 3985 3830 4036 καὶ
3871 3984 3898 4034 ὁ

2339 4079 2629 4140 ταπεινοὺς
2673 4077 2843 4144 ὑψῶν,
2893 4075 3277 4129 ταπεινοῦταιο
3343 4078 3436 4129 καὶ
3483 4077 3582 4144 τὴν
3638 4076 3773 4146 πρὸς
3805 4077 3899 4128 τὸν

2340 4171 2630 4224 ἀντίπαλον
2659 4168 2838 4238 πάλην
2881 4170 2943 4221 ὲκ
2987 4169 3078 4220 τοῦ
3112 4169 3229 4221 ῐσου
3272 4170 3382 4229 τοῖς
3432 4167 3721 4221 πίπτουσιν
3766 4168 3900 4236 ἡμῖν

2341 4262 2679 4330 ὑποδέχεται.
2712 4261 2776 4314 Τί
2798 4259 2923 4330 γὰρ,
2953 4262 2999 4312 εί
3028 4261 3121 4312 καὶ
3153 4259 3384 4328 νεύματι
3420 4259 3566 4328 μόνῳ
3598 4259 3689 4312 τὸν
3705 4257 3901 4328 ἐχθρὸν

2343 4353 2397 4418 ἐξ
2429 4351 2595 4421 ὕψους
2626 4349 2924 4416 ἀνάλωσεν,
2961 4352 3018 4402 ὲν
3048 4351 3282 4418 ἀσφαλεῖ
3314 4349 3593 4411 καθεστὼς
3646 4349 3737 4400 ἐπὶ
3794 4347 3901 4416 τῆς

2340 4444 2547 4504 οίκείας
2603 4441 2911 4511 περιωπῆς,
2982 4439 3075 4492 καὶ
3133 4439 3336 4509 μηδένα
3393 4437 3608 4508 πὸνονῆ
3654 4437 3901 4491 κίνδυνον

2343 4533 2473 4604 περὶ
2522 4533 2621 4603 τὴν
2651 4532 2974 4602 συμπλοκὴν
3005 4531 3278 4597 ὑποστάς;
3315 4529 3379 4582 Τί
3412 4529 3466 4580 δὲ
3498 4529 3660 4597 μέγα,
3690 4529 3902 4598 δραπέ-

2339 4645 2461 4696 την,
2509 4627 2746 4696 πονηρὸν
2775 4625 2867 4679 καὶ
2900 4624 3212 4692 ἀγνώμονα,
3240 4622 3342 4674 ὑπὸ
3373 4620 3504 4673 Θεοῦ
3546 4619 3899 4690 χειρωθῆναι,

2340 4718 2432 4768 καὶ
2461 4711 2822 4785 ἀναχθῆύαι³⁸
2885 4714 3140 4769 κάκιστον
3200 4710 3383 4763 δοῦλον
3439 4712 3591 4778 παρὰ
3617 4711 3896 4761 Δεσπότοτπ

2339 4808 2564 4862 δυνατοῦ
2587 4809 2843 4876 δέσμιονς
2908 4804 3076 4858 Τοῦτο
3133 4803 3232 4873 μὲν
3289 4797 3381 4855 οὗν
3434 4802 3613 4870 ῥᾴδιον
3667 4800 3896 4868 μᾶλλον,

2341 4900 2705 4971 ἢπαράδοξον
2738 4894 2825 4968 ἦν,
2886 4897 2979 4949 καὶ
3031 4895 3131 4963 τῆς
3198 4893 3350 4956 θείας
3409 4892 3573 4945 πλέον
3620 4892 3795 4961 ίσχύος
3859 4895 3896 4963 ἢ

2339 4991 2745 5065 φιλανθρωπίας
2782 4988 3105 5058 κατόρθωμα
3124 4985 3191 5038 ³⁸.

2417 5169 2477 5224 '0
2526 5168 2582 5221 δὲ
2623 5167 2720 5234 τῆς
2778 5165 2912 5226 ίδίας
2943 5163 3129 5230 ὥσπερ
3172 5159 3327 5226 ἀξίας
3355 5157 3450 5226 τὴν
3495 5156 3634 5226 ἐμὴν
3665 5156 3898 5226 προθεὶς

2337 5262 2578 5328 εὐδοξίαν
2606 5274 2620 5288 °
2643 5260 2686 5309 ὣ
2712 5257 2871 5327 βάθος
2902 5253 3304 5322 εὐσπλαγχνίας
3323 5251 3481 5313 Θεοῦ,
3510 5246 3554 5299 ὣ
3583 5255 3892 5319 χρηστοτηο

3324 5405 3339 5444 ι
3382 5402 3518 5456 LUC.
3547 5418 3587 5466 ι,
3623 5402 3710 5456 5‘3.

1981 5548 2179 5610 Varia:
2210 5549 2536 5611 lectiones.

755 5683 799 5714 "
833 5682 965 5760 (loti.
998 5684 1158 5760 Laur.
1192 5678 1614 5760 μεγα).οπρετ-εἷ.

1718 5694 1760 5726 ’³
1786 5695 1914 5747 Cod.
1949 5697 2108 5764 Laur.
2155 5697 2520 5764 προμπτέρια.

2623 5693 2666 5724 ³ο
2695 5691 2826 5746 Cod.
2860 5691 3021 5760 Laur.
3071 5690 3204 5760 πρδς
3230 5687 3580 5760 ἀφθαρσίαν.
3675 5684 3712 5715 ⁸¹
3746 5681 3888 5760 Cod.

686 5750 1152 5832 l.:ittr._6_o'.t0t€b_v_.
1192 5750 1281 5832 ’.η’
1307 5750 1731 5832 (ἐριΙίΙλοιιΓΑό.
1811 5764 1853 5794 ³³
1891 5765 2020 5816 Coll.
2061 5750 2221 5815 Laur'.

2334 5750 2551 5816 οιεῗτττε.
2627 5764 2670 5793 3"
2707 5762 2758 5812 In
2791 5762 2908 5814 cod.
2949 5750 3332 5832 ιίιιιτξικιείοιίι
3384 5750 3575 5832 manus
3602 5773 3633 5832 ς
3668 5754 3894 5818 regione

686 5825 738 5875 iu
782 5822 994 5878 rubrica
1023 5826 1254 5894 subjecit
1291 5847 1302 5883 :
1335 5829 1428 5892 Τίς
1460 5831 1486 5883 ὁ
1510 5831 1594 5899 λὸγ
1609 5849 1662 5895 ος
1699 5833 1794 5903 τῆς
1828 5833 1975 5896 θείας
1998 5849 2058 5884 σα
2073 5822 2344 5900 ρκώσεως’.

2427 5835 2468 5865 ³⁵
2494 5832 2652 5885 Lutu‘.
2690 5830 3016 5899 ἀπαχθῆναι.
3149 5828 3191 5858 ³⁸
3213 5826 3375 5881 Laur.
3411 5825 3774 5892 κατώρθωμα.
