4124 6338
576 381 709 446 1087
1743 373 2061 436 JOANNiS
2102 373 2671 435 EUCHAITENSIS
3659 374 3789 440 1083

639 489 731 545 XI.
759 488 824 544 Et
850 502 980 544 sane
1012 486 1059 543 is
1079 486 1271 544 deinde
1294 485 1558 551 nascitur,
1587 485 1678 558 qui
1711 496 1829 543 erat
1855 489 1923 543 ab
1952 488 2128 550 initio;
2158 494 2210 553 Α

571 589 627 637 et
662 579 793 636 dum
829 577 962 634 illud
996 577 1261 643 assumit,
1291 575 1437 647 quod
1490 590 1600 631 non
1643 585 1780 642 erat,
1830 578 1990 633 etiam
2039 578 2091 632 id
2118 618 2135 644 ,

570 672 716 743 quod
750 677 866 726 erat
893 711 908 734 ,
941 676 1265 734 conservat;
1312 678 1366 724 et
1397 684 1591 724 rursus
1639 677 1818 724 manet
1851 670 2017 750 nihilo
2051 685 2144 724 se-

576 760 694 813 cius
729 756 873 818 Deus
906 763 1032 812 ante
1079 756 1276 814 saeuis
1320 757 1615 820 exsistens,
1643 757 1733 825 qui
1768 764 1823 811 et
1871 759 2032 811 homo
2059 763 2144 812 est

573 862 768 905 recens
797 846 1066 911 conditus,
1090 855 1237 902 totus
1267 846 1370 901 hoc
1415 855 1470 901 et
1504 845 1657 911 illud,
1695 847 1747 900 in
1782 853 2016 916 utroque
2051 853 2141 900 at-

575 957 682 1012 que
710 955 1040 1011 unoquoque
1071 953 1260 994 eorum
1313 947 1508 994 natura
1537 937 1846 1008 perlectus;
1883 939 1938 994 in
1969 954 2135 994 unam

577 1029 792 1099 quidem
824 1027 1317 1100 bypostasimnsine
1339 1025 1668 1082 confusione
1696 1027 1916 1093 unitus;
1948 1027 2144 1082 distin-

579 1131 694 1176 ctas
723 1129 906 1174 tamen
935 1119 1244 1172 voluntates
1282 1115 1512 1182 habens,
1549 1122 1609 1171 et
1656 1124 1974 1170 naturarum
2009 1130 2138 1184 pro-

579 1211 854 1282 prietates.
888 1210 992 1268 Par
1020 1220 1137 1266 erat
1164 1208 1336 1272 enim,
1366 1215 1426 1264 ut
1457 1208 1553 1278 qui
1606 1205 1753 1263 Deus
1803 1213 1884 1262 est
1919 1207 2149 1263 mirabi-

2307 489 2409 542 IA’.
2456 489 2521 540 Ὀ
2555 487 2652 556 μὲν
2713 487 2820 554 γὰρ
2853 483 2920 555 ἦν
2973 488 3069 539 ἀπ’
3109 488 3282 556 ἀρχῆς
3309 489 3376 551 ³⁸,
3408 483 3526 541 εἶτα
3559 489 3748 556 γέγονε
3776 501 3788 514 ⁸

2243 580 2333 634 καὶ
2369 578 2714 649 προσλαϐὼν.
2749 579 2892 632 ὃούκ
2933 574 3021 649 ἦν,
3049 585 3141 632 καὶ
3176 579 3311 649 ὅπερ
3341 575 3430 648 ἦν,
3492 584 3748 652 συντηρεῖ
3777 599 3791 612 ο

2241 674 2333 726 καὶ
2359 672 2507 742 μένει
2544 673 2704 726 πάλιν
2734 672 2833 740 οὐχ
2869 664 3031 741 ἦττον
3056 670 3132 723 ὣν
3165 671 3296 733 Θεὸς
3315 670 3657 740 προαιὼνιος,
3688 675 3780 726 καὶ

2241 763 2270 815 ό
2298 763 2606 825 νεόκτιστος
2635 762 2942 831 ἄνθρωπος’
2993 760 3115 823 ὅλος
3163 760 3323 814 τοῦτο
3374 761 3613 822 κάκεῖνο,
3640 762 3796 829 φύσει

2244 852 2366 905 κατ’
2387 853 2572 921 ἄμφω,
2625 851 2746 904 καθ’
2806 852 3065 920 ἑκάτερον
3095 851 3318 914 τέλειος·
3373 853 3662 922 ἡνωμένος
3704 856 3797 924 μὶν

2245 943 2562 1011 ἀσυγχύτω;
2583 945 2630 977 ⁸³
2664 944 2743 1005 εἰς
2774 943 3068 994 ὑπόστασιν
3086 943 3216 1011 μίαν
3238 958 3252 972 ·
3271 942 3594 1014 διῃρημένος
3611 946 3668 999 δὲ
3699 948 3802 1009 τοῖς

2246 1031 2520 1103 θελήμασι
2582 1033 2675 1086 καὶ
2704 1035 2826 1094 ταῖς
2884 1032 2992 1087 τῶν
3027 1033 3240 1100 φύσεων
3290 1034 3564 1102 ίδιότησιν.
3613 1037 3804 1108 Ἐχρῆν

2245 1121 2352 1192 γὰρ
2402 1122 2584 1188 αὐτὸν,
2634 1120 2746 1175 τῶν
2799 1121 3122 1192 θαυμασίων
3168 1122 3297 1176 ὅντα
3333 1123 3490 1188 Θεὸν,
3525 1125 3804 1195 θαυμαστά

2247 1209 2526 1280 πανταχοῦ
2555 1209 2622 1262 τά
2654 1210 2854 1264 ἑαυτοῦ
2887 1213 3064 1264 ποιεῖν
3099 1213 3404 1281 πράγματα
3425 1229 3438 1243 ο
3473 1214 3570 1266 καὶ
3612 1214 3687 1284 μὴ
3719 1214 3807 1282 μό-

582 1300 716 1356 lium
743 1337 758 1363 ,
795 1298 959 1354 ctiam
1005 1313 1129 1370 qua:
1159 1311 1259 1352 sua
1295 1297 1466 1367 ipsius
1497 1305 1623 1352 sunt
1647 1336 1662 1362 ,
1715 1296 1862 1350 omni
1900 1310 1966 1350 ex
1995 1303 2147 1365 parte

2268 1318 2337 1355 ιον
2366 1300 2550 1362 ἀπλῶς
2576 1303 2608 1374 ἢ
2635 1304 2700 1372 τῇ
2744 1301 3035 1371 συμφωνίᾳ
3065 1303 3348 1356 δεικνύντα
3375 1305 3434 1356 τὸ
3461 1305 3805 1373 ἐναρμόνιον,

581 1390 847 1445 mirabilia
877 1380 1083 1446 laceret
1111 1388 1171 1453 ις
1209 1389 1344 1444 adeo
1382 1397 1441 1442 ut
1469 1403 1580 1443 non
1613 1385 1775 1442 modo
1803 1386 1887 1442 vel
1919 1386 1974 1441 in
2005 1401 2144 1441 con-

2268 1391 2284 1463 l
2338 1391 2418 1462 τῷ
2447 1393 2693 1461 διαφόρῳ
2725 1392 2858 1463 πρὸς
2883 1393 2944 1445 τὸ
2974 1393 3161 1446 καινὸν
3195 1393 3586 1460 ὲξαλλάττοντα
3608 1411 3623 1426 ο
3681 1396 3809 1450 ἀλλά

582 1481 766 1537 cordia
810 1482 1232 1538 concinnitatem
1287 1482 1634 1537 ostenderent
1658 1517 1680 1546 .
1717 1479 1801 1535 vel
1836 1479 2134 1534 novitatem

2268 1490 2346 1540 ιαὶ
2407 1486 2545 1556 πρὸς
2585 1486 2752 1541 ἑαυτά
2801 1486 3137 1558 ξενοτρόπως
3195 1486 3445 1542 ἀντίθετα
3491 1490 3586 1542 καὶ
3653 1489 3807 1543 ἀντί-

589 1588 686 1627 sua
720 1575 964 1644 ipsorum
997 1575 1317 1632 diversitate
1360 1572 1680 1644 pmferrent
1706 1609 1723 1637 ,
1758 1585 1946 1626 verum
1976 1571 2146 1624 etiam
2253 1592 2485 1649 στροφα,

597 1673 649 1718 ιιι
667 1666 808 1718 mira
829 1664 1062 1734 quadam
1095 1667 1307 1734 ratione
1331 1663 1436 1720 sibi
1459 1662 1691 1720 invicem
1714 1661 1962 1732 opposita
1988 1669 2150 1730 atque

591 1753 936 1810 adversantia
977 1762 1322 1825 apparerent.

662 1844 869 1901 Idcirco
899 1855 954 1900 et
982 1847 1316 1919 nativitatem
1343 1845 1609 1918 duplicem
1639 1845 1820 1911 habet,
1850 1845 2010 1902 habet
2048 1845 2152 1899 du-

2333 1845 2435 1901 Διά
2471 1845 2633 1900 τοῦτο
2660 1845 2884 1908 διπλοῦς
2911 1847 3005 1899 καὶ
3032 1848 3130 1916 τὴν
3159 1848 3435 1917 γέννησιν,
3466 1848 3686 1912 διπλοῦς
3727 1849 3819 1903 καὶ

597 1937 790 2007 plicem
821 1945 874 1992 et
905 1945 1154 1994 naturam
1183 1955 1198 1993 :
1227 1945 1282 1994 et
1325 1938 1380 1992 in
1423 1936 1690 1993 ambobus
1718 1953 1886 1992 unum
1929 1937 2147 2007 quidem

2268 1939 2360 2005 τὴν
2393 1937 2576 2006 φύσιν·
2615 1937 2676 1989 τὸ
2708 1938 2810 2006 μὲν
2833 1938 2891 1990 ἐν
2921 1938 3121 2006 ἀμφοῖν
3151 1937 3516 2008 ὑπερκόσμιον
3543 1939 3820 2009 καὶὺπέρ-

597 2036 682 2084 est
709 2067 725 2091 ,
758 2028 901 2098 quod
935 2030 1122 2084 mundi
1161 2029 1324 2099 hujus
1358 2017 1606 2084 ordinem
1639 2043 1702 2084 ac
1749 2037 1963 2099 tempus
1995 2042 2158 2084 omne

595 2119 844 2185 excedit;
892 2117 1039 2175 aliud
1090 2134 1262 2188 vero,
1299 2121 1444 2188 quod
1495 2121 1784 2175 mundanis
1837 2120 2047 2191 legibus
2094 2135 2159 2174 ac

594 2211 826 2278 tempori
855 2222 933 2266 est
959 2211 1282 2268 obnoxium.
1312 2211 1425 2267 Hoc
1456 2213 1735 2267 enimvero
1781 2213 1904 2267 inde
1954 2226 2152 2266 conse-

595 2298 804 2367 quitur,
838 2309 893 2352 ut
919 2307 1186 2369 quatenus
1215 2311 1298 2355 est
1327 2300 1395 2354 ab
1425 2311 1652 2365 aeterno,
1680 2309 1907 2354 matrem
1937 2316 2041 2355 non
2069 2302 2160 2353 lla-

593 2389 754 2454 beat;
793 2404 910 2457 quae
948 2393 1091 2442 enim
1140 2389 1214 2444 ibi
1264 2397 1436 2446 mater
1486 2390 1563 2446 illi
1597 2400 1782 2457 esset,
1829 2393 1922 2460 qui
1961 2391 2160 2451 saecula

604 2479 891 2534 condidit?
921 2479 1052 2534 Sine
1080 2487 1232 2548 patre
1266 2497 1396 2537 vero
1425 2483 1518 2546 sit,
1571 2493 1841 2552 quatenus
1873 2493 2034 2537 natus
2077 2494 2163 2538 est

603 2570 658 2624 in
693 2578 972 2639 tempore;
1004 2586 1126 2624 nam
1158 2573 1432 2641 quomodo
1474 2576 1747 2629 terrestris
1789 2569 1847 2628 ei
1879 2576 1950 2627 sit
1985 2585 2160 2643 pater,

601 2661 692 2730 qui
725 2661 869 2716 hunc
897 2661 1072 2716 solum
1107 2663 1269 2716 habet
1311 2662 1369 2717 in
1404 2664 1600 2718 caelis?
1648 2665 1788 2730 Quin
1845 2671 2026 2722 autém
2080 2666 2163 2720 vir

601 2752 933 2806 intemerata:
964 2753 1109 2806 illius
1137 2754 1846 2821 atqueimmaculutissimze,
1870 2758 1960 2825 qui
1982 2757 2046 2810 ad
2080 2757 2166 2810 in-

603 2840 872 2897 ell‘abilem
911 2843 1058 2898 illam
1092 2842 1498 2913 generationem
1526 2845 1803 2915 quidpiam
1842 2862 1904 2901 ex
1943 2863 2000 2902 se
2030 2862 2164 2902 con-

2255 2046 2447 2102 χρονον
2467 2067 2482 2092 ,
2513 2028 2573 2081 τὸ
2593 2026 2649 2079 δὲ
2673 2026 2816 2080 κατά
2849 2026 3053 2094 κόσμον
3112 2027 3207 2079 καὶ
3243 2027 3374 2095 περὶ
3400 2027 3611 2097 χρόνον.
3643 2026 3813 2081 Τοῦτο

2261 2121 2358 2191 μὲν
2391 2121 2452 2174 τὸ
2486 2119 2807 2184 ἀκόλουθον,
2836 2119 3065 2187 ἀμήτωρ
3100 2117 3160 2170 τὸ
3185 2118 3350 2170 πάλαι
3374 2135 3388 2150 ο
3439 2118 3522 2180 τίς
3558 2118 3665 2186 γάρ
3713 2117 3820 2188 μή·-

2257 2231 2362 2283 τηρ
2393 2214 2510 2265 ἐκεῖ
2563 2210 2658 2265 τοῦ
2717 2211 2842 2272 τοὺς
2877 2209 3078 2272 αἰῶνας
3107 2210 3466 2278 γεννήσαντος
3504 2226 3519 2274 ;
3597 2209 3825 2279 ἀπάτωρ

2259 2307 2318 2359 τὸ
2346 2304 2470 2357 νῦν·
2513 2302 2615 2355 ποῦ
2653 2300 2760 2371 γὰρ
2785 2301 2936 2354 κάτω
2965 2301 3168 2368 πατὴρ,
3197 2299 3387 2352 τοῦτον
3414 2299 3575 2367 μόνον
3607 2298 3823 2366 ἔχοντος

2261 2393 2503 2455 ἄνωθεν;
2534 2391 2630 2453 Τίς
2648 2390 2690 2443 δ’
2727 2390 2866 2459 ἀνὴρ
2899 2389 2996 2459 τῆς
3019 2389 3288 2458 ἀχράντου
3311 2391 3404 2440 καὶ
3460 2387 3827 2456 παναμὼμου,

2263 2487 2292 2538 ό
2327 2485 2454 2553 παρ’
2486 2481 2680 2535 ἑαυτοῦ
2713 2480 3036 2540 συντελέσας
3067 2496 3116 2530 τι
3143 2479 3277 2547 πρὸς
3307 2479 3403 2548 τὴν
3431 2478 3673 2548 ἄρρητον
3707 2477 3830 2543 γέν-

2259 2591 2449 2644 νησιν;
2490 2573 2560 2624 Σὺ
2611 2571 2654 2623 δ’
2696 2569 2946 2622 ἐντεῦθεν
3002 2569 3221 2637 ἐκδέχου
3250 2568 3309 2620 τὸ
3363 2570 3720 2636 ἀντιστρόφου
3741 2567 3822 2598 ’δ’

2263 2665 2424 2735 μόνος
2481 2659 2574 2716 οὖν
2628 2663 2859 2732 ἀμήτωρ
2929 2662 2958 2713 ό
3013 2660 3107 2713 καὶ
3163 2659 3430 2734 ἀπάτωρ·
3488 2658 3646 2728 μόνος
3685 2655 3826 2712 δἀῦ

2271 2755 2521 2824 ἀπάτωρ,
2547 2756 2573 2807 ό
2607 2755 2700 2806 καὶ
2733 2753 2981 2824 ἀμήτωρο
3012 2751 3114 2820 τῆς
3147 2751 3318 2818 αὐτῆς
3343 2750 3449 2820 γάρ
3478 2751 3643 2819 ἀμφι)
3671 2749 3831 2803 δυνά·

2277 2861 2420 2914 μεως
2445 2860 2458 2874 ·
2493 2843 2693 2914 μᾶλλον
2719 2844 2776 2896 δὲ
2811 2843 2975 2904 αὐτὸς
3013 2843 3107 2894 καὶ
3133 2841 3442 2911 ἀμφότερα.

602 2937 825 2991 tulerit?
851 2935 934 2991 Tu
965 2953 1093 2993 vero
1124 2939 1248 2994 hinc
1275 2940 1395 2994 vide
1425 2939 1692 2995 inversam
1723 2940 1799 2995 rei
1836 2941 2095 2996 rationem
2123 2959 2138 3006 ;
2179 2940 2327 2997 solus
2359 2940 2522 3010 igitur
2552 2939 2669 2993 sine
2696 2949 2885 3002 matre,
2913 2938 3004 3008 qui
3035 2947 3118 2994 est
3164 2949 3218 2994 et
3289 2938 3407 2993 sine
3467 2947 3641 3008 patre;
3712 2955 3831 2994 rur-

607 3043 702 3083 sus
735 3039 910 3084 autem
939 3030 1089 3086 solus
1121 3032 1238 3086 sine
1265 3043 1435 3097 patre,
1459 3034 1552 3100 qui
1583 3040 1634 3086 et
1657 3035 1775 3089 sine
1805 3042 2004 3090 matre:
2030 3052 2157 3091 nam
2239 3045 2530 3104 utrumque
2560 3035 2808 3090 eamdem
2853 3036 3078 3103 requirit
3113 3034 3388 3100 virtutem,
3458 3051 3574 3102 seu,
3633 3037 3826 3093 melius

607 3121 860 3190 dixerim,
898 3124 1039 3178 idem
1074 3126 1190 3190 ipse
1223 3133 1305 3182 est
1335 3134 1648 3197 utrumque.

675 3231 792 3286 ΧΠ.
829 3231 979 3289 Uuus
1007 3234 1078 3289 ibi
1122 3233 1289 3301 Deus,
1334 3236 1429 3290 sed
1479 3252 1584 3290 non
1639 3252 1808 3292 unum
1860 3239 2166 3308 simplicitel

2355 3241 2457 3293 IB'.
2527 3238 2672 3290 Ἐκεῖ
2717 3234 2848 3297 Θεὸς
2899 3233 2999 3297 εἷς,
3054 3234 3168 3286 ἀλλ’
3213 3234 3310 3303 οὐχ
3339 3233 3396 3285 ἓν
3425 3234 3610 3296 ἀπλῶς
3637 3235 3713 3297 ὡς
3747 3237 3837 3288 καὶ

610 3322 799 3375 eadem
833 3325 1064 3390 ratione,
1097 3340 1203 3393 qua
1228 3334 1280 3380 et
1315 3329 1416 3380 tria
1451 3343 1466 3380 :
1500 3337 1894 3396 consequenter
1923 3339 2098 3384 autem
2126 3341 2178 3386 et

614 3412 719 3464 tria
751 3420 879 3465 sunt
930 3429 1137 3478 unum,
1172 3416 1611 3484 quandoquidem
1646 3428 1787 3472 unus
1828 3419 2005 3474 denuo
2055 3432 2181 3476 sunt

613 3499 777 3560 Deus.
807 3501 968 3556 Pater
997 3512 1051 3557 et
1090 3502 1260 3560 Filius
1291 3516 1345 3560 et
1392 3505 1632 3574 Spiritus
1680 3517 1923 3574 sanctus,
1954 3526 2072 3579 quae
2099 3523 2181 3567 est

611 3592 770 3645 beata
793 3591 1056 3649 Trinitas.
1087 3593 1311 3650 Eterno
1333 3611 1400 3652 ex
1426 3597 1589 3651 Patre
1613 3605 1849 3653 aeternus
1877 3608 1958 3654 est
1980 3599 2174 3669 Filius,

614 3682 708 3751 qui
739 3696 905 3748 nunc,
937 3697 969 3738 a
1001 3683 1095 3738 tali
1124 3683 1294 3741 Ilatre
1323 3686 1558 3758 genitus,
1585 3688 1877 3744 exsistendi
1911 3691 2066 3746 initio
2097 3694 2178 3749 la-

623 3779 747 3827 ctus
769 3783 854 3828 est
875 3774 1163 3830 obnoxius.
1196 3777 1264 3830 At
1289 3776 1436 3848 quod
1462 3793 1672 3834 summa
1701 3789 1969 3850 potestate
1993 3787 2179 3841 omnia

617 3863 867 3918 continet
887 3877 952 3920 ac
980 3865 1314 3932 moderatur,
1348 3878 1452 3924 una
1483 3870 1707 3926 omnino
1726 3880 1921 3927 natura
1947 3885 2050 3940 est,
2076 3891 2182 3934 una

615 3949 888 4020 voluntas,
911 3953 1081 4017 actlo,
1113 3954 1360 4026 energla,
1396 3956 1594 4023 virtus,
1622 3959 1952 4028 substantia,
1985 3963 2185 4021 divini-

617 4050 740 4109 tas;
798 4050 855 4099 et
913 4043 969 4100 in
1022 4052 1235 4102 cateris
1288 4048 1508 4117 quidem
1559 4049 1881 4121 simplicitas
1933 4055 2179 4124 quaedam

620 4144 852 4202 prorsus
889 4135 1174 4192 monadiea
1207 4149 1386 4208 atque.
1410 4154 1518 4196 una
1542 4177 1562 4205 ,
1589 4141 1764 4197 solum
1821 4159 1950 4199 vero
2003 4148 2181 4218 quoad

627 4221 972 4294 bypostases,
1011 4235 1066 4282 et
1095 4228 1274 4298 quoad
1324 4230 1704 4300 proprietates,
1756 4236 2042 4307 quaeipsis
2096 4240 2181 4295 in-

624 4319 772 4380 sunt,
799 4314 962 4372 trina.
998 4317 1270 4375 Hactenus
1299 4319 1484 4389 itaque
1513 4338 1656 4379 unus
1707 4324 1781 4380 ibi
1813 4324 1975 4392 Deus,
2012 4344 2076 4385 ac
2105 4331 2180 4385 nil

630 4403 729 4460 nisi
758 4407 1074 4475 mqualitas;
1100 4410 1244 4477 quod
1276 4411 1344 4465 ad
1371 4412 1517 4466 aliud
1541 4429 1668 4470 vero
1701 4426 1926 4487 spectat,
1954 4419 2176 4486 videsis,

629 4494 900 4564 quomodo
942 4504 1002 4568 et
1040 4497 1327 4556 dissimilia
1369 4502 1584 4568 habeat,
1637 4513 1694 4558 et
1755 4506 1912 4561 simul
1945 4507 2000 4562 in
2036 4510 2175 4566 idem

2281 3327 2406 3394 τρία
2433 3341 2450 3357 ο
2485 3327 2580 3378 καὶ
2624 3324 2692 3375 τά
2721 3323 2844 3392 τρία
2879 3323 2926 3374 δ’
2971 3319 3062 3375 οὖν
3096 3323 3173 3388 ἓν,
3204 3323 3500 3392 ἐπειδήπερ
3548 3319 3631 3387 εἷς
3674 3327 3836 3380 πάλιν

2283 3414 2490 3486 Πατὴρ,
2527 3415 2616 3467 καὶ
2644 3415 2792 3478 Υἱὸς,
2826 3416 2858 3482 ἡ
2890 3413 3058 3482 Τριάς
3089 3415 3121 3483 ἡ
3149 3414 3416 3482 μακαρία,
3437 3416 3530 3466 καὶ
3562 3414 3787 3484 Πνεῦμα
3820 3433 3835 3449 ο

2280 3507 2407 3568 Υίὸς
2440 3507 2671 3577 ἄναρχος
2702 3505 2761 3568 ἐξ
2791 3504 3028 3573 ἀνάρχου
3071 3504 3303 3572 Πατρός,
3331 3505 3358 3556 ό
3391 3502 3486 3556 νῦν
3531 3505 3623 3557 ὑπ’
3668 3505 3837 3575 ἀρχὴν

2281 3595 2387 3647 ἀπὸ
2411 3594 2631 3664 Μητρὸς
2661 3595 2917 3664 τοιαύτης
2945 3593 3255 3664 γενόμενος.
3287 3595 3399 3648 Μία
3440 3595 3603 3664 φύσις
3631 3596 3691 3648 τὸ
3709 3597 3838 3661 πᾶν,

2285 3687 2384 3755 μία
2445 3686 2720 3755 βούλησις,
2773 3685 3012 3754 κίνησις,
3077 3685 3349 3754 ἐνέργεια,
3376 3684 3628 3755 δύναμις,
3658 3687 3839 3754 οὐσία,

2283 3768 2492 3848 σεότης,
2524 3781 2585 3829 τὸ
2608 3774 3074 3831 συνεκτικώτατον
3098 3775 3353 3830 ἀπάντων
3376 3778 3469 3829 καὶ
3487 3776 3837 3846 κυριώτατον

2282 3867 2450 3922 τάλλα
2483 3868 2605 3938 μιν,
2639 3867 2758 3919 τὸ⁸⁸
2779 3867 3011 3920 καθόλου
3053 3866 3314 3938 μοναδική
3372 3883 3457 3930 τις
3487 3868 3728 3937 ἁπλότης
3748 3869 3843 3922 καὶ

2281 3959 2478 4025 ἑνιαία,
2539 3957 2907 4030 τρισσουμένη
2971 3957 3027 4012 δὲ
3080 3958 3243 4026 μόνον
3298 3962 3420 4020 ταῖς
3472 3949 3838 4027 ὑποστάσεσι,

2280 4051 2376 4106 καὶ
2427 4050 2541 4113 τοῖς
2561 4051 2608 4084 ⁸⁸
2641 4051 2729 4102 ἀπ’
2758 4049 2950 4112 αὐταῖς
2965 4049 3012 4082 "
3065 4046 3373 4119 ίδιώμασιν.
3429 4045 3529 4111 Εἷς
3566 4050 3844 4102 κάνταῦθα

2280 4142 2433 4207 Θεὸς,
2465 4143 2593 4212 ἄχρι
2616 4141 2830 4205 τούτου,
2857 4140 2949 4193 καὶ
2975 4139 3188 4210 μόνονη
3217 4139 3473 4211 ὁμοιότης
3507 4153 3524 4173 ο
3563 4140 3625 4192 τὸ
3641 4138 3689 4191 δ’
3720 4140 3844 4212 ἑξῆς

2281 4234 2381 4302 ὅρα
2404 4233 2467 4304 δὴ
2500 4231 2881 4303 παραλλάττον
2917 4231 3032 4293 πῶς
3058 4229 3217 4300 ὁμοῦ,
3277 4231 3372 4282 καὶ
3417 4230 3846 4300 ἀντανακλώμε-

2281 4324 2449 4377 νυν⁵³.
2487 4325 2562 4378 Οὐ
2587 4325 2695 4394 γὰρ
2720 4322 2922 4385 ἀπλοῦς
2948 4321 3026 4374 ἔτι
3055 4320 3171 4386 νῦν,
3209 4319 3286 4382 ὡς
3309 4319 3403 4372 καὶ
3422 4320 3467 4353 ⁸⁸
3527 4318 3844 4389 ἄνθρωπος’

2277 4417 2376 4486 τὴν
2406 4412 2500 4470 οὖν
2524 4417 2685 4484 φύσιν
2734 4413 2979 4478 διπλοῦς,
3039 4412 3174 4464 ἀλλὰ
3237 4410 3335 4480 τὴν
3393 4410 3695 4462 ὑπόστασιν
3725 4404 3843 4472 εἷς·

2279 4510 2418 4578 ὅπερ
2443 4507 2678 4577 ἔμπαλιν
2705 4507 2868 4559 πάλιν
2905 4503 3044 4572 πρὸς
3066 4503 3125 4554 τὸ
3154 4502 3287 4558 ἐκεῖ.
3316 4499 3474 4553 Οὕτω
3497 4500 3781 4569 κρείττοσι
3803 4501 3846 4532 ⁸⁸

627 4583 852 4638 recidat.
890 4582 1047 4640 Nunc
1071 4587 1211 4641 enim
1236 4588 1351 4657 jam
1384 4605 1494 4644 non
1527 4593 1761 4661 amplius
1791 4593 2021 4663 simplex
2059 4611 2166 4652 cer-

2283 4598 2462 4664 λόγοις
2486 4599 2519 4667 ἠ
2555 4599 2822 4666 κρείττων
2875 4593 3180 4662 οἰκονομία,
3216 4590 3274 4643 sb
3337 4590 3410 4659 μὴ
3439 4587 3693 4658 διαφέρον
3738 4589 3848 4656 ἅμα

628 4673 794 4737 nitur,
841 4676 1038 4746 quippe
1076 4677 1168 4746 qui
1198 4678 1359 4733 etiam
1397 4681 1560 4735 homo
1600 4693 1703 4736 est.
1735 4683 1942 4754 Duplex
1993 4686 2166 4755 itaque

2284 4691 2382 4742 καὶ
2415 4688 2696 4757 διαφέρον,
2761 4687 2895 4757 πρὸς
2929 4685 3020 4738 τὸν
3061 4684 3173 4738 ἀνω
3246 4680 3469 4750 φέρεται
3494 4680 3694 4747 τρόπον
3729 4677 3848 4731 -ῖνα

634 4771 732 4826 est,
791 4773 1052 4832 quantum
1108 4766 1173 4820 ad
1231 4775 1458 4824 naturas
1513 4771 1742 4838 attinet;
1805 4784 2182 4830 verumtamen

635 4865 769 4906 unus
793 4854 969 4921 quoad
999 4853 1332 4926 bypostasim
1355 4875 1370 4912 :
1397 4859 1542 4929 quod
1565 4875 1699 4916 sane
1754 4863 1993 4932 inversa,
2023 4874 2187 4936 atque

632 4940 741 4994 Illic
765 4943 978 4999 ratione
1001 4958 1060 4999 se
1086 4945 1268 5003 habet.
1290 4947 1379 5004 Sic
1396 4949 1815 5017 dispensationis
1841 4959 2183 5024 mysterium,

631 5033 991 5095 praestautiori
1043 5036 1235 5102 quavis
1288 5040 1703 5098 ratiocinatione
1751 5043 2077 5111 sublimius,
2117 5047 2185 5100 ad

2284 4777 2382 4833 καὶ
2416 4778 2475 4830 τὸ
2501 4778 2769 4846 ἄτρεπτον
2795 4777 2964 4845 δείξῃ,
2981 4773 3075 4826 καὶ
3131 4770 3371 4842 γνωρίσῃ
3399 4771 3460 4821 τὸ
3486 4767 3844 4838 πρόσλημμα,

2285 4867 2367 4920 ἔτι
2402 4867 2458 4920 δὲ
2487 4867 2585 4934 τῆς
2615 4867 2741 4935 ὅλης
2771 4865 3023 4932 θεότητος
3051 4861 3112 4912 τὸ
3136 4860 3269 4928 περὶ
3291 4860 3358 4911 τά
3392 4858 3665 4928 πρόσωπα
3688 4857 3847 4908 πλού·

2291 4972 2432 5018 σιον,
2472 4955 2550 5016 είς
2575 4954 2632 5006 ἓν
2651 4955 2787 5020 αὐτῇ
2820 4948 3087 5003 στενωθὲν
3129 4943 3502 5015 ἀναπληρώσῃ
3555 4941 3847 5009 πανσόφως

2288 5049 2354 5115 τῇ
2385 5044 2632 5098 συνθέσει
2662 5042 2768 5095 τῶν
2798 5041 3032 5105 φύσεων.

636 5122 932 5180 divinitatis
966 5131 1228 5183 rationem
1261 5146 1318 5185 se
1347 5132 1505 5188 habet
1532 5143 1643 5188 tum
1672 5139 1968 5193 secundum
2000 5141 2053 5194 id
2077 5155 2187 5208 quo
2227 5143 2497 5206 convenit,
2533 5149 2648 5195 tum
2683 5138 2978 5193 secundum
3015 5135 3067 5189 id
3097 5149 3205 5204 quo
3232 5133 3522 5200 discrepat,
3589 5130 3723 5182 adeo
3790 5134 3845 5178 ut

637 5224 692 5270 et
717 5216 769 5270 id
798 5217 1089 5287 ostendat,
1124 5224 1268 5293 quod
1355 5234 1439 5283 est
1485 5229 1819 5288 immutabile
1845 5271 1860 5295 ,
1938 5241 1991 5289 et
2035 5235 2086 5289 id
2121 5236 2264 5306 quod
2305 5244 2638 5305 assumptum
2671 5244 2773 5300 est,
2807 5233 2979 5302 palam
3009 5229 3284 5292 exhibeat,
3317 5227 3532 5295 insuper
3556 5232 3734 5278 autem
3757 5233 3846 5291 per

725 5418 911 5479 lPsal.
942 5438 1091 5491 usi,
1125 5426 1190 5480 l8
1220 5445 1235 5494 ;
1280 5426 1422 5486 Psal.
1456 5445 1637 5492 tum.
1672 5431 1760 5486 ll.

1978 5557 2171 5617 Varias
2217 5555 2544 5618 lectiones.

730 5685 771 5750 ζ’
807 5677 965 5750 Laur.
993 5679 1264 5750 ἀπαρχῆς.
1400 5685 1442 5716 ⁸³
1477 5684 1635 5737 Lallf-
1679 5683 2020 5750 ἀσυγγήτως·

656 5747 699 5778 ⁸⁷
733 5745 894 5802 Laur.
928 5749 1018 5803 ὑπ’
1052 5745 1255 5816 dissic.
1332 5755 1376 5787 "
1413 5753 1577 5809 Laur.
1616 5745 2112 5817 ἀντανακλὼμεννις.

2095 5680 2140 5711 ³⁵
2183 5679 2341 5732 Laur.
2375 5681 2435 5733 τὸ
2461 5681 2854 5746 ἀντιστρέφων.

2958 5679 3004 5708 ⁸⁸
3054 5675 3215 5729 Laur.
3248 5675 3336 5728 τά.
3437 5674 3481 5708 ⁸⁸
3509 5671 3676 5728 Laur.
3711 5671 3847 5732 ταῖς.

2256 5749 2419 5804 Laur.
2452 5749 2601 5804 abest
2624 5745 2734 5802 καί.
2812 5748 2858 5780 ⁸⁸
2888 5745 3049 5802 Laur.
3084 5756 3354 5814 κρειτωσι.
