4126 6338
388 416 531 485 1089

1273 419 1531 483 SERMO
1563 423 1644 487 IN
1665 426 1774 489 SS.
1806 427 2161 491 DEIPAR/E
2197 433 2746 500 DORMITIONEM

3485 455 3622 525 ιιιτιο

385 539 702 636 {naturarum
731 530 1182 636 compositio-nem
1227 547 1439 588 summa
1486 539 1755 607 sapientia
1801 542 1932 596 illud
1969 545 2238 613 suppleat,
2270 550 2416 618 quod
2448 559 2656 608 ratione
2690 571 3041 623 personarum
3109 566 3165 621 in
3227 574 3340 626 tota
3409 573 3619 636 Dcitam

383 619 550 674 latius
581 621 944 690 protenditur,
964 625 1019 678 in
1049 625 1162 692 ipsa
1185 640 1312 681 vero
1344 629 1399 681 in
1419 643 1586 682 unum
1613 639 1942 688 coarctatnr.

458 706 557 764 ll".
620 709 780 762 Ἀλλὰ
803 711 856 763 τί
909 729 1002 782 μοι
1049 716 1252 769 τούτων
1279 717 1430 783 νυνί;
1457 719 1580 782 Τοῖς
1613 721 1794 774 τοίνυν
1843 722 1929 775 τοί

2120 726 2263 778 XIII.
2297 724 2500 816 Verum
2531 728 2724 783 borum
2753 747 2896 789 nunc
2920 738 3054 792 mihi
3087 745 3257 809 satis;
3293 745 3375 800 his
3402 757 3609 816 autem,

394 796 524 852 Υίοῦ
551 799 644 853 τοῦ
667 799 826 862 Θεοῦ,
861 804 954 854 καὶ
983 803 1079 856 τοῦ
1105 806 1236 858 Υίοῦ
1259 807 1354 859 καὶ
1416 808 1578 875 Θεοῦ,
1612 812 1791 863 καὶτὰ
1822 814 1948 880 περὶ

2045 830 2169 886 quae
2202 825 2330 870 sunt
2363 815 2484 869 Filii
2521 817 2638 881 Dei,
2671 821 2764 889 qui
2798 831 2852 877 et
2882 823 3050 881 Filius
3077 839 3162 884 est
3195 841 3248 887 et
3281 834 3444 898 Deus.
3479 815 3614 896 con?

381 886 484 960 τὴν
516 891 782 945 τεκοῦσαν
813 893 1077 963 ἑπόμενα.
1103 895 1255 949 Καθὸ
1287 898 1385 965 μὲν
1415 900 1623 962 ἐκεῖνος
1659 901 1929 972 ἄνθρωποι

2050 910 2338 956 nectuntur
2381 913 2437 956 et
2480 920 2544 959 ea
2596 886 2716 974 qua:
2745 910 2814 963 ad
2846 910 3173 970 Genitricetn
3227 886 3612 985 pertinent.

382 980 634 1048 ὕστερον,
678 983 773 1035 καὶ
815 985 999 1054 μήτηρ
1035 986 1403 1054 ήὲνεγκοῦσα·
1433 989 1566 1042 καθὸ
1594 989 1651 1042 δὲ
1675 991 1767 1043 καὶ
1792 992 1946 1057 Θεὸς,

378 1071 536 1124 οὐδὲν
585 1068 749 1144 ἦττον
802 1078 896 1127 καὶ
963 1075 1252 1143 παρθένος,
1307 1077 1404 1147 οὐχ
1455 1073 1620 1148 ἧττον
1673 1080 1768 1133 καὶ
1809 1081 1944 1150 μετὰ

2046 991 2264 1061 quidem
2292 1002 2558 1061 quatenus
2588 995 2677 1051 ille
2707 996 2831 1052 dein
2864 1000 3042 1059 factus
3069 1015 3150 1059 est
3177 1009 3358 1076 homo,
3391 1031 3453 1069 ea
3489 1037 3608 1085 qua:

2048 1082 2222 1150 ipsum
2254 1086 2507 1151 gestavit,
2537 1088 2700 1140 etiam
2741 1097 2914 1144 mater
2961 1104 3078 1158 est;
3110 1107 3376 1164 quatenus
3425 1082 3605 1162 autem

377 1159 633 1232 γάννησιν
663 1162 887 1229 κάκείνη
905 1163 971 1215 ⁸⁸.
1007 1165 1079 1216 Τὸ
1135 1165 1256 1233 μὲν,
1313 1167 1411 1236 τῆς
1462 1167 1798 1238 πληρώσεως
1828 1182 1845 1200 ⁶
1885 1170 1929 1222 τί

2046 1173 2211 1226 etiam
2245 1181 2330 1226 est
2360 1171 2504 1228 Deus
2527 1213 2542 1239 ,
2574 1190 2766 1230 rursus
2802 1177 2892 1233 illa
2947 1159 3332 1243 nihilo-minus
3371 1203 3421 1243 et
3459 1159 3609 1262 virgo

375 1249 456 1312 δὴ,
484 1250 584 1319 τῆς
625 1253 908 1316 κενώσεως
931 1269 944 1283 ·
1004 1254 1099 1307 καὶ
1153 1256 1214 1308 τὸ
1264 1257 1386 1327 μὲν,
1422 1256 1498 1320 ὡς
1527 1259 1690 1327 μόνου
1711 1260 1754 1291 ⁸⁸
1783 1259 1942 1325 Θεοῦ,

380 1336 528 1393 θετον
558 1341 677 1396 ὅλον
699 1358 712 1372 ·
742 1343 801 1394 τὸ
821 1342 899 1405 δὲ,
931 1344 1007 1407 ὡς
1033 1346 1127 1398 καὶ
1173 1346 1464 1414 ἀνθρώπου
1485 1347 1552 1413 ⁸⁸,
1581 1348 1943 1420 ἀνθρώπινον.

375 1429 579 1484 Τούτου
607 1432 661 1484 τί
696 1448 760 1486 συ
772 1435 1134 1506 μφωνότερον,
1163 1435 1196 1506 ἢ
1227 1437 1347 1507 Θεῷ
1387 1438 1873 1510 πρεπωδέστερον,
1907 1440 1939 1506 ἢ

377 1522 550 1593 μητρὶ
604 1525 958 1598 χαριέστερον
979 1543 996 1593 ;

2043 1270 2146 1329 est,
2178 1270 2230 1317 et
2263 1263 2389 1318 talis
2417 1279 2526 1318 non
2558 1267 2737 1321 minus
2770 1269 2934 1324 etiam
2971 1283 3092 1340 post
3118 1287 3331 1345 partum
3361 1296 3610 1348 perseve-

2042 1354 2438 1415 rat.,Alterum
2471 1356 2825 1424 plenitudinis
2859 1369 2945 1416 est
2972 1361 3349 1439 (divinitatis),
3373 1373 3605 1429 alterum

2041 1444 2462 1509 exlnanitionis;
2498 1447 2751 1512 alterum,
2780 1450 2981 1519 quippe
3007 1455 3175 1510 solius
3200 1457 3293 1514 Dei
3329 1476 3488 1531 opus,
3524 1475 3606 1520 to-

2041 1538 2155 1586 tum
2187 1532 2428 1587 divinum
2452 1549 2466 1591 :
2493 1536 2745 1599 alterum,
2783 1544 3460 1620 utp0te.etiam.hominis,
3499 1557 3602 1609 hu-

373 1633 616 1675 manum.
654 1621 794 1687 Quid
823 1623 925 1678 hoc
964 1625 1135 1695 magis
1165 1633 1591 1683 consentaneum
1619 1668 1633 1688 .
1668 1627 1751 1682 vel
1802 1627 1929 1688 quid
1973 1627 2143 1698 magis
2176 1628 2285 1684 Deo
2334 1631 2690 1698 conveniens,
2729 1639 2822 1686 aut
2861 1636 3018 1692 matri
3100 1637 3400 1708 jucundius
3485 1665 3606 1705 esse

374 1714 587 1782 possit?

445 1805 539 1861 IA'.
609 1809 756 1879 Πλὴν
798 1813 828 1864 ό
873 1811 970 1882 μὲν
1006 1811 1166 1868 τοῦτο
1195 1814 1469 1888 δεύτερον,
1496 1818 1594 1889 τὴν
1625 1819 1765 1890 ὑπὲρ
1793 1819 1940 1888 ἡμᾶς

368 1914 434 1950 τε
457 1900 550 1952 καὶ
583 1899 710 1953 καθ’
758 1904 905 1972 ἡμᾶς
967 1903 1223 1976 γέννησιν
1248 1906 1475 1979 ταύτην,
1514 1909 1799 1978 γεννηθεὶς
1830 1909 1938 1964 ἀπὸ

362 1988 590 2060 Μητρὸς
631 1991 811 2059 ἀξίας,
845 1988 981 2065 vir“
1004 1997 1500 2066 ὑποτασσόμενος
1526 1999 1648 2065 τοῖς
1669 1999 1935 2069 γονεῦσι,

364 2081 511 2134 κατὰ
533 2082 594 2135 τὸ
623 2082 829 2152 λόγιον,
891 2087 1052 2156 δῆλον
1085 2087 1129 2141 δ’
1160 2090 1244 2143 ὅτι
1298 2091 1515 2157 γονεῦσι
1542 2094 1610 2160 τῇ
1657 2092 1758 2162 μὲν
1787 2092 1934 2146 κατὰ

2107 1815 2250 1876 XIV.
2285 1817 2552 1875 Caeterum
2597 1819 2708 1887 ille,
2749 1822 2842 1889 qui
2879 1821 2937 1878 in
2963 1824 3202 1880 secunda
3228 1826 3329 1884 hac
3352 1827 3523 1884 forma
3569 1846 3600 1886 a

2035 1904 2197 1976 digna
2233 1905 2405 1960 Matre
2437 1907 2724 1963 nativitate
2753 1908 2857 1964 ista
2889 1913 3320 1979 pracellentiore
3358 1917 3506 1975 iuxta
3535 1933 3602 1972 ac

2033 2005 2235 2053 nostra:
2267 1998 2432 2053 simili
2464 1999 2679 2068 genitus
2708 2010 2791 2056 est
2812 2041 2828 2067 ,
2875 2004 3171 2060 secundum
3228 2010 3597 2078 evangelicum

2028 2090 2338 2154 oraculum,
2368 2097 2484 2143 erat
2532 2090 2770 2144 subditus
2823 2094 3130 2160 parentibus
3161 2108 3223 2163 II,
3257 2100 3515 2156 videlicet
3545 2110 3599 2159 et

367 2171 535 2238 φύσιν
591 2177 687 2229 καὶ
739 2177 879 2248 ὑπὲρ
931 2174 1117 2248 φύσιν,
1149 2181 1227 2252 τῷ
1254 2182 1310 2244 δὲ
1355 2181 1496 2236 κατά
1550 2200 1671 2236 τινα
1723 2184 1929 2254 σχέσιν,

2037 2179 2135 2247 illi,
2163 2193 2285 2249 qua:
2314 2178 2618 2236 secundum
2654 2189 2909 2236 naturam
2957 2198 3020 2239 ac
3050 2186 3215 2241 simul
3244 2203 3411 2258 supra
3441 2201 3601 2247 natu-

361 2263 466 2318 ιῑτ⁹
505 2263 596 2318 οὖν
655 2266 822 2335 θέσιν,
855 2271 904 2323 εί
959 2270 1160 2340 βούλει,
1204 2273 1302 2325 καὶ
1354 2271 1492 2343 πρὸς
1538 2272 1703 2341 φύσιν
1755 2273 1932 2328 οὐδέν.

378 2351 536 2417 Ὧς⁸⁸
577 2357 686 2426 γὰρ
745 2359 902 2430 ἀνὴρ,
970 2363 998 2414 ό
1043 2362 1292 2434 μνηστὴρ
1347 2365 1441 2417 καὶ
1501 2365 1593 2417 τοῦ
1652 2365 1934 2435 τεχθέντος

363 2446 570 2516 πατὴρ.
605 2448 788 2512 Γονείς
846 2452 1023 2505 τοίνυν
1073 2455 1242 2524 ὁμῶς,
1279 2457 1327 2507 εί
1377 2455 1471 2508 καὶ
1542 2457 1686 2528 pth“
1732 2459 1933 2528 ὁμοίως

363 2535 690 2608 ἀμφότερον
715 2540 803 2610 ὑφ’
837 2536 910 2596 ὧν
941 2546 1034 2597 καὶ
1063 2545 1332 2614 λαμϐάνει
1356 2547 1414 2600 τὸ
1453 2549 1750 2618 σωτήριον
1765 2550 1933 2619 ὄνομα

359 2626 426 2678 τὸ
459 2633 829 2698 χρηματισθὲν
862 2635 1044 2700 αὐτοῖς
1104 2639 1207 2692 ὑπὸ
1255 2639 1350 2693 τοῦ
1399 2641 1629 2711 ἀγγέλου
1691 2642 1784 2695 καὶ
1829 2643 1932 2713 πρὸ

365 2719 701 2790 συλλήψεως.

436 2981 546 3033 Καὶ
580 2984 654 3046 ὠς
688 2992 1032 3053 πρωτότοκον
1060 2988 1104 3018 ⁸⁷
1135 2987 1290 3056 ἅγιον
1334 2990 1521 3061 Κυρίῳ
1571 2993 1926 3061 προσάγεται.

358 3069 536 3123 Βαϐαὶ
562 3073 606 3102 ⁵⁸
657 3077 1033 3146 καρποφορίας
1077 3079 1410 3149 ὑπερφυοῦςί
1458 3083 1588 3145 Θεὸς
1617 3083 1735 3150 Θεῷ
1759 3083 1930 3154 δῶρον

355 3161 456 3212 καὶ
483 3161 594 3225 υίὸς
627 3165 796 3235 πατρὶ
849 3165 1068 3236 δίδοται,
1122 3172 1704 3243 μεγαλοπρεπέστατον
1758 3176 1931 3245 δῶρον

358 3252 617 3308 ἁπάντων
647 3259 738 3308 καὶ
769 3257 1158 3327 γνησιώτατον.
1176 3261 1296 3328 Ὑφ’
1324 3254 1398 3314 ὧν
1427 3265 1454 3313 ό
1483 3264 1659 3317 πάντα
1681 3266 1924 3334 πληρῶν,

357 3345 458 3396 καὶ
488 3347 566 3408 είς
605 3347 880 3414 Αἴγυπτον
934 3350 1322 3418 φυγαδεύεται,
1357 3354 1451 3406 καὶ
1481 3355 1539 3417 ἐξ
1563 3355 1606 3386 ⁸³
1645 3355 1926 3424 Αἰγύπτου

356 3435 600 3503 κληθεὶς,
631 3439 1019 3509 ἀνακομίζεται
1056 3443 1220 3496 πάλιν
1242 3456 1256 3474 ⁶
1281 3444 1376 3496 καὶ
1410 3445 1529 3513 μετ’
1581 3447 1761 3514 ὀλίγον
1823 3449 1922 3516 ζη-

2036 2285 2150 2326 ram
2196 2271 2373 2339 ipsum
2424 2271 2634 2338 genuit,
2665 2281 2718 2327 et
2763 2272 2837 2326 illi
2869 2274 2986 2343 qui,
3018 2275 3283 2332 relatione
3322 2281 3595 2348 quadam,

2045 2361 2276 2427 scilicet,
2310 2363 2356 2418 si
2384 2362 2454 2416 ita
2482 2363 2579 2427 vis,
2613 2363 2923 2433 adoptione,
2961 2367 3276 2424 nullatenus
3323 2386 3451 2426 vero
3498 2388 3596 2427 na-

2035 2461 2176 2518 tura,
2217 2455 2390 2509 eidem
2432 2465 2584 2522 pater
2614 2455 2740 2508 fuit.
2776 2455 3021 2524 Sponsus
3073 2461 3216 2513 enim
3271 2462 3432 2516 etiam
3483 2464 3594 2518 nati

2035 2552 2187 2612 pater
2219 2543 2541 2610 habebatur,
2577 2552 2762 2614 utpote
2812 2545 3040 2617 (Mariae)
3073 2550 3174 2603 vir.
3221 2552 3396 2605 Ambo
3430 2554 3598 2621 igitur

2033 2635 2237 2700 pariter
2279 2637 2576 2702 genitores.
2611 2637 2703 2689 sed
2743 2650 2850 2689 non
2909 2637 3096 2691 eadem
3148 2640 3307 2693 ambo
3347 2643 3592 2708 ratione;

2032 2738 2061 2777 a
2095 2725 2292 2793 quibus
2324 2731 2378 2778 et
2431 2739 2624 2777 nomen
2694 2725 2890 2795 accipit
2941 2726 3266 2793 Salvatoris,
3320 2732 3463 2799 quod
3511 2732 3597 2787 vel

2033 2823 2157 2869 ante
2186 2828 2508 2885 conceptum
2539 2816 2797 2870 divinitus
2827 2818 2893 2871 ab
2913 2819 3105 2888 angelo
3133 2821 3426 2876 revelatum
3459 2822 3593 2893 ipsis

2033 2904 2231 2961 fuerat.

2098 2998 2234 3051 Tum
2287 3009 2541 3065 tanquam
2599 2997 3017 3067 primogenitum
3069 3008 3314 3052 sanctum
3368 3000 3594 3055 Domino

2031 3089 2268 3144 sistitur.
2326 3089 2464 3142 Proh
2496 3088 2826 3142 oblationem
2858 3087 3087 3146 fructus.
3133 3091 3225 3156 qui
3256 3091 3468 3143 excedit
3498 3106 3595 3145 na—

2029 3181 2239 3233 turaml
2296 3180 2436 3235 Deus
2487 3181 2616 3241 Deo,
2643 3188 2695 3232 et
2751 3179 2920 3232 Filius
2956 3177 3101 3230 Patri
3154 3179 3353 3232 donum
3406 3180 3590 3244 datur,

2028 3272 2231 3326 donum
2303 3289 2413 3343 prae
2497 3271 2750 3324 omnibus
2831 3271 3472 3338 magniﬁcentissimum,
3530 3288 3593 3328 ac

2027 3363 2264 3417 maxime
2314 3377 2637 3431 congruum.
2694 3360 2796 3423 Qui
2831 3361 3011 3412 omnia
3061 3361 3271 3428 implet,
3301 3362 3368 3414 ab
3402 3362 3590 3416 iisdem

2027 3468 2122 3522 per
2153 3451 2331 3521 fugam
2363 3461 2416 3504 et
2457 3453 2508 3504 in
2542 3450 2830 3519 Egyptum
2860 3449 3123 3512 defertur,
3160 3457 3213 3503 et
3246 3447 3309 3504 ex
3359 3451 3591 3521 [Egypto

352 3528 532 3580 τεῖται
582 3531 956 3601 προσεδρεύων
984 3532 1060 3602 τῷ
1109 3534 1238 3603 ίερῷ
1266 3553 1280 3567 ο
1316 3537 1452 3605 πρὸς
1482 3535 1577 3599 οὒς
1623 3539 1700 3599 είς
1736 3540 1924 3608 καιρὸν

2030 3549 2251 3594 vocatus
2295 3540 2473 3594 denuo
2509 3547 2837 3606 reportatur,
2888 3547 2940 3590 et
2999 3539 3160 3606 paulo
3191 3548 3312 3607 post
3356 3554 3480 3594 cum
3533 3541 3588 3595 in

354 3611 457 3670 καῖ
482 3621 942 3690 παρρησιάζεται,
986 3627 1044 3677 ἐν
1098 3629 1212 3689 τοῖς
1242 3627 1333 3679 τοῦ
1392 3628 1562 3687 ὅντως
1611 3628 1720 3682 δεῖν
1750 3629 1924 3695 λέγων

349 3703 498 3762 εἶναι
535 3712 596 3762 τὸ
618 3712 800 3775 πλέον,
829 3715 928 3766 οὐκ
956 3716 1014 3766 ἐν
1045 3718 1159 3778 τοῖς
1182 3715 1277 3770 τοῦ
1313 3717 1596 3781 δοκοῦντος
1619 3719 1662 3749 "°
1697 3720 1921 3788 πατρός.

351 3792 437 3869 ⁷ῌ
471 3803 562 3853 καὶ
623 3804 905 3872 χαρίζεται
935 3805 1034 3874 τὴν
1060 3806 1212 3876 παρὰ
1259 3808 1335 3874 τῷ
1366 3808 1530 3876 γάμῳ
1583 3808 1925 3880 θαυματουρ-

350 3891 503 3959 γίαν,
527 3891 670 3958 λόγῳ
724 3893 870 3962 μόνῳ
899 3894 960 3945 τὸ
989 3893 1134 3963 ὕδωρ
1183 3896 1264 3957 είς
1297 3892 1440 3948 οἶνον
1500 3896 1919 3965 ἐκϐιασάμενος.

355 3981 466 4032 Ἐκ
490 3998 548 4033 τε
601 3981 699 4051 τῆς
757 3983 919 4054 ἄχρις
944 3983 1191 4047 ἐντελοῦς
1226 3985 1444 4054 ἡλικίας
1493 3987 1618 4057 περὶ
1655 3987 1780 4050 τοὺς
1810 4004 1921 4039 παη

349 4070 522 4140 τέρας
555 4072 857 4142 ὑποταγῆς,
881 4075 974 4127 καὶ
1021 4074 1114 4128 τοῦ
1156 4073 1255 4146 τὴν
1290 4074 1463 4146 ἀρχὴν
1522 4077 1630 4130 τῶν
1685 4078 1922 4146 σημείων

352 4162 589 4227 ὲκείνοις
616 4165 1118 4232 προσαναθείναιτί,
1148 4166 1427 4236 νομοθετῶ
1475 4168 1608 4238 ἡμῖν
1661 4167 1923 4233 ἄντικρυς

352 4250 462 4324 τὴν
493 4257 572 4319 εις
595 4255 717 4320 τοὺς
741 4257 996 4320 τεκόντας
1015 4257 1200 4328 τιμήν.

439 4520 536 4575 ῐΕ’.
586 4521 746 4577 Ἀλλὰ
773 4523 1004 4594 Χριστὸς
1053 4522 1152 4594 μιν
1184 4522 1431 4578 ἐντεῦθεν
1469 4522 1580 4578 τῶν
1631 4523 1923 4589 θαυμάτων

354 4610 690 4681 ἀρξάμενος,
715 4613 847 4682 περὶ
877 4612 976 4685 τὴν
1003 4613 1099 4666 τοῦ
1132 4613 1339 4683 κόσμου
1378 4615 1654 4686 σωτηρίαν
1682 4616 1922 4686 ἀπασχο-

353 4699 559 4765 λιῐται,
615 4701 708 4754 καὶ
768 4701 866 4771 τὴν
907 4700 1186 4772 βασιλείαν
1217 4701 1484 4772 κηρύσσει
1522 4703 1632 4756 τῶν
1653 4704 1916 4774 οὐρανῶν,

355 4795 459 4846 καὶ
485 4795 605 4856 ταῖς
633 4795 714 4857 είς
739 4794 897 4848 τοῦτο
924 4793 1218 4865 φερούσαις
1256 4795 1558 4865 ἐνεργείαις
1606 4795 1698 4849 καὶ
1721 4796 1920 4865 «page-

2027 3631 2228 3698 templo
2266 3640 2598 3694 versaretur,
2630 3628 2960 3696 requiritur;
2993 3629 3187 3697 quibus
3214 3631 3264 3682 in
3300 3630 3587 3698 praesentia

2025 3729 2078 3775 et
2107 3721 2245 3774 illud
2282 3719 2452 3773 libere
2483 3720 2774 3788 respondet
2803 3734 2817 3782 ;
2873 3720 2926 3771 in
2965 3720 3030 3770 iis
3087 3719 3284 3785 potius,
3311 3720 3586 3788 inquiens,

2023 3824 2138 3877 quia
2168 3808 2282 3861 veri
2317 3807 2499 3860 Patris
2526 3809 2625 3860 mei
2650 3814 2794 3869 sunt,
2826 3816 3027 3875 oportet
3060 3823 3139 3859 me
3170 3823 3283 3860 esse
3306 3815 3351 3872 η,
3385 3823 3492 3862 non
3532 3810 3586 3863 in

2024 3900 2091 3953 iis
2131 3914 2250 3968 qua:
2281 3900 2454 3968 patris
2489 3907 2615 3951 sunt
2662 3899 2921 3966 putatitii.
2956 3897 3036 3949 Ad
3091 3898 3310 3966 nuptias
3361 3898 3587 3968 insuper

2022 3986 2078 4040 in
2109 3985 2410 4041 Genitricis
2466 3985 2697 4054 gratiam
2769 3984 3090 4038 miraculum
3156 3983 3410 4054 largitur.
3469 3986 3584 4040 sola

2023 4077 2313 4132 verborum
2341 4076 2393 4130 vi
2423 4089 2618 4145 aquam
2665 4075 2719 4128 in
2751 4077 2939 4127 vinum
2989 4083 3357 4140 convertens;
3390 4081 3442 4128 et
3472 4085 3583 4129 tum

2021 4167 2288 4238 ejusmodi
2312 4180 2436 4237 erga
2472 4172 2722 4246 parentes
2753 4164 2818 4218 ad
2853 4165 3147 4231 perlectam
3177 4179 3346 4232 usque
3369 4173 3582 4219 aetatem

2023 4257 2390 4327 subjectione,
2428 4266 2540 4310 tum
2569 4254 2731 4309 initio
2774 4253 3027 4323 patrandi
3077 4253 3226 4322 signa
3264 4253 3318 4307 in
3351 4257 3579 4321 gratiam

2021 4362 2209 4404 eorum
2244 4345 2565 4414 anticipate,
2590 4345 2853 4398 honorem
2887 4343 3207 4412 parentibus
3230 4341 3579 4399 deferendum

2022 4438 2185 4493 nobis
2214 4446 2402 4506 aperte
2433 4433 2846 4506 praescribebat.

2092 4522 2210 4583 XV.
2246 4527 2417 4582 Porro
2444 4524 2698 4580 Christus
2739 4537 2864 4578 cum
2915 4523 3196 4578 miraculis
3218 4523 3334 4586 suis
3363 4522 3577 4577 initium

2023 4619 2150 4674 inde
2179 4615 2424 4677 fecisset,
2451 4617 2565 4684 jam
2601 4613 2668 4667 ad
2706 4614 2937 4669 salutem
2983 4613 3172 4666 mundi
3203 4612 3416 4666 labores
3443 4627 3576 4667 suos

2020 4707 2258 4772 conl‘ert,
2291 4715 2345 4765 et
2380 4702 2642 4777 praedicat
2677 4717 2906 4771 regnum
2943 4702 3228 4764 caelorum,
3255 4716 3418 4770 seque
3440 4703 3578 4756 actis

2023 4807 2078 4854 et
2102 4799 2382 4868 operibus,
2406 4810 2526 4864 quae
2547 4795 2614 4848 ad
2647 4793 2699 4847 id
2740 4793 3126 4856 conducerent,
3156 4799 3329 4846 totum
3366 4791 3575 4860 impen-

355 4900 452 4936 σιν
527 4885 718 4938 ἑαυτὸν
760 4886 1089 4950 ἐπιδίδωσιν,
1123 4885 1227 4948 ἓως
1255 4887 1316 4937 τὸ
1346 4885 1506 4954 ἔργον
1534 4883 1628 4937 τοῦ
1663 4883 1917 4954 ἀληθινοῦ

2030 4889 2124 4950 dit,
2148 4900 2434 4958 quousque
2467 4885 2580 4939 veri
2633 4883 2812 4940 Patris
2860 4883 2943 4938 sui
2991 4896 3130 4951 opus
3185 4882 3494 4951 perfecit';
3523 4890 3576 4935 et

350 4975 574 5042 Πατρὸς
599 4975 902 5028 ἐτελείωσε·
938 4976 1034 5027 καὶ
1082 4975 1159 5044 τῷ
1185 4975 1407 5045 σταυρῷ
1448 4975 1749 5041 δοξασθεὶς,
1783 4977 1918 5044 πρὸς

356 5064 524 5127 ἀξίαν
545 5068 795 5119 κάκεῖνον
821 5065 1058 5134 ἑαυτῷη
1095 5065 1466 5128 ξυνεδόξασεν·
1498 5065 1585 5117 ὅτε
1619 5065 1781 5117 πάλιν
1828 5067 1916 5116 εὑ-

355 5155 545 5227 ρίσκει
588 5159 688 5228 τὴν
716 5158 947 5228 Μητέρα
980 5156 1230 5227 πλησίον,
1251 5157 1343 5208 καὶ
1369 5157 1433 5225 τῇ
1473 5156 1746 5224 μακρόθεν
1776 5156 1913 5225 αὐτῇ

433 5340 473 5366 ι·
498 5333 632 5394 Luc.
666 5348 730 5399 ιι,
795 5333 847 5391 5i
954 5343 982 5372 ιι
1008 5333 1139 5388 Luc.
1169 5348 1232 5398 ιι,
1265 5331 1351 5387 49.
1427 5330 1628 5388 °Joan.
1658 5346 1798 5395 xvii,
1834 5330 1867 5383 l

2025 4993 2186 5032 cruce
2216 4977 2438 5045 gloriam
2468 4975 2722 5044 adeptus,
2759 4975 2918 5027 istam
2949 4987 3164 5040 quoque
3194 4987 3291 5040 pro
3314 4972 3576 5039 dignitate

2025 5083 2122 5121 sua
2167 5065 2234 5119 ad
2288 5065 2531 5118 eamdem
2585 5065 2809 5133 gloriam
2868 5077 3053 5117 secum
3089 5063 3302 5124 evexit;
3353 5060 3575 5130 quando

2021 5157 2245 5210 Matrem
2274 5157 2452 5209 denuo
2497 5168 2665 5222 prope
2688 5161 2950 5206 astantem
2981 5150 3174 5215 cernit,
3206 5150 3432 5220 ejusque
3458 5149 3574 5201 ani-

1726 5463 1920 5525 Varias
1963 5460 2289 5523 lectiones.

439 5615 482 5682 ’ἕ
506 5613 627 5669 Vat.
662 5616 768 5670 alio
802 5614 1087 5668 verborum
1121 5614 1328 5667 ordine.
1356 5609 1517 5682 ἦττον
1576 5607 1804 5682 κάκείνη
1842 5605 1929 5682 καὶ

2030 5606 2117 5682 53:15
2136 5603 2439 5682 γέννησινη
2486 5598 2686 5682 ".Vat.‘
2712 5603 2907 5682 μόνως.

2997 5596 3234 5695 ῐίὲῑιέιξτ
3263 5595 3570 5695 iis???

358 5683 414 5755 ξ*
802 5665 1040 5755 δ”
1066 5665 1325 5755 inima‘rg,
1345 5665 1523 5755 eodem
1551 5665 1929 5755 ωορκ-ὡραῖον

2033 5674 2075 5750 ξε
2097 5672 2258 5725 Laur.
2279 5665 2445 5755 λετυρει
2473 5673 2570 5739 μή.
2644 5671 2686 5701 ⁸⁷
2710 5665 2870 5755 ᾕδεις.
2907 5666 3253 5755 προτότρκιον.
3330 5665 3376 5755 ’ξ
3404 5665 3570 5755 Lanr.

360 5753 426 5809 in
461 5768 630 5824 marg.
648 5748 870 5823 iurans,
903 5751 1124 5823 ὡραῖον.
1224 5750 1267 5781 ⁶⁹
1288 5748 1450 5803 Laur.
1478 5749 1556 5810 ἐς.

1632 5747 1676 5777 ⁷⁸
1702 5736 1864 5799 Laur.
1903 5741 2205 5802 δοκοῦντος.
2279 5740 2322 5771 ⁷¹
2355 5736 2979 5808 ιουι.’προταιιαθῆκκαι.

3081 5737 3126 5766 τ’
3159 5733 3320 5787 Laur.
3356 5735 3565 5788 ἔαυτόν.
