4124 6338
707 394 845 466 1095

1877 391 1913 454 Ι
1917 389 2119 450 ΟΑΝΝ
2127 389 2196 449 IS
2228 383 2795 448 EUCHAITENSIS

3792 389 3918 451 1096

705 502 1031 574 compositio
1064 506 1228 570 atque
1250 499 1323 554 rei
1356 496 1600 568 parilitas
1647 495 1783 567 (l2).
1813 495 2072 554 Dominus
2095 492 2251 548 dedu-

2359 492 2448 563 τὴν
2471 491 2794 544 Δέσποιναν·
2827 491 2855 543 6
2883 491 3148 557 Βασιλεὺς
3181 495 3281 566 τὴν
3311 494 3642 551 Βασῐλισσαν
3672 510 3686 527 ·
3712 497 3742 550 6
3771 497 3922 568 Νυμ-

706 597 783 651 cit
824 596 1102 650 Dominam
1132 633 1147 658 ,
1196 589 1460 659 Reginam
1515 588 1655 652 Rex,
1683 586 1929 657 Sponsus
1974 585 2262 653 Sponsam,

705 684 880 740 Filius
937 683 1200 745 Matrem,
1265 679 1537 748 Virginem
1597 677 1690 746 qui
1752 689 1968 745 purus,
2033 673 2265 727 Sanctus

709 779 990 842 Sanctam,
1051 772 1266 830 cunctis
1302 769 1612 840 prmcelsior
1653 767 2053 838 pra'celsiorem
2086 763 2267 818 omni-

707 871 843 934 bus;
906 878 960 924 et
1017 866 1218 922 coelum
1294 863 1532 917 animam
1595 858 1891 926 semetipso
1950 855 2264 923 ampliorem

706 958 978 1027 suscipit;
1011 964 1066 1011 et
1099 953 1274 1021 angeli
1322 951 1661 1007 comitantur
1689 944 2064 1016 gloriosiorem
2103 955 2266 1009 ange-

704 1047 810 1114 lis;
841 1057 894 1102 et
943 1046 1102 1101 simul
1131 1050 1427 1098 accurrunt
1487 1040 1738 1093 homines
1762 1076 1776 1101 ,
1802 1043 1858 1090 et
1894 1032 2146 1105 apostoli,
2175 1030 2265 1085 alii

705 1137 825 1192 aliis
855 1153 918 1192 ex
949 1136 1134 1190 mundi
1165 1135 1361 1203 plagis,
1397 1131 1583 1186 eodem
1610 1137 1852 1196 tempore
1879 1123 1986 1193 iam
2018 1124 2072 1177 iu
2097 1137 2263 1176 unum

704 1226 1114 1289 convenientes,
1166 1225 1294 1290 imo,
1331 1230 1390 1276 ut
1458 1221 1630 1288 magis
1674 1216 1893 1287 proprie
1935 1214 2152 1277 dicam,
2197 1227 2264 1266 ex

705 1331 852 1380 aere,
911 1315 1103 1371 nescio
1155 1313 1323 1379 unde,
1351 1313 1407 1367 in
1454 1320 1655 1366 terram
1690 1308 1962 1378 pluentes,
2004 1317 2266 1374 apprope-

703 1418 1042 1550 ragunovam
1068 1493 1303 1565 pluviam
1332 1494 1346 1546 l
1377 1491 1421 1546 0
1442 1491 1678 1546 viatores
1716 1487 2001 1544 volantes!
2034 1483 2078 1539 Ο
2115 1482 2264 1554 pedi-

703 1592 788 1640 tes
816 1586 1120 1641 :ethereosl
1159 1585 1263 1649 Qui
1307 1595 1427 1638 sunt
1463 1583 1571 1647 isti,
1609 1585 1718 1652 qui,
1743 1589 1800 1634 ut
1850 1580 2030 1642 nubes,
2066 1575 2262 1640 volant,

703 1676 931 1744 pulchre
987 1677 1278 1743 nobiscum
1354 1674 1525 1729 Isaias
1592 1670 1896 1727 scitatum
1924 1669 2055 1736 Quae
2099 1681 2266 1722 causa

703 1778 809 1819 tam
847 1767 1150 1821 admirandi
1230 1767 1470 1833 novique
1515 1763 1786 1818 eventus?
1857 1760 2011 1818 Unde
2049 1760 2209 1816 nobis
2235 1774 2266 1813 e

2369 583 2490 651 φίος
2519 583 2618 652 τὴν
2651 582 2883 653 Νύμφην
2910 597 2924 612 ο
2960 583 2987 634 6
3022 584 3150 646 Υἱὸς
3181 584 3279 655 τὴν
3307 586 3552 656 Μητέρα·
3607 588 3704 655 τὴν
3777 589 3921 658 Παρ-

2371 675 2524 729 θένον
2553 677 2580 727 6
2619 675 2856 743 καθαρός
2882 690 2897 706 ο
2955 674 3055 745 τὴν
3115 677 3302 741 Ἀγίαν
3333 678 3360 730 6
3416 677 3622 743 Ἀγιοςο
3653 677 3682 729 6
3713 678 3925 731 πάντων

2370 768 2626 820 ἐπέκεινα
2649 769 2746 838 τὴν
2783 766 2997 819 πάντων
3032 765 3409 837 ὑψηλοτέραν
3444 769 3536 822 καὶ
3558 767 3770 837 δέχεται
3822 769 3924 838 ψυ-

2367 862 2469 929 χὴν
2485 860 2529 892 ’⁷
2560 861 2588 912 6
2617 861 2840 929 οὐρανὸς
2864 859 3055 912 ἑαυτοῦ
3107 860 3450 927 πλατυτέραν
3488 874 3502 889 ο
3555 861 3649 912 καὶ
3679 859 3927 929 προπέμ-

2370 967 2563 1003 πουσιν
2586 949 2806 1018 ἄγγελοι
2827 948 2931 1018 τὴν
2961 947 3209 1016 ἀγγέλων
3236 948 3576 1016 ἐνδοξοτέραν
3602 965 3618 979 ο
3670 949 3766 1007 καὶ
3797 965 3922 1001 συν-

2366 1042 2652 1110 τρέχουσιν
2683 1041 2980 1110 ᾶνϐρωποι,
3000 1039 3091 1092 καὶ
3121 1040 3376 1092 πονοῦσιν
3404 1039 3689 1096 ἀπόστολοι
3707 1039 3754 1071 ⁸⁸
3771 1039 3925 1102 ἄλλος

2364 1132 2586 1186 ἄλλοθεν
2646 1132 2769 1201 ἄρτι
2830 1130 3251 1198 συνεκφανέντες
3307 1130 3522 1200 ἀθρόον,
3610 1131 3815 1194 καὶ,ἴν’
3848 1132 3924 1183 ol-

2365 1219 2641 1288 κειότερον
2676 1219 2816 1272 εῐπω
2844 1237 2917 1282 τι,
2949 1219 3008 1283 ἔξ
3037 1218 3220 1289 ἀὲρος,
3251 1219 3351 1272 οὐκ
3373 1215 3470 1271 οἷδ’
3504 1218 3647 1275 ὅθεν.
3695 1218 3927 1290 ἐπιϐραο

2366 1307 2552 1377 χέντες
2583 1310 2647 1378 τῇ
2675 1310 2768 1377 γῇ.

2442 1482 2505 1534 Ὢ
2533 1481 2724 1551 καινῆς
2773 1481 3113 1552 ἐπομϐρίας]
3148 1484 3213 1536 Ὠ
3241 1485 3462 1554 πτηνῶν
3502 1486 3826 1556 ὁδοιπόρωνί
3862 1487 3925 1538 Ὦ

2365 1569 2545 1634 πεζῶν
2572 1570 2770 1639 ἀερίων
2794 1571 2840 1602 ”
2871 1572 2884 1623 l
2921 1573 3086 1638 Τίνες
3122 1572 3267 1637 οἵδε,
3298 1573 3378 1640 ὡς
3410 1576 3680 1642 νεφέλαι,
3707 1576 3925 1629 πέτον-

2364 1677 2480 1727 ται,
2512 1661 2694 1725 καλῶς
2727 1661 2955 1725 Ἡσαΐας
2997 1663 3117 1732 μεθ’
3170 1664 3326 1734 ημῶν
3384 1667 3618 1735 ἀπορεῖ.
3662 1667 3756 1729 Τίς
3784 1668 3810 1719 6
3839 1666 3925 1719 λόο

2365 1770 2460 1822 γος
2512 1752 2613 1823 τῆς
2656 1752 2799 1806 οὕτω
2847 1752 3152 1822 παραδόξου
3209 1757 3602 1824 καινοτομίσς;
3660 1759 3830 1811 Πόθεν
3860 1758 3924 1811 ἐκ

700 1857 940 1911 nubibus
1007 1856 1297 1912 homines?
1327 1855 1617 1921 Quomodo
1665 1869 1697 1910 ο
1745 1854 1901 1910 ctelis
1947 1863 2129 1908 tantus
2159 1860 2259 1908 ter-

2364 1843 2544 1911 νεφῶν
2600 1846 2734 1913 ἡμῖν
2802 1845 3113 1915 ἄνθρωποι;
3173 1847 3296 1910 Πῶς
3333 1849 3577 1916 ιπίτειον
3604 1849 3923 1919 στράτευμα

700 1950 896 2002 restris
928 1947 1246 2004 exercitus?
1279 1947 1398 2002 Non
1439 1962 1569 2018 ergo
1609 1961 1756 2001 unus
1783 1945 2045 2003 duntaxat
2077 1942 2263 1999 Elias'

699 2036 788 2091 hic
850 2052 947 2106 per
1007 2039 1208 2092 aethera
1241 2038 1523 2107 graditur;
1570 2051 1677 2090 non
1739 2034 1890 2089 solus
1935 2033 2258 2088 Habacum'

702 2124 953 2178 sublimis
1013 2139 1178 2194 supra
1225 2125 1426 2179 nubem
1497 2123 1812 2189 attollitur;
1867 2136 2049 2190 neque
2111 2120 2262 2176 solus

702 2213 901 2267 Paulus
932 2229 963 2268 e
1018 2225 1160 2268 terra
1213 2215 1280 2268 ad
1340 2214 1557 2268 tertium
1593 2213 1788 2268 caelum
1824 2211 2063 2281 rapitur;
2097 2213 2190 2266 sed
2231 2228 2261 2266 a

699 2303 838 2355 coelo
862 2303 915 2355 in
947 2313 1148 2356 terram
1191 2303 1276 2356 hic
1298 2303 1461 2357 simul
1499 2317 1620 2355 cum
1656 2301 1845 2355 multis
1863 2301 1984 2354 aliis
2011 2314 2072 2354 se
2095 2301 2259 2366 sistit;

699 2395 893 2460 quippe
926 2393 1182 2447 nobiliori
1237 2393 1364 2445 huic
1417 2392 1675 2462 mysterio
1711 2400 1764 2446 et
1811 2391 2044 2460 amplior
2098 2392 2263 2446 mini-

698 2494 935 2537 strorum
970 2495 1144 2538 coetus
1180 2498 1316 2551 opus
1351 2492 1491 2537 erat.

772 2573 890 2627 ΧΧ.
944 2575 1038 2628 Illa
1095 2575 1277 2642 itaque
1329 2572 1544 2626 Domini
1585 2587 1649 2626 ac
1682 2572 1825 2642 .Filii
1881 2574 1966 2628 sui
2015 2573 2263 2630 manibus

699 2665 1050 2732 semetipsam
1109 2664 1353 2718 suaviter
1393 2678 1519 2716 cum
1567 2663 1913 2728 credidisset,
1942 2663 1995 2716 in
2052 2665 2260 2737 vestitu,

698 2752 1034 2819 iuxta-vetus
1085 2752 1410 2822 congeneris
1453 2752 1520 2805 de
1579 2752 1695 2820 ipsa
1734 2752 2052 2816 oraculum,
2098 2753 2263 2806 deau-

703 2853 820 2894 rato
875 2844 1206 2896 circumdata
1256 2843 1579 2904 varietate‘,

699 2933 1008 2999 adducitur,
1040 2942 1094 2987 et
1113 2934 1318 3002 Regina
1359 2948 1388 2985 a
1421 2934 1631 2987 dextris
1663 2931 1828 3002 Regis
1874 2942 2083 3000 astans,
2115 2937 2262 3004 ejus-

697 3024 924 3092 demque
968 3041 1088 3081 cum
1120 3041 1185 3080 eo
1212 3037 1426 3081 aeterna:
1462 3027 1742 3081 heatitatis
1792 3028 2082 3098 particeps,
2113 3029 2263 3083 debi-

699 3116 769 3170 tis
808 3117 911 3170 sibi
943 3124 998 3171 et
1028 3132 1196 3187 regno
1224 3125 1277 3171 et
1305 3118 1473 3187 gloria
1507 3118 1712 3187 potitur

764 3293 827 3348 lli
870 3310 997 3350 vero
1048 3311 1166 3365 quae
1215 3305 1344 3352 sunt
1391 3296 1623 3362 funeris,
1657 3298 1806 3352 haud
1863 3298 2127 3353 oblivioni
2153 3307 2264 3353 tra-

698 3384 854 3446 dunt,
890 3393 942 3438 et
1000 3387 1066 3438 ad
1135 3401 1334 3455 c0rpus
1396 3388 1534 3441 illud
1592 3388 2002 3442 immaculatum
2055 3403 2119 3442 ac
2167 3387 2262 3444 Dei

697 3473 932 3543 hospitio
956 3477 1136 3530 nobile
1166 3491 1330 3532 curas
1373 3491 1502 3531 suas
1528 3484 1877 3532 convertunt.
1903 3477 2043 3531 Proh
2079 3477 2259 3532 dirum

697 3569 956 3636 probrum
991 3570 1005 3622 l
1044 3570 1326 3634 Quomodo
1363 3571 1506 3624 enim
1549 3584 1656 3624 non
1729 3571 1949 3640 dignum
1985 3569 2037 3623 id
2076 3569 2262 3634 fuerit,

700 3657 845 3724 quod
881 3660 1274 3713 lamentemur?
1317 3657 1457 3712 Proh
1507 3659 1759 3727 injuriam
1806 3673 1913 3711 non
1954 3656 2258 3721 ferendam,

703 3749 850 3816 quod
887 3764 1032 3803 mors
1056 3751 1325 3818 primitias
1371 3751 1497 3803 vita:
1530 3748 1854 3817 possederit,
1885 3759 2050 3818 atque
2106 3750 2256 3804 illaut

697 3833 1012 3907 sepulcrum
1056 3841 1322 3906 tenuerit,
1361 3855 1482 3910 quae
1513 3851 1672 3911 partu
1712 3853 1813 3895 suo
1837 3839 2051 3896 vivifico
2073 3842 2260 3912 sepul-

695 3941 787 3981 cra
823 3931 1137 3986 evacuavitl

766 4017 837 4070 At
871 4035 1031 4074 nemo
1072 4022 1187 4075 haec
1223 4030 1515 4088 vereatur;
1549 4037 1727 4093 neque
1753 4022 1821 4079 de
1852 4022 2126 4094 ejusmo'oi
2156 4037 2256 4078 an-

698 4115 855 4176 gatur
877 4109 1213 4166 discrimine.
1241 4111 1408 4167 Novis
1435 4114 1578 4168 enim
1609 4128 1749 4168 nova
1777 4115 2117 4186 congru‘uut(
2140 4113 2252 4184 15),

697 4208 861 4267 atque
889 4199 955 4256 iis
982 4215 1104 4270 qua:
1124 4200 1240 4272 jugi
1283 4202 1521 4274 quodam
1551 4211 1802 4275 portento
1832 4212 2088 4263 constant
2115 4205 2252 4277 (1.1),

2361 1935 2616 1989 τοσοῦτον
2636 1935 2695 1999 ἐξ
2737 1934 3014 2007 οὺρανοῦ;
3049 1935 3122 1989 Οὐ
3155 1936 3262 2006 γὰρ
3295 1935 3377 2000 εἷς
3407 1935 3509 1992 ὧδε
3552 1938 3709 2007 μόνον
3740 1938 3926 2001 Ἠλίας

2361 2026 2773 2096 αῑθεροδρόμος⁶
2835 2027 2932 2096 οὐχ
2981 2022 3061 2090 εἷς
3145 2027 3490 2097 Ἀσσακοὺμί
3547 2029 3640 2081 ἰπὶ
3696 2030 3927 2098 νεφέλης

2363 2119 2654 2188 μετάρσιος
2680 2132 2694 2147 ο
2722 2116 2840 2169 οὐδὲ
2867 2117 3076 2180 Παῦλος
3113 2117 3271 2185 μόνος
3299 2120 3367 2172 ὲκ
3388 2118 3493 2188 γῆς
3521 2119 3658 2189 πρὸς
3693 2122 3926 2190 οὐρανὸν

2361 2210 2545 2280 τρίτον
2571 2225 2585 2239 ’
2613 2208 2728 2261 ἀλλ’
2751 2210 3043 2278 οὐρανόθεν
3080 2211 3160 2273 είς
3189 2211 3295 2280 γῆν
3334 2213 3470 2281 μετὰ
3512 2212 3723 2266 πολλῶν
3749 2215 3922 2268 ἄλλων

2363 2301 2614 2369 πάρεστι·
2650 2302 2932 2369 μυστηρίῳ
2986 2302 3093 2371 γὰρ
3137 2301 3344 2371 μείζονι
3398 2304 3492 2355 καὶ
3522 2302 3785 2358 πλειόνων
3816 2304 3920 2359 ἔδει

2360 2392 2468 2446 τῶν
2498 2390 2849 2461 λειτουργῶν.

2435 2566 2520 2617 K'.
2596 2564 2658 2617 Ἥ
2691 2565 2789 2632 μὲν
2849 2563 2941 2618 οὖν
2968 2566 3122 2636 χερσὶ
3169 2567 3510 2633 δεσποτικαῖς
3549 2572 3641 2624 καὶ
3668 2572 3925 2642 γνησίαις

2364 2657 2571 2726 ἑαυτὴν
2629 2657 2799 2727 ἡδέως
2845 2657 3228 2711 πιστεύσασαι
3284 2660 3361 2730 τῷ
3419 2661 3928 2732 βασιλικῷ⁹προσ-

2363 2750 2555 2818 ἀγεται
2581 2749 2754 2817 Θρόνῳ
2784 2751 2852 2803 ἐν
2873 2751 3162 2819 ἱματισμῷ
3216 2751 3522 2819 διαχρύσῳ
3571 2756 3927 2822 περιϐεϐλη-

1630 2842 1697 2895 ad
1761 2842 1967 2912 regium
2007 2845 2259 2898 thronum

2359 2842 2508 2910 μένῃ
2543 2846 2992 2908 πεποικιλμένη,
3030 2841 3172 2895 κατὰ
3204 2841 3302 2912 τὴν
3355 2844 3441 2896 ἐπ’
3489 2845 3623 2913 αὐτῇ
3684 2847 3928 2900 παλαιὰν

2363 2934 2690 3000 συγγενικὴν
2744 2933 3105 3001 προφητείαν,
3166 2935 3259 2987 καὶ
3287 2934 3385 3002 τὴν
3413 2936 3608 3005 ἑαυτῆς
3638 2937 3922 3005 βασιλείαν

2361 3039 2417 3074 τε
2447 3023 2539 3074 καὶ
2575 3021 2730 3085 δόξαν
2757 3022 3173 3090 παραλαμόἀνει
3201 3024 3263 3076 ἐκ
3286 3024 3473 3089 δεξιῶν
3517 3027 3548 3095 ή
3579 3025 3600 3056 ’⁸
3630 3024 3928 3081 Βασίλισσα

2287 3155 2328 3209 C
2362 3116 2686 3183 παραστᾶσα
2728 3115 2818 3166 τοῦ
2861 3113 3132 3177 Βασιλέως
3210 3117 3302 3169 ἐπὶ
3351 3118 3601 3189 κοινωνίᾳ
3661 3119 3763 3188 τῆς
3800 3121 3921 3188 ἴσης

2370 3207 2539 3259 ἀϊδίου
2578 3206 2993 3275 μακαριότητος.

2430 3298 2494 3350 Ol.
2523 3297 2578 3349 δὲ
2606 3298 2781 3365 ταφῆς
2822 3298 3240 3365 μνημονεύουσι,
3266 3299 3359 3351 καὶ
3390 3317 3452 3353 πε
3465 3301 3516 3370 pl.
3548 3301 3605 3353 τὸ
3657 3304 3928 3374 ἄχραντον

2361 3388 2519 3456 σῶμα
2597 3391 2688 3442 καὶ
2716 3388 2957 3458 θεοδόχον
3036 3390 3380 3458 φιλοπονοῦσι
3429 3391 3501 3445 δ’.
3563 3393 3666 3447 Φεῦ
3746 3396 3928 3467 δεινῆς

2360 3476 2597 3548 ὖόρεωςῐ
2655 3479 2764 3532 Καὶ
2791 3480 2905 3540 πῶς
2956 3479 3062 3549 γὰρ
3115 3480 3212 3532 οὐκ
3263 3480 3411 3544 ἄξιον
3442 3480 3503 3534 τὸ
3539 3484 3773 3553 πρᾶγμα
3804 3503 3930 3555 σχε-

2357 3567 2658 3634 τλιασμοῦ;
2717 3566 2816 3636 φεῦ
2884 3568 3084 3638 ζημίας
3118 3571 3138 3601 ⁵
3182 3571 3241 3623 οὐ
3275 3571 3541 3641 φορητῆςί
3595 3575 3639 3626 εί
3695 3574 3928 3639 θάνατος

2366 3653 2480 3728 εἶχε
2504 3659 2524 3690 ⁸
2555 3658 2651 3729 τὴν
2710 3661 2963 3731 ἀπαρχὴν
2995 3662 3092 3730 τῆς
3142 3661 3306 3732 ζωῆς,
3345 3664 3438 3716 καὶ
3479 3663 3647 3732 τάφος
3680 3667 3923 3736 κατέσχε

2356 3751 2456 3820 τὴν
2506 3753 2631 3810 τοὺς
2695 3751 2893 3819 τάφους
2942 3749 3255 3805 κενώσασαν
3315 3752 3391 3823 τῷ
3445 3754 3589 3826 τόκῳ
3637 3756 3716 3827 τῷ
3772 3755 3928 3828 ζωη-

2356 3841 2527 3914 φόρφο

2441 4022 2580 4076 ’Δ>.λ’
2641 4022 2974 4077 εὐλαϐείσθω
3023 4024 3231 4090 μηδεὶς,
3299 4025 3422 4095 μηδ’
3480 4026 3770 4094 ἀγωνιάτω
3817 4027 3917 4081 τον

2358 4115 2619 4170 κίνδυνον.
2664 4114 2785 4168 Ἐπὶ
2839 4118 3042 4179 καινοῖς
3094 4117 3201 4189 γὰρ
3264 4119 3444 4183 καινὰ,
3511 4120 3606 4172 καὶ
3665 4121 3779 4183 τοῖς
3833 4120 3929 4173 ἀεὶ

2360 4203 2681 4274 παραδόξοις
2709 4204 3090 4274 ἐπισυμσαίνει
3119 4207 3415 4278 παράδοξα.
3442 4209 3517 4262 06
3551 4208 3661 4281 γὰρ
3686 4210 3924 4280 ἧνεγκεν

803 4342 832 4385 ιι
869 4335 981 4390 lsa.
1010 4349 1102 4401 ιι.
1136 4335 1189 4392 8.
1267 4347 1289 4376 τ
1322 4336 1391 4394 1V
1425 4335 1555 4410 Reg.
1605 4354 1667 4401 ιι.
1715 4339 1800 4396 11.
1880 4350 1903 4380 ι
1933 4337 2073 4396 Dan.
2125 4354 2237 4404 xtv,

2361 4376 2375 4392 .
2459 4337 2650 4394 ‘Psal.
2702 4353 2850 4404 κων,
2885 4339 2974 4395 1ο.

2036 4483 2242 4546 Varias
2279 4481 2608 4546 lectiones.

787 4621 832 4652 "
874 4618 992 4676 Vat.
1023 4620 1176 4678 abest
1204 4621 1250 4677 6.
1345 4622 1390 4655 "
1410 4619 1575 4678 Laur.
1606 4621 1661 4676 in
1703 4620 1947 4692 margine
1977 4637 1995 4686 ε,
2026 4624 2153 4694 περὶ
2182 4623 2259 4692 τῆς

787 4707 887 4726 ιρι-η
906 4691 1119 4726 aduentu
1215 4691 1261 4724 νο
1281 4689 1422 4726 [cur
1463 4692 1641 4726 Alam“
1747 4692 1761 4723 1
1787 4688 1927 4726 ..απι-
1963 4692 2234 4726 ’Δκηνηῖη

2359 4623 2743 4709 ετεωροξτορίας
2795 4621 2902 4726 ’ἰῶν
2933 4622 3278 4726 ἀποσξόλιιξνο
3311 4624 3386 4679 οε
3430 4627 3788 4726 περιιοιοηιιπι
3825 4644 3928 4726 ρετ

2376 4709 2730 4726 pun-umnam.
2842 4693 2860 4711 ⁹
2916 4706 3024 4726 ,ιι-η-
3098 4710 3181 4726 ηρ.
3223 4694 3354 4726 εινιτε
3547 4710 3649 4726 1|."-
3692 4709 3717 4726 ι.
3748 4707 3838 4726 uae!

699 4689 887 4761 ret/tera
904 4691 1143 4744 adventu.
1215 4691 1261 4724 ”
1281 4689 1442 4746 Laur.
1463 4692 1660 4761 ἀέριον.
1736 4692 1761 4761 Α¹
1784 4684 1946 4745 Laur.
1963 4684 2192 4744 Ἀϐαἰιού
2202 4684 2258 4758 μ’.

2339 4695 2356 4723 ⁸
2376 4690 2763 4764 πιστεύσασαι.
2818 4693 2860 4723 ¹⁹
2883 4690 3042 4764 Laur.
3063 4693 3375 4764 βασιλεικῷ.

3501 4693 3666 4766 Laur.
3691 4693 3844 4766 abest
3863 4699 3922 4766 ἡ.

698 4760 908 4834 ‘_Codd.
939 4762 1002 4815 ad
1045 4775 1192 4816 oram
1225 4779 1240 4814 :
1275 4762 1402 4831 περὶ
1429 4757 1542 4830 τῆς
1558 4760 1651 4815 τοῦ
1684 4757 1933 4831 σώματος
1963 4757 2259 4828 μεταθέσεις

2363 4763 2442 4816 De
2473 4765 2700 4830 corporis
2730 4757 3074 4830 depositione.
3142 4763 3164 4795 ⁸
3184 4757 3348 4817 Laur'.
3384 4761 3634 4834 ζημείας.
3714 4765 3733 4796 ⁸
3753 4757 3924 4819 Laur.

695 4825 829 4899 εἶχε.

2233 4963 2431 5024 Notae.

769 5081 879 5154 (12)
906 5081 1071 5155 Plane
1117 5088 1318 5155 mirum
1344 5087 1447 5145 est,
1476 5093 1638 5150 quam
1656 5094 1849 5155 _s:epe_
1887 5093 1970 5155 a_c_
2002 5081 2247 5155 studiose
2282 5085 2324 5141 D
2427 5085 2535 5155 (l5)
2571 5081 2885 5155 Optandum
2925 5097 3057 5138 sane
3093 5081 3290 5155 fuerat,
3323 5089 3382 5137 ut
3413 5081 3556 5136 hanc
3585 5084 3924 5155 sententiam

699 5148 886 5206 Patres
926 5153 1203 5206 inculceut
1233 5152 1470 5219 Deiparaa
1495 5148 1623 5203 cum
1656 5151 1762 5203 Deo
1807 5148 2247 5218 similitudinem,

699 5238 763 5276 ac
795 5222 1145 5290 parilitatem,
1175 5220 1311 5273 adeo
1337 5230 1398 5272 ut
1428 5219 1632 5287 Virgini
1671 5233 1768 5286 per
1796 5219 2047 5290 gratiam.
2079 5234 2251 5290 quan-

700 5287 814 5343 tum
851 5297 1101 5343 creatura
1126 5303 1294 5357 capax
1327 5302 1447 5341 esse
1497 5297 1694 5353 potest,
1726 5288 1928 5357 collata
1973 5287 2253 5357 suspicere

702 5359 995 5428 debeamus
1020 5374 1081 5411 ea
1114 5355 1236 5428 qua:
1263 5357 1562 5428 divinitatis
1594 5363 1720 5409 sunt
1753 5356 1994 5428 propria,
2027 5355 2252 5428 ejusqm;

698 5426 1064 5496 perfectiones
1133 5423 1210 5480 'ad
1293 5423 1678 5496 perfectionem
1744 5423 2249 5496 tlivinaquuoad

701 5493 965 5549 creaturae
1015 5497 1180 5558 licet,
1215 5493 1498 5548 acéedant.
1548 5493 1811 5546 Advertas
1862 5507 2023 5560 porro
2065 5495 2249 5556 velim,

700 5566 837 5619 hanc
882 5567 1344 5632 comparationem
1371 5563 1436 5615 ad
1464 5561 1771 5632 puritatem
1791 5574 1853 5614 ac
1899 5564 2245 5632 sanctitatem

698 5633 955 5701 extendi;
993 5629 1136 5701 quod
1191 5634 1406 5700 quidem
1444 5645 1536 5701 per
1571 5643 1629 5682 se
1671 5629 1811 5701 satis
1851 5639 1931 5701 est
1959 5630 2023 5682 ad
2074 5631 2249 5701 repel-

700 5695 1266 5771 lendam'quamlib'et
1306 5695 1676 5771 suspicionem
1727 5695 1967 5771 cujusvis
2015 5695 2249 5769 peccati,

698 5770 842 5834 quod
877 5767 1047 5834 ipsam
1080 5769 1371 5839 aliquando
1397 5767 1872 5822 contaminaverit.

2356 5168 2465 5220 pm
2497 5151 2673 5208 Oculis
2706 5154 2740 5207 ii
2799 5151 3206 5220 haberent,qui
3263 5167 3325 5204 ex
3384 5151 3674 5222 communi
3725 5155 3928 5222 stirpis

2353 5218 2605 5276 humanae
2666 5222 2981 5277 conditione
3035 5218 3154 5274 sese
3214 5219 3520 5277 permoveri
3572 5218 3796 5272 aiebant
3831 5218 3925 5276 'ad

2355 5291 2737 5354 dubitandum,
2772 5305 2840 5342 an
2886 5305 2951 5343 ex
2987 5290 3143 5341 ruina
3176 5287 3244 5341 ab
3272 5287 3440 5340 Adam
3492 5296 3790 5356 propagata
3820 5304 3927 5344 ex—

2353 5360 2616 5428 cipienda:
2674 5358 2895 5428 Virgini
2941 5357 3095 5411 locus
3152 5371 3276 5410 esse
3337 5364 3566 5428 posset._
3601 5355 3927 5428 meminisse

2353 5423 2486 5481 tu'nc
2509 5423 2932 5495 juvabatﬂrovis
2965 5440 3071 5481 non
3101 5423 3444 5489 communes,
3475 5423 3569 5479 sed
3613 5438 3788 5478 novas
3833 5425 3925 5481 le-

2355 5512 2448 5566 ges
2470 5512 2788 5565 congruere.

2426 5565 2536 5636 (14)
2577 5563 2630 5618 Si
2662 5567 2790 5635 juge
2841 5575 3138 5633 portentum
3177 5567 3461 5636 suspicere
3493 5566 3548 5620 in
3595 5563 3925 5621 beatlssima

2356 5631 2582 5703 Virgine
2611 5631 2890 5700 debemus,
2933 5636 3139 5688 frustra
3170 5631 3303 5705 ergo
3333 5644 3388 5693 et
3424 5646 3752 5705 conceptum
3793 5636 3923 5701 ejus

2358 5705 2420 5756 ad
2456 5718 2771 5760 communes
2799 5706 2944 5770 leges
2976 5705 3257 5774 exigimus.
