4124 6338
725 357 858 418 iu99

1838 345 2164 415 IOANNIS
2194 352 2755 421 EUCHAI'I‘ENSIS

3826 366 3964 433 ιιοο

721 479 986 528 duntaxat
1012 478 1262 542 tangente
1297 469 1519 539 fumigat
1544 480 1608 534 υς
1647 469 1805 537 cujus
1847 472 2097 525 tubarum
2124 487 2285 526 voces

2390 477 2564 542 φωναὶ
2615 473 2846 546 ῳοόιρδν
2891 476 3192 546 ⁴ηχοῦσαι¹⁶
3251 479 3344 532 καὶ
3401 481 3564 550 μίγα,
3610 482 3895 551 λαμπάδες
3919 486 3964 516 ¹¹

724 567 962 621 terribile
1013 562 1142 633 quid
1179 572 1340 632 atque
1389 561 1578 631 ingens
1618 569 1960 626 resonantes,
2008 561 2287 631 lampades

719 658 968 711 ﬂammeo
995 656 1116 726 igne
1140 655 1413 714 ardentes,
1469 662 1520 706 et
1552 653 1921 706 discurrentia
1977 652 2194 722 fulgura
2235 661 2288 706 et

716 751 878 804 turbo
931 748 1258 808 horrendus,
1315 744 1632 815 sagitta-que
1671 752 1725 796 et
1755 757 1905 810 saxa,
1964 751 2016 797 et
2047 743 2287 797 terriﬁca

717 839 982 910 ejusmodi
1033 837 1136 889 alia
1189 834 1364 904 plura,
1420 832 1608 903 procul
1647 841 1702 885 et
1736 847 1829 886 eos
1853 831 2141 901 repellunt,
2188 831 2283 898 qui

712 934 825 1001 jam
869 937 997 986 sunt
1040 926 1339 983 emundati.
1384 923 1629 989 Quonam
1662 937 1792 994 ergo
1819 929 1974 992 pacto
2006 930 2089 984 tu,
2121 936 2152 974 ο
2179 921 2286 973 im-

717 1038 879 1092 pure,
945 1020 1204 1076 inducere
1249 1017 1490 1071 animum
1534 1015 1802 1084 potuisti,
1850 1024 1910 1067 ut
1958 1011 2284 1066 insolentem

717 1129 938 1167 manum
975 1113 1251 1180 injiceres,
1275 1121 1328 1164 et
1353 1122 1610 1177 magnum
1637 1105 1740 1159 hoc
1773 1103 2005 1174 sperasti
2044 1101 2282 1163 facinus,

716 1208 1100 1261 inconcussum
1128 1217 1323 1272 nempe
1366 1201 1508 1269 regis
1540 1197 1727 1269 gloriae
1779 1195 2040 1249 thronum
2090 1200 2285 1246 contu-

713 1299 938 1352 meliose
990 1303 1284 1350 concutere
1338 1307 1402 1347 ac
1435 1287 1714 1359 dejicere?
1741 1281 2079 1352 Quibusnam
2113 1283 2285 1352 polles

714 1390 944 1452 viribus,
998 1388 1080 1442 vcl
1133 1399 1426 1457 quamnam
1478 1381 1585 1436 odii
1639 1394 1704 1433 ac
1739 1377 2002 1433 vecordiae
2059 1388 2282 1428 causam

713 1481 894 1542 aliers,
929 1475 1366 1546 quandoquidem
1399 1473 1478 1528 vel
1518 1470 1628 1526 Deo
1669 1466 1910 1522 indicere
1942 1464 2141 1520 bellum
2177 1476 2283 1516 non

711 1569 1005 1626 dubitasti?

2394 566 2686 634 καιόμεναι
2753 567 2887 636 πυρὶ
2950 567 3221 640 φλογερῷ,
3259 572 3543 641 ἀστραπαί
3569 591 3626 626 τε
3653 573 3968 629 διάττουσαι

2392 657 2486 709 καὶ
2520 659 2713 726 γνόφος
2773 659 3074 728 φρικώδης,
3131 657 3223 714 καῖ
3278 663 3508 734 βολίδης,
3555 665 3650 720 καὶ
3685 665 3842 727 λίθοι,
3873 667 3968 719 καὶ

2388 749 2616 803 τοιαῦτα
2642 750 2930 818 defleam"
2979 752 3228 817 πλεῖστα,
3299 756 3516 823 μακρὰν
3578 757 3673 809 καὶ
3703 759 3830 820 τοὺς
3857 757 3967 828 ἢδη

2389 840 2856 910 καθηγνισμένους
2917 842 3218 910 ἀπάγουσι.
3268 845 3391 907 Πῶς
3453 840 3566 909 οῦν,
3635 847 3861 914 ἇναγνε,
3901 849 3966 900 σὺ

2389 933 2504 992 τοῖς
2563 929 2876 998 ἀπροσίτως
2915 930 3213 1000 ὑπέμεινας
3273 932 3588 999 ἐπενεγκεῖν
3645 933 3967 1002 ὑϐρίστριαν

2389 1021 2569 1088 χεῖρα,
2630 1018 2725 1071 καὶ
2756 1018 2816 1070 τὺ
2853 1018 2998 1087 μέγα
3054 1019 3214 1073 τοῦτο
3267 1020 3500 1090 ἦλπισας
3520 1021 3566 1051 ’³
3625 1020 3804 1088 ἔργον,
3877 1021 3968 1073 τὸν

2391 1112 2692 1164 ἀσάλευτον
2730 1110 2919 1182 θρόνον
2969 1111 3064 1165 τοῦ
3091 1111 3354 1181 βασιλέως
3383 1114 3481 1182 τῆς
3537 1112 3692 1181 δόξης
3731 1116 3816 1166 ἔπ’
3850 1116 3971 1166 dct-

2395 1204 2492 1274 μία
2525 1202 2804 1268 σαλεῦσαι,
2873 1204 2968 1257 καὶ
3021 1185 3393 1273 περιτρέψαίς
3424 1204 3520 1266 Τίς
3568 1202 3644 1255 ὢν
3708 1203 3807 1273 τὴν
3870 1202 3967 1256 δύο

2389 1295 2639 1366 ναμιν,ἢ
2687 1296 2813 1348 τίνα
2868 1295 2962 1346 τοῦ
3031 1295 3221 1365 μίσους
3245 1295 3294 1327 ³⁸
3345 1296 3687 1365 ἑπαγόμενος
3746 1297 3966 1365 πρόφα-

2390 1405 2475 1440 σιν
2510 1387 2915 1457 τῆςοάπονοίας,
2938 1387 3100 1440 ὁπότε
3159 1388 3252 1441 καὶ
3309 1388 3595 1456 θεομαχεῖν
3654 1387 3756 1440 οὑκ
3806 1387 3970 1457 ὲνάρ·

2393 1492 2614 1546 κησαςς

778 1662 973 1716 XXIII.
1011 1661 1303 1715 Enimvero
1331 1665 1383 1711 et
1421 1655 1654 1711 cadaver
1685 1651 1845 1715 forte,
1881 1655 1935 1703 et
1965 1646 2201 1702 lectulus
2228 1653 2282 1698 et

2457 1652 2585 1705 Kl".
2636 1647 2818 1706 Ἦπου
2877 1651 3017 1722 τάχα
3082 1650 3173 1704 καί
3207 1652 3251 1683 ’⁸
3305 1651 3462 1721 σῶμα
3525 1653 3620 1705 καὶ
3671 1652 3828 1724 κλίνη
3884 1670 3968 1717 σε,

711 1752 931 1808 funerea
969 1749 1214 1819 symbola
1262 1758 1313 1802 te
1347 1746 1699 1814 deceperunt,
1743 1749 1801 1794 ut
1831 1739 1896 1795 de
1922 1739 2025 1793 hoc
2057 1737 2280 1791 immor-

2385 1741 2480 1794 καὶ
2540 1741 2607 1794 τὰ
2655 1741 2916 1811 ὲπιτάφια
2978 1739 3258 1811 σύμϐολα,
3310 1741 3382 1804 ὡς
3412 1742 3538 1811 περὶ
3580 1741 3773 1809 νεκροῦ
3823 1758 3971 1801 τινος

712 1841 936 1897 talitatis
962 1840 1221 1894 thesauro
1253 1851 1362 1891 non
1389 1836 1569 1900 aliter,
1605 1847 1668 1887 ac
1700 1832 1767 1887 de
1797 1831 2063 1890 cadavere
2089 1827 2278 1897 cujus-

2391 1831 2550 1884 ἄλλου
2586 1831 2694 1884 τῶν
2730 1832 2979 1903 συνήθων
3005 1831 3264 1885 καὶκατὰ
3297 1832 3376 1896 σὲ,
3403 1831 3496 1887 τοῦ
3535 1833 3634 1901 τῆς
3665 1833 3969 1896 ἀθανασίας

711 1934 852 2003 piam
891 1929 1117 1985 alterius
1159 1943 1189 1982 e
1223 1927 1382 1997 vulgo
1418 1933 1469 1979 et
1519 1939 1583 1979 ex
1646 1923 1725 1977 tui
1771 1920 2096 1992 aequalibus,
2161 1918 2278 1972 exi-

709 2025 1000 2086 stimares,
1052 2029 1108 2074 et
1177 2019 1374 2076 exinde
1407 2018 1599 2073 insana
1670 2017 1774 2072 ista
1840 2023 2000 2085 atque
2059 2010 2280 2068 eﬂrenis

710 2112 976 2169 audacia?

777 2210 843 2257 At
873 2218 999 2257 vero
1026 2203 1297 2257 demortui
1347 2200 1567 2270 quidem
1603 2214 1804 2268 corpus
1844 2205 1959 2264 est;
2001 2195 2096 2253 sed
2132 2195 2277 2266 quod

707 2313 812 2351 non
856 2297 1032 2350 solum
1075 2304 1248 2348 morte
1270 2303 1321 2347 et
1346 2292 1580 2358 tumulo,
1605 2305 1793 2346 verum
1826 2291 1992 2344 etiam
2023 2283 2277 2342 m'anibus

706 2399 814 2442 tam
849 2389 1105 2442 audacter
1155 2385 1497 2440 irruentibus
1532 2383 1764 2439 detineri
1809 2389 2076 2451 nequeat;
2124 2379 2279 2432 hisce

709 2490 889 2533 tamen
920 2479 1083 2532 etiam
1121 2477 1294 2547 magis
1332 2476 1675 2530 tremendum
1715 2476 1807 2537 sit,
1835 2482 1892 2527 et
1933 2469 2276 2533 invincibile,

707 2569 1143 2640 quandoquidem
1206 2581 1424 2637 pmnatu
1486 2568 1706 2636 quoque
1760 2562 2040 2617 temerarii
2107 2573 2276 2614 ausus

707 2662 951 2729 prulecto
1003 2661 1232 2728 Irrogat,
1286 2665 1448 2727 prout
1479 2657 1595 2726 ipse
1627 2672 1721 2725 per
1777 2669 1874 2718 ea,
1911 2667 2034 2723 quae
2086 2651 2279 2705 merito

705 2759 960 2818 expertus
991 2765 1069 2812 es,
1103 2749 1406 2802 luculenter
1435 2747 1652 2801 testaris

777 2841 1032 2894 Lectulus
1061 2848 1143 2893 est
1189 2837 1450 2906 quidem;
1497 2845 1872 2891 verumtamen
1914 2833 1999 2888 [ac
2036 2833 2276 2886 animum

713 2931 986 2984 advertas.
1022 2929 1143 2984 Mox
1172 2930 1316 2995 enim
1373 2928 1659 2998 apparebit
1699 2929 1886 2995 utique
1926 2936 1979 2980 et
2015 2925 2111 2978 tibi
2150 2924 2279 2992 (sal-

718 3030 823 3073 tem
855 3021 986 3073 tnihi
1010 3019 1119 3085 jam
1155 3023 1400 3088 apparet}
1436 3020 1592 3084 longe
1624 3016 1878 3069 nobiliori
1906 3054 1920 3077 ,
1955 3030 2117 3084 quam
2153 3026 2278 3066 arca

703 3123 817 3177 tua,
872 3113 1018 3166 cultu
1057 3112 1288 3179 insignis
1324 3116 1438 3161 tum
1493 3109 1662 3162 vestis
1710 3109 1897 3176 (ejus),
1959 3116 2070 3180 tum
2113 3090 2275 3164 iona,

2389 1922 2691 1994 παρέπεισε
2714 1921 2992 1994 θησαυροῦ
3019 1922 3290 1993 οἰηθῆναι·
3318 1923 3414 1976 καὶ
3446 1923 3534 1976 διὰ
3570 1923 3726 1977 τοῦτο
3748 1925 3810 1976 τὸ
3840 1923 3973 1993 θρά·

2388 2030 2478 2078 σος
2510 2016 2910 2087 ἀσωφρόνιστον
2942 2016 3035 2068 καὶ⁵
3065 2015 3391 2070 ἀκάθεκτον.

2388 2214 2408 2250 I
2455 2194 2626 2264 Σῶμα
2657 2195 2779 2265 μὲν,
2806 2194 2922 2250 ἀλλ’
2962 2196 3275 2267 ἀκράτητον
3329 2196 3390 2249 οὐ
3448 2196 3666 2266 θανάτῳ
3725 2195 3893 2268 μόνον
3923 2196 3969 2229 ⁸⁸

2387 2287 2482 2340 καὶ
2507 2288 2682 2357 τάφῳ,
2731 2287 2866 2342 ἀλλά
2912 2287 3006 2342 καὶ
3061 2288 3220 2360 χερσὶ
3248 2289 3608 2353 πελαζούσαις
3651 2288 3796 2342 οὕτω
3826 2291 3972 2357 θρα·

2389 2385 2524 2449 σέως
2555 2402 2569 2418 ’
2615 2385 2661 2417 ³⁷
2691 2385 2918 2449 ταύταις
2951 2387 2996 2455 ’ἒ
3027 2387 3211 2456 μέντοι
3257 2386 3351 2440 καὶ
3411 2385 3571 2439 πλέον
3602 2385 3873 2456 φοϐερὸν,
3935 2385 3968 2456 ἢ

2385 2476 2716 2547 ἀκράτητον,
2749 2477 2860 2548 ὅσῳ
2907 2479 3004 2532 καὶ
3052 2479 3221 2549 τομὴν
3274 2478 3524 2550 ἐπιφέρει
3563 2477 3658 2548 τῆς
3687 2477 3975 2548 θρασύτη-

2385 2585 2476 2632 τος
2525 2571 2850 2640 πρόστιμον,
2911 2571 2987 2634 ὡς
3035 2571 3198 2634 αὐτὸς
3259 2571 3448 2639 σαφῶς
3509 2572 3828 2640 μαρτυρεῖς,
3885 2566 3969 2632 οἷς

2395 2659 2616 2724 ἐνδίκως
2643 2661 2999 2731 πεπείρασαι.

2461 2831 2629 2900 Κλίνη
2657 2833 2755 2903 μέν
2785 2836 2828 2867 ’⁸
2855 2849 2870 2864 ⁸
2903 2835 3018 2890 ἀλλ’
3061 2835 3306 2906 ἐπίσχες.
3333 2836 3542 2892 Αὐτίκα
3567 2836 3676 2908 γάρ
3704 2837 3878 2907 δήπου
3902 2855 3966 2904 γς

2390 2925 2636 2991 φανεῖται
2671 2926 2764 2980 καὶ
2818 2928 2896 2979 σοὶ
2939 2927 3086 2999 (ἐμοὶ
3114 2928 3247 2997 γοῦν
3286 2929 3386 2998 ἤδη
3418 2931 3689 3001 φαίνεται)
3719 2930 3819 3000 τῆς
3866 2931 3967 3001 σῆς

2389 3015 2625 3068 κιϐωτοῦ
2679 3020 2820 3072 κατά
2853 3019 2986 3071 πολὺ
3019 3021 3344 3092 σεμνοτέρα,
3371 3022 3427 3074 ὲν
3489 3023 3764 3091 ίερωτέρῳ
3820 3023 3968 3076 πάνυ

2391 3107 2574 3177 χωρίῳ
2610 3111 3092 3182 τεθησαυρισμὲνη
3137 3114 3229 3166 καὶ
3265 3113 3531 3184 σεὸομένη
3569 3113 3732 3183 ἐσθής
3762 3129 3817 3166 τε
3870 3114 3968 3166 καὶ

708 3207 825 3260 loco
863 3219 1086 3272 prorsus
1131 3200 1417 3257 saeratiori
1473 3215 1570 3253 ceu
1607 3200 1901 3252 thesaurus
1950 3197 2269 3259 reconditae,

2385 3194 2546 3267 ζώνη.
2579 3198 2845 3268 Σύμφημι
2873 3203 2980 3270 γὰρ
3010 3203 3078 3254 τὰ
3105 3207 3267 3272 τυχόν
3300 3219 3384 3256 σοι
3415 3204 3550 3265 τέως
3580 3205 3677 3256 καὶ
3700 3202 3967 3272 χλευαξὸ-

703 3297 756 3346 e't
805 3294 1054 3362 religiosa
1119 3294 1466 3346 veneratione
1542 3291 1841 3343 honoratae.
1903 3286 1966 3338 Et
2029 3285 2270 3339 concedo

702 3387 975 3454 equidem,
1008 3385 1104 3437 abs
1136 3394 1184 3436 te
1219 3385 1358 3435 forte
1391 3383 1504 3434 haec
1541 3381 1761 3433 interim
1795 3377 1956 3431 etiam
2009 3375 2270 3436 derideri,

704 3477 902 3545 quippe
931 3476 1021 3544 qui
1056 3474 1105 3527 id
1136 3473 1308 3526 solum
1353 3470 1697 3532 consideras,
1759 3468 1903 3535 quod
1957 3465 2188 3518 incurrit
2221 3463 2274 3514 in

702 3567 906 3629 oculos,
939 3581 1037 3619 nec
1096 3564 1378 3634 quidpiam
1414 3563 1590 3627 vales,
1624 3577 1731 3614 non
1786 3575 1943 3613 secus
1979 3572 2042 3610 ac
2076 3556 2276 3622 ubique

704 3658 787 3710 lex
815 3665 926 3719 tua,
961 3657 1204 3710 intitnius
1263 3656 1586 3724 perspicere.
1611 3653 1679 3704 At
1713 3652 1758 3705 si
1789 3651 2016 3704 necdum
2045 3647 2213 3708 vales,
2246 3659 2278 3696 ο

699 3749 938 3818 egregie,
988 3761 1134 3801 nunc
1185 3761 1402 3816 quoque
1483 3745 1772 3798 nobiscum
1823 3755 2080 3800 cernere,
2134 3735 2276 3788 haud

599 3885 604 3890 .
699 3840 1025 3891 diuturnum
1077 3840 1406 3892 intercurret
1435 3848 1664 3904 tempus,
1691 3849 1813 3888 eum
1840 3843 1891 3885 et
1920 3833 2058 3884 hanc
2085 3841 2277 3880 zonam

710 3935 916 3990 videbis
972 3939 1026 3984 et
1076 3938 1277 3984 vestem
1335 3930 1389 3982 in
1436 3927 1629 3981 Sancta
1685 3935 1998 3979 sanctorum
2031 3919 2278 3988 religiose

697 4031 921 4092 deferri,
957 4036 1009 4081 et
1041 4041 1070 4079 a
1106 4023 1319 4078 cunctis
1362 4035 1519 4075 sacro
1552 4020 1704 4074 cultu
1739 4017 2015 4071 honorari.
2051 4012 2114 4064 Et
2149 4024 2279 4066 sane

697 4122 792 4189 qui
830 4136 932 4172 non
967 4117 1199 4186 primum
1235 4128 1345 4186 pra:
1391 4111 1646 4165 omnibus
1696 4121 1924 4177 prorsus
1963 4101 2276 4158 visibilibus

2383 3302 2543 3353 μενα,
2583 3288 2659 3357 τῷ
2693 3290 3000 3360 φαινομένῳ
3027 3291 3172 3362 μόνῳ
3202 3293 3543 3362 προσέχοντι,
3581 3294 3676 3345 καὶ
3699 3292 3870 3363 μηδέν
3910 3310 3964 3345 τι

2383 3377 2700 3448 βαθύτερον,
2741 3380 2932 3452 ὥσπερ
2961 3383 3005 3413 ³⁸
3039 3384 3200 3453 νόμος
3252 3385 3344 3448 σὸς
3384 3385 3686 3454 πανταχοῦ,
3726 3386 3962 3439 συνιδεῖν

2384 3466 2691 3538 δυναμένῳ.
2739 3470 2879 3523 Ἀλλ’
2913 3473 3012 3524 οὐκ
3057 3476 3137 3536 είς
3188 3474 3430 3546 μακρὰν,
3459 3469 3506 3529 ὦ
3538 3477 3828 3547 θαυμάσιε,
3867 3480 3962 3530 καὶ

2383 3559 2481 3630 τὴν
2530 3561 2706 3629 ζώνην
2757 3562 2876 3631 ὄψει
2923 3565 3127 3634 ταύτην
3168 3567 3260 3619 καὶ
3289 3567 3387 3635 τὴν
3440 3568 3664 3634 ἐσθῆτα,
3707 3571 3756 3621 εί
3793 3571 3962 3639 μήπω

2385 3651 2480 3702 καὶ
2533 3650 2627 3703 νῦν
2691 3653 2786 3704 σὺν
2845 3657 2976 3723 ἡμῖν
3021 3656 3239 3724 βλέπειν
3294 3659 3458 3727 ἔχεις,
3489 3663 3599 3720 τοῖς
3635 3659 3747 3711 τῶν
3784 3661 3961 3726 ἁγίων

2387 3743 2563 3808 ἁγίοις
2623 3745 2782 3816 ίερῶς
2829 3747 3202 3814 ἐμϐατεύοντα
3262 3751 3356 3802 καὶ
3409 3750 3574 3819 τιμῆς
3626 3750 3779 3819 παρά
3823 3751 3960 3803 πᾶσι

2386 3831 2726 3902 θεοπρεποῦς
2782 3836 3081 3907 ἀξιούμενα
3121 3839 3187 3892 ⁸⁸.
3244 3840 3366 3900 Πῶς
3395 3840 3451 3891 δὲ
3489 3841 3589 3892 οὐκ
3643 3841 3888 3908 ἔμελλεν,
3925 3842 3962 3894 ἃ

2383 3926 2478 3975 καὶ
2520 3927 2706 3995 χρόνος
2738 3929 2961 4000 ᾐδέσθη,
3001 3931 3098 3984 καὶ
3154 3931 3358 4002 φθορᾶς
3396 3933 3750 4002 ἀδυσώπητος
3797 3935 3957 4004 νόμος

2380 4013 2731 4088 ὲδυσωπήθη,
2783 4021 2852 4072 τὰ
2894 4023 3038 4076 κατά
3087 4024 3306 4078 πάντων
3338 4024 3487 4092 ,ὁμοῦ
3537 4024 3645 4076 τῶν
3675 4023 3721 4055 ³³
3745 4026 3959 4094 ὁρατῶν

2378 4100 2776 4160 δυναστεύοντα
2793 4127 2808 4174 ;

696 4215 872 4266 locum
904 4225 965 4262 ea
996 4208 1326 4266 obtinerent,
1363 4218 1482 4272 qua:
1515 4212 1567 4256 et
1593 4209 1806 4270 tempus
1831 4204 1915 4252 est
1941 4192 2255 4255 reveritum,
2297 4194 2350 4241 et
2378 4189 2731 4254 inexorabilis
2766 4200 2846 4254 lex
2889 4198 3255 4269 corruptionis
3285 4212 3418 4254 ausa
3477 4213 3585 4254 non
3647 4209 3731 4256 est
3791 4203 3959 4256 attin-

699 4323 825 4379 gere
847 4306 868 4358 ?

774 4394 963 4448 XXIV.
1024 4393 1140 4448 Jam
1179 4394 1362 4460 itaque
1395 4404 1613 4454 censeo,
1655 4386 1797 4440 haud
1829 4384 2032 4438 diutius
2056 4389 2108 4435 te
2132 4393 2269 4449 quo-

2445 4376 2573 4433 KA'.
2623 4380 2760 4451 Ἤδη
2809 4380 2937 4449 γοῦν
2987 4398 3077 4451 μοι
3125 4379 3300 4443 δοκεῖς
3330 4377 3440 4432 οὐδ’
3482 4377 3642 4440 αὐτὸς
3694 4377 3776 4430 ἔτι
3825 4379 3952 4449 μελτ

700 4506 805 4559 que
839 4488 1014 4540 adhuc
1066 4494 1483 4548 cunctatttrttm;
1521 4481 1613 4535 sed
1664 4479 1846 4549 potius
1896 4479 1951 4530 in
2002 4474 2087 4537 id,
2124 4471 2269 4541 quod

701 4594 911 4650 :equum
959 4587 1059 4640 est,
1109 4586 1218 4630 cito
1251 4591 1474 4644 prorsus
1513 4584 1937 4630 cousensurum,
1973 4577 2262 4637 postquam

700 4654 912 4740 egregia
945 4669 1035 4720 illa
1082 4667 1333 4720 eruditus
1364 4681 1421 4719 es
1451 4664 1759 4732 disciplina,
1802 4676 1911 4729 quo
1943 4661 2126 4714 statim
2156 4657 2264 4712 im-

704 4760 929 4825 petitum
967 4756 1244 4823 iunpinato
1275 4763 1326 4807 te
1353 4754 1530 4816 video,
1565 4763 1623 4806 ut
1647 4751 1860 4806 scilicet
1888 4758 2174 4820 postquam
2203 4764 2269 4802 ex

703 4851 770 4903 iis
812 4864 933 4915 quae
968 4859 1160 4913 passus
1191 4860 1270 4908 es,
1302 4861 1408 4914 qua
1455 4845 1701 4915 polleant
1734 4844 1957 4907 virtute,
2001 4841 2265 4904 didicisti,

701 4938 892 5003 etipse
943 4937 1335 5002 obscqttentius
1395 4933 1656 4986 adversus
1711 4947 1772 4984 ea
1807 4938 1857 4983 te
1914 4930 2164 4989 haberes,
2214 4940 2266 4981 et

703 5026 846 5095 apud
901 5026 1033 5078 alios
1085 5026 1284 5078 multos
1335 5037 1509 5092 praeco
1542 5021 1840 5076 exsisteres
1896 5018 2262 5085 tnirabilium,

703 5131 821 5186 qua:
852 5124 1068 5183 propter
1098 5113 1212 5181 ipsa
1243 5123 1559 5168 evenerunt.

778 5281 802 5305 ιι
835 5267 976 5320 Psal.
1011 5281 1127 5329 cur,
1175 5263 1261 5315 3'3.

2379 4467 2562 4537 λήσειν
2596 4471 2688 4522 ἐπὶ
2719 4471 2854 4523 πολύ
2879 4489 2890 4501 ·
2923 4471 3057 4524 ἀλλά
3105 4469 3447 4539 παραχρῆμα
3473 4467 3538 4536 δὴ
3565 4467 3711 4537 μάλα
3740 4468 3785 4499 ³³
3812 4485 3953 4538 συμ-

2380 4565 2672 4634 φρονήσειν
2703 4565 2746 4597 ³³
2769 4564 2827 4616 τὸ
2845 4565 2984 4628 δέον,
3011 4565 3076 4634 τῇ
3107 4563 3244 4632 καλῇ
3271 4561 3490 4631 παιδείᾳ
3505 4560 3549 4592 ⁸³
3581 4560 3950 4630 νουθετηθεὶς,

2376 4655 2441 4722 ἣν
2466 4654 2576 4722 6ρῶ
2605 4653 2748 4707 κατὰ
2798 4653 2966 4714 πόδας
3025 4669 3083 4704 σε
3137 4652 3431 4721 μετιοῦσαν
3477 4649 3822 4720 ἀπρόοπτον·
3876 4649 3953 4711 ὡς

2377 4747 2444 4801 ἂν
2465 4747 2625 4811 αὑτός
2661 4765 2720 4801 τε
2757 4750 2885 4816 περὶ
2913 4747 3087 4803 ταῦτα
3137 4747 3393 4816 διατεθῇς
3427 4745 3472 4778 ³⁸
3504 4744 3949 4814 εὐπειθέστερον,

2376 4836 2470 4886 καὶ
2500 4834 2715 4896 πολλοῖς
2755 4835 2934 4898 ἄλλοις
2985 4836 3162 4905 κῆρυξ
3217 4836 3325 4889 τῶν
3349 4836 3445 4888 ἔπ’
3487 4835 3673 4898 αὐτοῖς
3706 4837 3881 4904 φανῇς
3903 4835 3947 4866 ³⁷

2377 4925 2720 4991 θαυμασίων,
2757 4925 2962 4998 μαθὼν,
2995 4927 3054 4992 ἐξ
3086 4921 3161 4980 ὧν
3205 4926 3500 4991 πίπονθας,
3539 4927 3657 4981 οἵαν
3684 4927 3798 4996 ἔχει
3847 4925 3949 4997 τὴν

2375 5015 2627 5086 δύναμιν.

2025 5368 2226 5430 Varias
2257 5369 2583 5449 lectiones.

779 5483 822 5512 ὀ
853 5480 974 5532 V'at.
1002 5476 1233 5544 ὴχοῦσαι
1277 5476 1438 5544 μέγα,
1471 5476 1584 5528 καὶ.
1622 5515 1633 5528 .
1673 5513 1688 5527 .

713 5553 946 5618 μείσολς.

712 5615 776 5671 ad
817 5619 1110 5687 marginem
1144 5635 1155 5668 :
1190 5618 1314 5684 περὶ
1341 5615 1440 5687 τῆ.
1469 5616 1651 5687 τιμίας
1699 5616 1886 5687 κλίνης

707 5701 751 5740 ει
789 5700 940 5751 teste,
964 5699 1008 5738 et
1034 5705 1183 5738 zona.

708 5759 1092 5830 σαμφρονήτει.
1173 5756 1212 5787 ³⁵
1254 5754 1420 5809 Codd.
1455 5756 1656 5824 παιδία.
1736 5755 1779 5785 ⁸⁸
1809 5753 1980 5807 Laur.
2016 5755 2297 5819 διατεθείς.

1133 5490 1233 5555 ’σαι
1277 5476 1438 5555 μέγα,
1471 5476 1584 5555 καὶ.
1766 5475 1806 5505 ’¹
1847 5474 2357 5555 μου-Γλαμπάδαις.
2401 5477 2484 5555 “ξ²
2511 5474 2671 5555 Laur.
2699 5475 2986 5555 δείγματα.
3063 5474 3107 5504 ’³
3140 5473 3304 5555 Laur.
3346 5473 3616 5555 ήλπησας.

1029 5550 1070 5576 ³⁵
1108 5546 1223 5598 Vat.
1259 5553 1407 5597 abest
1438 5546 1547 5598 καί.
1624 5546 1668 5574 ’³
1707 5544 1866 5597 Laur.
1907 5547 2068 5613 μόνῳ.
2148 5546 2188 5576 ³⁷
2233 5545 2394 5597 Laur.
2433 5547 2728 5613 θραοαίιος.

1937 5614 2217 5682 (Laurent.
2256 5633 2288 5667 κ

2391 5621 2474 5681 ης)
2537 5619 2624 5665 καὶ
2685 5615 2905 5682 ἐσθῆτος
2931 5617 3022 5665 καὶ
3058 5613 3266 5680 ζώνηςι
3302 5613 3374 5665 De
3401 5616 3688 5666 venerando
3721 5613 3933 5682 ίειιιιυ,

1262 5687 1304 5714 ³³
1340 5685 1548 5745 γδί.ὗ;’
1578 5699 1702 5753 περ.
1783 5685 1819 5714 ³³
1859 5684 2022 5736 Laur.
2054 5684 2369 5751 ἀξιούμξθει.
2447 5685 2487 5714 ³⁸
2522 5684 2681 5735 Laur.
2713 5690 2862 5734 stin-al
2916 5685 3041 5736 τῶν.

3694 5473 3739 5504 ³⁸
3769 5471 3941 5526 Laur.

2809 5549 2850 5575 "
2878 5545 3038 5597 Laur.
3075 5545 3296 5605 ταύτας.
3373 5544 3417 5576 ’9
3443 5545 3498 5596 In
3534 5554 3714 5608 utroq.
3752 5544 3942 5596 codice

3124 5684 3165 5712 ⁸³
3196 5685 3354 5736 Laur.
3394 5683 3589 5751 μᾶλλλ.
3671 5685 3712 5714 ³³
3770 5681 3936 5734 Litut'.

2402 5755 2444 5786 "
2475 5753 2638 5807 l.a::r.
2670 5756 2874 5821 ψιλῇ.
