4126 6338
162 417 300 478 Ιίῆὃ

1153 424 1231 484 ΙΝ
1271 424 1374 489 SS.
1420 426 1772 488 DEIPAR/E
1802 430 2375 493 DORMITIONEM.

3243 442 3380 509 1106

159 530 297 596 αὐτή
348 546 478 599 φησι
511 531 541 600 ἡ
576 530 682 583 τῶν
712 534 979 610 χερορὸὶμ
1009 536 1280 609 ἀνωτέρα,
1334 541 1429 594 καὶ
1484 542 1722 597 τοσαῦτα

1853 545 2040 613 elsior,
2097 545 2323 616 respexit
2369 547 2424 599 in
2469 545 2822 602 humilitatem
2874 553 3098 607 ancilla."
3125 566 3295 622 sua“,
3329 568 3382 613 et

164 623 469 690 ποιήσαντα
497 623 539 654 ⁸⁸
581 623 698 690 μετ’
756 625 927 696 αὐτῆς
976 630 1256 699 μεγαλεῖα.
1313 633 1724 705 Μακαρίσωμεν

159 715 445 783 ἄνθρωποι
497 714 596 784 τὴν
646 715 741 768 τοῦ
774 717 1022 772 Πλάστου
1060 723 1288 792 Μητέρα
1309 764 1324 789 ,
1357 725 1418 788 ἐξ
1469 720 1535 794 ἧς
1562 728 1595 796 ἡ
1630 726 1724 779 τοῦ

165 804 492 872 πλάσματος
516 806 610 857 καὶ
637 806 937 877 ἀνόρθωσις
970 809 1065 863 καὶ
1103 812 1410 876 ἀνάπλαδις
1427 813 1492 867 ⁸⁸.
1533 815 1728 882 Ἀψευ-

162 896 264 962 δὴς
295 892 456 946 τοῦτο
491 895 799 967 πρόρρησις
827 898 1035 967 ταύτης
1060 900 1160 969 τῆς
1193 902 1437 971 μεγάλης
1459 903 1732 974 προφήτι-

161 988 410 1051 6ος,ὑπὸ
465 988 648 1072 πάσης
707 991 969 1059 εἰπούσης
1027 994 1598 1063 μακαρισθήσεσθαι⁸⁸
1634 1016 1729 1067 γε·

167 1081 296 1141 νεᾶς
319 1079 385 1132 ⁸⁸.
426 1081 884 1151 Μεγαλεπρεπῶς
921 1083 1020 1153 μὲν
1063 1081 1156 1138 οὖν
1205 1086 1300 1138 καὶ
1327 1086 1506 1169 eam;
1539 1090 1731 1161 πρῶτα

169 1170 273 1235 μὲν
305 1171 399 1223 ὑπ’
427 1172 605 1223 αὐτῶν
636 1172 744 1224 τῶν
775 1175 1061 1242 ἀχοάντων
1108 1176 1446 1245 εὐαγγελίων
1479 1179 1569 1231 τὸν
1593 1183 1732 1253 πρέ-

165 1278 338 1314 ποντα
393 1262 658 1331 λαμϐάνει
701 1266 1069 1336 μακαρισμὸν,
1132 1269 1268 1338 πρδς
1321 1269 1413 1323 τὸν
1456 1272 1668 1325 ἑαυτῶν
1688 1275 1732 1306 ⁸⁸

160 1353 254 1419 ἐφ’
316 1354 552 1422 ἑκάστης
601 1357 870 1426 δεσπότην
927 1357 1306 1417 ἀναϐοώντων.
1376 1366 1646 1433 Μακαρία
1696 1365 1733 1432 ἡ

169 1445 374 1498 κοιλία
404 1447 439 1512 ἡ
461 1446 837 1510 ,ϐαστάσασά
859 1467 951 1513 σε,
977 1453 1074 1506 καὶ
1099 1454 1347 1521 μαστοὶ,
1373 1455 1481 1520 οὓς
1521 1455 1739 1524 ἐθήλα-
1782 1515 1786 1518 _

168 1549 293 1598 σας
317 1551 330 1565 ’
368 1534 465 1589 εἷθ’
490 1540 595 1592 ὑπὸ
633 1542 824 1593 πασῶν
862 1543 1086 1608 γενεῶν,
1137 1544 1212 1606 ὠς
1242 1545 1274 1612 ἡ
1309 1547 1734 1616 προαγόρευσις,

159 1628 276 1699 ιἤδη
308 1649 366 1685 τε
396 1634 808 1704 μεμακάρισται
836 1674 849 1697 ,
886 1634 980 1688 καὶ
1018 1637 1096 1697 είς
1143 1637 1235 1688 τὸν
1289 1639 1461 1691 αίῶνα
1499 1657 1738 1709 μακαρι-

155 1730 466 1797 ’σθήσεται.

1831 650 1954 690 cum
1990 637 2104 706 ipsa
2141 646 2251 689 tam
2289 636 2527 706 ingentia
2560 637 2689 692 fecit
2718 641 3248 712 magnalia..Beatam
3285 648 3387 703 ho-

1829 727 2005 783 mines
2063 729 2468 798 proclamemus
2504 728 2814 788 Conditoris
2863 733 3112 803 Matrem,
3163 754 3229 792 ex
3277 753 3383 808 qua

1830 830 2097 878 creaturae
2133 831 2186 879 et
2234 825 2507 894 reparatio
2555 834 2660 891 est,
2695 834 2750 879 et
2799 842 2936 881 nova
2977 827 3287 897 plasmatio.
3325 828 3385 883 in

1831 913 1886 968 id
1919 915 2195 983 conspirat
2236 915 2344 969 falli
2367 917 2626 971 nescium
2683 916 3038 986 prephetissae
3073 918 3240 986 hujus
3272 933 3390 972 ma-

1833 1017 1951 1071 gna:
1979 1004 2323 1068 vaticinium,
2371 1006 2499 1060 dum
2552 1004 2620 1059 ab
2656 998 2912 1061 omnibus
2942 1006 3388 1074 generationibus

1832 1095 2047 1149 beatam
2098 1109 2157 1149 se
2213 1096 2562 1164 praedicatum
2619 1096 2682 1150 iri
2740 1097 3048 1151 aﬂirmavit.
3107 1097 3390 1166 Magniﬁce

1834 1201 1964 1255 ergo
2002 1193 2056 1240 et
2084 1187 2351 1255 condigne
2404 1187 2814 1242 convenientem
2847 1187 3020 1242 beatae
3046 1180 3388 1257 praedicatio-

1837 1293 1956 1330 netn
1982 1278 2158 1346 primo
2192 1279 2408 1345 quidem
2443 1280 2510 1332 ab
2546 1279 2677 1348 ipsis
2709 1279 3050 1334 intemeratis
3079 1277 3390 1350 Evangeliis

1838 1366 2055 1434 accipit,
2082 1382 2200 1435 quae
2236 1368 2307 1432 ad
2336 1370 2616 1425 Dominum
2654 1385 2810 1425 suum
2845 1369 3088 1440 quotidie
3117 1370 3389 1424 clamant:

1837 1457 2030 1511 Beatus
2054 1467 2250 1523 venter,
2275 1459 2362 1528 qui
2390 1466 2436 1513 te
2469 1460 2715 1527 portavit,
2742 1470 2788 1513 et
2814 1460 2972 1514 ubera
2998 1475 3115 1530 qua:
3141 1456 3390 1521 euxistib;

1840 1545 2039 1603 deinde
2069 1563 2221 1610 vero,
2262 1557 2426 1617 prout
2467 1551 2783 1604 vaticinium
2817 1549 3114 1620 portendit.
3150 1549 3219 1603 ab
3273 1563 3394 1603 om-

1841 1641 2004 1696 nibus
2037 1640 2484 1710 generationibus
2529 1649 2585 1696 et
2611 1639 2720 1711 iam
2760 1641 3047 1711 praedicata
3089 1653 3174 1698 est
3213 1632 3394 1705 beata,

1844 1741 1896 1785 et
1930 1745 2103 1800 usque
2138 1730 2191 1786 in
2222 1733 2483 1787 saculum
2516 1731 2673 1787 beata
2706 1733 3114 1802 praedicabitnr.

245 1817 652 1889 Μακαριζέσθω
699 1818 879 1870 τοίνυν
925 1819 1024 1886 οὐχ
1080 1818 1280 1887 ἥκιστα
1330 1835 1423 1871 και
1457 1816 1551 1872 νῦν
1608 1820 1739 1889 παρ’

1919 1822 2057 1889 Ergo
2088 1831 2140 1877 et
2173 1839 2317 1878 nunc
2353 1839 2382 1878 a
2409 1824 2569 1880 nobis
2620 1825 2772 1877 beata
2808 1825 3216 1880 studiosissime
3259 1826 3400 1881 cele-

174 1909 357 1977 ἠμῶν,
385 1909 475 1960 καὶ
503 1907 592 1958 τὴν
625 1905 974 1973 ὀφειλόμενον
1001 1906 1192 1974 ἔρανον
1230 1909 1294 1958 ὲκ
1323 1905 1416 1958 τοῦ
1448 1909 1568 1959 καθ’
1594 1909 1740 1978 ἡμᾶς

173 2003 306 2061 ἄρτι
346 1998 536 2066 γένους
586 1997 849 2058 άνενδεῶς
910 1996 1326 2064 ὲκπληρούσθω.
1384 1999 1528 2051 Δότε
1586 1996 1740 2064 αὐτῇ

174 2091 299 2145 ἀπὸ
351 2089 585 2156 καρποῦ
639 2088 887 2154 χειλέων
947 2086 1160 2155 αὐτῆς,
1219 2089 1252 2154 ἠ
1289 2087 1428 2156 σοφὴ
1473 2088 1743 2158 παροιμία

175 2182 325 2236 κατὰ
354 2180 543 2249 καιρὸν
571 2181 701 2249 ἡμῖν
733 2177 1080 2246 ὲγκελεύεται
1101 2195 1115 2210 ·
1139 2177 1300 2239 αὐτὸς
1332 2177 1390 2230 δὲ
1425 2178 1493 2236 ἂν
1533 2180 1744 2248 εἴποιμι

181 2273 410 2341 μᾶλλον,
443 2271 560 2326 ἀπὸ
620 2269 854 2339 καρποῦ
887 2268 1125 2334 κοιλίας
1152 2268 1342 2336 αὐτῆς
1363 2284 1376 2300 ⁸
1426 2270 1518 2322 καὶ
1551 2271 1621 2323 δι’
1656 2270 1745 2321 εὐ-

176 2365 373 2433 λογίας
403 2364 622 2431 ἁπάσης
655 2364 684 2427 ἡ
740 2359 1088 2429 εὐλογημένη
1145 2362 1437 2430 γεννήτρια
1463 2359 1565 2427 τῆς
1591 2358 1746 2413 εὐλο-

178 2459 312 2525 γίας
368 2455 610 2523 ἀγέσθω.
658 2455 745 2521 Μή
795 2470 882 2515 τις
904 2452 948 2483 ⁸⁸
995 2450 1273 2519 ἀγνώμων
1312 2451 1455 2504 ἔστω
1498 2452 1627 2521 περὶ
1651 2451 1748 2521 τὴν

179 2547 473 2620 εὐεργέτιν
495 2547 570 2577 ⁸⁷·
599 2546 671 2615 μή
697 2562 779 2607 τις
809 2543 1125 2614 ὑπερόπτης
1150 2544 1251 2610 τῆς
1279 2541 1570 2612 βασιλίδος·
1595 2539 1639 2574 ⁸⁸
1675 2543 1746 2612 μή

178 2659 272 2704 τις
296 2639 576 2708 ὀλιγώρως
599 2637 738 2707 ἔχων
765 2636 898 2703 πρὸς
924 2636 1029 2705 τὴν
1043 2636 1313 2688 Δεσπότιν
1341 2653 1352 2667 ·
1383 2633 1523 2687 ἀλλὰ
1549 2635 1751 2695 πάντες

182 2735 307 2801 ἅμα
347 2732 441 2784 καλ⁵
476 2732 646 2784 πᾶσαι
683 2727 819 2798 μετὰ
843 2727 941 2779 τοῦ
972 2727 1340 2796 προσήκοντος
1368 2725 1575 2795 κόσμου
1607 2725 1745 2794 πρὸς

182 2826 289 2894 τὴν
329 2822 612 2890 πάνδημον
669 2819 876 2888 ταύτην
937 2817 1133 2887 ἑορτὴν
1183 2817 1606 2887 άπαντήσωμεν,
1661 2817 1755 2869 καὶ

186 2919 289 2968 σὺν
318 2914 567 2983 ἀλλήλοις
588 2911 790 2980 δ’ὁμοῦ
820 2910 1238 2980 φαιδρυνθῶμεν
1271 2907 1753 2980 πανηγυρίζοντες,

184 3006 436 3062 πλούσιοί
453 3007 619 3059 τεκαὶ
638 3006 891 3074 πένητες,
917 3001 1108 3073 ὑψηλοί
1123 3019 1181 3054 τε
1201 3003 1293 3055 καὶ
1313 3000 1578 3065 ταπεινοὶ,
1598 3001 1759 3069 ίερεῖς

188 3122 223 3154 κ
239 3104 285 3156 ιὶ
299 3101 446 3166 λαὸς,
465 3098 738 3169 μοναδικοὶ
758 3096 850 3150 καὶ
871 3096 1113 3166 μιγάδες
1131 3096 1254 3149 ὅσον
1266 3095 1320 3147 ὲν
1340 3093 1620 3164 ἄρχουσιν,
1638 3092 1760 3144 ὅσον

186 3197 249 3246 ἐν
273 3193 616 3262 ἀρχομένοις,
643 3191 767 3242 ὅσον
785 3189 842 3240 ἐν
873 3186 1153 3255 ἀνδράσιν,
1185 3185 1307 3237 δεον
1332 3185 1390 3238 ὲν
1421 3179 1686 3251 γυναιξίν.

264 3280 393 3335 KQ’.
426 3279 590 3334 Ἀλλὰ
625 3277 828 3346 μεταξὺ
865 3274 1079 3342 λέγοντί
1109 3291 1200 3344 μοι
1235 3272 1546 3342 προσέπεσέ
1569 3289 1622 3323 τι
1652 3271 1760 3325 τῶν

186 3375 530 3444 ἀϐουλήτων,
561 3371 761 3441 μᾶλλον
789 3369 846 3422 δὲ
880 3367 987 3420 τῶν
1009 3370 1076 3436 τῇ
1113 3367 1262 3432 τάξει
1301 3365 1628 3435 μαχομένων
1663 3366 1760 3434 τῆς

190 3467 436 3536 φύσεως.
459 3465 524 3516 At
557 3463 664 3532 γάρ
697 3477 763 3530 με
787 3460 1048 3526 γυναῖκες
1084 3457 1321 3511 ἐνταῦθα
1347 3455 1759 3517 πλεονεκτοῦσι,

189 3560 293 3614 καὶ
318 3555 536 3623 ἀξιοῦσι
569 3553 900 3625 πρωτεύειν,
929 3551 1008 3612 είς
1032 3565 1096 3616 γε
1130 3549 1286 3602 τοῦτο
1318 3549 1378 3601 τὺ
1405 3548 1763 3617 μέρος,ήμῶν

189 3651 305 3704 τῶν
356 3649 587 3718 ἀνδρῶν,
641 3639 722 3707 οἷς
771 3643 833 3697 τὸ
883 3643 1068 3711 ἄρχειν
1120 3639 1300 3692 αὐτῶν
1342 3640 1434 3692 καὶ
1483 3637 1760 3708 πανταχοῦ

189 3740 618 3815 προκεκρίσθαι,
654 3737 688 3807 ἥ
720 3752 780 3788 τε
816 3733 984 3801 φύσις
1014 3733 1184 3787 πάλαι
1217 3730 1464 3784 ἀπέδωκε
1498 3730 1591 3783 καὶ
1616 3731 1643 3783 ὁ
1667 3727 1764 3799 τὴν

193 3835 366 3904 φύσιν
415 3829 863 3901 δημιουργήσαςο
910 3826 978 3879 τά
1029 3823 1123 3877 τοῦ
1153 3824 1346 3890 γένους
1393 3820 1523 3890 γοῦν
1583 3821 1765 3874 δίκαια

193 3925 372 3981 πολλὰ
406 3923 535 3992 παρ’
563 3923 753 3982 αὐταῖς
805 3918 901 3971 καὶ
947 3915 1258 3987 βοηθεῖσθαι
1301 3913 1518 3967 δοκοῦσι
1559 3928 1762 3965 παντα-

192 4019 360 4090 χόθεν
383 4018 464 4080 είς
481 4016 582 4086 τὴν
610 4012 965 4081 προτίμησιν.
989 4009 1100 4079 Οὐχ
1117 4003 1281 4080 ἦττον
1307 4005 1410 4076 μέν
1434 4023 1487 4059 τι
1515 4006 1764 4057 κάκεῐναι

194 4108 339 4176 πρὸς
375 4106 576 4166 ἑαυτάς
610 4099 1082 4165 στασιάζουσιντθ,
1128 4099 1184 4151 αί
1213 4096 1474 4168 παρθένοι
1505 4095 1642 4166 πρὸς
1667 4095 1767 4157 τὰς

202 4203 494 4270 μητέρας,
551 4197 607 4247 αἱ
668 4193 904 4263 μητέρες
951 4190 1084 4261 πρὸς
1141 4189 1240 4251 τὰς
1291 4187 1618 4257 παρθένους,
1673 4186 1767 4238 καὶ

197 4287 600 4358 φιλονεικοῦσιν
649 4287 766 4337 ὅλον
791 4283 1051 4353 ἑκάτεραι
1074 4280 1132 4334 τδ
1150 4281 1193 4314 ⁷⁸
1219 4279 1397 4333 κοινὸν
1425 4276 1764 4333 ἰδιώσασθαι.

287 4473 449 4527 Ἀλλὰ
476 4471 698 4534 ταύταις
735 4472 852 4539 μὲν,
889 4469 937 4521 εἰ
966 4469 1131 4532 δοκεῖ,
1178 4463 1585 4532 καταλλαγὴνν⁸
1621 4462 1764 4532 πρὸς

196 4566 445 4636 ἀλλήλας
471 4563 633 4634 ἡμεῖς
658 4560 1003 4631 έπιτάξωμεν
1030 4558 1108 4628 τῷ
1136 4561 1233 4627 τῆς
1267 4556 1502 4624 φυσικῆς
1523 4554 1769 4619 ἐξουσίας

194 4658 382 4728 ὀρθῶς
406 4660 742 4728 χρησάμενοι
777 4655 926 4723 νόμῳ
947 4695 960 4719 ,
991 4653 1083 4705 καὶ
1115 4651 1212 4718 τὴν
1252 4649 1376 4717 ἴσην
1398 4648 1442 4678 ⁷⁸
1477 4645 1766 4715 ἑκατέραις

196 4751 601 4818 ἀπονείμαντες
635 4748 852 4815 μοῖρανυ
881 4744 941 4795 οὗ
967 4743 1076 4811 γὰρ
1109 4740 1266 4794 τοῦτο
1293 4738 1492 4807 μᾶλλον
1525 4738 1555 4807 ἦ
1587 4738 1763 4801 τοῦτο,

197 4841 325 4894 ἀλλ’
357 4840 550 4906 ἐπίσης
596 4838 884 4907 ἀμφότερα
913 4873 926 4897 ,
958 4834 1051 4886 καλ¹
1077 4832 1341 4901 παρθένος
1375 4829 1467 4882 καὶ
1517 4830 1702 4898 μήτηρ
1733 4831 1766 4894 ἡ

197 4929 534 4998 τιμωμένη,
595 4928 684 4978 καὶ
719 4925 894 4978 κοινὸν
941 4923 1138 4993 ὁμοίως
1166 4920 1406 4982 άπάσαις
1454 4919 1668 4987 γυναιξὶ
1709 4920 1768 4971 τὸ

202 5021 580 5087 καλλώπισμα
600 5019 664 5070 ⁷⁸.
688 5018 875 5078 Αὑτοῖς
902 5014 947 5066 δ’
965 5015 1096 5081 ἡμῖν
1125 5011 1258 5081 πρὸς
1285 5011 1498 5074 ὲκείνας
1527 5010 1770 5069 εἰσαῦθις

204 5115 244 5180 ἡ
275 5111 460 5164 δικαία
491 5110 628 5176 τάχα
666 5109 874 5161 δικάσει
900 5105 993 5157 καὶ
1016 5104 1168 5170 κοινὴ
1200 5101 1488 5164 Δέσποινα,
1530 5101 1768 5168 ὁπηνίκα

209 5203 310 5254 mi.
334 5203 479 5263 ὅπως
505 5201 786 5268 εὐδοκησοι
814 5196 906 5250 καὶ
933 5195 1238 5264 δοκιμάσοι.
1271 5191 1352 5244 Τὰ
1383 5191 1438 5243 δὲ
1463 5191 1558 5243 νῦν
1588 5191 1773 5259 (ἑορτὴ

1844 1910 2058 1975 brctur,
2104 1918 2159 1965 et
2211 1910 2454 1965 debitum
2502 1911 2549 1965 ei
2601 1913 2861 1965 tributum
2897 1925 2925 1964 a
2968 1926 3167 1979 genere
3215 1922 3400 1966 nostro

1845 2015 1991 2053 nunc
2026 1999 2204 2069 ipsum
2239 2001 2386 2071 large
2425 2002 2688 2055 solvatur.
2728 2003 2866 2055 Date
2912 2005 2960 2056 ei
3005 2004 3068 2056 de
3109 2004 3286 2071 fructu
3315 2003 3398 2055 ta-

1849 2090 2059 2143 biorum
2089 2091 2227 2159 ejus,
2264 2103 2566 2161 opportune
2593 2092 2752 2147 nobis
2795 2093 3014 2161 sapiens
3049 2092 3398 2160 proverbium

1848 2182 2091 2249 indicit°;
2123 2183 2239 2252 ipse
2269 2197 2397 2238 vero
2431 2185 2611 2252 potius
2632 2183 2886 2246 dixerim,
2920 2184 2983 2236 de
3013 2183 3188 2251 fructu
3211 2162 3404 2236 ventris

1847 2273 2000 2340 ejus;
2034 2280 2199 2342 atque
2229 2275 2377 2327 omni
2412 2271 2790 2328 benedictione
2822 2273 3109 2327 benedicta
3155 2272 3402 2328 Genltrix

1849 2365 2248 2420 benedictionis
2298 2365 2625 2421 celebretur.
2660 2364 2737 2420 Ne
2765 2366 2888 2435 quis
2938 2365 3200 2420 adversus
3238 2366 3406 2421 bene-

1851 2456 2131 2511 l’actricem
2163 2456 2413 2526 ingratus
2446 2455 2715 2521 exsistat;
2753 2470 2822 2511 ne
2844 2455 2970 2524 quis
3006 2455 3272 2525 superbus
3303 2454 3410 2509 Re-

1853 2550 1992 2618 gina:
2045 2554 2436 2615 contemptor:
2484 2561 2549 2600 ne
2587 2546 2710 2616 quis
2752 2561 2880 2616 erga
2921 2544 3203 2601 Dominam
3250 2547 3405 2601 incu-

1856 2640 2004 2704 rius;
2053 2639 2146 2693 sed
2189 2639 2370 2691 cuncti
2425 2639 2607 2699 simul,
2661 2645 2714 2692 et
2767 2649 2978 2692 cunctae
3028 2652 3148 2692 cum
3198 2638 3410 2693 decenti

1855 2740 2052 2785 ornatu
2084 2730 2150 2784 ad
2185 2745 2528 2785 communem
2567 2732 2708 2785 hanc
2748 2731 3149 2786 solemnitatem
3203 2745 3410 2786 conve-

1858 2826 2092 2891 niamus,
2125 2833 2177 2880 et
2211 2838 2399 2879 omnes
2426 2826 2586 2880 simul
2615 2832 2863 2880 texentes
2897 2823 3109 2886 laudes,
3160 2830 3275 2876 tum
3329 2821 3413 2874 di-

1857 2920 2003 2975 vites
2058 2919 2392 2974 collaetemur
2431 2926 2546 2973 tum
2602 2931 2887 2986 pauperes,
2951 2913 3302 2983 praecelsiquc
3359 2920 3414 2966 et

1861 3012 2121 3074 humiles,
2163 3011 2477 3066 sacerdotes
2507 3016 2558 3064 et
2591 3007 2848 3078 populus,
2882 3006 3111 3060 solitarii
3162 3013 3214 3058 et
3247 3004 3298 3057 in
3326 3019 3415 3058 so-

1862 3101 2060 3156 cietate
2091 3101 2359 3162 viventes.
2390 3107 2446 3155 et
2468 3108 2734 3169 quantum
2761 3099 2815 3153 in
2849 3113 2908 3154 se
2940 3106 3047 3163 est,
3084 3097 3415 3166 imperantes

1787 3194 1826 3250 C
1863 3203 1914 3247 et
1939 3192 2163 3253 subditi.
2197 3193 2299 3247 viri
2333 3208 2396 3246 ac
2432 3191 2710 3245 mulieres.

1934 3282 2130 3337 XXIX.
2166 3282 2367 3336 Verum
2410 3281 2552 3336 inter
2608 3278 2899 3335 dicendum
2956 3276 3086 3331 mihi
3141 3274 3416 3344 quidpiam

1861 3373 2088 3435 excidit,
2112 3372 2254 3441 quod
2287 3371 2597 3427 inconsulte
2630 3369 2923 3440 prolatum,
2953 3383 3048 3423 seu
3083 3368 3264 3436 potius
3293 3379 3417 3418 cum

1863 3464 2060 3519 ordine
2089 3473 2295 3518 naturae
2325 3476 2576 3530 pugnans
2601 3459 2773 3514 videri
2808 3466 3001 3527 potest.
3026 3454 3125 3512 Hic
3147 3457 3292 3510 enim
3335 3466 3420 3508 me

1864 3552 2090 3604 vincunt
2145 3549 2422 3611 mulieres,
2477 3558 2530 3601 et
2583 3547 2686 3601 hac
2733 3546 2920 3602 saltem
2974 3560 3037 3599 ex
3094 3551 3244 3613 parte
3306 3557 3416 3597 me-

1865 3642 1971 3697 rito
2029 3640 2341 3712 praecedunt
2389 3638 2546 3693 nobis
2598 3637 2752 3700 viris,
2810 3636 3010 3706 quibus
3057 3641 3170 3687 tum
3225 3641 3428 3686 natura-

1869 3743 1983 3789 tum
2048 3742 2258 3788 naturae
2314 3731 2540 3786 Creator
2592 3728 2743 3783 dedit
2793 3727 3046 3797 pridem,
3100 3731 3158 3778 ut
3204 3723 3258 3776 in
3301 3721 3420 3774 illas

1865 3824 2342 3884 dominaremur.
2391 3820 2703 3890 primasque
2780 3819 2834 3872 in
2914 3817 3168 3871 omnibus
3243 3821 3426 3884 partes

1867 3914 2236 3976 haberemus;
2274 3909 2442 3962 multa
2478 3907 2644 3976 igitur
2686 3920 2850 3961 sexus
2881 3904 3003 3972 iura
3042 3910 3096 3956 et
3143 3901 3249 3954 illis
3299 3912 3425 3966 sup-

1865 4016 2054 4077 petere
2080 4003 2335 4057 videntur
2368 4001 2434 4055 ad
2465 4000 2669 4069 primos
2719 4006 3119 4066 usquequaque
3163 3990 3422 4045 honores.

1845 4074 2052 4171 'Neque
2105 4090 2289 4145 minus
2344 4086 2590 4158 proiecto
2618 4093 2671 4140 et
2719 4083 2994 4137 illaeiuter
3031 4094 3092 4135 se
3141 4074 3424 4140 dimicant,

1868 4180 2108 4249 virgines
2137 4193 2259 4232 cum
2292 4176 2586 4238 matribus,
2617 4181 2820 4227 matres
2856 4185 2978 4224 cum
3011 4167 3340 4238 virginibus,
3374 4175 3427 4219 et

1871 4269 2016 4338 quod
2043 4280 2337 4323 commune
2383 4275 2466 4320 est
2495 4304 2512 4330 ,
2555 4273 2794 4332 utraeque
2846 4261 2948 4316 sibi
3003 4271 3255 4330 tanqttant
3301 4272 3428 4326 pro-

1872 4362 2046 4430 prium
2075 4359 2347 4413 vindicare
2385 4366 2556 4411 totum
2588 4355 2945 4410 contendunt.

1959 4451 2159 4506 Verum
2193 4451 2277 4504 his
2303 4449 2545 4518 quidem,
2583 4449 2626 4503 si
2653 4447 2725 4500 ita
2750 4446 2988 4510 videtur,
3022 4452 3260 4515 mutuam
3299 4455 3431 4495 con-

1806 4529 1845 4582 D
1876 4545 2211 4599 ciliationem
2247 4548 2462 4595 nosmet
2496 4540 2598 4608 ipsi
2632 4539 3002 4606 imponamus,
3057 4532 3325 4586 naturalis
3374 4531 3426 4583 in

1879 4637 2028 4705 ipsas
2073 4631 2364 4704 potestatis
2414 4631 2538 4701 jure
2587 4636 2732 4684 recte
2775 4636 3008 4689 utentes,
3064 4632 3118 4679 et
3168 4622 3428 4692 aequalem

1881 4729 2130 4798 utrisque
2162 4726 2467 4798 portionem
2501 4724 2841 4792 assignantes
2871 4738 2883 4775 :
2916 4734 3037 4789 qua:
3070 4716 3210 4772 enim
3260 4715 3431 4769 hono-

1881 4832 2051 4886 ratur,
2083 4835 2190 4875 non
2224 4819 2328 4873 hoc
2360 4817 2531 4886 magis
2565 4818 2833 4882 estquam
2864 4811 3029 4874 istud,
3065 4808 3156 4862 sed
3183 4819 3430 4876 peraeque

1880 4925 2194 4982 utrumque,
2235 4919 2288 4966 et
2323 4911 2472 4978 virgo
2502 4918 2553 4962 ct
2590 4917 2779 4969 mater,
2814 4913 2866 4960 ct
2915 4915 3206 4957 commune
3253 4898 3431 4952 omri-

1880 5009 1983 5062 bus
2017 5021 2083 5059 ex
2109 5017 2266 5071 aequo
2301 4999 2624 5054 mulieribus
2654 5006 2738 5052 est
2767 5003 3169 5049 ornamentum.
3197 4990 3264 5041 Et
3311 5003 3432 5041 rur-

1879 5113 1973 5154 Sus
2002 5093 2148 5164 quod
2184 5093 2248 5146 ad
2284 5107 2381 5144 nos
2411 5092 2560 5159 ipsos
2595 5105 2699 5159 prie
2739 5089 2843 5142 illis
2884 5093 3114 5155 spectat,
3149 5082 3292 5150 justa
3335 5079 3429 5130 illa

1883 5200 1933 5243 t-t
1997 5185 2305 5241 communis
2362 5182 2610 5244 Domina,
2661 5181 2881 5248 quando
2931 5185 2982 5230 et
3038 5171 3310 5243 quomodo
3350 5169 3429 5222 illi

283 5372 302 5390 ·
335 5358 466 5412 Luc.
521 5375 557 5424 t,
613 5357 700 5411 48.
781 5358 807 5396 δ
838 5356 976 5410 Luc.
1030 5369 1105 5420 ιι,
1131 5355 1221 5408 27.
1301 5364 1322 5392 ε
1357 5353 1518 5408 Prov.
1555 5368 1702 5414 xxxi,
1736 5352 1751 5403 Ξ

1853 5366 1951 5404 sec.
1988 5347 2151 5401 LXX.

1475 5461 1672 5523 Variae
1717 5458 2050 5520 lectiones.

289 5597 331 5625 "
397 5592 558 5645 Lattr.
591 5592 893 5658 ποιήσαντι.

199 5668 259 5701 ﬂ
282 5661 456 5714 timid.
480 5656 714 5710 ἑαυτόν(
763 5657 807 5687 ⁸⁸
844 5656 1002 5708 Laur.
1037 5657 1068 5723 ἦ
1102 5673 1202 5714 τις.

211 5737 305 5787 nis
326 5741 404 5781 ρει
443 5743 627 5780 causa.
703 5728 744 5758 ”
772 5726 931 5777 L'tttr.
970 5724 1330 5794 ςυναλλήλοις.

212 5807 347 5855 ῐςιθ.
429 5800 446 5828 ⁷
493 5797 653 5849 thttt'.
685 5794 1031 5858 καῖ·.ὡπισμα.

972 5588 1014 5618 ⁸⁸
1076 5587 1196 5638 Vat.
1221 5585 1522 5644 άνάπλασις
1547 5583 1638 5634 καὶ
1670 5581 1989 5651 Ξινόρθωειι·ἶ
2059 5581 2103 5610 ⁸³
2159 5581 2320 5651 Laur.
2358 5581 2842 5651 μακαρισρησεσαι.
2921 5581 2964 5651 ’ς
2993 5581 3153 5621 Laur.
3182 5581 3438 5651 Teuma?

1282 5657 1323 5685 ⁸⁷
1365 5635 1524 5705 Laur:
1553 5650 1751 5720 εὐεργέε

1853 5692 1860 5700 .
1898 5651 1941 5679 ⁸⁸
1974 5649 2130 5700 Laur.
2173 5649 2271 5698 |t0c
2301 5635 2526 5698 inuisum
2562 5635 2736 5720 abest,
2780 5635 3139 5720 ncc‘obscura
3176 5635 3428 5720 plm'issio-

1410 5723 1454 5751 7°
1484 5718 1658 5774 Laur.
1688 5718 2090 5781 στασιάζουσαι.

2059 5579 2103 5610 ⁸⁸
2159 5577 2320 5631 Laur.
2358 5571 2842 5642 μακαρισθήσεσαι.
2921 5569 2964 5642 ⁸⁸
2993 5566 3153 5621 Laur.
3182 5566 3425 5640 γεναιάς.

3176 5701 3219 5731 ⁷³
3254 5698 3421 5755 ιιιυῆ

2169 5718 2208 5748 ⁷⁸
2247 5714 2418 5769 Codd.
2471 5713 2577 5764 τόν.
2673 5705 3061 5773 ⁷¹καταλογήν.
