4126 6338
184 411 319 476 1109

1156 412 1376 475 ΙΝΞΒ.
1405 411 1758 474 DEIPARfE
1798 413 2372 477 DORMlTIONEM.

3254 418 3395 485 1110

184 525 505 596 προπέμπει
536 528 631 579 καὶ
668 523 1086 596 συναπέρχεται.
1123 526 1377 580 Ἤδιστον
1410 526 1509 596 μέν
1544 525 1643 596 ἔαρ
1680 526 1736 578 ἐν

1840 524 2053 582 dentem
2086 528 2406 593 comitatur,
2435 538 2595 597 atque
2634 542 2738 583 una
2784 526 3040 584 discedit.
3082 529 3148 585 Et
3190 532 3391 603 lucun-

181 616 361 687 ὥραις
387 618 495 688 (τίς
523 615 771 670 ἀντείποι
826 616 984 684 λόγος
1022 613 1101 686 τῷ
1134 616 1276 687 λόγῳ
1295 616 1334 687 ;)
1372 618 1467 670 καὶ
1521 615 1739 685 ποικίλη

186 706 349 777 χάρις
371 706 599 771 ἀνθέων,
634 707 731 760 καὶ
753 706 935 775 ἁπαλὴ
960 707 1144 775 φυτῶν
1174 705 1398 777 βλάστη,
1424 708 1516 761 καὶ
1542 707 1743 778 ὡραιό-

179 815 281 868 της
312 796 507 867 ἀγροῦ,
559 797 653 850 καὶ
708 797 1012 867 χλοάζουσα
1068 798 1196 863 πόα,
1248 799 1344 853 καὶ
1399 800 1563 851 καλὸν
1622 801 1739 863 ταῖς

178 887 448 956 ἀρούραις
477 889 942 957 ἐπικυματίζοντα
979 889 1141 960 λήῖα·
1189 889 1287 960 ἡδὺ
1324 890 1380 943 δὲ
1417 889 1511 942 καὶ
1542 890 1742 960 στάχυς

180 979 499 1050 παρρησίαν
554 979 681 1048 ἄρτι
744 979 1057 1049 λαμϐάνων,
1120 982 1212 1033 καὶ
1270 980 1602 1052 προκύπτων
1661 981 1741 1045 εἰς

182 1068 323 1137 φῶς,
353 1064 440 1122 οἷα
477 1069 676 1139 βρέφος
699 1070 916 1139 εὐγενές
945 1088 1005 1123 τε
1036 1071 1130 1123 καὶ
1162 1071 1374 1140 χαρίεν,
1422 1070 1497 1133 ὡς
1541 1072 1606 1123 ἐκ
1641 1074 1740 1140 μή·

182 1180 323 1233 ἐρας
364 1164 462 1232 τῆς
518 1164 776 1227 κάλυκος,
822 1164 915 1219 καὶ
967 1162 1223 1234 βότρυς⁶⁶
1271 1164 1744 1234 ἐπαγγελλόμενος

183 1254 280 1307 καὶ
311 1258 422 1316 τοῖς
445 1255 722 1324 δροσεροίς
753 1253 841 1307 ἔτι
872 1252 1091 1323 φύλλοις
1135 1246 1555 1308 ὑπαναστέλλειν
1580 1254 1746 1323 ἀρχό-

185 1362 351 1414 μενος
370 1361 384 1375 ·
406 1345 550 1398 καλὰ
573 1346 628 1399 δέ
661 1346 754 1399 καί
777 1346 945 1400 τάλλα
978 1345 1213 1416 καθεξῆς
1230 1346 1275 1379 ⁸⁷
1303 1347 1413 1399 τῶν
1438 1346 1655 1417 ὡραίων
1674 1344 1741 1409 ⁸⁸,

180 1432 265 1499 οἷς
292 1439 328 1506 ὴ
368 1435 485 1504 ὥρα
532 1437 715 1507 τρυφᾷ
745 1437 843 1491 καὶ
873 1439 996 1500 ταῖς
1053 1436 1271 1490 ἐλπίσιν
1327 1436 1609 1507 εὐφραίνει
1652 1436 1744 1489 τὸν

183 1524 385 1595 θεατὴν
412 1529 673 1595 γεωργὸν.

251 1705 396 1758 Πολὺ
418 1706 462 1739 ⁸⁸
487 1706 532 1759 δ’
554 1705 631 1759 ἐτι
658 1707 933 1760 κάλλιον⁹⁶
962 1708 993 1776 ἡ
1029 1708 1247 1762 πάντων
1272 1708 1622 1779 τελεσφορία,
1642 1712 1741 1765 καὶ

179 1778 243 1846 τὸ
277 1794 415 1863 πρὸς
443 1795 794 1867 ἐκπλήρωσιν
831 1796 998 1867 ἔργου
1029 1798 1128 1868 τὴν
1174 1778 1513 1868 ἐπαγγελίαν
1545 1800 1739 1865 ἐλθεῖν,

179 1886 321 1955 ὅπερ
351 1881 507 1947 οὗτος
535 1888 667 1956 ἡμῖν
705 1889 732 1941 ὁ
757 1889 950 1958 καιρὸς
994 1888 1090 1942 νῦν
1110 1891 1413 1961 χαρίζεται.
1435 1891 1548 1943 Νῦν
1567 1892 1673 1962 γὰρ
1696 1892 1737 1924 ⁹¹

184 1976 243 2027 αἰ
274 1976 372 2044 μὲν
400 1976 676 2046 ἀποθῆκαι
710 1980 801 2031 τὸν
838 1982 1002 2044 σῖτον,
1047 1982 1095 2033 οἰ
1135 1982 1285 2051 ληνοὶ
1300 1984 1346 2015 ³⁸
1373 1982 1429 2037 δὲ
1459 1984 1551 2036 τὸν
1575 1980 1738 2048 οἶνον,

182 2069 279 2119 καὶ
311 2066 409 2137 τὴν
441 2068 605 2137 άλλην
634 2068 725 2121 τοῦ
758 2069 911 2132 ἔτους
962 2073 1249 2141 εὐετηρίαν
1283 2075 1309 2125 ὁ
1338 2075 1632 2145 προσήκων
1659 2074 1744 2127 δέ·

182 2173 339 2222 χεται
367 2158 563 2220 τόπος,
600 2160 694 2211 καί
730 2160 829 2212 οὐκ
869 2162 950 2213 ἐτι
996 2163 1480 2233 προσδοκωμένην,
1516 2164 1631 2217 ἀλλ’
1665 2166 1744 2225 εἰς

178 2249 370 2316 χεῖρας
398 2248 498 2318 ήδη
532 2250 931 2319 κατεχομένην,
963 2253 1056 2305 καὶ
1086 2253 1143 2305 τὸ
1172 2253 1280 2306 τῶν
1322 2254 1554 2307 ἐλπίδων
1576 2256 1746 2326 ἀμφί-

177 2336 338 2391 ϐολον
360 2337 593 2406 ἀσφαλεῖ
617 2339 760 2392 τέλει
802 2341 1116 2411 κρίνουσαν.
1152 2343 1266 2396 Νῦν
1282 2343 1328 2375 ’³
1357 2344 1490 2414 ὁμοῦ
1546 2347 1637 2399 καὶ
1691 2350 1720 2400 ὁ

185 2429 421 2498 σπείρας
454 2429 633 2497 χαίρει
680 2429 923 2496 θερίσας,
957 2430 1051 2482 καὶ
1085 2433 1113 2483 ὁ
1158 2431 1456 2498 φυτεύσας,
1514 2433 1742 2504 εὐφραί-

176 2533 356 2584 νεται,
411 2519 535 2580 τοὺς
600 2519 847 2589 καρποὺς
898 2519 1005 2571 τῶν
1055 2520 1237 2575 πόνων
1287 2521 1645 2591 δρεψάμενος.
1680 2523 1743 2576 'O

177 2610 398 2677 Κύριος
426 2610 609 2665 ἔδωκε
635 2612 1018 2680 χρηστότητα
1044 2652 1059 2677 ,
1096 2613 1193 2666 καί
1236 2615 1274 2681 ἠ
1316 2613 1393 2684 γῆ
1431 2616 1600 2683 ἡμῶν
1627 2614 1741 2684 ἤδη

176 2702 292 2755 τὸν
330 2703 565 2769 καρπὸν
613 2702 806 2770 αὐτῆς
842 2703 1239 2776 ὁλοκλήρωςνδ,
1283 2707 1332 2759 εἰ
1364 2708 1437 2778 μή
1465 2709 1519 2760 τί
1549 2708 1594 2740 ⁸⁸
1639 2724 1743 2762 που

177 2791 368 2845 τέλεον
397 2794 750 2863 ὑπερήμερον
791 2794 883 2846 καὶ
907 2794 1307 2865 ἐκπρόθεσμον.

250 2967 373 3020 AB’.
406 2967 517 3037 Τῆς
546 2967 650 3037 γῆς
680 2967 736 3021 δέ
770 2968 829 3021 τὸ
859 2968 990 3022 ῐδιον
1021 2970 1251 3033 ἐντελῶς
1283 2972 1620 3042 ἀπεχούσης,
1653 2975 1744 3027 καὶ

172 3060 204 3109 ὁ
237 3058 463 3125 οὐρανὸς
494 3057 772 3124 ἀναλόγως
796 3060 991 3127 ἀπέχει
1014 3061 1074 3111 τὸ
1098 3060 1315 3124 ἑαυτοῦ,
1360 3061 1451 3113 τὸν
1483 3063 1740 3131 οὐράνιόν

1844 616 2069 672 dissima
2098 618 2318 689 quidem
2353 618 2495 674 inter
2523 620 2651 674 anni
2696 628 3048 691 tempestates
3096 631 3179 679 est
3223 639 3388 681 verna

1845 708 1989 777 (quis
2020 725 2322 781 repugnare
2352 712 2578 779 ausit?),
2620 720 2672 766 et
2714 712 2861 766 varia
2887 711 3081 768 ﬂorum
3124 717 3316 784 gratia,
3342 730 3395 771 et

1846 799 2078 854 delicata
2104 801 2408 870 plantarum
2441 800 2783 870 germinatio,
2854 810 2908 855 et
2949 816 3201 871 agrorum
3232 819 3398 859 venu—

1843 896 1979 955 stas,
2010 904 2073 944 ac
2090 892 2360 948 virescens
2379 893 2561 956 herba;
2585 902 2638 946 et
2656 890 2891 961 pulchra:
2909 902 3034 947 sunt
3058 894 3397 949 undabundm

1846 993 1943 1049 per
1976 988 2135 1047 agros
2186 989 2428 1051 segetes;
2481 980 2716 1035 oblectat
2760 980 2991 1050 desuper
3027 992 3080 1036 ct
3109 983 3257 1053 spica
3282 983 3393 1052 jam

1846 1070 2117 1125 audacula
2152 1086 2465 1141 erumpens,
2490 1081 2543 1127 et
2572 1087 2639 1127 ex
2687 1071 2853 1126 calice
2876 1072 3039 1127 veluti
3085 1089 3116 1128 e
3166 1075 3395 1129 matrice

1843 1161 2005 1231 quasi
2038 1160 2219 1216 infans
2249 1165 2517 1233 ingenuus
2548 1164 2705 1232 juxta
2754 1173 2919 1232 atque
2950 1164 3171 1235 elegans
3218 1166 3273 1220 in
3304 1167 3395 1220 iu-

1847 1262 1965 1302 cem
2001 1249 2280 1319 prodiens,
2309 1265 2372 1305 ac
2399 1266 2648 1307 racemus
2676 1252 2845 1323 (velut
2870 1252 3069 1328 primo)
3114 1246 3398 1309 annuntia-

1845 1346 1955 1405 tns,
1996 1348 2051 1396 et
2079 1340 2349 1410 incipiens
2385 1342 2526 1397 foliis
2554 1342 2849 1395 etiamnum
2888 1343 3098 1399 tenellis
3129 1344 3394 1409 suboriri;

1846 1430 1941 1485 sed
1984 1439 2039 1485 et
2071 1432 2177 1487 alia
2231 1433 2431 1487 eximia
2462 1435 2735 1489 venustati
2772 1434 2846 1487 illi
2879 1437 3164 1501 accedunt,
3203 1438 3397 1505 quibus

1844 1530 2139 1593 tempestas
2168 1524 2255 1578 illa
2285 1526 2615 1593 luxuriatur,
2641 1534 2693 1581 et
2728 1534 3071 1596 spectantem.
3105 1530 3395 1599 agricolam

1846 1616 2016 1669 multa
2046 1631 2141 1686 spe
2170 1616 2464 1672 exbilarat.

1918 1705 2308 1764 Verumtamen
2356 1710 2518 1765 etiam
2553 1709 2713 1779 longe
2756 1712 2842 1766 his
2879 1713 3269 1780 praecellentior
3313 1723 3398 1767 est

1848 1796 2125 1853 fructuum
2160 1803 2401 1855 omnium
2435 1803 2745 1867 maturitas,
2777 1810 2832 1857 et
2875 1813 3021 1857 certa
3048 1817 3233 1855 eorum
3280 1817 3399 1870 quae

1775 1856 1817 1915 Β
1848 1890 2322 1960 promittebantur,
2377 1891 2686 1957 assecutio;
2717 1894 2861 1962 quod
2896 1892 3011 1946 haec
3051 1892 3211 1946 modo
3245 1891 3400 1946 nobis

1846 1988 2141 2050 tempestas
2166 1980 2449 2049 elargitur.
2486 1980 2643 2035 Nunc
2666 1983 2809 2037 enim
2840 1990 2892 2035 et
2922 1982 3114 2037 horrea
3155 1982 3400 2037 frumen-

1844 2078 1982 2137 tum,
2012 2082 2065 2127 et
2096 2071 2238 2125 dolia
2264 2072 2472 2135 vinum,
2495 2084 2547 2127 et
2578 2072 2806 2127 idoneus
2836 2073 3064 2143 quisque
3090 2072 3241 2126 locus
3262 2072 3399 2126 alios

1847 2178 2042 2217 annua:
2098 2163 2367 2217 ubertatis
2416 2174 2716 2231 proventus
2759 2165 2985 2231 excipit,
3032 2179 3235 2231 eosque
3290 2178 3397 2217 non

1843 2252 2060 2324 quidem
2094 2269 2237 2307 mera
2267 2253 2444 2307 adhuc
2479 2255 2533 2307 in
2565 2269 2660 2321 spe
2697 2254 2857 2318 sitos,
2891 2253 2983 2309 sed
3007 2254 3115 2321 jam
3150 2255 3399 2310 manibus

1845 2344 2231 2413 apprehensos,
2273 2350 2328 2397 et
2356 2352 2507 2397 certo
2542 2344 2689 2398 exitu
2724 2344 2791 2397 de
2820 2358 2916 2413 spe
2950 2344 3161 2398 incerta
3197 2344 3397 2399 decer-

1844 2444 2058 2488 nentes.
2099 2432 2253 2486 Nunc
2294 2434 2502 2501 pariter
2562 2442 2617 2487 et
2657 2435 2746 2501 qui
2790 2433 3152 2507 seminaverat
3194 2444 3402 2489 metens

1844 2524 2083 2589 Iretatur,
2112 2534 2164 2577 et
2187 2524 2277 2592 qui
2313 2523 2650 2591 plantaverat
2703 2525 2947 2577 laborum
2995 2524 3251 2595 colligens
3294 2523 3403 2575 fm-

1845 2626 1966 2669 crus
1995 2615 2252 2667 exsultat.
2288 2613 2549 2667 Dominus
2594 2614 2734 2667 dedit
2765 2614 3155 2683 benignitatem,
3185 2626 3232 2670 et
3260 2624 3402 2670 terra

1844 2715 2031 2760 nostra
2061 2706 2178 2773 jam
2215 2704 2446 2772 fructum
2482 2720 2636 2757 suum
2696 2705 2908 2774 integre
2952 2705 3147 2766 dedith.
3188 2708 3293 2760 nisi
3349 2707 3394 2761 si

1844 2796 1973 2863 quid
2006 2796 2206 2848 alicubi
2245 2804 2461 2863 tempus
2493 2808 2649 2849 suum
2685 2796 3179 2863 praetergrediatur,
3206 2811 3268 2849 ac
3305 2798 3399 2852 de-

1844 2886 2015 2939 bitum
2047 2893 2169 2954 post
2206 2886 2573 2955 praestitutum
2609 2884 2752 2938 diem
2795 2885 2989 2939 solvat.

1918 2974 2136 3029 XXXII.
2172 2977 2346 3030 Porro
2382 2990 2506 3028 cum
2538 2983 2680 3028 terra
2715 2975 2920 3043 integre
2954 2991 3111 3029 suum
3146 2978 3391 3045 recipiat,

1844 3070 2217 3117 consentance
2269 3073 2324 3116 et
2381 3062 2580 3115 cmlum
2638 3061 2781 3129 quod
2840 3076 2995 3114 suum
3046 3072 3129 3115 est
3182 3064 3394 3133 recipit,

175 3166 325 3217 φημι
353 3149 541 3203 τοῦτον
588 3149 863 3221 θησαυρὸν
895 3150 989 3203 καὶ
1030 3150 1334 3221 ὐπὲρτιμον
1355 3168 1368 3182 ·
1407 3152 1465 3205 ὃν
1488 3153 1733 3223 ἀπολαμ-

1843 3154 2122 3209 ςωίοειεηι
2163 3152 2331 3217 hunc,
2376 3150 2621 3220 inquam,
2671 3150 3243 3221 pretiosissimumque
3284 3155 3400 3208 then

178 3239 369 3291 ϋάνων
400 3240 637 3307 σήμερον
668 3240 869 3307 γέγηθε
906 3240 1005 3309 τὴν
1030 3241 1195 3293 αὑτοῦ
1242 3242 1498 3308 γλυκεῖαν
1528 3244 1738 3309 ἐλπίδα,

174 3329 282 3400 τὴν
337 3329 597 3399 εὐφορίαν
648 3330 747 3398 τῆς
780 3330 1045 3393 κτίσεως,
1095 3331 1154 3383 τὸ
1185 3331 1330 3400 μέγα
1384 3335 1477 3386 τοῦ
1533 3334 1739 3404 κόσμου

174 3421 485 3491 γεώργιον
539 3421 633 3473 καὶ
684 3420 1006 3491 θησαυρίζει
1038 3422 1129 3475 τὸν
1166 3424 1396 3477 πλοῦτον
1436 3426 1494 3476 ἐν
1520 3428 1736 3491 ἀσύλοις

175 3512 451 3583 ταμείοις,
480 3512 575 3565 καὶ
597 3513 698 3582 τὴν
730 3512 1080 3581 εὐδαιμονίαν
1111 3518 1220 3576 τοῖς
1252 3516 1391 3581 ἄγαν
1440 3517 1741 3580 ἐνδοτάτοις

177 3605 601 3657 ἐναποτίθεται·
631 3593 950 3671 ἐκλεγεϊσαν
981 3604 1082 3673 μὲν
1109 3608 1187 3668 είς
1215 3608 1404 3676 καιρὸν
1426 3650 1441 3672 ,
1479 3610 1616 3676 μετὰ
1638 3610 1738 3679 τὴν

174 3697 278 3764 τῆς
307 3694 620 3762 οἰκονομίας
642 3693 687 3725 ⁸⁸
719 3694 1139 3763 συμπλήρωσιν,
1168 3697 1260 3747 καί
1288 3697 1385 3765 τὴν
1423 3696 1739 3768 θαυμαστὴν

174 3785 485 3855 ὑπουργίαν
536 3784 634 3837 τοῦ
683 3784 826 3837 κατὰ
881 3785 1115 3854 Χριστὸν
1169 3788 1508 3856 μυστηρίου’
1553 3788 1627 3850 ὡς
1681 3789 1738 3841 δὲ

174 3878 339 3946 μέρος
393 3872 451 3927 εὖ
507 3875 649 3943 μάλα
680 3877 799 3927 πῖον
833 3877 923 3927 καὶ
966 3874 1201 3947 εὐσταχυ
1227 3880 1297 3942 ³⁷,
1331 3880 1423 3931 καὶ
1460 3880 1558 3947 τῆς
1588 3879 1734 3943 ὧρας

174 3968 321 4035 ἔχων
349 3966 686 4035 ἐπιτηδείως,
711 3967 768 4016 ἐν
793 3964 941 4034 θέρει
979 3967 1460 4036 συγκομισθεῖσαν·
1488 3971 1735 4040 καὶπρὸς

169 4059 277 4127 τὴν
308 4058 515 4121 οἰκείαν
543 4059 884 4111 κατάπαυσιν
916 4058 1173 4111 ἐντεῦθεν
1210 4063 1645 4132 μετενεχθεῖσαν,
1673 4064 1733 4117 οὐ

177 4150 431 4222 μέντοι⁹⁸
486 4150 744 4215 καθάπαξ
775 4150 1169 4219 ἀπενεχθεῖσαν
1200 4153 1378 4222 ἡμῶν,
1442 4155 1549 4207 οὐδ’
1596 4158 1735 4210 ἀπο-

167 4245 383 4296 στᾶσαν
411 4244 489 4304 είς
513 4242 665 4305 τέλος
714 4240 823 4293 τῶν
854 4242 976 4292 καθ’
1029 4245 1198 4312 ἡμᾶς,
1237 4245 1341 4298 κᾶν
1371 4246 1731 4316 μεθέστηκεν.

180 4337 402 4404 Ἐκείνη
436 4336 545 4405 γὰρ
652 4334 760 4387 τῶν
791 4334 917 4403 τῇδε
950 4334 1253 4405 προνοοῢσα
1281 4339 1373 4389 καί
1404 4337 1517 4403 νῦν,
1549 4338 1732 4407 ἐκείνη

165 4431 270 4483 καὶ
304 4426 584 4497 βραϐεύει,
621 4426 715 4478 καὶ
748 4426 927 4495 φέρει,
959 4424 1054 4477 κα)⁸
1084 4429 1342 4497 συντηρεϊ
1366 4428 1433 4480 τὰ
1460 4429 1726 4498 ἡμέτερα⁹

1844 3258 2110 3309 saurum;
2165 3257 2323 3311 quem
2383 3241 2601 3310 quidem
2667 3241 2930 3294 hodierna
2999 3244 3083 3296 die
3142 3251 3396 3312 tanquam

1842 3336 2059 3390 dulcem
2100 3348 2248 3402 spem
2307 3348 2485 3397 suam,
2535 3332 2702 3385 creati
2739 3332 2904 3400 bujus
2957 3333 3194 3386 universi
3237 3335 3396 3389 uber-

1845 3433 2033 3487 tatem,
2071 3422 2473 3492 praacellentem
2504 3420 2694 3474 mundi
2743 3421 2902 3474 istius
2951 3421 3189 3476 fructum
3244 3427 3395 3478 exci-

1840 3516 1997 3584 piens
2024 3514 2225 3581 gaudio
2260 3512 2444 3581 gestit,
2474 3518 2529 3565 et
2556 3510 2719 3565 hasce
2746 3511 2962 3565 divitias
2994 3514 3045 3565 in
3086 3524 3396 3582 promptua-

1840 3606 1937 3660 riis
1965 3622 2073 3658 non
2097 3604 2401 3674 prsedandis
2438 3604 2701 3668 recondit,
2730 3613 2784 3657 et
2816 3605 3125 3657 beatitatem
3174 3606 3312 3659 hanc
3338 3605 3392 3659 in

1840 3698 2149 3751 recessibus
2210 3710 2438 3765 prorsus
2486 3695 2840 3764 penitissimis
2897 3694 3150 3764 deponit;
3187 3706 3238 3749 et
3274 3712 3389 3750 eam

1838 3794 2147 3855 opportuno
2197 3801 2328 3839 sane
2390 3795 2663 3853 tempore,
2716 3793 2999 3854 postquam
3056 3785 3391 3853 dispensatio

1838 3879 2049 3930 Scilicet
2077 3890 2242 3943 opere
2295 3874 2563 3943 completa
2595 3881 2701 3935 est,
2730 3884 2782 3925 et
2819 3873 3191 3926 admirandum
3225 3876 3388 3928 mini—

1839 3969 2067 4022 sterium
2098 3983 2255 4022 suum
2285 3966 2399 4034 ipsa
2430 3965 2611 4034 praebu
2638 3973 2657 4016 t
2690 3964 2945 4033 mysterio
2974 3962 3176 4019 Christi
3220 3967 3387 4034 (redi-

1838 4058 2087 4127 mentis),
2121 4058 2402 4127 decerpit;
2437 4069 2730 4124 congruam
2776 4056 2961 4108 itidem
2998 4057 3124 4108 anni
3182 4065 3386 4126 tempe-

1835 4159 2026 4207 statem
2047 4152 2362 4213 observans,
2383 4162 2475 4216 per
2490 4146 2953 4215 aestatem,quippe
2977 4157 3132 4200 tesras
3158 4150 3387 4203 maxime

1836 4243 2017 4311 opima
2049 4248 2133 4295 est
2162 4250 2518 4309 segetumque
2552 4236 2723 4300 ferax,
2753 4237 2997 4291 eamdem
3046 4238 3287 4308 colligit;
3334 4252 3387 4294 et

1837 4332 1963 4386 licet
2012 4326 2140 4384 hinc
2188 4344 2307 4383 eam
2360 4328 2425 4381 ad
2478 4326 2889 4395 tranquillitatis
2941 4328 3171 4396 propriae
3211 4330 3385 4384 sedes

1837 4421 2158 4485 transferat,
2191 4435 2299 4473 non
2334 4418 2549 4488 penitus
2582 4424 2759 4472 tamen
2813 4418 2971 4472 nobis
3003 4418 3148 4471 illam
3186 4420 3381 4484 aufert,

164 4520 391 4586 ἐκείνης
438 4518 598 4586 ἔργον
636 4517 730 4569 καὶ
766 4517 935 4586 δῶρον
964 4517 995 4585 ἠ
1024 4517 1251 4585 εὐνομία
1282 4518 1389 4569 τῶν
1433 4518 1659 4583 πόλεων,
1694 4521 1726 4589 ἡ

1840 4529 2033 4582 neque,
2091 4523 2370 4579 utcunque
2421 4512 2591 4580 ipsam
2642 4516 2909 4573 amoveat,
2947 4512 3013 4563 ab
3077 4512 3141 4565 iis
3204 4502 3391 4585 tamen

161 4613 272 4681 τῆς
306 4609 630 4678 οἰκουμένης
678 4608 887 4676 εἰρήνη,
925 4606 1032 4659 τῶν
1067 4608 1371 4677 ἐκκλησιῶν
1413 4610 1443 4677 ἡ
1478 4609 1721 4677 ὁμόνοια,

161 4702 612 4770 τῶν”σκήπτρων
645 4701 677 4766 ὴ
709 4698 999 4752 δυναστεία
1023 4738 1037 4762 ,
1067 4698 1173 4749 τῶν
1203 4702 1585 4768 στρατοπέδων
1608 4702 1651 4733 ⁹⁹
1693 4704 1724 4771 ή

165 4790 425 4861 εὐτυχία,
450 4790 483 4859 ἡ
512 4788 620 4839 τῶν
645 4787 883 4851 πάντων,
904 4781 976 4838 ὧν
1000 4788 1216 4855 ἔχομεν,
1251 4788 1429 4841 καλῶν
1454 4789 1688 4859 χορηγία
1710 4806 1722 4820 ·

162 4886 241 4937 δι’
285 4883 501 4950 ἐκείνην
546 4878 646 4931 καὶ
689 4876 872 4946 ζῶμεν
902 4877 998 4931 καί
1034 4880 1351 4946 κινούμεθα
1382 4879 1479 4931 καὶ
1510 4878 1726 4946 ἐσμέν·

159 4977 239 5032 δι’
276 4974 493 5043 ἐκείνην
538 4971 873 5040 πιστεύομεν
919 4970 1012 5022 καὶ
1042 4970 1295 5032 θανόντες
1346 4966 1404 5022 εὖ
1453 4966 1596 5034 ἕξειν
1638 4972 1729 5023 ἐπὶ

160 5067 574 5140 χρηστοτέραις
604 5063 819 5114 ἐλπίσιν
851 5061 1061 5113 ἐνθένδε
1096 5062 1539 5131 μεταχωροῦντες
1561 5064 1600 5093 ³·
1634 5062 1727 5115 καὶ

161 5157 469 5215 συνελόντα
488 5156 508 5185 ⁸
534 5154 722 5223 φάναι,
748 5153 878 5222 παρ’
906 5152 1074 5221 αὐτῆς
1101 5153 1377 5207 κάνταῦθα
1410 5156 1631 5207 κάκεῖσε
1662 5153 1726 5207 τὰ

277 5343 307 5379 ιι
334 5334 482 5392 Psal.
506 5348 721 5400 Lxxnv,
756 5332 846 5388 l5.

1834 4621 1954 4675 quae
1998 4605 2062 4658 ad
2096 4618 2195 4658 nos
2228 4604 2517 4671 pertinent,
2544 4602 2633 4656 illa
2663 4602 2883 4655 onmino
2913 4602 3231 4671 digreditur.
3264 4602 3379 4670 Ipsa

1833 4700 1976 4760 enim
2014 4694 2359 4749 terrestrium
2411 4694 2603 4745 borum
2650 4692 2947 4745 etiamnum
2987 4707 3172 4745 curam
3212 4695 3379 4761 gerit;

1834 4792 1946 4859 ipsa
1987 4802 2075 4842 res
2128 4792 2344 4841 nostras
2380 4794 2432 4839 et
2476 4785 2809 4843 moderatur,
2868 4791 2919 4836 et
2976 4794 3277 4851 promovet,
3326 4795 3380 4836 et

1829 4887 2155 4941 conservat;
2186 4876 2357 4945 ipsius
2384 4891 2521 4944 opus
2563 4889 2623 4927 ac
2651 4874 2853 4927 donum
2898 4881 2979 4925 est
3022 4874 3151 4926 felix
3201 4874 3379 4941 reipu-

1828 4972 1983 5028 blica:
2016 4971 2277 5039 regimen,
2327 4975 2483 5019 terra:
2531 4965 2797 5018 universae
2836 4978 2961 5033 pax,
3008 4962 3374 5018 Ecclesiarum

1829 5063 2144 5125 concordia,
2194 5067 2534 5129 sceptrorum
2582 5058 2843 5125 potentia,
2880 5071 3138 5123 prosriera
3170 5058 3383 5110 exerci-.

1828 5164 1981 5210 tuum
2044 5154 2279 5217 fortuna,
2343 5150 2581 5205 omnium
2626 5162 2745 5219 quae
2792 5147 3055 5203 habemus
3109 5150 3377 5205 bonorum

1507 5444 1698 5505 Varias
1722 5444 2025 5507 lectiones

234 5613 283 5640 ι’
333 5602 497 5657 Laur.
556 5600 837 5668 ﬂé‘tpDStV._
902 5595 950 5668 _"
1005 5592 1127 5644 καθ’
1165 5592 1323 5668 Δέξῆς.

1428 5591 1473 5623 ⁸⁸
1512 5591 1692 5661 Laur.
1733 5617 1736 5635 ι

1840 5612 1924 5647 εον.
2002 5592 2047 5625 ⁸⁸
2097 5590 2249 5657 Quod
2278 5591 2530 5661 superius
2566 5588 2878 5661 Vaticanus,
2912 5583 3177 5661 boc_loco
3224 5593 3373 5661 Lai:-

161 5685 313 5732 rent.
516 5653 590 5742 ad
625 5653 792 5742 marg:
823 5665 985 5742 liabet
1014 5662 1200 5742 :grspt.
1223 5653 1315 5711 τοῦ
1333 5659 1532 5742 ἐπέροῦ
1562 5662 1736 5742 τῆςξκι

1840 5664 2017 5729 ιλσεως.
2098 5653 2143 5692 ⁸⁵
2206 5653 2607 5742 Επεὶ-κάλωες.
2684 5658 2749 5742 ’ξ’
2803 5654 3085 5742 I:aur.v€:v
3122 5653 3218 5718 μὲν
3241 5653 3365 5742 γάρ.

162 5728 217 5779 λδ
244 5745 411 5795 Laur.
433 5741 487 5792 al
516 5738 672 5789 λινοί.
744 5728 792 5767 ⁵³
823 5733 981 5785 Laur.
1010 5730 1102 5782 νῦν
1137 5728 1257 5797 μὲν.
1333 5731 1377 5760 ⁸⁵
1412 5728 1575 5781 Laur.
1637 5730 1736 5797 ὀλο]

1842 5728 1966 5797 ρως.
2044 5732 2088 5762 ’⁵

745 5806 786 5833 ⁵·
810 5804 968 5856 Laur.
1006 5800 1101 5868 μέν
1134 5796 1205 5851 τι.
1264 5798 1307 5829 ν’
1340 5797 1498 5853 Laur.
1524 5796 1944 5865 στρατοπαίεων.
2015 5802 2027 5828 ¹
2060 5798 2221 5851 Laur.
2269 5796 2705 5867 μεταμροῦντες.

162 5817 204 5850 θ’
233 5814 400 5868 Laur.
440 5811 664 5871 ἄστανυ.

2706 5726 2751 5759 ⁸⁸
2814 5724 2975 5777 Laur.
3010 5723 3365 5789 οἰκονομοίας.

2779 5796 2797 5823 ’
2830 5792 2946 5847 Vat.
2976 5790 3255 5845 συνελόντα
3288 5789 3363 5841 δέ.

2155 5730 2314 5783 Laur.
2352 5729 2497 5782 abest
2533 5728 2602 5781 τί.
