4126 6338
635 407 774 474 1115
1784 407 2107 468 JUANNIS
2149 409 2264 469 EUl

2242 406 2715 470 ‘CHAITENSIS
2900 429 2903 433 ‘
3734 409 3871 474 1116

633 529 904 592 victorem,
958 526 1180 580 libenter
1230 524 1310 578 illi
1339 541 1392 578 se
1427 525 1750 576 donaturum
1802 523 2065 590 professus
2107 533 2205 588 est,
2238 539 2387 592 quem
2408 523 2555 592 gleba
2604 526 2656 576 in
2689 524 3132 592 confertissimum
3169 526 3399 579 militum
3442 522 3653 593 globum
3693 526 3876 578 conni-

634 613 866 666 ventibus
915 614 1080 667 oculis
1108 613 1298 666 emissa
1328 613 1545 680 fortuito
1569 611 1902 679 contingeret.
1936 619 2134 675 Anceps
2163 610 2372 678 quidem
2422 621 2524 662 ista
2563 623 2609 663 et
2643 612 2797 678 plena
2834 613 3057 679 periculi
3095 615 3323 675 sortitio,
3355 627 3471 680 qua
3501 620 3683 664 tamen
3705 614 3874 664 homi‘

634 716 750 754 nem
777 716 880 753 non
926 700 1133 768 fefellit,
1158 708 1332 768 utpote
1381 714 1528 766 quens
1560 695 1729 764 Cyrus
1763 697 1831 748 ad
1877 712 1992 748 eam
2018 697 2277 749 exercitus
2314 699 2394 748 sui
2421 707 2622 762 partem
2663 699 2988 762 converterit,
3015 701 3069 752 in
3104 715 3260 768 quam
3292 699 3337 750 si
3360 698 3438 750 vel
3477 698 3675 751 clausis
3706 700 3874 752 Oculis

632 787 973 851 collimasset,
1006 803 1036 840 a
1076 789 1183 840 viro
1217 786 1344 854 forti
1384 801 1486 836 non
1518 793 1688 853 posset
1723 781 1987 835 aberrare.
2046 782 2195 847 Quod
2252 783 2296 834 si
2334 799 2425 851 ego
2455 782 2700 839 similiter
2751 785 2977 852 fortuna:
3007 786 3176 838 alearn
3217 785 3440 852 experiri
3473 786 3786 852 (prmsertim
3817 786 3871 837 in

634 887 741 927 tam
764 876 900 926 mira
937 875 1203 942 paucitate
1254 887 1433 925 eorum
1478 872 1566 940 qui
1607 873 1708 921 ista
1735 885 1796 921 ea:
1822 870 1995 921 aninto
2033 858 2241 934 curant,
2293 880 2447 937 atque
2479 871 2874 938 amplexantur)
2908 871 3162 939 illumque
3193 872 3315 922 huic
3345 871 3556 923 advena:
3586 883 3873 937 patronum

629 963 888 1029 adoptare
936 961 1116 1013 vellent
1140 976 1287 1028 quem
1313 975 1466 1010 casus
1499 957 1808 1018 .obtulisset,
1836 956 2125 1025 periculum
2162 957 2272 1022 fore
2298 958 2523 1017 videtur.
2549 976 2610 1011 ne
2639 958 2804 1010 nihilo
2833 959 2996 1011 tutius
3049 959 3332 1026 hospitium
3356 957 3523 1009 eidem
3557 958 3871 1025 obtingeret,

627 1065 785 1115 quam
818 1048 1113 1110 hirundini,
1143 1063 1299 1114 quam
1329 1046 1547 1098 Archias
1592 1045 1641 1096 in
1679 1044 1862 1097 Gra'co
1901 1045 2280 1111 epigrammate
2329 1044 2425 1094 sub
2463 1043 2658 1098 Medea:
2697 1056 2872 1097 statua
2926 1042 3281 1109 nidiﬁcantem
3307 1043 3456 1110 facit',
3483 1051 3529 1093 et
3565 1044 3877 1094 humanita-

630 1150 726 1184 ten
768 1150 889 1202 erga
929 1135 1228 1202 peregrinos
1265 1133 1384 1186 inde
1412 1133 1513 1184 sibi
1551 1131 1895 1199 pollicentem,
1933 1131 2018 1181 ubi
2051 1139 2199 1181 tanta
2239 1134 2290 1180 in
2319 1133 2630 1184 domesticos
2670 1142 2827 1198 atque
2858 1131 3314 1198 conjunctissimos
3365 1131 3650 1183 exstitisset
3683 1133 3878 1181 imma-

628 1221 790 1272 nitas.
821 1221 882 1274 Si
907 1236 1023 1272 vero
1059 1220 1134 1272 vel
1158 1218 1425 1272 tantillunt
1453 1220 1593 1286 apud
1624 1235 1702 1269 me
1726 1219 1954 1285 cogitare
1983 1217 2154 1278 velim,
2189 1233 2290 1268 non
2313 1219 2410 1268 erit
2437 1217 2662 1270 arduum
2685 1218 2958 1284 dispicere,
3003 1217 3088 1268 cui
3113 1217 3443 1285 potissimum
3476 1218 3590 1279 hoc,
3613 1218 3874 1285 quidquid

625 1317 697 1358 cst
719 1308 880 1374 prisci
918 1308 1109 1372 operis,
1146 1320 1449 1373 nuncupare
1510 1304 1743 1356 debeam.
1779 1302 1857 1355 Tu
1892 1303 2028 1353 enim
2075 1303 2519 1372 (reverendissime
2542 1302 2725 1372 Pater)
2774 1303 2862 1366 qui
2895 1319 3032 1355 nunc
3064 1303 3269 1370 publico
3306 1301 3559 1354 Ecclesitc
3590 1303 3722 1354 b..no
3753 1304 3875 1370 feli-

626 1395 756 1444 citer
785 1393 1128 1461 prospiciens,
1190 1391 1360 1460 ὤμοις
1403 1391 1629 1460 ἐρείδεις
1685 1391 1786 1441 οὐκ
1831 1389 2134 1455 εὐάγκαλον
2167 1388 2255 1458 βάς

2244 1406 2351 1458 ρος,
2387 1398 2464 1454 tu,
2495 1391 2730 1458 inquam,
2778 1391 2959 1441 statim
2997 1391 3260 1451 occurris,
3297 1399 3341 1441 et
3370 1389 3547 1440 animo
3573 1391 3873 1440 obversaris

626 1498 737 1533 meo
768 1497 787 1534 .'
815 1482 882 1534 ad
911 1497 1060 1551 quem
1091 1497 1207 1534 cum
1241 1481 1532 1549 .Gregorius
1553 1480 1865 1547 nuperrime,
1900 1487 1956 1530 ut
1983 1477 2192 1539 debuit,
2249 1476 2540 1540 tliverterit,
2595 1491 2802 1542 aequum
2823 1476 3057 1542 profecto
3089 1484 3163 1526 est
3196 1483 3256 1551 ut
3305 1485 3483 1528 noster
3511 1475 3592 1526 ltic
3613 1474 3871 1538 Joannes,

623 1570 712 1636 qui
747 1578 794 1620 et
826 1545 953 1619 olim
986 1569 1267 1620 diaeceseos
1299 1545 1894 1633 constantinopolitanw
1932 1566 2053 1630 fuit,
2085 1574 2131 1616 et
2162 1580 2298 1616 nunc
2322 1564 2505 1616 iisdem
2543 1563 2675 1631 typis
2719 1577 2940 1614 excusas
2965 1564 3163 1630 prodit,
3209 1545 3862 1628 Constantinopolitanum

623 1655 1001 1721 patriarcham,
1034 1664 1081 1706 et
1140 1655 1410 1706 dominum
1439 1669 1591 1705 suum
1655 1654 1952 1715 comitetur,
2011 1651 2225 1718 ejusque
2268 1651 2484 1720 vestigia
2527 1649 2762 1702 studiose
2799 1651 3051 1703 observet.
3075 1649 3226 1714 Quod
3260 1649 3468 1717 quidem
3510 1661 3564 1700 ut
3599 1649 3874 1701 commode

625 1751 794 1807 facere
821 1743 1008 1810 possit,
1033 1742 1124 1794 tibi
1161 1741 1424 1793 humiliter
1453 1741 1765 1808 supplicare,
1799 1751 1867 1802 et,
1901 1741 1993 1791 sub
2029 1740 2103 1790 tui
2162 1738 2387 1790 nominis
2421 1738 2693 1805 auspiciis,
2726 1738 2777 1789 in
2813 1738 3078 1804 publicum
3110 1738 3421 1804 prodeundi,
3450 1737 3708 1788 desiderio
3758 1737 3875 1787 'mi'

625 1831 767 1897 ri_/ice
789 1831 974 1899 gestire
1010 1829 1324 1896 jamdudum
1373 1830 1508 1881 visus
1545 1838 1617 1881 est
1650 1843 1667 1880 :
1704 1837 1988 1894 exactaque
2010 1824 2126 1892 jam
2158 1824 2265 1888 fere
2296 1835 2582 1888 menstruo,
2636 1836 2750 1892 post
2800 1825 3096 1878 absolutum
3135 1822 3467 1892 Gregorium,
3501 1825 3700 1890 spatio,
3734 1824 3874 1874 relut

623 1932 809 1970 exosus
855 1915 1115 1984 longiores
1146 1916 1238 1967 sub
1270 1916 1429 1971 prtelo
1463 1931 1659 1976 moras,
1712 1930 1847 1966 stunc
1879 1914 2097 1980 denique
2133 1911 2199 1962 τὰ
2224 1911 2252 1963 δ

2244 1911 2400 1979 ἱεομὰ
2428 1909 2596 1979 ῥήξας
2646 1911 2886 1980 κροαίνει
2933 1911 3071 1962 κατά
3106 1911 3322 1975 πεδίων,
3355 1923 3401 1963 et
3435 1919 3675 1962 contento
3705 1926 3873 1961 cursu

623 2007 690 2058 ad
719 2019 871 2054 suum
900 2003 1067 2067 fertur
1111 2000 1441 2070 Gregorium.
1503 1999 1570 2053 Et
1617 2002 1823 2067 feratur
1851 2015 1995 2062 sane,
2044 1998 2200 2066 idque
2259 1998 2436 2050 studio
2474 2013 2632 2066 quam
2673 1998 2897 2050 maxime
2939 1998 3057 2050 velit
3089 1998 3363 2064 impotenti
3395 2007 3549 2065 atque
3583 1998 3873 2064 effrenato,

631 2092 784 2142 modo
813 2091 958 2157 prius
1001 2100 1047 2141 et
1080 2089 1218 2157 grati
1247 2089 1411 2140 animi
1464 2089 1814 2139 testimonium
1847 2088 1910 2138 de
1943 2086 2135 2153 seipso,
2173 2093 2221 2136 et
2258 2085 2509 2156 restitutis
2562 2084 2662 2136 sibi
2707 2101 2840 2136 nunc
2873 2085 3090 2152 denique
3114 2086 3252 2147 vim,
3276 2085 3338 2136 de
3381 2086 3590 2136 domino
3635 2083 3870 2135 Henrico

624 2177 850 2239 Saviiio,
881 2176 989 2228 viro
1021 2176 1407 2236 illustrissinto,
1444 2185 1490 2226 et
1513 2175 1578 2225 ad
1607 2176 1975 2241 propagandas
2009 2173 2212 2223 litteras
2239 2181 2383 2233 nato,
2417 2171 2678 2238 perhibent
2711 2188 2729 2224 ε
2768 2187 2856 2237 per
2885 2187 3035 2238 quem
3063 2185 3223 2221 unum
3255 2171 3459 2221 stetisse
3479 2173 3698 2233 videtur,
3736 2185 3869 2237 qua-

621 2267 794 2316 minus
826 2264 944 2314 huic
985 2262 1184 2314 misello
1216 2263 1268 2313 in
1299 2263 1522 2314 tenebris
1555 2273 1801 2329 perpetuo
1851 2259 2277 2312 obdormiendum
2317 2266 2471 2308 esset.
2506 2254 2686 2325 Neque
2708 2258 2844 2308 enim
2872 2256 3186 2324 sperandum
3228 2271 3457 2324 unquam
3501 2255 3626 2322 fuit,
3653 2269 3704 2307 ut
3732 2258 3872 2306 hanc

621 2351 849 2418 gratiam
912 2350 1216 2412 impetraret
1271 2353 1422 2417 παρὰ
1447 2348 1558 2399 τῶν
1585 2348 1714 2417 παρ’
1743 2350 1874 2416 ἡμῖν
1898 2346 2101 2412 ταύτης
2134 2347 2230 2413 τῆς

2262 2345 2524 2412 ἐργασίας
2552 2343 2990 2412 προεστηκότων,
3028 2357 3246 2410 quorum
3293 2342 3525 2410 plerique
3575 2339 3746 2394 (Σῖωεὶ
3770 2344 3868 2392 ho-

625 2438 781 2486 minis
814 2436 1042 2501 artifieio
1075 2436 1284 2486 minime
1311 2433 1610 2499 capiuntur,
1643 2434 1729 2484 sed
1778 2432 1872 2483 illa
1904 2433 2076 2496 potius
2107 2432 2478 2498 amplexantur
2529 2447 2643 2498 qua:
2675 2431 2924 2482 Mercurii
2967 2431 3248 2492 institoris,
3282 2445 3440 2497 quant
3480 2427 3704 2483 Saturni
3735 2432 3868 2494 fano

616 2523 824 2586 aptiora
851 2523 1176 2573 ridebantur.
1236 2519 1571 2588 Quanquam,
1599 2537 1700 2571 non
1746 2530 1853 2572 tam
1899 2522 2216 2571 vehementer
2249 2519 2367 2568 huic
2391 2517 2747 2584 exoptandum
2790 2531 3020 2583 unquam
3059 2518 3181 2585 fuit,
3221 2527 3275 2567 ut
3303 2518 3437 2585 typis
3505 2516 3865 2583 evulgaretur,

620 2619 794 2672 utpote
844 2608 931 2675 qui
961 2608 1035 2659 vel
1065 2607 1393 2658 otiosissimis
1440 2608 1601 2658 etiam
1643 2606 2048 2657 vanissimorunt
2089 2608 2357 2657 hominum
2413 2607 2624 2670 scriptis
2659 2615 2896 2670 pateant,
2940 2620 3101 2672 neque
3132 2604 3296 2656 lucem
3330 2615 3445 2670 post
3486 2605 3765 2655 diuturnas
3793 2615 3871 2653 te-

621 2692 804 2742 nebras
837 2691 1067 2756 aspicere
1113 2689 1529 2754 tamjucuudum
1560 2689 1780 2754 putavit,
1813 2703 1966 2754 quam
1996 2689 2342 2755 honorificum
2380 2701 2427 2743 et
2455 2692 2745 2759 gloriosum
2772 2707 2887 2742 cum
2919 2692 3116 2742 sanctis
3172 2692 3306 2742 hisce
3339 2690 3590 2742 Patribus
3616 2691 3873 2741 nascendi

618 2777 863 2828 societate
889 2776 1155 2842 conjungi.
1185 2777 1246 2826 ln
1303 2774 1398 2825 hoc
1421 2790 1536 2825 vero
1580 2777 1837 2841 praecipue
1875 2773 2103 2825 exsultat
2127 2786 2173 2826 et
2203 2777 2485 2844 triumphat
2510 2779 2666 2839 serio,
2698 2789 2744 2828 et
2777 2775 3148 2844 Cltrgsostomo
3188 2785 3302 2842 post
3324 2777 3538 2844 aliquod
3582 2786 3779 2836 tempus
3808 2777 3870 2825 iis

618 2864 886 2930 publicum
923 2877 1250 2931 processura,
1306 2862 1542 2927 officiose
1567 2877 1886 2926 prtecurrere
1915 2865 2092 2929 gestit,
2134 2865 2560 2930 carminibusque
2582 2865 2633 2914 in
2661 2863 2889 2930 ejusdem
2926 2863 3174 2915 honorem
3225 2865 3332 2925 iam
3362 2864 3487 2914 olint
3539 2864 3868 2927 compositis,

615 2955 767 3018 quasi
796 2951 1008 3002 corollis
1041 2948 1351 3016 quibusdam
1380 2948 1694 3015 [laribusque
1722 2949 1831 2999 vias
1864 2957 2209 3001 consternere.
2251 2948 2401 3002 llunc
2433 2967 2558 3002 sane
2586 2961 2788 3002 tantunt
2823 2951 3070 3002 honorem
3104 2950 3306 3017 egregio
3344 2949 3426 3001 illi
3455 2951 3563 3002 riro
3595 2960 3866 3017 acceptum

618 3040 796 3104 refert,
831 3037 983 3098 cuius
1026 3034 1270 3102 beneficio
1312 3033 1487 3099 habet,
1516 3045 1569 3086 ut
1604 3035 1764 3086 nobili
1806 3035 1899 3084 hoc
1929 3035 2092 3102 pra'lo
2119 3035 2495 3088 cohonestetur.
2531 3035 2694 3100 Quem
2725 3037 2930 3104 quidem
2973 3040 3015 3089 si
3046 3037 3274 3087 humana
3307 3052 3425 3089 voce
3486 3036 3646 3102 affari
3667 3049 3866 3102 posset,

621 3124 807 3194 procul
859 3125 1040 3184 dubio,
1091 3123 1144 3173 in
1201 3121 1322 3173 illas
1355 3124 1538 3188 tragici
1571 3131 1732 3187 poeta:
1785 3136 1928 3173 voces
1991 3138 2250 3189 erumpere

2236 3133 2299 3187 et,
2352 3124 2506 3193 Ζηλὼ
2539 3125 2598 3191 γέ
2629 3141 2719 3174 σου
2775 3125 2868 3192 μὲν
2913 3119 3134 3188 Ἑλλάδ’,
3177 3122 3425 3184 Ἐλλάδςς
3459 3122 3512 3173 δέ
3551 3140 3629 3174 σε.
3662 3122 3865 3176 Cretera

617 3227 733 3263 vero
769 3210 1060 3276 omniaque:
1096 3209 1147 3259 in
1202 3210 1357 3259 istum
1395 3201 1578 3258 cadere
1609 3217 1822 3273 possunt
1855 3218 2159 3259 ornamenta
2197 3213 2640 3262 reverendissimte
2689 3211 2998 3276 paternitati
3051 3221 3232 3263 vestra:
3279 3210 3507 3263 debebit.
3530 3209 3686 3262 Hunc
3723 3212 3866 3263 enim

618 3301 877 3351 hominem
935 3299 1167 3366 ignomm
1218 3297 1268 3346 in
1328 3295 1621 3346 clientelam
1669 3306 1814 3346 tuam
1842 3294 2113 3347 humiliter
2147 3311 2199 3348 se
2225 3297 2596 3363 conferentem,
2633 3306 2688 3347 ut
2722 3313 2894 3363 spero,
2925 3313 3025 3347 non
3069 3298 3457 3363 aspernaberis,
3489 3313 3649 3365 neque
3682 3299 3864 3349 divelli

617 3389 753 3440 sines
783 3404 812 3437 a
847 3403 940 3438 suo
976 3386 1246 3452 Gregorio,
1283 3384 1371 3450 qui
1408 3383 1528 3434 huic
1565 3391 1740 3433 nostro
1775 3381 1976 3434 Joanni
2014 3399 2246 3452 semper:

2244 3385 2380 3437 visus
2421 3393 2493 3434 est
2521 3382 2709 3450 ὥσπερ
2742 3382 2803 3446 ἐξ
2832 3383 3063 3452 οὐρανοῦ
3124 3383 3450 3451 προκύπτων
3499 3385 3856 3450 φυέτγεπϋαι.

618 3478 706 3528 ita
733 3478 868 3527 enim
933 3475 1040 3541 ipse
1073 3473 1306 3540 loquitur
1350 3475 1400 3522 in
1427 3473 1662 3522 oratione
1688 3471 1938 3538 quadam,
1965 3487 2120 3538 quam
2153 3474 2207 3523 in
2242 3470 2554 3521 bibliotheca
2596 3487 2692 3522 sua
2724 3479 2892 3521 servat
2937 3471 3182 3521 dominus
3217 3468 3467 3531 Savilius,
3505 3487 3597 3523 suo
3631 3484 3860 3537 tempore

616 3567 780 3628 lucem
807 3572 1156 3628 aspecturam.
1221 3558 1288 3610 Et
1340 3573 1464 3610 sane
1491 3557 1567 3609 vel
1599 3559 1710 3609 solo
1737 3571 1896 3608 tanta:
1925 3557 2138 3621 pietatis
2155 3561 2362 3610 rtomine
2389 3558 2601 3625 dignum
2622 3558 2754 3608 ltunc
2787 3559 3075 3624 putaverint
3107 3557 3402 3624 patrocinio
3428 3567 3514 3609 tuo
3544 3573 3560 3608 .'
3587 3574 3686 3609 non
3718 3562 3856 3624 quod

614 3651 864 3724 pusillum
891 3651 1027 3701 hunc
1084 3648 1508 3718 ἰαμϐειογρὰφον
1552 3661 1666 3697 eum
1721 3661 1831 3696 esse
1885 3661 2113 3710 unquam
2177 3646 2512 3709 crediderim,
2573 3648 2661 3714 qui
2700 3647 2816 3710 pari
2855 3661 3015 3711 passu
3054 3659 3170 3694 cum
3211 3644 3428 3695 summis
3489 3643 3737 3696 Ecclesia:
3773 3647 3827 3694 lu

618 3747 843 3798 minibus
880 3741 1038 3808 possit
1090 3739 1320 3789 incedere
1363 3736 1527 3803 :quid
1590 3735 1727 3784 enim
1762 3744 1908 3786 tanta
1965 3735 2202 3786 vecordia
2229 3743 2398 3800 posset
2440 3749 2548 3784 esse
2601 3733 2899 3801 furiosius?
2946 3731 3062 3784 lmo
3101 3747 3216 3784 vero
3269 3733 3405 3784 absit
3447 3743 3501 3783 ut
3550 3748 3664 3799 ego,
3691 3747 3856 3798 quan.

617 3849 725 3884 tum
765 3832 881 3881 huic
913 3826 1106 3878 homini
1144 3825 1496 3884 tribuendum,
1529 3831 1619 3870 aut
1651 3821 1701 3870 in
1730 3836 1830 3885 qua
1866 3823 2070 3871 demum
2110 3822 2277 3872 classe
2312 3819 2596 3872 censendus
2623 3822 2711 3880 sit,
2764 3819 3044 3885 deﬁniendi
3071 3827 3379 3881 potestatem
3410 3819 3535 3868 mihi
3589 3833 3850 3885 arrogem.

624 3918 799 3970 Liceat
835 3919 1040 3978 impune
1083 3911 1203 3963 aliis
1240 3909 1581 3968 ἑλλανοδίκας
1638 3907 1862 3968 ἑαυτοὺς
1924 3909 2043 3958 ἀντὶ
2083 3905 2253 3957 Οεατῶ

2222 3905 2290 3956 ὧν
2321 3905 2610 3966 ποιεῖσθαι,
2655 3915 2745 3956 aut
2781 3907 2955 3972 potius
3004 3905 3242 3972 judicent
3282 3906 3330 3955 οἱ
3373 3905 3440 3955 τὰ
3468 3905 3566 3972 τῆς
3605 3903 3851 3964 Ἑλλάδος

617 4010 856 4073 γλώττης
885 3999 1402 4068 συγκεκροτημένοι.
1436 3994 1536 4048 Sed
1579 4010 1878 4061 quanquam
1923 3994 2079 4059 facile
2122 3995 2239 4046 cred

2220 3992 2431 4045 liderim
2463 3993 2579 4058 ﬁeri
2619 4006 2767 4058 posse
2800 4003 2850 4043 ut
2889 3993 2972 4043 hic
3035 4007 3184 4059 quem
3208 4007 3298 4059 ego
3333 3990 3484 4042 valde
3512 3988 3697 4056 probo,
3738 3991 3849 4044 illis

617 4109 716 4145 non
743 4091 954 4159 perinde
995 4089 1234 4154 placeat;

2297 4193 2344 4242 οἱ
2371 4191 2477 4258 γὰρ
2508 4191 2566 4241 ὲν
2594 4193 2776 4257 σοφοῖς

1677 4261 1873 4314 Φαῦλοι
1904 4260 2030 4329 παρ’
2058 4261 2198 4328 δχλῳ
2227 4263 2616 4329 μουσικώτεροι
2645 4261 2809 4324 λέγει,

615 4419 696 4484 (ιιι
726 4409 935 4477 pulchre
970 4404 1238 4470 Euripides
1271 4403 1320 4452 in
1357 4401 1684 4471 Hippolyto),
1745 4411 1914 4453 tamen
1950 4412 1996 4452 et
2030 4402 2211 4452 horum
2237 4401 2395 4452 etiam
2439 4399 2641 4450 calculo
2697 4399 2829 4449 hunc
2883 4406 3270 4465 comprobatum
3306 4397 3372 4448 iri
3420 4399 3646 4465 confido.
3678 4400 3842 4463 Quem

616 4501 823 4569 quidem
843 4506 894 4546 ut
937 4495 1124 4544 minori
1168 4507 1280 4542 cum
1319 4490 1531 4556 fastidio
1589 4490 1787 4555 possint
1841 4491 2090 4555 aspicere,
2143 4488 2320 4540 Greece
2373 4488 2697 4539 solummodo
2744 4485 3099 4537 excutiendum
3145 4486 3379 4552 jutlicavi
3416 4500 3433 4536 :
3467 4501 3624 4553 neque
3672 4488 3846 4537 instar

628 4580 904 4647 Virgiliani
963 4574 1205 4627 Mezentii
1259 4587 1518 4638 exsangue
1583 4581 1629 4621 et
1697 4571 1934 4636 putidum
1971 4569 2173 4620 Latitue
2229 4574 2474 4624 versionis
2540 4576 2762 4625 cadaver
2830 4573 3011 4624 Grato
3063 4583 3224 4637 poeta:
3296 4572 3528 4623 animato
3567 4582 3612 4623 et
3671 4575 3840 4624 vivido

619 4670 840 4736 alligare
879 4662 1106 4715 sustinui
1138 4657 1534 4726 :quodqutdem
1600 4658 1719 4707 dum
1771 4658 1966 4722 faciunt
2022 4658 2258 4708 nonnulli
2291 4661 2580 4725 pra-semini
2616 4661 2668 4711 in
2712 4661 2900 4727 poetis,
2942 4661 3212 4710 verendum
3267 4670 3341 4710 est
3382 4675 3464 4716 ne,
3520 4668 3575 4708 ut
3629 4660 3840 4725 quidam

618 4772 641 4803 ε
693 4751 960 4811 veteribus,
1012 4764 1126 4800 cum
1186 4748 1350 4813 ignem
1423 4744 1717 4794 cremandis
1766 4753 2085 4794 mortuorum
2139 4746 2476 4798 cadaveribus
2513 4746 2677 4814 pollui
2721 4747 2964 4808 crederet,
3022 4747 3248 4813 graviter
3294 4756 3578 4798 commotus
3622 4747 3842 4799 l’romc~

618 4847 790 4892 incum
833 4839 896 4889 ad
923 4851 1064 4902 opem
1095 4836 1355 4900 ferendam
1411 4835 1690 4881 αάυοεαδ›ε
1737 4830 2053 4896 perhibetur,
2087 4839 2140 4881 ut
2187 4832 2354 4899 ignem
2409 4849 2556 4901 quem
2611 4838 2672 4885 de
2722 4833 2846 4885 ccelo
2913 4834 3185 4898 clepseral,
3218 4836 3332 4898 pari
3361 4835 3501 4901 furto
3531 4834 3836 4887 mortalibus

619 4930 683 4993 (si
728 4929 916 4991 posset)
955 4922 1257 4973 subduceret
1290 4919 1669 4971 :cousimilitcr
1719 4919 1878 4966 etiam
1929 4918 2148 4967 exsistat
2191 4919 2415 4986 aliquis,
2477 4923 2564 4988 qui
2621 4920 2975 4989 tgpographia:
3032 4922 3345 4972 inventorem
3400 4924 3615 4974 subinde
3666 4923 3835 4973 incla-

617 5029 760 5064 mare
796 5011 933 5072 velit,
978 5019 1030 5059 ut
1091 5007 1390 5072 beneﬁcium
1450 5005 1542 5055 hoc
1593 5020 1743 5055 suum
1775 5006 1840 5054 ad
1902 5021 2020 5056 usus
2090 5005 2328 5072 indignos
2392 5006 2692 5057 traductunt
2735 5016 2970 5073 reposcat
3005 5008 3122 5068 sibi,
3171 5018 3214 5057 et
3275 5008 3458 5058 saltem
3505 5009 3573 5058 ad
3641 5017 3836 5073 tempus

618 5099 872 5152 retrahat.
932 5096 1060 5147 Mihi
1128 5110 1241 5145 vero
1279 5094 1372 5143 hoc
1428 5093 1593 5144 solum
1628 5095 1815 5158 negotii
1865 5095 1982 5142 dari
2024 5094 2244 5156 credidi,
2298 5102 2351 5142 ut
2396 5093 2623 5145 codicem
2665 5109 2854 5155 nteant,
2898 5093 3348 5155 impeditissioum
3398 5094 3546 5145 illum
3607 5096 3805 5161 quiden.

617 5200 658 5239 et
695 5192 839 5250 longe
872 5182 1382 5250 depravatissimum,
1447 5195 1478 5228 a
1543 5180 1761 5238 mendis,
1821 5180 1988 5245 quoad
2034 5180 2149 5244 fieri
2193 5188 2382 5245 potest,
2439 5189 2774 5246 repurgatum
2829 5179 3098 5230 exhibeam
3136 5195 3151 5228 :
3184 5181 3234 5230 in
3281 5195 3380 5247 quo
3431 5196 3474 5231 st
3519 5181 3610 5232 tibi
3669 5186 3834 5247 (rer-e-

617 5274 921 5324 it-udissime
983 5265 1342 5332 arcltiprwsul)
1378 5281 1584 5331 operam
1634 5281 1801 5318 meum
1848 5267 2152 5331 probavero,
2182 5282 2260 5318 me
2300 5267 2534 5319 universo
2600 5266 2693 5317 hoc
2731 5267 2932 5333 negotio
2990 5266 3288 5332 plenissime
3344 5268 3640 5334 defunctum
3699 5284 3833 5333 esse,

615 5370 662 5409 et
700 5358 894 5408 laboris
916 5359 1116 5422 fructus
1152 5354 1433 5404 uberrimos
1459 5353 1741 5418 percepisse
1783 5354 2102 5404 arbitrabor.
2143 5353 2245 5406 Sed
2262 5354 2425 5404 sentio
2463 5368 2543 5405 me
2566 5353 2713 5418 justo
2757 5353 3038 5418 longiorem
3078 5352 3280 5418 fuisse;
3309 5369 3490 5420 quare,
3513 5354 3647 5421 quod
3671 5371 3833 5406 unum

613 5453 795 5504 restat,
830 5441 992 5493 Deum
1051 5442 1288 5505 spiritum
1347 5440 1631 5490 maximum
1689 5440 1929 5502 obtestor,
1964 5449 2014 5490 ut
2049 5453 2092 5491 te
2144 5440 2388 5492 Ecclesia:
2421 5455 2528 5493 sua:
2578 5440 2889 5491 incolumem
2943 5453 3098 5504 quam
3145 5439 3440 5491 diutissime
3471 5451 3718 5506 praestare
3745 5446 3834 5494 dt-

613 5547 695 5601 gn.
714 5541 816 5581 tur.

1725 5615 2199 5667 Berct-ctulissimic
2255 5612 2566 5667 Putermltm
2601 5622 2791 5664 \'C.\ll'i£
2835 5611 3203 5665 dedilissimus

2638 5700 2947 5752 ΜΑΠηιυδ
2975 5699 3138 5753 Βυδτ.
