4126 6338
232 331 375 401 ΜΠ
1496 325 1797 389 VERSUS
1835 325 2159 387 IAMBICI.
3322 309 3463 377 1118

240 464 3417 512 ΜΝ...-

1376 626 1810 689 BENEVOLO
1844 623 2207 688 LECTORI.
2240 615 2323 688 ἐι

296 961 417 1016 Non
446 958 813 1028 exspectabis,
835 957 1009 1014 amice
1028 957 1234 1022 lector,
1264 958 1394 1013 dum
1423 972 1523 1029 ego
1568 958 1737 1018 libelli
1766 958 1933 1027 huius
1969 960 2289 1030 elegantiam
2317 962 2497 1017 verbis
2529 961 2816 1033 praedicem
2860 961 2990 1032 :qui
3012 961 3225 1030 quidem
3254 963 3298 1017 si
3328 976 3457 1031 pro-

218 1048 347 1121 pria
375 1056 432 1100 et
456 1046 637 1100 nativa
658 1045 1513 1115 pulchritudinedestitueretur,‘
1540 1038 1772 1100 fortasse
1801 1045 2090 1101 verborum
2140 1047 2470 1104 lenocinium
2494 1065 2597 1106 non
2632 1050 2833 1106 invitus
2873 1036 3205 1113 admitteret,
3242 1058 3293 1103 et
3318 1050 3453 1105 sub-

218 1135 477 1191 dolarum
528 1133 791 1191 mercium
828 1149 999 1196 more,
1064 1136 1355 1204 mangonio
1408 1131 1613 1203 praelini
1652 1148 1711 1189 se
1760 1132 1903 1187 haud
1949 1135 2177 1190 moleste
2203 1134 2384 1191 ferret.
2427 1138 2526 1193 Hic
2564 1154 2691 1193 vero
2728 1138 2907 1207 seipso
2958 1147 3249 1194 (cruentus
3271 1138 3455 1191 fucum

222 1226 579 1293 aspernatur,
627 1221 843 1289 sibique
894 1222 1036 1291 apud
1061 1219 1351 1276 candidum
1390 1212 1647 1276 lectorem
1698 1219 1881 1274 omnia
1914 1220 2091 1277 fausta
2139 1223 2443 1292 pollicetur,
2477 1227 2522 1282 si
2556 1226 2715 1282 modo
2739 1226 2955 1281 deterso
2992 1227 3095 1280 hoc
3123 1228 3229 1280 situ
3256 1226 3309 1279 in
3347 1238 3460 1292 quo

219 1322 327 1378 per
356 1316 433 1362 tet
460 1307 658 1363 uacula
682 1308 886 1387 misere
912 1306 1245 1363 deformatus
1264 1308 1459 1377 jacuit.
1489 1321 1653 1376 quam
1692 1306 2182 1373 emendatissimus
2207 1311 2257 1365 in
2304 1314 2572 1381 publicum
2605 1316 2850 1385 prodeat.
2884 1314 3023 1369 Huic
3053 1328 3184 1369 sane
3240 1312 3459 1380 negotio

220 1393 518 1451 iusudasse
537 1407 625 1451 me
650 1393 848 1463 fateor,
898 1396 1193 1467 perfecisse
1228 1396 1373 1463 quod
1402 1396 1649 1449 volebam
1704 1409 1811 1450 non
1837 1396 2011 1450 audeo
2059 1395 2262 1453 dicere.
2293 1398 2447 1465 Quod
2495 1400 2635 1455 enim
2666 1400 2939 1457 Menelaus
2973 1402 3111 1469 apud
3145 1398 3456 1467 Euripidem

219 1479 432 1548 Oresti,
452 1478 597 1539 idem
636 1495 736 1555 ego
764 1483 889 1540 huic
910 1492 1098 1539 nostro
1134 1483 1328 1538 Joanni
1371 1482 1493 1552 jure
1520 1497 1744 1551 possum
1810 1497 1841 1537 ο

1823 1484 2173 1540 )ccinere.....
2199 1486 2261 1539 οὐ
2296 1488 2402 1559 γὰρ
2430 1490 2609 1559 ῥᾴδιον
2662 1489 2828 1559 λόγχῃ
2856 1491 2955 1559 μιᾷ
2988 1488 3191 1556 Στῆσαι
3218 1487 3452 1558 τρόπαια

218 1569 339 1623 τῶν
370 1570 561 1626 κακῶν
595 1571 630 1625 ἃ
656 1589 737 1626 σοι
761 1572 934 1643 πάρα.
968 1572 1156 1641 Neque
1190 1571 1615 1638 exspectandum
1668 1568 1799 1623 mihi

1850 1580 1967 1625 erat
2019 1581 2077 1627 ut
2130 1574 2292 1629 unius
2356 1576 2709 1645 ejusdemque
2772 1573 3206 1643 depravatissimi
3251 1572 3458 1627 codicis

220 1656 495 1714 beneficio
522 1672 715 1713 omnes
748 1674 869 1726 quae
901 1659 991 1733 bic
1028 1657 1443 1727 reperiebantur
1492 1658 1717 1712 maculae
1748 1656 1962 1727 penitus
2015 1660 2343 1716 eluerentur.
2376 1661 2517 1717 Satis
2565 1663 2809 1733 profecto
2833 1663 2956 1725 erit,
2990 1663 3032 1715 si
3065 1676 3233 1729 pauca
3262 1658 3451 1713 admo-

220 1745 358 1815 dum
388 1753 616 1809 restent,
648 1760 768 1815 qua:
790 1744 1014 1801 alterius
1051 1745 1382 1814 exemplaris
1412 1757 1518 1813 ope
1563 1741 1807 1813 indigere
1827 1745 2114 1801 videantur
2157 1768 2170 1800 :
2198 1750 2340 1817 quod
2376 1750 2591 1818 quidem
2630 1751 2712 1821 (ut
2751 1750 2937 1820 spero)
2955 1749 3135 1803 exitus
3158 1748 3274 1816 ipse
3302 1760 3456 1799 com-

222 1831 503 1904 probabit.
556 1830 668 1887 Hoc
728 1840 875 1887 certe
924 1834 1196 1902 profiteor,
1228 1830 1420 1887 sedulo
1474 1845 1561 1885 me
1591 1833 1824 1895 cavisse,
1849 1846 1917 1885 ne
1944 1833 2134 1888 critica
2165 1836 2661 1908 πολυπραγμοσύνῃ
2692 1838 2902 1906 plagam
2929 1835 3097 1890 ullam
3119 1832 3458 1905 inﬂigerem;

226 1933 410 1989 neque
436 1920 582 1975 cnim
617 1921 1065 1975 committendum
1095 1919 1304 1989 putavi,
1334 1926 1416 1984 ut,
1447 1916 1552 1971 nisi
1579 1916 1672 1971 ubi
1714 1920 2009 1975 necessitas
2050 1921 2163 1991 ipsa
2201 1920 2487 1993 ﬂagitaret,
2516 1926 2583 1979 ab
2612 1924 2904 1994 exemplari
2942 1923 3299 1978 diswderem.
3345 1917 3458 1973 nia-

224 2006 429 2061 nifesta
480 2015 535 2062 et
586 2022 771 2063 crassa
808 2007 1015 2063 librarii
1061 2015 1263 2071 errata,
1296 2022 1416 2076 qua:
1438 2005 1491 2060 in
1546 2004 1648 2060 hoc
1684 2012 1793 2059 tam
1814 2006 2021 2063 minuto
2047 2009 2227 2063 libello
2256 2026 2413 2065 erant
2438 2012 2591 2079 valde
2618 2026 2929 2075 numerosa,
2966 2010 3138 2080 piguit
3166 2014 3455 2064 unnotare.

226 2093 462 2159 Caetera,
502 2096 570 2149 de
620 2094 821 2163 quibus
840 2095 1116 2166 ambigere
1181 2096 1307 2164 quis
1328 2093 1451 2161 iure
1499 2100 1703 2161 posset,
1732 2093 1852 2146 loco
1882 2109 2098 2151 movere
2124 2111 2228 2150 non
2277 2098 2533 2152 sustinui.
2560 2097 2695 2151 Illud
2728 2111 2857 2152 vero
2887 2098 2953 2155 de
2975 2109 3086 2166 quo
3111 2093 3381 2164 praecipue
3406 2100 3462 2146 te

226 2184 515 2239 admoneri
538 2183 719 2252 cupio,
746 2183 851 2237 hoc
878 2184 1101 2241 unicum
1124 2191 1229 2239 est.
1260 2179 1515 2236 Ordinem
1552 2194 1711 2249 quem
1749 2180 1802 2234 in
1838 2181 2210 2249 manuscripts
2240 2183 2423 2238 codice
2458 2186 2652 2251 reperi,
2683 2199 2712 2238 a
2745 2198 2830 2237 me
2864 2192 3087 2253 prorsus
3113 2180 3456 2235 immutatum

224 2286 353 2327 esse
376 2271 537 2335 scito,
560 2280 652 2327 aut
680 2272 883 2340 potius,
903 2272 1084 2326 omnia
1102 2286 1221 2341 quae
1237 2270 1387 2339 prius
1413 2270 1565 2323 valde
1586 2266 1811 2321 confusa
1837 2276 2012 2329 erant,
2044 2268 2099 2320 iu
2130 2268 2293 2329 hunc,
2316 2285 2475 2338 quem
2506 2272 2675 2337 vides,
2708 2270 2956 2325 ordinem
2978 2269 3199 2325 millet!
3216 2280 3335 2322 esse
3353 2266 3453 2337 (α),

226 2358 420 2429 Neque
445 2360 586 2415 enim
610 2358 755 2413 volui
785 2358 837 2414 iu
863 2374 921 2413 re
952 2368 1059 2412 tam
1093 2356 1392 2428 explorata,
1422 2354 1743 2423 autjudicio
1767 2369 1887 2410 meo
1924 2352 2183 2417 dimdere,
2226 2367 2321 2409 aut
2341 2359 2518 2411 vereri
2550 2374 2615 2411 ne
2640 2356 2840 2413 factum
2876 2358 2977 2411 hoc
3008 2368 3187 2411 meum
3211 2354 3307 2409 tibi
3333 2367 3460 2429 pro-

227 2445 360 2499 bare
386 2460 494 2500 non
550 2460 788 2515 possem.
846 2445 1015 2511 Quem
1051 2445 1284 2514 quisque
1334 2458 1528 2497 versus
1568 2442 1743 2495 locum
1793 2442 1847 2494 in
1913 2446 2281 2514 manuscripto
2330 2448 2516 2501 codice
2555 2449 2860 2515 occupavit,
2891 2448 3104 2500 numeri
3139 2446 3191 2499 in
3217 2444 3462 2511 margine

224 2534 464 2603 appositi
488 2534 771 2588 indicant:
805 2548 1040 2603 quorum
1070 2546 1264 2585 seriem
1304 2532 1462 2585 toties
1516 2530 1871 2598 interruptam
1913 2530 2131 2586 miraris
2160 2540 2243 2587 sat
2284 2534 2397 2587 scio
2430 2550 2444 2587 :
2482 2549 2667 2587 verum
2700 2550 2763 2588 ne
2790 2535 2842 2587 in
2899 2548 3089 2587 eorum
3117 2531 3303 2587 ordine
3339 2545 3458 2599 pcr-

225 2622 565 2692 vestigando,
626 2622 823 2678 frustra
886 2632 937 2676 te
980 2620 1173 2691 fatiges
1216 2632 1267 2675 et
1300 2630 1575 2688 torqueas,
1606 2632 1717 2670 rem
1750 2626 1914 2671 totam
1944 2618 2016 2672 ita
2054 2620 2304 2689 expedire
2330 2622 2501 2674 visum
2538 2632 2638 2676 est.
2675 2621 2898 2687 Quoties
2928 2633 3271 2675 numerorum
3308 2616 3463 2670 ordi-

228 2724 353 2763 nem
397 2709 761 2779 interruptum
817 2709 1239 2772 animadvertes,
1290 2722 1507 2762 recurre
1558 2705 1739 2759 statim
1793 2706 1859 2758 ad
1894 2714 2049 2761 notas
2099 2722 2218 2776 quae
2250 2708 2326 2761 illi
2375 2709 2583 2778 pagina».
2622 2708 2969 2779 respondent.
3002 2708 3074 2762 ibi
3104 2706 3247 2762 enim
3277 2704 3459 2758 locum

227 2798 575 2869 designatum
605 2797 791 2861 habes,
824 2798 875 2851 in
905 2812 1011 2866 quo
1043 2797 1163 2852 sine
1192 2796 1386 2865 majori
1425 2793 1671 2848 molestia
1701 2793 1791 2845 illa
1835 2795 2072 2862 reperies
2112 2808 2230 2864 qua:
2264 2796 2315 2848 in
2348 2796 2637 2863 eternplari
2664 2798 2906 2864 proxime
2942 2794 3324 2861 sequebantur.
3347 2789 3457 2844 Hac

224 2898 328 2954 ego
358 2884 498 2939 serie
528 2884 789 2953 disposita
814 2884 867 2939 in
894 2884 1261 2954 manuscripto
1294 2883 1479 2938 codice
1509 2880 1680 2950 reperi
1715 2881 1920 2945 omnia,
1944 2896 2065 2948 qua:
2089 2883 2135 2934 si
2172 2884 2385 2937 erudito
2423 2884 2677 2952 cuiquam
2725 2884 2955 2953 placere,
2978 2889 3075 2936 aut
3107 2877 3456 2935 commodum

227 2972 466 3043 aliquem
494 2986 716 3029 sensum
750 2972 1097 3041 suppeditare
1124 2964 1343 3043 poterit,
1374 2985 1594 3025 causam
1633 2984 1739 3022 non
1764 2969 1907 3029 dico,
1933 2970 2061 3035 quin
2090 2971 2228 3039 apud
2260 2987 2447 3026 omnes
2471 2974 2735 3025 litteratos
2770 2988 2893 3026 reus
2926 2986 3170 3040 peragar,
3198 2968 3273 3031 ὡς
3298 2967 3456 3021 αὑτο-

229 3060 527 3131 σχεΰιάζων
557 3062 638 3124 εις
687 3062 754 3114 τὰ
785 3060 892 3113 τῶν
938 3059 1205 3129 Ἑλλήνων
1264 3058 1649 3127 ὑπομνήματα.
1696 3058 1858 3109 Οςιοι

1827 3091 1828 3095 η
1854 3056 1999 3109 enim
2054 3058 2315 3113 immanes
2338 3060 2516 3113 hiatus
2548 3060 2752 3115 videbis
2783 3077 2796 3127 ;
2833 3062 2923 3128 qui
2948 3057 3163 3127 quidem
3190 3070 3378 3109 omnes
3402 3054 3456 3108 in

227 3160 354 3203 meo
410 3149 599 3203 codice
624 3162 728 3201 non
758 3150 916 3217 longe
959 3148 1233 3202 aberauta
1256 3142 1463 3215 paginae
1502 3145 1701 3209 medio,
1734 3159 1841 3197 non
1890 3148 2174 3208 asterisco,
2207 3157 2315 3200 non
2346 3146 2454 3201 alia
2487 3148 2677 3215 quavis
2709 3154 2833 3199 nota
2860 3143 3161 3214 conspicui,
3184 3142 3277 3197 sed
3326 3155 3456 3194 sen-

227 3236 415 3291 tentia:
444 3237 779 3291 mutilatione
803 3236 935 3291 satis
992 3234 1283 3291 manifesti.
1322 3235 1602 3301 Lectorem
1653 3236 1797 3286 enim
1832 3230 1888 3285 in
1920 3233 2094 3286 media
2151 3233 2375 3303 periodo
2424 3235 2740 3303 pendentem
2771 3233 3013 3302 plerique
3046 3231 3367 3293 destituunt,
3399 3238 3455 3283 et

229 3332 455 3394 repente
494 3324 551 3378 in
595 3324 821 3379 alterius
874 3324 1077 3392 periodi
1122 3338 1153 3376 a
1188 3322 1367 3391 priore
1402 3337 1623 3391 prorsus
1670 3320 1857 3372 alienae
1906 3318 2143 3373 medium
2176 3320 2529 3390 pra-cipitant.
2582 3319 2940 3389 llujuStauta:
2985 3317 3323 3373 confusionis
3347 3316 3457 3370 ori-

229 3415 413 3486 giuem
448 3416 502 3470 in
532 3414 641 3469 alio
664 3414 832 3483 priori
860 3412 1047 3468 codice
1088 3414 1459 3480 manuscripto
1510 3408 1785 3465 exstitisse
1844 3406 2110 3485 coniicio:
2137 3406 2193 3461 in
2227 3422 2336 3477 quo
2379 3396 2597 3477 quidem
2643 3408 2843 3462 chartae
2870 3420 3083 3471 omnes,
3111 3413 3304 3475 praeter
3345 3403 3457 3471 pri-

231 3480 381 3557 mam
426 3511 480 3558 et
518 3480 765 3560 ultum—am
820 3500 1083 3566 confusae,
1137 3510 1303 3570 atque
1356 3500 1547 3556 ordine
1603 3480 1937 3567 praepostero
1977 3502 2272 3560 compacta:
2321 3490 2490 3547 fuisse
2547 3492 2820 3547 videntur.
2851 3489 2991 3565 Hinc
3016 3493 3143 3545 dum
3175 3488 3456 3561 imperitus

231 3589 420 3643 nescio
478 3590 601 3661 quis
634 3580 891 3645 librarius
940 3589 1179 3644 codicem
1226 3588 1371 3641 hunc
1404 3600 1585 3640 meum
1616 3583 1911 3645 describit,
1941 3595 2115 3650 neque
2147 3583 2394 3637 eumdem
2424 3597 2679 3636 versuum
2710 3595 2997 3635 numerum
3022 3594 3181 3648 quem
3218 3579 3299 3641 ετὰ
3320 3577 3455 3631 ἀπό-

233 3696 423 3750 γραφα
454 3678 747 3743 habebant,
784 3680 1082 3750 unicuique
1106 3679 1316 3749 paginae
1347 3676 1616 3740 attribuit,
1643 3674 1741 3729 has
1764 3671 1896 3726 mihi
1926 3670 2178 3725 tenebras
2198 3669 2413 3739 offudit,
2452 3672 2651 3747 quibus
2677 3681 2824 3725 certe
2867 3668 3176 3737 aliquandiu
3209 3667 3460 3750 oppletus

234 3748 559 3833 scriptorem
617 3766 763 3819 hunc
817 3780 915 3835 pro
967 3748 1245 3835 deplorato
1296 3758 1464 3819 habui
1498 3780 1511 3816 :
1541 3761 1753 3815 tandem
1795 3772 1958 3823 vero,
1999 3756 2183 3812 divina
2210 3759 2384 3828 gratia
2437 3757 2678 3831 adjutus,
2732 3756 2949 3826 dispuli,
2996 3754 3267 3823 huiusque
3288 3748 3452 3806 libelli

236 3852 481 3907 membra
515 3861 621 3906 tam
660 3854 853 3908 misere
899 3854 1111 3907 divulsa
1139 3852 1205 3906 ad
1245 3851 1389 3905 hunc
1416 3850 1632 3903 modum
1658 3845 1947 3915 digerenda
1987 3859 2110 3900 esse
2134 3840 2410 3919 perSpexi.
2442 3844 2518 3901 De
2568 3846 2655 3902 liis
2684 3854 2736 3900 te
2766 3839 3219 3915 prtemouendum
3242 3840 3453 3909 putavi,

237 3942 309 3994 mi
334 3939 566 3996 Lector:
594 3950 649 3995 tu
682 3941 889 3997 nostris
911 3941 1193 3997 conatibus
1227 3940 1365 4006 fave,
1397 3948 1450 3994 et
1478 3937 1614 3991 vale.
1654 3936 1695 3989 E
1725 3932 1947 4004 collegio
1976 3930 2492 4006 RegaliCautabrig.
2534 3950 2537 3953 ·

302 4157 373 4219 (α)
419 4158 471 4227 ⁷9
504 4156 951 4227 ,σεωτθο-⁰⁰ἷ¹ίεθι
972 4169 1122 4221 quem
1144 4158 1430 4227 Lambecius
1456 4160 1737 4227 (Comment.
1769 4163 1829 4227 de
1862 4160 2153 4213 Bibliotheca
2183 4155 2659 4227 Casareq,lib.p.i,
2686 4152 2799 4227 [49)
2819 4150 3209 4227 deseriltigneam
3236 4159 3459 4227 cernere

242 4211 318 4283 est
358 4211 543 4283 ordinis
574 4211 1154 4283 perturbationeim'quam
1181 4222 1363 4272 Bustus
1381 4226 1432 4272 tu
1460 4211 1553 4271 suo
1582 4211 1753 4273 codice
1792 4211 2087 4273 lamentatur
2113 4228 2166 4271 et
2193 4211 2289 4283 pro
2322 4211 2516 4283 viribus
2542 4211 2812 4283 emendare
2833 4211 3037 4283 studuit.
3069 4211 3206 4259 Unde
3230 4214 3456 4283 apparet,

241 4280 302 4327 ab
333 4280 511 4329 eodem
557 4274 825 4342 archetypo
861 4274 1123 4332 deductum
1167 4295 1281 4333 esse
1325 4290 1605 4348 utrumque;
1644 4290 1697 4334 et
1740 4286 1870 4335 Lami

242 4344 449 4392 alterius
490 4355 600 4392 esse
639 4343 969 4405 apographum

1833 4286 1985 4336 nbecii
2050 4274 2243 4334 scilicet
2279 4290 2336 4331 et
2387 4280 2521 4333 Bustl
2562 4276 2835 4337 exemplar,
2874 4278 2957 4325 aut
2998 4277 3213 4337 ipsorum
3246 4274 3462 4319 alterum
