4118 6328
415 522 482 574 Ὅ
512 521 568 589 γ’
595 520 755 586 ἄλλος
782 521 940 591 ὄχλος
977 523 1103 585 τοὺς
1137 521 1373 591 χιτῶνας
1405 523 1744 592 στρωννύων.

415 613 664 681 ’Υμνους
687 607 1119 683 προσᾳδέτωσαν
1138 613 1448 684 ίκετηρίους

286 704 382 760 1'60
423 702 636 776 (Σωτὴρ
663 705 774 774 γὰρ
799 705 926 775 ἥκει
958 707 1124 759 πᾶσιν
1153 707 1180 759 ό
1210 704 1512 775 ζωηφόρος)

426 798 584 850 Ὅσοι
613 795 799 849 λασεῖν
830 796 1077 848 θέλουσιν
1106 794 1268 848 αὐτοῦ
1289 796 1388 864 τὴν
1420 795 1602 864 χάριν.

419 889 492 942 Σὺ
521 881 666 954 δ’,.ὧ
705 887 952 954 ποθεινὴ,
989 886 1128 958 πρὸς
1170 887 1222 940 τί
1260 887 1360 949 τὰς
1402 887 1604 955 σαυτῆς
1629 887 1819 949 πύλας,

426 979 582 1043 Σιὼν,
618 979 885 1046 ἁνοίξεις;
919 979 1109 1032 Ἐνδον
1136 977 1576 1047 ὲμπεπλησμένη

421 1067 655 1140 Λῃστῶν
685 1069 930 1138 ἀπηνῶν,
957 1067 1256 1131 δυσσεὸὡν,
1286 1067 1612 1136 μιαιφόνων,

291 1160 393 1216 165
431 1160 541 1223 Οὓς
571 1162 632 1213 οὐ
657 1160 701 1213 δ’
731 1159 758 1211 ό
788 1159 1016 1228 νεκροὺς
1042 1158 1338 1222 ὲξανιστῶν
1374 1157 1592 1228 ῥᾳδίως.

428 1253 601 1322 ’ᾼδην
631 1268 686 1304 τε
719 1254 886 1303 νικῶν
918 1243 1072 1312 οὗτος
1098 1249 1142 1280 ⁸⁸
1181 1248 1433 1318 ἐντρέπει
1468 1249 1541 1318 (6)
1577 1250 1750 1320 τάχαξ·

431 1344 558 1406 Τοῖς
589 1343 699 1412 γὰρ
729 1344 891 1411 φόνου
917 1343 1176 1394 πνέουσιν
1205 1339 1372 1403 αἰδὼς
1403 1341 1502 1392 οὐκ
1535 1340 1637 1403 ἔνι,

428 1433 539 1486 Καὶ
577 1431 803 1501 μᾶλλον,
834 1432 882 1482 εί
916 1430 1112 1499 φθόνος
1141 1446 1225 1491 τις
1256 1430 1454 1490 αὐτοὺς
1485 1431 1763 1496 ἐκφλέγει.

431 1524 624 1592 Ὅμως
649 1523 694 1576 δ’
719 1522 925 1590 ἄνοιγε,
954 1523 1048 1573 καὶ
1083 1519 1235 1588 δέχου
1268 1519 1358 1571 τὸν
1385 1522 1686 1590 Δεσπότην.

292 1615 392 1669 ΠΟ
431 1615 543 1667 Καὶ
572 1614 683 1683 γὰρ
716 1615 947 1682 πάρεστι
977 1611 1069 1664 τοῦ
1099 1611 1316 1674 παθεῖν,
1341 1610 1516 1680 οἶμαι,
1541 1614 1723 1682 χάριν,

441 1704 706 1773 Ἐπείπερ
725 1701 858 1766 οἶδε,
901 1705 995 1756 καὶ
1026 1704 1234 1766 παθὼν,
1274 1704 1499 1772 φεύγειν
1526 1705 1718 1766 πάθος.

436 1793 510 1844 Ob
540 1792 602 1860 δή
631 1809 717 1854 τις
752 1793 882 1860 ἡμῖν
914 1793 1085 1857 ἐστιν,
1120 1792 1372 1844 ἐντεῦθεν
1407 1792 1590 1859 φόϐος.

444 1881 675 1936 Ὡσαννὰ
704 1880 903 1945 τοίνυν,
947 1882 1121 1934 σῶσον
1152 1881 1506 1951 εύλογημένε,

434 1971 592 2025 Οὕτω
633 1974 913 2043 προσηνὴς
940 1973 1284 2038 εἰσελαύνων,
1316 1975 1410 2026 καὶ
1445 1973 1630 2043 φέρων

293 2062 394 2117 I75
436 2062 657 2134 Βροτοῖς
693 2065 899 2118 ἅπασιν
931 2064 995 2116 ὲκ
1023 2064 1214 2116 παθῶν
1239 2065 1574 2134 ἀφθαρσίαν.

327 2156 421 2221 ς’.
451 2155 554 2220 Είς
582 2156 699 2222 τὴν
736 2155 918 2224 αἰτίαν
953 2156 1060 2210 τοῦ
1093 2155 1353 2224 Χριστοῦ
1395 2156 1759 2223 Σταύρωσιν.

369 2230 371 2233 ’
501 2244 622 2310 Νὺξ
648 2246 842 2300 ταῦτα.
877 2247 990 2300 Καὶ
1020 2246 1129 2316 γὰρ
1157 2247 1312 2316 ἥλιον
1342 2248 1575 2318 κρύπτει
1621 2249 1829 2310 σκότος,

442 2336 637 2405 ’Δχλὺς
666 2337 722 2391 δὲ
753 2338 955 2408 πληροῖ
980 2339 1159 2392 πάντα
1187 2339 1283 2392 καὶ
1313 2338 1483 2408 βαθὺς
1505 2337 1688 2406 ζόφος.

429 2426 555 2489 Πῶς
583 2423 678 2480 οὖν
713 2427 926 2498 θεωρῶ,
959 2429 1262 2498 δημιουργὲ
1285 2429 1493 2496 Χριστέ
1528 2444 1656 2497 μου,

432 2516 847 2587 Σταυρούμενόν
877 2535 973 2584 σε;
1005 2519 1133 2581 Φεῦ,
1163 2518 1216 2570 τί
1257 2517 1456 2582 τοῦτο;
1503 2521 1597 2570 καὶ
1632 2519 1828 2583 πόθεν;

293 2601 398 2659 180
437 2605 672 2676 Σωτῆρα
699 2608 909 2676 κόσμου
943 2606 1262 2676 προσδοκῶν
1303 2623 1363 2659 σε
1396 2607 1695 2677 μακρόθεν,

430 2694 548 2747 Νῦν
585 2696 662 2756 ὡς
689 2695 1000 2766 κακοῦργον
1024 2697 1107 2759 είς
1134 2699 1277 2766 ἀρᾶς
1311 2695 1471 2762 ξύλον
1502 2695 1705 2764 βλέπω.

446 2784 716 2855 Ἀπῆλθεν
741 2781 904 2849 εῐδος,
933 2786 1128 2848 κάλλος
1153 2786 1252 2838 οὐκ
1281 2785 1426 2854 ἔχεις
1452 2785 1532 2837 ἔτι
1552 2800 1568 2816 ο

432 2877 635 2947 Μήτηρ
673 2877 730 2930 δὲ
762 2878 972 2948 θρηνεῖ,
1014 2878 1108 2930 καὶ
1138 2877 1228 2940 ab;
1257 2876 1644 2946 ἡγαπημένος,

249 3049 376 3105 heri
459 3049 761 3119 conspexit)
823 3051 938 3105 haec
993 3051 1101 3104 alia
1177 3048 1334 3104 turba
1394 3064 1527 3105 suas
1581 3058 1832 3104 sternens

249 3141 493 3195 tunicas.
545 3138 896 3208 Supplicibus
963 3140 1258 3193 concinam
1307 3138 1524 3206 hymnis
1561 3136 1835 3209 (Salvator

249 3231 405 3285 enim
488 3231 658 3293 venit,
703 3230 959 3284 omnibus
1047 3231 1213 3283 vitam
1275 3228 1526 3298 portans)
1574 3237 1838 3298 quotquot

253 3322 441 3391 ipsius
491 3322 724 3391 gratiam
791 3322 1072 3390 percipere
1153 3320 1363 3378 volunt.
1395 3318 1474 3373 Tu
1499 3335 1646 3384 vero,
1678 3334 1840 3374 vene-

252 3413 448 3468 rabilis
505 3412 662 3477 Sion,
685 3414 752 3467 ad
800 3413 934 3482 quid
976 3423 1097 3466 tuas
1157 3412 1366 3482 aperies
1407 3412 1640 3479 portas?
1684 3411 1835 3465 lntus

249 3503 415 3573 plena
445 3518 506 3558 es
540 3503 845 3557 latronibus
872 3504 1051 3564 saevis,
1089 3503 1292 3570 impiis,
1335 3502 1624 3555 homicidis
1647 3541 1660 3566 ,
1699 3516 1838 3570 quos

250 3610 361 3649 nec
411 3595 525 3663 ipse
567 3594 661 3663 qui
714 3593 873 3647 facile
907 3606 1152 3646 mortuos
1192 3593 1419 3647 suscitat
1451 3603 1503 3647 et
1565 3593 1835 3645 infernum

251 3685 450 3747 vineit,
510 3685 962 3739 citoconvertit.
1008 3684 1222 3737 Caedem
1281 3684 1427 3736 enim
1501 3683 1838 3751 spirantibus

251 3777 444 3831 nullus
501 3776 640 3830 inest
689 3777 885 3844 pudor,
933 3775 1233 3844 praesertim
1296 3790 1416 3827 eum
1485 3774 1685 3841 aliquis
1743 3789 1836 3828 eos

250 3867 564 3921 inﬂammet
616 3868 782 3921 zelus.
836 3865 1218 3919 Verumtamen
1252 3865 1402 3933 aperi
1460 3865 1711 3933 etrecipe
1731 3864 1837 3918 Do-

252 3957 468 4011 minum
495 3974 509 4021 ;
557 3958 754 4010 etenim
796 3956 1032 4020 advenit,
1065 3963 1216 4024 puto,
1242 3955 1474 4024 patiendi
1502 3970 1688 4018 causa,
1713 3969 1837 4008 eum

254 4047 393 4108 scit,
424 4046 507 4099 vel
547 4047 777 4114 patiens,
823 4044 1009 4114 fugere
1030 4045 1361 4112 passionem.
1390 4042 1580 4098 Nullus
1621 4044 1838 4112 quidem

249 4137 455 4192 exinde
488 4138 642 4191 nobis
660 4147 742 4189 est
764 4136 943 4189 timor.
979 4136 1234 4189 llosanna
1273 4151 1426 4203 ergo,
1467 4134 1713 4188 Salvator
1743 4136 1836 4189 be-

249 4228 495 4292 ncdicte,
527 4231 606 4282 sic
637 4235 954 4280 mansuetus
1007 4225 1335 4293 ingrediens,
1382 4233 1435 4276 et
1470 4223 1644 4278 ferens
1663 4222 1839 4276 omni-

248 4321 360 4375 bus
393 4320 714 4373 mortalibus
742 4333 807 4372 ex
834 4317 1182 4386 passionibus
1215 4314 1704 4368 inmortalitatem.

473 4452 562 4508 Vl.
587 4451 654 4505 In
692 4463 932 4505 sanctam
976 4450 1172 4504 Christi
1198 4449 1616 4516 cruciﬁxioucm.

326 4588 546 4657 Ubique
586 4602 733 4642 -ιιοκ,
771 4586 980 4640 Etenim
1028 4585 1195 4638 solem
1237 4583 1515 4637 obducunt
1556 4584 1787 4637 tenebrm
1819 4601 1832 4648 ;

249 4681 479 4736 nimbus
546 4689 725 4732 autem
776 4687 825 4731 et
871 4679 1040 4729 densa
1105 4675 1279 4743 caligo
1363 4672 1569 4741 replent
1624 4674 1828 4725 omnia.

248 4772 548 4838 Quomodo
581 4785 730 4838 ergo,
783 4768 1019 4829 Christe,
1052 4766 1120 4819 tui
1171 4766 1414 4828 Creator,
1445 4775 1495 4816 te
1528 4763 1682 4816 video
1713 4779 1836 4815 cru-

247 4863 523 4919 cilixum?
573 4861 755 4916 Eheu!
790 4859 918 4928 quid
939 4867 1020 4912 est
1074 4859 1175 4911 hoc
1234 4865 1287 4909 et
1331 4856 1515 4909 unde?
1543 4854 1617 4907 Te
1647 4854 1832 4907 mundi

251 4957 603 5010 Salvatorem
662 4962 1002 5019 exspectans,
1035 4963 1177 5001 nunc
1237 4947 1382 5000 velut
1429 4945 1829 4999 malefactorem

247 5051 309 5101 in
344 5045 746 5099 maledictionis
773 5042 921 5112 ligno
969 5053 1297 5108 suspensum
1327 5037 1566 5106 aspicio!
1603 5035 1834 5089 Evanuit

245 5138 504 5209 species;
561 5136 811 5190 decorent
846 5133 1077 5204 amplius
1100 5144 1206 5183 nou
1227 5128 1416 5182 babes.
1438 5125 1622 5180 Plorat
1648 5133 1829 5177 autem

334 5293 380 5325 ⁸⁸
412 5308 504 5361 γρ.
535 5289 797 5360 ἐντρέχει.
879 5287 921 5319 ⁸⁸
951 5303 1041 5354 γρ.
1071 5287 1153 5340 δεῖ
1175 5303 1243 5357 με
1271 5285 1401 5355 γάρ.

1535 412 1834 473 VERSUS
1873 413 2190 474 IAMBICI.

1845 528 1896 585 Α

2090 523 2259 578 Μόνοι
2285 521 2549 592 παρόντες
2572 521 2681 575 τῶν
2710 521 2816 593 πρὸ
2841 521 3038 592 μικροῦ
3066 538 3145 575 σοι
3168 522 3354 590 φίλων.

1960 613 2062 669 185
2098 612 2324 684 Φροῦδοι
2355 614 2615 683 μαθηταὶ,
2641 614 2737 669 καὶ
2764 614 3034 683 πτερωτοὶ
3064 611 3108 664 δ’
3136 615 3342 666 οἰκέται

2094 703 2292 772 Μάτην
2320 702 2729 773 περιτρέχουσι,
2757 704 2944 773 μεστοὶ
2967 702 3239 772 δακρύων.

2094 795 2170 848 Ού
2199 793 2307 864 γὰρ
2334 792 2550 870 βοήθείν
2581 795 2874 865 εὐποροῦσι
2904 795 2980 865 τῷ
3016 796 3203 858 πάθει,

2098 887 2287 955 Μέγας
2316 887 2361 940 δ’
2391 888 2584 940 ἄπεστι
2623 888 2715 950 σὸς
2743 889 2930 957 Πατὴρ
2957 888 3377 958 παντοκράτωρ,

2095 979 2272 1032 Μόνον
2301 978 2473 1031 λιπών
2495 996 2554 1031 σε
2584 979 2762 1032 ταῦτα
2793 977 3042 1046 πάσχειν,
3075 981 3150 1042 ὼς
3179 979 3378 1043 λέγεις.

1964 1065 2063 1119 190
2101 1069 2293 1121 Καίτοι
2321 1071 2582 1137 προεῖπες
2608 1070 2726 1139 οὐχὶ
2758 1069 3042 1136 λειφθῆναι
3075 1071 3256 1139 μόνος,

2101 1160 2363 1224 Συνόντος
2390 1161 2554 1214 αὐτοῦ
2589 1164 2684 1215 καὶ
2708 1163 2875 1216 τανῦν
2903 1164 3163 1233 πάσχοντί
3196 1179 3298 1213 σοι.

2113 1250 2252 1302 Ἀλλ’
2284 1253 2382 1305 οὐκ
2419 1254 2636 1309 ἄπεστι.
2677 1254 2904 1324 Πνεῦμα
2939 1255 3043 1322 γὰρ
3077 1256 3170 1308 σὺν
3203 1252 3488 1322 λαμϐάνει,

2105 1341 2440 1396 Συνευδοκῶν
2469 1362 2547 1409 τε,
2578 1345 2672 1398 καὶ
2704 1345 2878 1400 συνών
2905 1364 3009 1409 σοι,
3049 1347 3144 1399 καὶ
3170 1346 3350 1414 φέρων

2104 1433 2233 1486 Υἱοῦ
2260 1434 2516 1506 τελευτὴν
2543 1439 2731 1507 ὴγαπη
2743 1437 2902 1506 μένου
2932 1439 3173 1508 βλέπειν.

1967 1519 2068 1574 195
2110 1523 2147 1552 ¹¹
2183 1525 2275 1575 Δεῖ
2297 1525 2405 1595 γάρ
2434 1542 2524 1594 με,
2552 1527 2633 1579 δεῖ
2660 1544 2739 1579 σοι
2766 1527 3067 1594 συνθανεῖν,
3097 1531 3385 1598 εὐεργέτα,

2117 1613 2203 1678 ’ῼς
2232 1618 2607 1686 συμμετὰσχω
2642 1619 2741 1688 τῆς
2773 1620 3040 1689 έγέρσεως
3075 1621 3259 1673 πάλιν.

2106 1703 2294 1766 Οὕτως
2319 1705 2463 1771 ἔδοξε
2488 1724 2503 1738 ⁸
2543 1708 2700 1762 τοῦτο
2723 1711 2822 1778 τῆς
2851 1711 3254 1780 εὐσπλαγχνίας

2119 1793 2303 1864 Τμῶν
2342 1796 2477 1866 πρὸς
2503 1800 2650 1868 ἡμᾶς
2688 1801 2719 1863 ὴ
2753 1800 2986 1869 μεγίστη
3017 1803 3322 1873 χρηστότης
3346 1820 3360 1834 ο

2111 1885 2599 1956 Εύγνωμονοῦμεν.
2630 1890 2777 1959 Πλὴν
2806 1892 3035 1960 τάχυνον
3061 1895 3125 1945 ὲκ
3155 1894 3328 1959 τάφου
3353 1907 3368 1922 ’

1962 1973 2067 2028 200
2109 1976 2372 2040 Σπεύσεις
2398 1980 2454 2032 δὲ
2486 1981 2726 2043 πάντως.
2761 1982 2944 2045 Ἥλιος
2977 1985 3085 2054 γὰρ
3114 1987 3322 2052 ἐνθάδε,

2120 2066 2178 2118 Ὀ
2216 2068 2345 2138 πρὶν
2375 2069 2662 2138 ζοφωθεὶς,
2696 2074 2790 2125 καὶ
2825 2074 3048 2142 κρυόεὶς
3077 2077 3154 2138 είς
3191 2076 3287 2144 σὴν
3317 2078 3497 2147 χάριν,

2114 2159 2364 2228 Ἐλαμψε
2396 2162 2618 2230 φαιδρὸν
2643 2161 2800 2226 αὖθις
2832 2164 2952 2216 ἀνθ’
2987 2167 3288 2235 ἑωσφόρου,

2108 2251 2175 2301 Σὲ
2207 2251 2264 2304 τὸ
2293 2253 2552 2318 μέγιστον
2581 2253 3130 2326 ”Ιίλιον·προμηνύων

2120 2341 2215 2393 Ἐκ
2240 2343 2342 2411 γῆς
2371 2344 2414 2373 ¹¹
2447 2344 2709 2413 ἀνίσχειν,
2760 2348 2873 2414 φῶς
2899 2365 2961 2399 τε
2990 2349 3228 2418 πέμψειν
3276 2352 3497 2406 αὐτίκα.

1968 2428 2075 2484 205
2116 2431 2353 2498 Ἵδοιμεν
2381 2432 2477 2485 οὖν
2508 2434 2792 2504 λάμποντα
2816 2438 2912 2490 καί
2941 2455 3022 2504 σε,
3052 2441 3256 2509 Χριστέ
3286 2459 3409 2511 μου,

2112 2521 2323 2591 Ὥσπερ
2349 2525 2411 2576 τδ
2434 2523 2523 2575 σὺν
2553 2526 2766 2594 ποίημα
2794 2527 2892 2596 τὴν
2923 2528 3016 2581 νῦν
3053 2531 3289 2599 ἡμέραν,

2107 2610 2190 2663 Δι’
2216 2609 2282 2684 ἦς
2308 2614 2523 2684 ὁρῶμεν
2551 2616 2737 2669 τούσδε
2763 2619 2891 2679 τοὺς
2932 2620 3106 2683 θείους
3130 2623 3362 2686 τύπους,

2108 2703 2218 2756 Καί
2253 2720 2336 2755 σοι
2373 2706 2844 2778 συναστράψοιμεν
2885 2711 2950 2764 ὲκ
2975 2712 3078 2781 γῆς
3102 2714 3431 2782 καὶτάςρων.

2165 2796 2240 2846 Z'.
2274 2797 2375 2860 Εις
2402 2797 2516 2862 τὴν
2549 2801 2839 2853 Θεοτόκον
2872 2801 3278 2870 δακρύουσαν.

2183 2887 2247 2936 Ὦ
2280 2886 2373 2938 τοῦ
2406 2887 2612 2952 πάθους
2641 2892 2928 2959 Δέσποινα,
2967 2896 3062 2947 καὶ
3094 2897 3159 2948 σὺ
3195 2897 3450 2966 δακρύεις
3477 2918 3491 2964 ;

1936 3051 2110 3097 mater
2148 3058 2359 3099 necnon
2398 3055 2523 3102 tuus
2555 3047 2806 3109 dilectus.
2838 3051 2940 3106 soli
2983 3068 3129 3109 nunc
3155 3070 3222 3108 ex
3253 3057 3510 3112 omnibus

1937 3149 2074 3203 quos
2100 3151 2269 3201 nuper
2299 3137 2534 3194 habebas
2560 3141 2773 3205 amicis,
2808 3149 3066 3197 astantes.
3091 3145 3321 3215 Fugitivi
3344 3148 3514 3202 disci-

1939 3225 2072 3292 puli,
2104 3225 2386 3296 timidique
2415 3229 2561 3282 velut
2584 3245 2709 3283 aves
2738 3233 2902 3297 servi,
2927 3233 3129 3287 frustra
3162 3236 3303 3304 pleni
3329 3238 3511 3307 lacry-

1946 3315 2051 3366 mis
2095 3315 2529 3370 eircumcursant
2563 3333 2707 3370 :non
2761 3319 2904 3372 enim
2945 3323 3182 3389 passioni
3238 3334 3341 3377 tua:
3387 3341 3512 3377 suc-

1940 3417 2159 3456 currere
2213 3403 2412 3458 valent.
2467 3405 2633 3458 Abest
2688 3417 2866 3460 autem
2919 3423 3150 3479 magnus
3191 3420 3319 3467 tuus
3351 3412 3513 3466 Pater

1938 3494 2303 3560 omnipotens,
2345 3484 2657 3564 relinquens
2691 3507 2742 3550 te
2789 3499 2985 3564 solum,
3014 3509 3073 3551 ut
3101 3501 3180 3553 ais
3201 3551 3218 3577 ,
3250 3503 3350 3557 ista
3379 3507 3508 3571 pati.

1938 3585 2190 3637 Attamen
2240 3586 2456 3640 dixeras
2485 3595 2539 3640 te
2583 3603 2695 3648 non
2729 3588 2958 3658 relinqui
2993 3592 3171 3645 solum
3200 3635 3213 3658 ,
3261 3595 3378 3661 ipso
3413 3597 3507 3646 tibi

1941 3689 2086 3727 nunc
2135 3675 2357 3744 patienti
2429 3685 2659 3733 astante.
2697 3679 2762 3732 Et
2806 3694 2932 3733 vero
2962 3695 3068 3734 non
3123 3683 3314 3737 abest:
3356 3693 3509 3737 tuum

1939 3767 2084 3819 enim
2115 3768 2309 3835 accipit
2366 3769 2641 3836 spiritum,
2691 3773 3039 3826 consentiens
3067 3782 3358 3841 astanSque
3387 3776 3508 3837 tibi,

1938 3865 1992 3909 et
2017 3855 2492 3912 Filiidileetissitui
2525 3866 2751 3913 mortem
2787 3864 3028 3929 aspicere
3061 3865 3264 3917 valens.
3286 3863 3468 3932 Opera
3491 3877 3512 3919 t

1940 3947 2082 3999 enim
2116 3962 2221 4012 me,
2276 3959 2487 4016 oportet
2549 3951 2643 4004 tibi
2695 3953 2996 4014 commori,
3052 3953 3396 4018 benefactor,
3451 3965 3510 4007 ut

1939 4035 2120 4091 denuo
2173 4040 2587 4095 resurrectionis
2646 4043 2916 4110 particeps
2977 4043 3124 4096 tiam.
3162 4044 3237 4097 lta
3282 4045 3505 4114 placuit.

1940 4125 2054 4180 Hoc
2100 4142 2222 4196 erga
2252 4143 2354 4182 nos
2382 4133 2769 4186 tnlsericordia:
2823 4143 3016 4187 vestrae
3046 4135 3282 4186 maxima
3310 4137 3504 4201 gratia.

1939 4214 2082 4269 Bene
2140 4219 2408 4272 novimus.
2468 4220 2747 4275 Etumulo
2808 4231 2988 4275 tamen
3015 4222 3234 4277 festina.
3275 4227 3506 4276 Omnino

1939 4303 2276 4370 properabis.
2319 4303 2458 4356 Ecce
2485 4305 2630 4356 enim
2663 4307 2745 4359 sol
2773 4308 2863 4374 qui
2894 4308 3040 4374 prius
3077 4308 3130 4360 in
3172 4307 3248 4361 tui
3280 4308 3505 4376 gratiam

1942 4388 2265 4440 obseuratus
2311 4398 2361 4441 et
2400 4391 2751 4445 absconditus
2796 4392 2972 4446 fuerat
3022 4409 3240 4448 rursum
3295 4410 3507 4449 aurorre

1941 4476 2058 4530 loco
2102 4477 2379 4544 splendide
2428 4481 2613 4550 fulget,
2642 4491 2690 4535 te
2741 4484 3034 4537 maximum
3083 4484 3314 4538 Soleme
3363 4496 3505 4538 terra

1943 4569 2091 4621 brevi
2124 4579 2500 4625 surrecturum
2536 4574 2939 4642 missurumque
2964 4575 3141 4628 lumen
3168 4572 3506 4643 significatis.

1945 4655 2236 4712 Videamus
2297 4661 2456 4728 igitur
2484 4661 2750 4716 lucentem
2797 4672 2868 4726 te,
2919 4661 3158 4729 Christe,
3200 4664 3342 4717 sicut
3371 4677 3506 4731 opus

1945 4742 2120 4813 tuum,
2177 4765 2498 4817 praesentem
2564 4755 2726 4817 diem,
2757 4769 2851 4822 per
2880 4748 3508 4823 quam'cuntemplamur

1945 4841 2041 4891 hos
2092 4840 2306 4897 divinos
2367 4853 2541 4913 typos,
2607 4853 2658 4898 et
2689 4853 2866 4899 tecum
2912 4859 2942 4899 e
2992 4854 3134 4899 terra
3172 4844 3507 4912 tumulisque

1941 4946 2250 4999 surgamus.

2249 5024 2359 5081 Vll.
2392 5025 2459 5080 1η
2487 5027 2768 5096 Deiparam
2804 5019 3205 5099 lacrymanfem.

2013 5125 2052 5174 Ο
2087 5120 2336 5175 interm-is
2365 5119 2616 5186 Domina,
2650 5129 2703 5174 et
2742 5128 2798 5174 tu
2831 5120 3188 5191 lacrymaris?
3218 5121 3503 5188 Quodnam

1481 5285 1524 5315 “
1562 5302 1652 5353 γρ.
1688 5283 1963 5350 ἀνασχεῖν.

1529 5420 1799 5481 Matthmi
1847 5418 2028 5478 Busti
2075 5425 2264 5476 notua.

357 5553 415 5622 6)
451 5548 640 5617 ’ᾍδην
661 5562 724 5598 τε
756 5539 1179 5622 νικῶις-οὗτος.
1239 5545 1509 5622 Ἐντρέχει
1537 5545 1715 5622 locum
1744 5541 1830 5592 hie

250 5612 622 5681 habere'uon
675 5623 867 5682 petest,
919 5614 1144 5680 ideoque
1215 5612 1485 5668 substitue
1541 5612 1826 5678 ἐντρέπει,

250 5696 436 5764 ἧτουν
462 5682 890 5764 δυσῶττεῇοιιοᾳ
926 5682 1088 5760 etiam
1109 5683 1269 5764 αξδώς
1289 5685 1358 5764 .in
1388 5691 1631 5764 sequenti
1672 5694 1829 5732 versu

248 5750 504 5834 [insitum
559 5750 784 5809 evincit.
839 5750 1011 5814 Hujus
1054 5753 1202 5804 verbi
1253 5753 1361 5807 vim
1390 5754 1518 5808 dum
1550 5767 1656 5804 non
1679 5765 1828 5803 asse-

584 5851 856 5914 PATROL.
902 5847 1013 5905 GR.
1051 5846 1220 5905 CXX.

1936 5547 2096 5589 cutus
2159 5535 2374 5587 videtur
2431 5533 2765 5600 Augustinus
2822 5533 3107 5588 Steuebius
3161 5531 3500 5599 Eugubinus,

1939 5607 2286 5673 Septuaginta
2330 5605 2683 5669 interpretum
2734 5605 3037 5673 versionem
3088 5603 3358 5673 immerita
3404 5618 3503 5673 rc-

1935 5668 2071 5744 jieit,
2137 5668 2200 5723 ad
2235 5672 2406 5725 Exod.
2466 5668 2587 5739 eap,
2623 5687 2679 5736 ι,
2713 5687 2763 5726 v.
2799 5673 2849 5725 ὃ.
2884 5671 3026 5733 Ἕως
3067 5670 3207 5732 τίνος
3238 5670 3297 5721 οὑ
3324 5668 3500 5738 βούλει

1937 5744 2266 5813 ἐντραπῇναί
2296 5758 2360 5808 με
2382 5758 2396 5807 ;

3034 5831 3106 5891 36
