4118 6328
236 359 363 426 1133

405 467 685 538 Θαύμαζε,
713 466 807 519 καὶ
831 467 1067 535 κήρυττε
1092 465 1182 517 τὸν
1216 463 1503 532 Ζωηφόρον

285 555 337 612 ι’.
379 561 479 623 Εἰς
513 557 625 624 τὴν
655 558 832 624 ἁγίαν
861 543 993 624 τοιῗ
993 552 1251 620 Χριστοῦ
1286 552 1382 606 και
1416 553 1713 619 σωτήριον

843 623 1186 692 Ἀνάληψιν.

233 717 368 773 1275
475 717 588 771 Οῦκ
617 713 684 789 ἦν
712 719 738 768 ό
767 715 1003 784 Χριστὸς
1035 714 1312 785 σαρκικῶν
1337 714 1400 766 ὲκ
1434 710 1782 778 σπερμάτων,

403 809 523 862 Κᾶν
555 806 692 878 σὰρξ
728 803 967 877 προῆλθε
1000 806 1064 859 ἐκ
1098 804 1380 875 μητρικῶν
1412 801 1676 871 αἱμάτων.

411 899 550 951 Ἀλλ’
579 899 642 951 ὲκ
669 899 805 951 Θεοῦ
838 897 942 966 φὺς
973 898 1070 950 καὶ
1098 893 1375 950 κατελθὼν
1412 891 1628 962 ὑψόθεν,

401 987 492 1054 Εἰς
524 992 788 1062 οὐρανοὺς
817 992 990 1045 ἄνεισι
1017 989 1150 1060 πρὸς
1181 988 1314 1040 Θεὸν
1342 987 1528 1065 πάλιν,

397 1085 507 1138 Καὶ
531 1084 690 1153 σῶμα
719 1083 860 1135 θεῖον
897 1083 960 1134 ἐκ
990 1084 1165 1149 ταφῆς
1197 1079 1557 1149 ἀφθαρτῐσας,

228 1178 362 1233 1230
400 1177 562 1246 Φέρει
603 1177 699 1228 σὺν
725 1175 892 1246 αὐτῷ,
920 1175 1010 1227 καὶ
1045 1172 1375 1226 καλύπτεται
1403 1171 1574 1238 νέφει.

399 1264 559 1322 Οὗτοι
586 1269 630 1322 δ’
662 1269 772 1322 ἄνω
804 1266 1094 1337 βλέπουσιν
1128 1263 1591 1334 ἐκπεπληγμένοι.

401 1359 510 1411 Καὶ
537 1362 726 1429 χεῖρας
749 1359 1081 1420 ἐκτείνοντες
1111 1356 1185 1417 ὡς
1221 1356 1355 1426 πρὸς
1387 1353 1601 1422 αἰθέρα,

401 1452 666 1522 Ζητοῦσιν
694 1451 883 1520 ὥσπερ
920 1450 1018 1519 τὴν
1049 1447 1308 1514 σύναρσιν
1338 1448 1399 1498 ὲκ
1433 1443 1620 1508 πίθου,

398 1544 547 1596 Φίλοι
579 1540 843 1611 μαθηταὶ,
877 1540 970 1591 καὶ
994 1536 1228 1589 τεκοῦσα
1252 1535 1546 1604 Παρθένος.

227 1638 364 1692 1285
404 1636 569 1689 Ὅθεν
601 1630 1055 1686 καταστέλλουσιν
1086 1629 1280 1692 αὐτοὺς
1307 1627 1490 1699 ἡρέμα

399 1728 563 1794 Λόγοι
593 1727 883 1796 προσηνεῖς
916 1722 1163 1790 ἀγγέλων
1189 1720 1518 1788 εὐαγγέλων,

396 1819 571 1882 Οὕτω,
606 1817 875 1884 λέγοντες,
905 1814 1137 1883 Χριστὸν
1171 1813 1320 1883 ἥξειν
1348 1815 1443 1866 καὶ
1476 1813 1656 1878 πάλιν,

402 1903 614 1978 Ὥσπερ
645 1908 890 1961 κατεῖδον
917 1907 1039 1975 ἄρτι
1073 1905 1238 1974 γῆθεν
1265 1906 1523 1975 ἠρμένον,

398 2001 577 2069 Πέρας
602 1999 708 2068 γὰρ
742 1995 880 2050 εἶναι
914 1998 1072 2049 τοῦτο
1105 1997 1198 2050 τοῦ
1234 1996 1550 2068 μυστηρίου.

222 2088 362 2148 1930
401 2091 584 2145 Ταῦτα
620 2089 897 2160 προδήλως
919 2090 946 2141 ό
979 2091 1222 2158 γραφεὺς
1252 2090 1359 2144 τῶν
1387 2092 1606 2144 εἰκόνων

400 2184 605 2247 Τύποις
631 2183 875 2234 διδάσκει
905 2181 1002 2250 τὴν
1033 2181 1293 2252 ἀλήθειαν
1331 2183 1521 2235 σέὸων.

471 2272 579 2327 lA'.
612 2276 715 2338 Εἰς
744 2272 858 2339 τὴν
889 2273 1069 2340 ἁγίαν
1096 2271 1544 2340 Πεντηκοστήν.

473 2366 582 2436 Τὴν
615 2365 849 2435 ἐσχάτην
873 2381 930 2416 τε
959 2364 1052 2417 καὶ
1085 2362 1347 2432 μεγίστην
1382 2364 1597 2433 ἡμέραν

405 2452 613 2526 Γράφει
644 2454 778 2523 πρὸς
810 2452 1093 2523 ἀκρίϐειαν
1120 2454 1153 2522 ή
1182 2452 1320 2522 σοφὴ
1345 2457 1528 2521 τέλνη,

403 2540 542 2600 Καθ’
570 2545 635 2614 ἢν
659 2544 726 2596 τὰ
759 2541 962 2610 φρικτὰ
985 2540 1484 2610 θαυματουργεῖται
1514 2537 1658 2594 τάδε.

225 2637 369 2692 1295
404 2635 664 2703 Διόροψόν
700 2651 749 2684 τι
777 2636 900 2695 τοὺς
931 2633 1256 2693 ἀποστόλους
1286 2632 1478 2700 φέρει·

407 2727 594 2791 ’Ἄφνω
628 2725 670 2776 δ’
697 2723 902 2777 ἄνωθεν
929 2718 1060 2792 ἦχος
1086 2722 1348 2790 ἐμπίπτει
1384 2725 1578 2792 μέγας,

403 2817 509 2868 Καὶ
548 2815 660 2884 φῶς
697 2832 754 2866 τε
793 2816 883 2866 καὶ
923 2814 1031 2883 πῦρ
1063 2814 1407 2882 συγκάτεισιν
1439 2814 1653 2882 ὑψόθεν,

221 2977 485 3028 deserens
539 2987 838 3038 sermones,
867 2975 1064 3026 mirare
1085 2981 1140 3026 et
1186 2969 1421 3041 praedlea
1450 2974 1572 3027 vitae
1598 2970 1789 3030 Aucto-

224 3077 364 3118 rem.

221 3156 293 3210 Χ.
343 3155 409 3208 1η
464 3172 671 3209 sacram
725 3155 1110 3224 salutaremque
1143 3147 1348 3208 Christi
1405 3155 1786 3211 Ascensionem.

296 3246 414 3298 Ποιι
467 3256 580 3298 erat
623 3244 869 3297 Christus
902 3260 968 3297 ex
1003 3244 1209 3297 carnali
1257 3243 1482 3309 semine,
1508 3245 1635 3299 licet
1663 3261 1791 3314 pro-

219 3338 480 3392 cessisset
531 3349 657 3388 caro
710 3351 772 3387 ex
830 3342 1072 3388 materno
1110 3337 1390 3402 sanguine.
1455 3335 1558 3389 Sed
1590 3352 1654 3391 ex
1685 3335 1792 3390 Deo

220 3428 444 3498 genitus
491 3438 542 3479 et
590 3427 821 3493 desuper
865 3424 1142 3490 delapsus,
1200 3427 1252 3477 in
1306 3427 1472 3479 ccelos
1507 3425 1574 3478 ad
1621 3427 1790 3479 Deum

224 3533 438 3573 rursus
479 3517 738 3581 ascendit,
770 3529 820 3570 et
844 3518 1082 3569 divinum
1127 3533 1341 3584 corpus,
1390 3519 1792 3572 immortalitate

219 3611 508 3671 donatum,
550 3621 577 3659 e
627 3606 867 3671 sepulcro
891 3621 1072 3657 secum
1118 3604 1258 3657 lerat
1287 3615 1340 3657 ct
1370 3607 1511 3659 nube
1536 3605 1791 3673 contegit.

220 3699 308 3752 Illi
367 3713 494 3751 vero
544 3713 756 3751 sursum
803 3695 1076 3763 aspiciunt
1123 3697 1443 3769 stupefacti,
1495 3712 1793 3765 manusque

223 3793 374 3843 velut
399 3791 464 3842 ad
502 3790 718 3841 umbras
749 3789 1146 3856 protendentes,
1171 3790 1322 3855 quasi
1355 3789 1789 3856 conjunctionetu

222 3899 292 3934 ex
321 3896 507 3933 amore
525 3889 792 3948 quast-unt,
812 3878 920 3931 cari
946 3877 1192 3944 discipuli
1215 3877 1480 3946 Virgoque
1506 3885 1787 3947 puerpera.

229 3974 389 4028 L'nde
417 3970 761 4024 m'oderantur
784 3986 878 4023 eos
912 3971 1100 4023 leniter
1129 3971 1309 4023 dulces
1344 3971 1651 4039 angelorum
1682 3986 1794 4024 scr-

225 4079 446 4125 inones,
504 4063 603 4122 sic,
635 4060 895 4125 dicentes,
928 4061 1199 4114 Christum
1257 4076 1446 4115 rursus
1493 4075 1612 4114 esse
1663 4077 1791 4114 ven-

225 4168 436 4213 turum.
473 4151 923 4221 quemadmodum
952 4152 1340 4204 viderunteuat
1387 4166 1416 4203 e
1457 4160 1603 4204 terra
1632 4151 1792 4204 modo

224 4255 590 4316 surgentem:
624 4247 766 4298 hunc
822 4243 962 4297 enim
1019 4258 1138 4297 esse
1183 4243 1420 4311 mysterii
1484 4244 1666 4297 ﬁnem.
1701 4242 1792 4299 Sic

225 4339 522 4392 manifeste
577 4337 734 4390 docet
788 4335 1082 4404 imaginum
1143 4335 1318 4402 pictor
1349 4334 1486 4404 typis
1514 4335 1788 4390 veritatem

224 4430 530 4483 bonorans.

606 4518 695 4571 XI.
732 4519 790 4572 In
818 4533 1023 4570 sacram
1054 4517 1410 4574 Pentecoste».

309 4612 563 4666 Ultimam
595 4615 991 4679 maximamque
1015 4611 1154 4664 diem
1191 4613 1404 4679 sapiens
1436 4627 1525 4665 ars
1555 4615 1794 4669 exactis-

228 4705 371 4758 sime
440 4704 693 4771 depingit,
759 4717 862 4771 qua
923 4701 1195 4755 tremenda
1240 4702 1477 4771 prodigia
1502 4701 1644 4756 facta
1668 4713 1795 4757 sunt

230 4796 384 4848 talta.
422 4793 657 4846 Stratum
692 4794 882 4860 duplex
917 4801 1087 4860 gestat
1120 4794 1412 4860 apostolos.
1445 4793 1636 4847 Subito
1667 4810 1793 4849 vero

226 4886 454 4939 caelitus
505 4901 694 4952 magna
753 4884 1061 4952 supervenit
1108 4883 1435 4952 commotio;
1489 4884 1671 4940 lumen
1729 4901 1792 4939 ac

851 4995 891 5026 ⁸⁸
926 4994 1074 5048 Θεόν.

310 5000 350 5031 ³⁷
389 5015 477 5066 γρ.
510 4995 772 5050 ἐκλαϐών.

1519 340 1811 414 VERSUS
1854 344 2168 409 lAMBlCI.

3303 334 3438 407 1134

2070 455 2320 519 Γλώσσαις
2352 451 2725 526 ἀπαρτίζοντα
2751 451 2849 517 τὰς
2878 451 3180 521 ὁρωμένας,

2070 550 2165 610 Ἀς
2193 549 2293 600 οὐκ
2318 548 2459 615 ἔγνω
2488 563 2568 608 τις
2590 543 2836 614 γηγενῶν
2868 541 3005 612 πλὴν
3035 534 3242 594 ἐνθάδε.

1891 640 2024 693 1500
2065 640 2280 692 Τούτων
2313 632 2357 689 δ’
2384 636 2611 699 ἕκαστος
2635 632 2952 704 προσλαϐὼν
2991 632 3167 686 αὐτῶν
3198 631 3346 702 μίαν,

2065 731 2249 791 Φωνὰς
2278 723 2460 783 δίδωσι
2485 731 2595 791 τοῖς
2620 725 2852 796 παροῦσι
2891 721 3162 791 ποικίλας,

2066 819 2252 883 ’Λλλος
2283 818 2416 891 πρὸς
2457 819 2614 873 ἄλλον
2645 813 2686 849 ⁸⁷
2713 815 2952 870 ἑκλαλῶν
2984 815 3081 884 τὴν
3113 815 3207 869 νῦν
3257 813 3437 887 χάριν.

2075 902 2138 961 ’11
2169 903 2440 978 συνδρομὴ
2474 906 2528 958 δὲ
2549 905 2684 976 πρὸς
2711 905 2772 958 τὸ
2793 903 2979 974 θαῦμα
3005 901 3114 956 τῶν
3143 898 3312 974 ὄχλων

2061 993 2421 1059 Διδασκάλους
2450 995 2684 1049 δείκνυσι
2713 995 2838 1056 τοὺς
2871 993 3234 1063 καθημένους,

1894 1092 2030 1148 1305
2071 1086 2309 1144 ’Ἄπασιν
2337 1084 2519 1150 αὐτοῖς
2543 1085 2983 1157 προσλαλοῦντας
3029 1087 3287 1154 γνησίως,

2061 1182 2126 1235 El
2159 1181 2251 1234 ml.
2290 1179 2552 1248 συνῆλθον
2579 1179 2642 1231 ὲκ
2665 1176 2835 1246 γενῶν
2872 1173 3176 1246 ἀλλοθρόων

2062 1272 2271 1342 (unum
2304 1264 2412 1340 γὰρ
2438 1267 2606 1323 ἐθνῶν
2627 1272 2732 1322 εἰσι
2759 1267 3261 1338 συμμεμιγμένων).

2062 1362 2134 1414 Σὺ
2164 1361 2230 1425 6“,
2263 1363 2314 1413 εἰ
2345 1359 2524 1431 ξενίζῃ
2550 1359 2682 1429 πρὸς
2724 1359 2783 1412 τὸ
2803 1361 2900 1429 τῆς
2926 1355 3056 1422 θέας
3087 1357 3256 1423 ξένοκ,

2066 1452 2287 1515 Ἄκουε,
2320 1450 2412 1504 καὶ
2440 1451 2660 1502 πίστευε
2694 1454 2807 1512 τοῖς
2839 1448 3206 1519 λαλουμένοις,

1889 1541 2025 1597 1510
2064 1543 2172 1597 Καὶ
2204 1543 2328 1605 δοὺς
2359 1540 2583 1595 σεαυτὸν
2613 1542 2786 1595 τοῖσδε
2818 1545 2929 1603 τοῖς
2960 1543 3300 1611 πυριπνόοις,

2063 1633 2105 1664 ¹⁸
2129 1631 2283 1685 Θεῖον
2307 1631 2367 1686 τὸ
2405 1630 2626 1700 Πνεῦμα
2657 1631 2748 1684 τοῦ
2779 1631 2911 1684 Θεοῦ
2956 1625 3143 1698 δόξαζέ
3181 1648 3294 1702 μοι,

2062 1721 2135 1775 Τὸ
2158 1722 2332 1776 ταῦτα
2357 1722 2538 1779 πάντα
2569 1723 3018 1794 θαυματουργοῦν
3051 1724 3273 1788 ὲνθέως,

2063 1814 2201 1877 Φῶς,
2228 1814 2360 1892 πῦρ,
2386 1816 2554 1882 πνοήν
2584 1831 2644 1867 τε
2666 1809 2759 1868 καὶ
2787 1817 2981 1883 σοφοὺς
2999 1810 3410 1886 ἀγραμμάτους.

1887 1900 1983 1956 lB’.
2029 1903 2132 1970 Εἰς
2173 1906 2278 1956 τὸν
2329 1898 2531 1962 Ἠλίαν
2582 1907 2941 1974 τρεφόμενον
2995 1909 3110 1960 ὑπὸ
3167 1899 3433 1975 κόρακος.

2133 1994 2381 2063 Ζηλωτὰ,
2417 1992 2734 2066 παιδεύθητι
2767 1999 3168 2069 μακροθυμίαν,

1888 2085 2022 2139 1515
2061 2082 2172 2138 Καὶ
2204 2081 2277 2154 μὴ
2302 2085 2361 2137 τὸ
2385 2085 2496 2155 πῦρ
2537 2087 2760 2148 ἄνωθεν,
2789 2088 2904 2140 ἀλλ’
2930 2089 3071 2162 ὕδωρ
3103 2093 3262 2164 βρέχε
3291 2113 3303 2127 -

2061 2176 2169 2230 Καί
2202 2192 2260 2228 σε
2287 2175 2477 2246 τρέφει
2509 2177 2680 2245 κόραξ
2703 2179 2831 2248 γὰρ,
2866 2182 2925 2234 οὐ
2956 2185 3284 2255 καταφλέγει
3311 2204 3322 2216 ·

2062 2265 2222 2319 Ὅθεν
2255 2266 2521 2336 διδαχθεὶς
2548 2266 2623 2330 ὡς
2653 2269 2820 2322 κακὸν
2852 2271 3005 2342 λιμὸς
3035 2275 3200 2343 μέγα,

2066 2356 2292 2423 ’Λρδευε
2323 2355 2422 2426 τὴν
2452 2357 2575 2428 γῆν,
2610 2359 2703 2411 καὶ
2729 2359 2796 2412 τὰ
2823 2364 2924 2431 γῆς
2953 2361 3065 2426 ζῶα
3093 2369 3281 2438 τρέφε.

2062 2438 2296 2512 Χρῄζεις
2328 2444 2532 2513 τροφῆς
2566 2445 2672 2516 γὰρ
2700 2448 2792 2499 καὶ
2832 2449 2894 2501 σὺ
2920 2453 3030 2514 τοῖς
3059 2453 3235 2519 ἄλλοις
3262 2455 3373 2515 ἶσα.

1892 2601 1988 2654 ll".
2022 2603 2123 2667 Εἰς
2162 2599 2279 2670 τὴν
2300 2601 2463 2680 ’κατὰ
2485 2602 2606 2680 ’τὸν
2627 2602 2804 2680 ’ἅγιον
2831 2607 3076 2680 Παῦλον
3114 2609 3186 2680 (9)
3219 2615 3443 2670 καὶτὸν

2294 2673 2721 2740 Χρυσόστομον
2747 2677 3036 2741 ἱστορίαν.

1893 2803 2027 2858 1520
2064 2804 2220 2873 Σίγα,
2258 2804 2443 2870 θεατὰ,
2475 2805 2568 2859 καὶ
2597 2804 2802 2875 βραχὺν
2831 2809 3014 2877 μεῖνον
3038 2814 3245 2884 χρόνον,

1891 2959 2034 3028 ignis
2113 2959 2341 3030 desuper
2401 2955 2760 3031 collabuntur,
2821 2965 3032 3036 linguas
3071 2970 3306 3028 visibiles
3363 2977 3446 3031 di-

1893 3049 2234 3118 spertientes,
2294 3067 2429 3120 quas
2474 3068 2630 3107 nemo
2678 3059 2983 3112 mortalium
3021 3061 3146 3117 alibi
3171 3064 3302 3118 vidit
3339 3083 3446 3122 uu-

1895 3155 2079 3209 quam.
2138 3140 2354 3195 Illarum
2396 3151 2573 3198 autem
2627 3160 2785 3199 unam
2839 3151 3212 3222 unusquisque
3270 3159 3445 3211 susci-

1895 3233 2124 3301 pientes,
2152 3233 2328 3288 varias
2366 3233 2575 3302 linguas
2623 3238 2922 3293 astantibus
2964 3241 3273 3310 loquuntur,
3311 3249 3446 3302 alter

1895 3324 1960 3377 ad
2009 3323 2236 3377 alterum
2271 3333 2583 3391 praesentem
2613 3328 2835 3393 gratiam
2875 3329 3204 3387 eollaudans.
3236 3335 3444 3393 Turba-

1896 3431 2014 3468 rum
2055 3415 2121 3468 ad
2173 3416 2475 3484 prodigium
2537 3431 2857 3481 concursus,
2909 3423 3189 3491 magistros
3217 3430 3447 3484 ostendit

1894 3506 2013 3559 illos
2065 3505 2313 3560 sedentes
2359 3505 2612 3562 omnibus
2665 3507 2798 3576 ipsis
2860 3512 3071 3578 prapria
3133 3515 3310 3582 lingua
3360 3519 3444 3573 lo-

1894 3607 2141 3663 quentes,
2177 3597 2278 3650 etsi
2330 3596 2494 3650 variis
2519 3612 2584 3650 ex
2619 3599 2866 3666 gentibus
2896 3602 3251 3660 coirlluxerint
3308 3608 3446 3675 (erat

1893 3688 2036 3740 enim
2089 3688 2376 3741 multitudo
2424 3688 2663 3756 gentium
2719 3693 3278 3763 commistarum).Tu
3315 3714 3445 3756 vero

1894 3779 1936 3830 si
1977 3787 2160 3846 stupes
2191 3778 2257 3832 de
2295 3781 2529 3832 novitate
2586 3778 2754 3843 visus,
2787 3784 3030 3837 ausculta
3068 3787 3329 3857 credoque
3363 3791 3445 3845 lo-

1894 3868 2202 3935 quentibus,
2250 3879 2302 3921 et
2353 3868 2581 3937 teipsum
2619 3871 2834 3925 tradens
2867 3872 3113 3943 illisigne
3145 3877 3440 3944 inspiratis,

1893 3960 2133 4012 divinum
2169 3956 2424 4026 Spiritum
2456 3959 2546 4012 Dei
2587 3960 2696 4012 lucc
2731 3962 2909 4016 omnia
2945 3965 3210 4031 miranda,
3238 3968 3441 4035 lumen,

1895 4050 2094 4118 ignem,
2145 4049 2588 4117 inspirationetn,
2656 4050 3069 4122 ignarorumqtte
3148 4059 3443 4126 sapientem

1893 4140 2217 4204 doctrinam,
2252 4139 2510 4192 divinitus
2538 4141 2748 4208 operari
2794 4143 2988 4211 cogita.

2190 4227 2302 4281 XII.
2328 4229 2388 4282 In
2421 4227 2592 4281 Etiam
2617 4247 2649 4282 τι
2671 4246 2832 4284 τοι-ιιο
2868 4234 3145 4290 nutritum.

1963 4319 2929 4390 Zelator,ediscepatientiatn,neque
2966 4327 3196 4395 desuper
3247 4329 3443 4398 ignem,

1822 4438 1867 4493 ι)
1898 4413 1986 4466 sed
2019 4427 2212 4479 aquam
2250 4411 2389 4479 plue.
2422 4410 2497 4464 Te
2550 4428 2783 4483 namque
2835 4417 3002 4469 nutrit
3031 4432 3225 4474 cervus
3258 4429 3312 4473 et
3339 4435 3446 4476 non

1896 4503 2188 4557 consumit.
2253 4500 2406 4556 Unde
2436 4513 2699 4569 quantum
2759 4505 2829 4559 sit
2873 4508 3073 4561 malum
3123 4508 3292 4564 fames
3315 4512 3445 4565 edo-

1894 4605 2033 4656 etus,
2087 4594 2251 4663 irriga
2302 4603 2598 4654 terram.ct
2659 4597 2909 4650 animalia
2968 4607 3120 4653 terrae
3167 4604 3332 4654 nutri.
3365 4601 3444 4655 Tu

1896 4685 2036 4736 enim
2070 4685 2209 4738 sicut
2236 4684 2339 4737 alia
2375 4685 2518 4737 victu
2550 4700 2695 4755 eges.

1895 4774 2029 4830 Xlll.
2089 4774 2155 4828 In
2217 4776 2387 4828 sancti
2435 4773 2597 4828 Pauli
2642 4786 2690 4829 et
2743 4780 3096 4850 Chrysostami
3148 4784 3445 4840 historiam.

1968 4868 2096 4931 Sde,
2134 4875 2426 4937 spectator,
2470 4875 2524 4922 et
2544 4867 2858 4939 aliquandiu
2887 4873 3018 4928 siste
3037 4913 3051 4939 ,
3077 4889 3146 4929 ne
3175 4874 3307 4930 forte
3324 4876 3447 4945 pul-

1496 5120 1763 5180 Mattbzei
1799 5121 1976 5182 Busti
2019 5128 2202 5180 nota).

314 5247 390 5315 (9)
451 5249 552 5309 Εἰς
590 5246 701 5310 τὴν
758 5246 904 5299 κατὰ
975 5247 1080 5298 τὸν
1130 5249 1299 5314 ἅγιον
1341 5247 1599 5301 Παῦλον.
1641 5247 1796 5300 Hauc

227 5318 519 5370 lllSIUl‘WIII
553 5315 618 5384 (si
655 5318 871 5366 historia
897 5316 1117 5368 dicenda
1139 5320 1228 5382 sit)
1259 5318 1375 5370 vide
1397 5318 1535 5385 apud
1564 5317 1789 5369 Leonem

226 5391 540 5451 Augustum
584 5392 637 5435 et
693 5385 998 5437 Simeonem
1078 5385 1491 5454 Metapltrastem
1537 5387 1589 5438 in
1675 5386 1789 5437 \‘ita

227 5454 641 5523 Chrysostor-i,
696 5457 908 5519 prie-lixa
982 5454 1268 5508 Parisiensi
1293 5457 1512 5508 editioni
1568 5462 1788 5521 operum

224 5525 480 5590 ejusdem
534 5523 938 5592 Cluy‘snstomi,
973 5534 1062 5575 aut
1098 5525 1256 5576 etiam
1293 5525 1431 5591 apud
1473 5526 1788 5585 Barouiutn,

226 5593 332 5652 qui
378 5592 622 5644 eamdem
683 5593 734 5644 in
787 5607 916 5646 suos
956 5595 1188 5647 Annales
1243 5595 1363 5646 imle
1427 5594 1788 5660 transcripsit.

228 5660 399 5715 Tum.
461 5660 520 5725 V,
564 5678 704 5715 anno
740 5662 863 5724 407,
890 5679 940 5714 n.
983 5662 1067 5715 12.
1109 5663 1217 5716 Illic
1239 5664 1382 5716 enim
1408 5663 1794 5727 Joattnitlltry-

230 5745 487 5786 sostomo
537 5733 950 5788 commentarios
979 5732 1031 5786 in
1083 5732 1346 5802 Epistulas
1375 5737 1484 5804 jam
1523 5743 1629 5788 tum
1653 5733 1788 5788 scri-

1903 5245 2046 5317 benti
2083 5243 2307 5317 Paulum
2345 5244 2646 5317 apostolum
2678 5261 2708 5299 a
2761 5257 2909 5315 tergo
2938 5256 3196 5301 astantem
3256 5249 3444 5317 habes,

1901 5316 2059 5380 eique
2102 5314 2153 5366 in
2179 5329 2360 5366 aurem
2387 5314 2858 5377 iususmrantem,
2896 5328 2946 5367 et
2973 5331 3198 5370 arcanos
3235 5314 3447 5382 Episto-

1895 5385 2063 5436 larunt
2097 5397 2290 5435 sensus
2323 5392 2684 5437 euarrantem.
2713 5384 2925 5436 Interim
2957 5395 3176 5438 sanctus
3201 5387 3443 5450 Pruclus,

1894 5453 1984 5519 qui
2015 5462 2125 5504 tum
2159 5453 2371 5517 quidem
2396 5452 2786 5521 illrrysoslomo
2826 5470 2853 5504 a
2892 5454 3223 5513 ministeriis.
3263 5465 3443 5521 postea

1895 5537 2021 5592 vero
2047 5522 2350 5589 patriarcha
2388 5520 3018 5592 Constantinopolitanus
3060 5523 3179 5583 fuit,
3219 5520 3316 5576 ista
3352 5539 3451 5592 per

1898 5591 2020 5642 ostii
2070 5592 2258 5641 rimam
2289 5592 2402 5644 sive
2439 5590 2680 5642 foramen
2709 5594 3033 5657 speculatur,
3062 5608 3164 5644 uua
3194 5608 3312 5644 Cttzn
3350 5590 3448 5644 au—

1898 5662 2000 5711 lico
2048 5660 2306 5730 quodam,
2368 5658 2458 5726 qui
2518 5660 2802 5730 malitiosis
2863 5663 3064 5714 artibus
3102 5677 3129 5713 a
3171 5664 3448 5730 dignitatis

1897 5729 2130 5784 culmine
2184 5728 2445 5798 tlcjeetus,
2480 5729 2638 5797 capiti
2702 5732 2860 5785 etiam
2904 5745 2999 5786 suo
3030 5732 3096 5785 ab
3131 5728 3450 5801 impietatem
