4118 6328
623 372 758 434 11-53

616 511 750 566 KII'.
783 511 887 578 Εἰς
918 508 1058 575 τοὺς
1094 513 1341 578 ,λόγους
1383 508 1488 560 τοῦ
1517 575 1527 578 _
1551 506 1844 574 Θεολόγου
1896 504 2032 568 τοὺς
2085 502 2170 571 μὴ

1081 575 1601 647 ἀναγινωσκομένο
1611 594 1698 640 υς.

792 739 888 800 Τίς
915 740 939 790 ὁ
967 738 1290 808 θρασυνθεὶς
1319 737 1532 806 πρῶτος
1564 737 1740 788 εἰπεῖν
1779 735 1903 796 τοὺς
1934 734 2125 801 λόγους

792 827 1026 880 ἿΙκιστα
1054 831 1273 891 τούτους
1297 829 1876 896 ἀναγινωσκομὲνους;

790 919 883 980 Τίς
921 921 1306 986 κοσμολαμπὲς
1336 920 1449 986 φῶς
1473 919 1736 970 καλύπτει
1762 917 1958 986 γωνίας

618 1015 753 1068 1125
792 1015 884 1075 Τίς
921 1015 1156 1083 ἀστέρας
1191 1014 1503 1080 λάμποντας
1544 1012 1837 1082 ἐγκρύπτει
1874 1008 2066 1076 vergat;

791 1107 887 1167 Τίς
926 1108 1240 1175 μαργάρους
1269 1105 1577 1165 στίλϐοντας
1606 1105 1680 1162 εἰς
1705 1103 1804 1170 γῆν
1836 1098 2097 1170 χωννύεις

781 1197 888 1248 ΦΞῦ
921 1197 1166 1264 κλήσεως
1203 1196 1300 1263 μὲν
1336 1195 1609 1263 βασκάνου
1643 1191 2024 1261 ψευδωνύμου.

788 1287 847 1336 Εἰ
879 1285 923 1338 δ’
951 1286 1109 1354 ἔργον
1132 1282 1245 1354 εἶχε
1275 1285 1474 1355 ζημίας
1505 1280 1874 1350 παγκοσμίου,

789 1376 902 1428 Νῦν
923 1379 965 1429 δ’
989 1377 1049 1428 οὐ
1074 1377 1180 1446 γάρ
1210 1378 1357 1428 ἐστιν
1388 1376 1566 1445 ἔργον,
1589 1372 1703 1425 ἀλλ’
1733 1373 1776 1403 ²⁹
1801 1371 1971 1432 ἄλλως
1993 1369 2166 1436 λόγος.

617 1465 753 1518 Ηζο
792 1468 864 1518 Τὸ
895 1468 1009 1535 φῶς
1040 1467 1256 1538 ὁράσθω
1283 1468 1472 1534 φαῖνον
1503 1468 1560 1519 ἐν
1595 1467 1661 1534 τῇ
1690 1463 1901 1533 λυχνίᾳ,

794 1561 966 1611 Πᾶσιν
1000 1558 1331 1626 προκείσθω,
1363 1560 1499 1610 πᾶσι
1533 1559 1684 1624 κοινῇ
1720 1553 2005 1621 λαμπέτω,

791 1651 945 1700 ’Ὀσοι
976 1648 1194 1716 βλέπειν
1228 1649 1410 1715 ἔχουσι
1440 1647 1546 1700 τῶν
1586 1645 1758 1699 ἄλλων
1785 1643 1963 1697 πλέον.

800 1741 886 1800 Ὠς
914 1741 1024 1792 εἴθε
1061 1741 1258 1802 πάντες
1290 1735 1433 1807 εἶχον
1463 1737 1657 1790 εἰδέναι
1686 1736 1811 1789 τάδε
1836 1751 1848 1765 °

793 1831 916 1882 Εἴθε
953 1833 1238 1900 προσεῖχον
1267 1831 1440 1883 τοῖσδε
1471 1831 1671 1889 πάντες
1699 1831 1808 1887 τοῖς
1841 1827 2039 1893 λόγοις.

618 1923 753 1976 1155
795 1922 951 1976 Οὖτω
981 1924 1088 1992 γάρ
1120 1925 1187 1975 ἂν
1217 1924 1502 1991 πρόχειρος
1537 1923 1570 1990 ή
1603 1919 1846 1989 σωτηρία

793 2017 978 2082 Παρῆν
1011 2016 1214 2069 ἅπασιν
1255 2013 1317 2066 ὲκ
1348 2015 1475 2082 μιᾶς
1503 2011 1705 2081 ταύτης
1730 2009 1936 2080 βίὅλου.

791 2108 836 2139 ³ο
876 2108 980 2159 Ἐὦ
1003 2109 1110 2177 γάρ
1145 2109 1341 2170 εἰπεῖν,
1371 2106 1445 2168 ὡς
1477 2105 1674 2172 σοφοὺς
1695 2104 1839 2154 ποιεῖ
1874 2102 2033 2170 μόνη,

805 2197 1074 2267 Ἀρκοῦσα
1106 2197 1242 2266 πρὸς
1271 2197 1551 2248 παίδευσιν
1582 2193 1888 2263 ἀνθρώποις
1923 2192 2048 2259 ὃλην

791 2291 1012 2359 Πλήρης
1045 2290 1140 2358 μέν
1171 2291 1284 2340 ἐστι
1313 2288 1601 2355 δογμάτων
1631 2284 1990 2352 ἀποκρύφων,

625 2381 759 2434 IHO
797 2382 1012 2450 Πλήρης
1039 2379 1094 2431 δὲ
1121 2379 1280 2431 θείων
1313 2378 1405 2431 καὶ
1439 2378 1616 2444 σοφῶν
1655 2375 1989 2444 μυστηρίων,

796 2475 1018 2542 Πλήρης
1048 2473 1102 2524 δὲ
1135 2471 1382 2541 χρηστῶν
1409 2467 1614 2538 ἠθικῶν
1645 2465 2010 2533 διδαγμάτων,

798 2566 1021 2634 Ηλήρης
1048 2564 1101 2616 δὲ
1133 2563 1356 2631 κομψῶν
1388 2559 1655 2629 τεχνικῶν
1679 2557 2037 2625 μαθημάτων,

796 2660 1062 2712 Μουσεῖον
1096 2658 1418 2724 αὐτόχρημα
1448 2655 1646 2721 γνῶσιν
1678 2650 1946 2720 ἐμπνέων.

795 2751 1011 2817 Ταύτης
1038 2749 1326 2819 ἄμεμπτον
1358 2747 1456 2815 τὴν
1488 2743 1707 2813 γραφὴν
1735 2740 2090 2810 καταρτίσας,

626 2843 762 2896 1145
803 2841 1022 2902 Πολλοῖς
1047 2840 1252 2911 τροφὴν
1281 2836 1565 2908 προύθηκα
1598 2836 1672 2904 μὴ
1700 2833 2055 2902 κενουμένην.

859 2931 987 2983 ΚΘ’.
1023 2933 1377 2998 Πρόγραμμα
1409 2930 1490 2992 εις
1526 2925 1668 2991 τοὺς
1701 2925 1949 2993 νόμους.

806 3022 876 3078 τΩ
917 3026 1109 3094 κόσμε,
1142 3023 1335 3091 κόσμε,
1372 3019 1477 3071 τῶν
1503 3016 1686 3070 κακῶν
1707 3017 1768 3068 τὸ
1797 3015 2018 3085 χωρίον,

735 3267 968 3324 XXVIII.
1012 3266 1077 3321 In
1121 3282 1379 3320 sermones
1407 3265 1648 3334 Theologi
1691 3279 1792 3318 non
1850 3263 2078 3332 agnitos.

699 3453 830 3520 Quis
864 3451 1072 3522 primus
1095 3448 1193 3501 fuit
1221 3454 1355 3500 adeo
1387 3444 1704 3498 temerarius
1749 3453 1805 3496 ut
1835 3441 1934 3496 hos
1982 3454 2185 3495 sermo-

631 3559 726 3599 nes
761 3542 905 3595 nullo
939 3539 1111 3592 modo
1158 3537 1257 3606 legi
1317 3532 1645 3602 aﬂirniaret‘i
1687 3529 1818 3596 Quis
1871 3529 2050 3584 lumen
2095 3542 2190 3595 per

632 3646 804 3690 tutum
837 3645 1098 3686 terrarum
1130 3629 1312 3682 orbem
1346 3626 1635 3694 splendens
1663 3624 1715 3677 in
1737 3623 1932 3690 angulo
1961 3618 2191 3676 occulit?

634 3723 765 3788 Quis
824 3721 996 3774 lucida
1043 3718 1221 3772 sidera
1280 3716 1421 3768 nube
1473 3713 1634 3782 tegit?
1682 3711 1814 3778 Quis
1869 3709 2190 3778 margaritas

633 3809 939 3876 splendidas
988 3807 1089 3861 sub
1134 3814 1276 3858 terra
1300 3803 1522 3871 sepelit?
1563 3800 1676 3855 lleu
1724 3799 2189 3869 compellationei‘n

636 3899 876 3954 invidam
933 3905 986 3950 et
1047 3895 1233 3948 falsam
1261 3894 1274 3947 ι
1341 3907 1465 3962 quae
1495 3891 1538 3945 si
1569 3890 1621 3943 in
1655 3904 1790 3958 Opus
1812 3889 2190 3952 adduceretur,

638 3991 1016 4044 detrimentum
1041 3985 1238 4039 mundo
1263 3986 1516 4036 universo
1539 3981 1744 4035 afferat.
1773 3979 1841 4032 At
1865 3978 2009 4032 enim
2047 3978 2194 4030 nullo

639 4081 801 4134 modo
834 4078 883 4131 id
915 4089 1075 4144 opere
1108 4081 1412 4143 prmstalur,
1442 4070 1532 4125 sed
1563 4084 1748 4122 rumor
1778 4076 1983 4121 tantum
2016 4064 2194 4119 inanis

639 4182 744 4227 est.
798 4169 1001 4223 Lumen
1072 4167 1374 4234 aspiciatur‘
1419 4162 1728 4216 illuminans
1760 4160 1814 4213 in
1846 4158 2195 4223 candelabro,

641 4263 893 4316 omnibus
956 4273 1135 4312 coram
1196 4263 1460 4325 ponatur,
1547 4253 1797 4306 omnibus
1835 4249 2195 4304 communiter

643 4354 825 4406 lumen
879 4351 1146 4413 exhibeat,
1209 4345 1421 4413 illisque
1469 4341 1755 4412 praecipue,
1802 4339 1890 4406 qui
1921 4337 2040 4405 plus
2072 4335 2196 4388 aliis

1769 366 2083 429 JOANNIS
2122 354 2678 423 EUCHAITENSIS

2460 473 2673 541 Πλῆρες
2694 467 2917 538 ταμεῖον
2945 462 3198 534 δαψιλοῦς
3229 462 3547 534 μοχθηρίας,

2452 565 2708 619 Θάλασσα
2745 562 2915 632 μεστὴ
2951 556 3246 629 συμφορῶν
3272 555 3586 625 τρικυμίας.

2450 659 2621 727 Ὅσης
2655 654 2885 726 δεηθεὶς,
2919 653 3014 706 καὶ
3043 648 3570 721 τυχὼνσυνεργίας.

2313 753 2412 806 130
2460 752 2546 812 Ὠς
2569 749 2666 820 ὀψὲ
2694 748 2827 816 γοῦν
2853 745 3031 812 γένοιο
3060 741 3259 796 σαυτοῦ
3291 739 3536 810 βελτίων,

2451 842 2693 910 Εῐληφας
2715 839 2867 892 οὐδὲν
2893 839 2974 900 είς
3001 834 3286 905 διόρθωσιν
3309 831 3491 884 πλέον.

2453 933 2515 984 Ὢ
2547 931 2716 984 πολλὰ
2750 928 3123 999 μοχθήσαντες
3156 926 3434 994 άνθρωττοι
3472 921 3672 988 μάτην,

2449 1024 2560 1077 Καὶ
2586 1021 2756 1076 πολλὰ
2788 1021 3176 1090 φροντίσαντες
3204 1016 3299 1108 ape
3311 1014 3504 1084 ρώπων
3526 1012 3705 1081 χάριν,

2456 1117 2571 1171 Ἵνα
2603 1117 2882 1186 πρέποντα
2905 1111 3088 1180 ζῶμεν
3118 1105 3423 1178 ἀνθρώποις
3452 1105 3584 1175 βίον.

2277 1211 2415 1265 1155
2454 1210 2516 1260 Ὢ
2542 1204 2897 1282 δογματισταὶ
2931 1203 3026 1256 καὶ
3061 1202 3247 1268 σεμνοὶ
3283 1200 3326 1231 ³¹
3352 1197 3712 1268 νομογράιροι,

2451 1298 2733 1368 Σύμπνοια
2766 1296 2920 1363 κοινὴ
2953 1291 3237 1362 πατρικῶν
3263 1289 3649 1358 φρονημάτων,

2448 1392 2679 1458 Φύσημα
2709 1389 2918 1457 δήμων,
2951 1385 3167 1453 ἀξίωμα
3197 1381 3537 1450 συγκλήτων,

2455 1482 2677 1549 Γνῶμαι
2712 1479 2890 1546 σοφῶν
2916 1493 2999 1538 τε,
3028 1475 3122 1528 καὶ
3154 1474 3306 1541 νόμοι
3342 1469 3623 1540 βασιλέων,

2449 1572 2676 1625 Φαύλων
2698 1570 2980 1632 κολασταὶ,
3015 1568 3123 1620 τῶν
3158 1564 3338 1618 καλῶν
3368 1562 3675 1627 ἐπαινέται,

2284 1664 2416 1719 1160
2456 1663 2649 1730 Δύμης
2679 1662 2927 1723 διώκται,
2964 1657 3268 1728 προστάται
3307 1654 3600 1723 σωτηρίας,

2453 1750 2547 1816 Οἷς
2575 1751 2878 1822 ὴκρίὸωται
2905 1751 3010 1811 πᾶς
3040 1745 3383 1816 προμηθείας
3408 1743 3633 1814 τρόπος,

2463 1843 2637 1910 Ὑμᾶς
2667 1842 2763 1910 μὲν
2793 1839 2942 1892 οὐδὲν
2975 1837 3290 1896 ὲλλιπόντας
3317 1827 3395 1886 ὦν
3433 1833 3540 1886 ἔδει

2453 1934 2594 2002 Πρὸς
2625 1932 2891 2001 ὀρθότητα
2926 1927 3036 1979 τῶν
3060 1925 3180 1978 καθ’
3207 1924 3353 1993 ἡμᾶς
3377 1917 3751 1997 πραγμάτων.

2455 2028 2610 2095 Ἔχει
2643 2024 2942 2092 κρατήσας,
2970 2019 3066 2072 καὶ
3101 2015 3349 2084 καλύψας
3374 2016 3402 2067 ὁ
3434 2011 3647 2081 χρόνος.

2287 2121 2424 2175 I165
2462 2117 2703 2187 Θνητοῠς
2727 2115 2838 2185 γάρ
2861 2105 3018 2182 εὗρεν
3051 2107 3490 2176 εὑκατέργαστον
3519 2100 3703 2170 φύσιν.

2464 2210 2527 2259 'll
2561 2207 2606 2258 δ’
2641 2205 2790 2256 ἐστὶν
2814 2200 3120 2269 ὰκράτητος
3150 2199 3183 2265 ὴ
3218 2192 3471 2262 πονηρία,

2455 2297 2591 2352 Καθ’
2620 2290 2687 2365 ἧς
2726 2294 3021 2362 ἄπρακτοι,
3053 2289 3149 2340 καὶ
3179 2287 3326 2339 κενοὶ
3354 2283 3560 2342 πάντες
3584 2279 3738 2334 πόνοι

2468 2385 2627 2453 Ὑμῖν
2662 2379 3072 2447 κατεϐλήθησαν
3114 2381 3172 2428 tv
3213 2375 3375 2430 παντὶ
3397 2372 3596 2442 χρόνῳ.

2457 2478 2530 2529 Οὐ
2556 2474 2664 2542 γάρ
2696 2472 2939 2538 πέφυκεν
2973 2469 3200 2537 ἠρεμεῖν
3231 2466 3263 2535 ἡ
3305 2461 3546 2534 σχετλία,

2288 2568 2420 2622 “70
2468 2566 2582 2618 ’Δεῖ
2605 2563 2661 2615 δὲ
2692 2563 2865 2615 ποιεῖν
2904 2559 3105 2628 μᾶλλον
3134 2557 3166 2625 ἢ
3195 2555 3428 2622 πάσχειν
3459 2552 3624 2604 θέλει.

2461 2655 2740 2726 Ἀτρωτός
2771 2655 2888 2704 ἐστι
2920 2652 3035 2711 τοῖς
3061 2649 3249 2716 φόϐοις
3277 2646 3384 2700 τῶν
3411 2642 3720 2713 δογμάτων,

2460 2747 2741 2815 Ἀληπτός
2774 2745 2889 2796 ἐστι
2921 2743 3034 2802 τοῖς
3079 2739 3294 2809 βρόχοις
3329 2735 3440 2789 τῶν
3475 2731 3845 2803 γραμμάτων.

2454 2837 2675 2897 Μᾶλλον
2700 2835 2756 2887 δὲ
2789 2835 2900 2895 τοῖς
2930 2831 3028 2900 μὲν
3050 2829 3251 2896 γωνίας
3280 2825 3470 2887 σκότος
3497 2823 3681 2883 τόπος,

2431 2933 2565 2999 Τῆς
2604 2929 2660 2982 δὲ
2689 2924 2826 2996 πρὸς
2857 2923 3002 2992 ἄκρα
3043 2919 3148 2986 γῆς
3183 2916 3242 2969 τὸ
3284 2913 3588 2981 πάντολμον
3627 2907 3847 2979 θράσος.

2290 3028 2306 3076 l
2329 3025 2423 3078 ι’ῖῑί
2462 3023 2573 3075 Οὐκ
2607 3015 2716 3073 οἶδε
2744 3015 2997 3085 κάμνειν,
3027 3010 3088 3063 οὐ
3109 3005 3417 3078 δαμάζεται
3443 3003 3649 3067 πόνοις,

2639 3255 2834 3314 XXIX.
2866 3253 3218 3321 Programma
3254 3245 3308 3299 in
3355 3243 3508 3314 leges.

2364 3443 2408 3497 Ο
2439 3437 2661 3503 munde,
2699 3433 2916 3497 munde,
2950 3430 3214 3484 malorum
3247 3425 3423 3487 sedes,
3463 3420 3678 3476 officina
3704 3417 3859 3475 varIo

2289 3534 2476 3588 labore
2498 3531 2676 3601 plena,
2708 3541 2858 3581 mare
2893 3523 3263 3578 calamitatum
3291 3515 3540 3570 ﬂuctibus
3572 3512 3857 3578 refertu’,

2290 3631 2497 3694 quanto
2555 3619 2836 3688 indigebas
2887 3612 3092 3669 auxilio
3123 3617 3502 3679 quantumque
3543 3601 3858 3674 praesidium

2295 3687 2599 3776 obtinuisti,
2633 3687 2691 3764 ut
2718 3708 2844 3762 inde
2877 3705 3092 3759 tandem
3133 3701 3304 3768 teipso
3327 3696 3513 3751 melior
3540 3695 3719 3754 ﬂeres.
3758 3687 3860 3745 nec

2293 3806 2584 3874 quidquam
2631 3800 2698 3853 ad
2744 3795 3128 3851 correctionem
3164 3792 3334 3858 magis
3385 3782 3767 3851 assumpsistil
3815 3778 3861 3836 ο

2294 3870 2539 3950 homines
2557 3889 2785 3944 multum
2813 3886 3008 3939 frustra
3036 3883 3339 3936 laborantes
3359 3885 3411 3930 et
3439 3883 3651 3943 propter
3677 3870 3862 3924 homi-

2293 3998 2389 4036 nes
2420 3979 2633 4043 solliciti
2669 3977 2811 4031 circa
2838 3963 3008 4027 |multa
3035 3980 3093 4024 ut
3119 3971 3283 4022 vitam
3315 3965 3626 4020 hominibus
3657 3974 3862 4016 conve-

2294 4075 2532 4127 nientem
2592 4066 2874 4122 vivamus!
2937 4062 2979 4115 Ο
3029 4059 3360 4127 dogmatistm
3424 4051 3867 4118 venerabilesquo

2297 4160 2668 4229 legislatures.
2719 4150 3027 4208 communis
3077 4147 3373 4216 patriarum
3446 4140 3864 4195 meditationum

2297 4227 2605 4312 consensio,
2672 4242 2880 4299 inflatio
2940 4237 3281 4307 μόροισι-ηπ),
3329 4240 3612 4287 senatuum
3642 4227 3863 4309 placita,

2303 4338 2610 4406 sapientum
2664 4331 3018 4401 cogitationes
3064 4337 3362 4392 regumque
3390 4323 3550 4389 leges,
3575 4304 3866 4386 pravorum

643 4446 846 4499 vident.
893 4441 1106 4496 Utinam
1155 4450 1339 4492 omnes
1372 4436 1484 4490 hinc
1540 4429 1811 4487 lcncrem'
1843 4428 2055 4483 Ulinam
2082 4440 2198 4478 om-
2227 4447 2272 4502 ι)
2300 4404 2601 4499 punitorcs,
2625 4423 3000 4485 bonorumque
3029 4415 3356 4474 laudatores,
3377 4408 3596 4464 sceleris
3623 4404 3868 4458 vindices

646 4553 742 4591 nes
767 4537 853 4590 liis
876 4532 1215 4588 sermonibus
1245 4528 1481 4582 animum
1522 4521 1889 4578 adverterent!
1935 4517 2024 4571 Sic
2055 4518 2196 4571 enim
2231 4496 2264 4502 '
2299 4496 2737 4589 protectoresque
2785 4508 3001 4568 salutis,
3047 4504 3243 4573 quibus
3310 4499 3489 4552 omnis
3519 4496 3872 4564 investigatur

647 4635 701 4686 in
725 4637 972 4700 promptu
1005 4627 1150 4682 salus
1170 4624 1381 4678 adesset
1405 4618 1655 4675 omnibus
1679 4631 1742 4670 ex
1782 4615 1884 4668 hoc
1916 4611 2075 4666 unico
2104 4623 2202 4662 vo-
2301 4606 2600 4680 prudentia:
2631 4602 2844 4666 modus,
2875 4613 2969 4651 vos
3011 4596 3142 4649 nihil
3179 4593 3396 4662 quidem
3447 4601 3634 4641 eorum
3658 4599 3780 4654 qua:
3802 4582 3871 4638 ad

728 4673 972 4700 ,.v...,._
1005 4673 1378 4682 ,φη-μη-
1414 4673 1425 4675 ο
2302 4673 2319 4680 _

651 4721 870 4774 lumine.
900 4717 1138 4783 Namque
1163 4721 1443 4782 prmtereo,
1475 4715 1532 4762 ut
1552 4708 1726 4774 ipsum
1778 4703 1952 4756 solum
1993 4698 2207 4766 sapien-
2304 4712 2483 4753 rerum
2536 4701 2845 4749 nostrarum
2897 4687 3287 4742 correctionem
3346 4683 3656 4734 conducunt
3707 4673 3873 4728 omit--

653 4762 870 4774 .........-.
900 4762 1136 4783 -._.--.,_-
1573 4762 1584 4774 .
2058 4762 2069 4766 -

653 4822 731 4865 tes
769 4809 977 4870 efﬁciat,
1008 4821 1128 4859 cum
1161 4807 1335 4871 ipsum
1369 4797 1500 4855 satis
1555 4796 1618 4851 sit
1650 4792 1956 4848 hominibus
1994 4791 2056 4842 ad
2088 4787 2206 4841 uni-
2305 4797 2497 4850 tentes,
2526 4784 2653 4839 vicit
2700 4777 3120 4844 obscuravitque
3160 4781 3394 4839 tempus.
3431 4765 3687 4822 Mortales
3726 4762 3872 4816 enim

651 4913 836 4959 versas
867 4898 1179 4967 disciplinas
1210 4889 1618 4961 comparandas.
1673 4885 1892 4938 Plenum
1939 4880 2202 4951 siquidem
2311 4888 2519 4935 natura:
2563 4873 2770 4929 domitu
2826 4868 2968 4924 facili
3020 4864 3266 4928 invenit;
3321 4857 3647 4914 invincibilis
3691 4862 3872 4907 autem

661 4946 835 4959 “”⁸““’“¹”’
869 4946 1175 4967 "'"'r"'——‘
1221 4946 1262 4948 “
1337 4946 1350 4961 Ι
2006 4946 2021 4951 -

654 5006 737 5052 es:
789 4996 1099 5061 dogmatum
1155 4983 1586 5041 reconditorum:
1623 4977 1838 5047 plenum
1883 4965 2202 5054 divinorum
2309 4978 2391 5023 est
2445 4966 2706 5037 pravitas,
2755 4970 2940 5018 contra
2993 4971 3150 5027 quam
3221 4951 3528 5008 inefﬁcaces
3584 4955 3639 5002 et
3685 4946 3877 4999 inanes

1866 5059 1869 5061 .
2562 5058 2572 5061 _
2613 5057 2626 5061 _
2947 5051 2958 5061 .
3123 5047 3136 5060 ο
3176 5057 3186 5061 _
3245 5060 3248 5061 ,
3298 5057 3405 5061 __-__
3466 5036 3698 5061 ___l-_~-:
3727 5047 3850 5061 ιη...-

1883 5049 2205 5116 optimorum
2315 5036 2493 5116 cuncti
2560 5057 2771 5111 labores
2797 5051 2958 5107 vestri
2991 5047 3138 5102 omni
3175 5057 3413 5114 tempore
3466 5036 3700 5109 prolapsi
3725 5047 3874 5090 sunt.

2317 5151 2431 5205 Non
2479 5149 2619 5204 enim
2683 5144 2748 5201 ad
2780 5141 3163 5213 quiescendum
3225 5145 3346 5191 nata
3369 5141 3452 5189 est
3481 5132 3596 5185 haec
3634 5127 3830 5182 misera
3859 5139 3879 5190 :-

2318 5243 2410 5298 scd
2441 5254 2653 5309 semper
2680 5251 2838 5307 agere
2863 5247 3022 5303 quam
3045 5231 3148 5299 pati
3169 5227 3389 5282 mavult.
3445 5223 3628 5291 Neque
3659 5220 3882 5288 dogma-

2321 5348 2432 5389 tum
2488 5308 2633 5386 metu
2681 5328 3016 5384 vulneratur,
3062 5334 3237 5388 neque
3297 5316 3626 5384 scriptorum
3666 5308 3880 5379 capitur

2322 5423 2522 5494 laqueis
2558 5439 2574 5476 :
2606 5428 2661 5472 at
2702 5417 2880 5487 potius
2952 5413 3069 5481 ejus
3123 5411 3175 5463 in
3203 5403 3502 5473 tenebrosis
3554 5401 3764 5471 angulis
3795 5404 3879 5453 est

2322 5485 2497 5578 Sedes,
2555 5518 2606 5564 et
2629 5485 3018 5562 ad—extremum
3048 5511 3218 5566 usque
3258 5503 3415 5549 terra
3446 5488 3596 5544 ferox
3632 5485 3875 5540 audacia.

656 5070 718 5148 cf
793 5092 1072 5144 doctorum
1163 5076 1580 5148 mysteriorum:
1612 5071 1825 5138 plenum
1866 5059 2205 5133 Ioptimorum

658 5182 941 5240 morallum
983 5178 1372 5245 praceptorum
1418 5181 1430 5215 :
1483 5161 1697 5230 plenum
1748 5154 2070 5226 elegantium
2119 5167 2209 5204 ar-

659 5270 954 5329 tificialium
986 5242 1382 5319 doctrinarum.
1413 5253 1666 5306 Musarum
1705 5261 1889 5302 revera
1931 5242 2209 5298 scientiam

659 5363 954 5431 inspirans.
1015 5352 1186 5419 llujus
1243 5344 1618 5415 inculpabilem
1666 5338 2014 5406 scriptionem
2064 5347 2213 5401 espe-

663 5424 837 5508 diens.
898 5445 1165 5517 plerisque
1212 5440 1389 5495 cibum
1458 5431 1712 5504 proposui
1758 5441 2031 5495 nunquam
2083 5424 2213 5479 deli-

663 5547 913 5600 cietttcm.

743 5719 786 5753 "
824 5735 909 5788 γρ.
945 5714 1118 5777 ἄλλος,
1197 5710 1238 5742 ³ο
1275 5723 1363 5778 π).
1394 5703 1520 5771 ἐγώ.
1601 5703 1639 5733 ³¹
1671 5716 1766 5766 γρ.
1798 5695 2144 5766 μονονράφοι.
