4118 6328
667 329 797 396 1147

850 438 1157 504 Ἐξίσταται
1180 435 1290 504 γάρ
1323 430 1602 504 πανταχοῦ
1625 432 1732 483 τῶν
1755 431 1950 498 τιμίων

663 534 802 593 1228
840 534 965 594 Τοῖς
1006 532 1283 602 κρείττοσι
1324 526 1596 597 πρόθυμος
1628 522 1742 593 (18)
1784 524 2018 587 ἡττόνων
2045 519 2225 588 φύσις.

698 627 802 681 ’127
843 626 1059 678 Ἦττων
1081 621 1138 674 δὲ
1158 610 1278 682 ,πᾶς
1301 635 1386 681 τις
1411 615 1506 670 τοῦ
1529 616 1854 686 κρατοῦντος
1876 615 2134 684 ἐννόμως,

840 716 1053 776 Ἄλλως
1077 730 1157 779 τε,
1192 711 1295 766 κάν
1320 709 1472 780 τύχοι
1500 725 1587 772 τις
1607 708 1673 760 οὐ
1705 707 1875 776 δῶρον
1898 707 2085 778 τύχης,

848 810 989 863 Ἀλλ’
1023 812 1087 861 ὲκ
1119 804 1256 859 Θεοῦ
1291 802 1435 873 σχὼν
1459 801 1553 855 τοῦ
1583 819 1651 869 κρ
1688 817 1812 860 τους
1840 797 1936 860 τὰς
1959 799 2140 866 ἡνίας,

702 902 804 958 730
854 902 942 963 Ὠς
970 901 998 952 ό
1031 898 1293 967 κραταιὸς
1319 891 1583 962 δεσπότης
1611 890 2020 949 Κωνσταντῐνος

848 995 909 1046 '0
938 989 1283 1058 Μονομάχος,
1315 979 1379 1040 οὗ
1412 985 1694 1057 κρατήσας
1723 984 1750 1034 ό
1777 979 1966 1050 φθόνος
1999 978 2108 1050 (l9)

850 1077 1281 1150 ’Δντεκρατήθη,
1305 1076 1400 1131 καὶ
1423 1075 1699 1142 νενίκηται
1725 1071 1908 1134 πλέον,

835 1167 970 1222 Θεοῦ
1000 1165 1270 1238 κραταιὰν
1301 1165 1459 1234 χεῖρα
1488 1162 1667 1223 δόντος
1699 1159 1914 1228 ὑψόθεν,

837 1261 950 1313 Καὶ
981 1259 1117 1328 πρὸς
1156 1255 1420 1328 μεγίστην
1441 1253 1598 1318 δόξαν
1621 1251 1679 1315 ἐξ
1713 1250 1932 1320 ἀτιμίας

703 1349 808 1404 755
844 1351 1075 1418 ἄραντος
1115 1349 1297 1409 αὐτὸν,
1342 1345 1502 1414 μέχρι
1553 1343 1646 1395 καὶ
1688 1340 1942 1410 λαμπροῦ
1984 1341 2231 1408 στέφους,

852 1441 963 1494 Ἀεί
988 1455 1044 1492 τε
1078 1438 1520 1506 συμπράττοντος
1555 1434 1588 1487 ὃ.
1621 1432 1877 1501 πράττειν
1910 1429 2089 1499 θέμις,

838 1532 949 1584 Καὶ
985 1527 1446 1588 συνδιευθὺ·,οντος
1473 1525 1620 1592 αὐτῷ
1640 1524 1699 1575 τὸ
1735 1522 1955 1592 κράτος,

838 1622 968 1683 Δέος
1010 1620 1112 1688 μὲν
1145 1616 1602 1704 ἐχθροῖς,¹ήδονὴν
1633 1616 1677 1667 δ’
1713 1615 1996 1682 ὑπηκόοις,

846 1715 957 1766 Καὶ
989 1705 1175 1780 θαῦμα
1206 1709 1405 1770 παντὸς
1435 1707 1527 1759 τοῦ
1577 1706 1717 1777 βίου,
1749 1705 1844 1758 καὶ
1883 1706 1977 1758 τοῦ
2018 1705 2232 1776 χρόνου.

705 1805 804 1859 740
855 1802 995 1857 Ἀλλ’
1033 1796 1077 1855 ὦ
1100 1801 1328 1872 κραταιὲ
1356 1799 1587 1851 δέσποτα
1626 1798 1956 1865 στεφητρόρε,

844 1893 1009 1960 Δέχου
1036 1893 1128 1942 τὸν
1155 1889 1418 1957 ἐξάγοντα
1442 1888 1556 1954 φῶς
1580 1885 1687 1938 ἀπὸ
1713 1885 1963 1947 σκότους,

842 1984 947 2037 Τὸν
978 1982 1036 2047 ἐξ
1060 1981 1315 2050 ἀναγκῶν
1346 1980 1502 2032 δόντα
1532 1996 1617 2031 σοι
1659 1977 1956 2048 σωτηρίαν,

842 2075 958 2127 Καὶ
994 2072 1131 2142 πρὸς
1162 2069 1413 2123 τοσοῦτον
1445 2069 1577 2135 ὕψος
1605 2068 1878 2137 ἐξάραντά
1902 2083 1983 2120 σε.

844 2164 1009 2231 Δέχου
1035 2179 1091 2214 τε
1127 2160 1355 2226 πιστῶς,
1393 2163 1486 2212 καὶ
1512 2159 1634 2212 σέ6ε
1665 2160 1800 2229 πρὸς
1830 2157 2010 2223 ἀξίαν,

702 2255 805 2309 ἨΒ
844 2254 1097 2315 Βλέπων,
1132 2252 1366 2312 ἀκούων,
1397 2250 1741 2320 προσκυνῶν,
1785 2250 2025 2320 κρατῶν,
2059 2267 2241 2320 φερων

842 2344 1012 2398 Αὐτὸν
1036 2342 1164 2406 Θεόν
1196 2359 1254 2395 τε
1290 2342 1383 2396 καλ⁸
1409 2340 1541 2395 Θεοῦ
1575 2341 1833 2410 φρικτοὺς
1855 2342 2071 2408 λόγους,

844 2435 918 2488 Τὸ
949 2436 1054 2487 τῶν
1083 2433 1290 2504 βροτῶν
1321 2433 1457 2501 φῶς,
1487 2432 1584 2503 τὴν
1605 2432 1817 2503 τρυφὴν
1843 2434 1950 2485 τῶν
1973 2431 2241 2500 ἀγγέλων,

845 2526 949 2579 Τὸν
985 2526 1080 2577 καὶ
1125 2523 1542 2588 βασιλεύσαντα,
1587 2524 1680 2575 καὶ
1717 2523 1989 2591 στέψαι)τά
2020 2539 2099 2585 σε,

843 2617 946 2670 Τὸν
974 2615 1438 2688 συμϐασιλεύοντα
1466 2614 1561 2666 καὶ
1591 2613 1861 2668 σκέποντά
1901 2631 1982 2679 σε,

1838 319 2156 381 JOANNIS
2191 314 2754 409 EUCHAITENSIS

2257 439 2307 496 Α
2371 423 2472 476 750
2509 416 2578 492 ’ᾯ
2608 418 2889 490 συγξένιζε
2925 419 3016 473 καὶ
3042 418 3247 487 φίλους,
3287 417 3380 472 καὶ
3405 417 3633 488 μητέρα,

3758 306 3898 374 1168

2505 513 2677 566 Αὐτόν
2710 528 2767 564 τι
2811 511 2903 563 τὸν
2942 510 3032 563 σὺν
3078 509 3384 580 σύμμαχον,
3419 507 3511 561 καὶ
3559 505 3900 575 προστάτην,

2506 597 2576 675 *ῼ
2598 605 2666 659 τά
2691 603 2947 675 τρόπαια,
2978 601 3170 669 κλῆσιν
3199 600 3309 671 (20)
3343 600 3500 664 ἀξίαν
3529 599 3679 653 ἔθου.

2507 694 2716 756 Πάντες
2746 694 2854 764 γὰρ
2892 695 2969 756 είς
2995 693 3052 746 ἓν
3075 691 3467 762 συνδραμόντες
3501 690 3687 760 ἀθρόοι

2508 776 2725 840 Σύνεισι
2751 784 3115 855 Χριστῷ,’καὶ
3141 781 3350 836 δέονταί
3385 797 3482 834 σου
3505 782 3683 860 χάριν,

2368 877 2468 934 7‘55
2507 879 2715 942 Πάντες
2753 895 2812 932 σε
2840 876 3241 957 λαμπρύνουσι,
3271 875 3478 941 πάντας
3498 869 3590 926 οὖν
3611 873 3788 944 δέχου.

2554 968 2672 1028 Etet
2705 976 2901 1043 στέφος
2938 991 3041 1039 σοι,
3079 973 3376 1043 μάργαροι,
3410 968 3650 1039 λαμπροὶ
3681 968 3848 1032 λίθοι,

2508 1065 2856 1146 Κοσμοῦντες
2893 1064 2968 1127 ὡς
3003 1063 3264 1117 κάλλιστα
3281 1062 3389 1152 [τὴν
3418 1062 3731 1130 ἁλουργίδα.

2509 1151 2668 1210 Οὗτοι
2698 1141 2816 1209 κατ’
2847 1155 3057 1225 ἐχθρῶν
3085 1153 3224 1207 ὅπλα
3264 1141 3345 1207 σοι
3373 1152 3662 1223 νικηφόρα,

2509 1247 2646 1299 Μεθ’
2674 1242 2749 1300 ὧν
2783 1247 3011 1316 ’κρατεῖς
3035 1261 3092 1298 τε
3126 1247 3221 1298 καὶ
3250 1245 3550 1314 κρατήσεις
3593 1242 3672 1304 είς
3709 1240 3905 1300 τέλος·

2372 1337 2472 1394 760
2524 1337 2612 1390 Ἐν
2637 1331 2717 1400 οἷς
2743 1336 2999 1404 φυλάξεις
3026 1335 3252 1406 εὐτυχές
3288 1351 3383 1386 σου
3413 1334 3474 1386 τὸ
3505 1325 3724 1402 κράτος,

2510 1429 2701 1498 Καλὴν
2731 1428 2864 1499 παρ’
2893 1427 3072 1481 αὐτῶν
3105 1429 3198 1480 καὶ
3232 1427 3276 1458 ⁸⁵
3293 1426 3400 1493 πρὸ
3421 1425 3516 1494 τῆς
3543 1428 3600 1476 ἐν
3632 1424 3822 1476 ἐλπίσι

2512 1519 2625 1589 Τῆς
2647 1519 2930 1581 εὐσεϐείας
2954 1517 3054 1588 τὴν
3092 1518 3329 1589 ἀμοιϐὴν
3353 1517 3665 1587 λαμϐάνων.

2641 1610 2765 1665 AA'.
2799 1611 2903 1674 Εἰς
2941 1610 3288 1676 Σταύρωσιν
3337 1608 3594 1676 χρυσῆν.

2513 1699 2809 1756 Κάνταῦθα
2845 1698 3080 1767 Χριστός
3113 1701 3261 1750 ὲστιν
3292 1696 3476 1748 ὑπνῶν
3509 1697 3566 1748 ὲν
3599 1695 3763 1764 ξύλῳ,

2519 1796 2678 1863 Φέρει
2703 1793 2758 1845 δὲ
2789 1791 2990 1862 χρυσὸς
3018 1790 3112 1843 τοῦ
3143 1789 3349 1851 πάθους
3373 1789 3473 1860 τὴν
3492 1789 3697 1848 εἰκόνα,

2391 1885 2485 1940 165
2537 1883 2681 1936 Ἀνθ’
2709 1878 2771 1940 οὗ
2813 1882 3066 1949 πραθεὶς,
3089 1881 3264 1933 ἔσωσε
3288 1881 3412 1941 τοὺς
3445 1878 3565 1931 κατ’
3591 1879 3798 1931 εἰκόνα.

2341 1994 2464 2050 ΛΒ¹.
2497 1996 2645 2065 Πρὸς
2695 1994 2802 2046 τὸν
2855 1993 3291 2065 ἐπιλαϐόμενον
3332 1990 3440 2065 τοῦ
3495 1986 3723 2065 ἰάμϐου.
3777 1989 3914 2065 tofi,

2407 2067 2536 2119 ἀνθ’
2560 2063 2631 2121 οὗ
2663 2063 2931 2130 πραθεὶς,
2964 2063 3043 2128 ὡς
3074 2062 3180 2130 τῆς
3222 2061 3565 2129 προθέσεως
3597 2062 3670 2114 οὐ
3709 2061 3912 2122 καλῶς

2411 2134 2850 2202 προσκειμένης
2873 2133 2942 2185 ³⁷.

2512 2246 2578 2299 El
2613 2245 2848 2316 Χριστὸν
2876 2243 3091 2314 ἐχθροῖς
3116 2241 3276 2297 ὢνιον
3305 2245 3636 2312 μιαιφόνοις,

2532 2335 2758 2407 Ἐχθρὸς
2791 2334 3036 2404 μαθητὴς
3066 2333 3336 2386 ἀντέδωκε
3373 2334 3623 2403 χρυσίου,

2523 2429 2590 2481 Τί
2624 2425 2718 2480 νῦν
2745 2429 3154 2497 ἁμαρτάνουσιν
3185 2427 3234 2480 οί
3256 2429 3617 2496 πεπεισμένοι

2520 2519 2694 2573 Πάλαι
2729 2519 3005 2589 πραθῆναι
3035 2519 3269 2586 Χριστὸν
3302 2519 3421 2571 ἀντὶ
3453 2518 3723 2588 χρυσίους

2384 2611 2486 2666 770
2526 2612 2651 2674 Πῶς
2684 2611 2730 2663 δ’
2763 2612 2812 2664 οί
2842 2611 3113 2678 λέγοντες,
3139 2610 3229 2662 καὶ
3259 2611 3561 2679 γράςοντες
3587 2612 3686 2680 τὴν
3712 2615 3914 2680 πρᾶςιν

670 2775 821 2830 ribus
867 2774 921 2828 in
975 2774 1199 2844 gratiam
1262 2772 1633 2842 praestantium
1706 2771 1850 2826 cedit
1915 2772 2242 2842 obsequiosa
2325 2771 2433 2827 cui
2463 2780 2685 2840 tropaea,
2749 2769 2968 2841 dignam
3017 2767 3354 2824 vocationem
3421 2769 3673 2837 posuisti.
3712 2770 3916 2825 Omnes

672 2865 988 2920 inferiorum
1047 2873 1258 2917 natura.
1339 2863 1574 2930 Quilibet
1643 2872 1820 2918 autem
1876 2862 2099 2918 inferior
2164 2874 2246 2920 est
2345 2865 2488 2920 enim
2513 2864 2568 2917 in
2593 2877 2762 2918 unum
2791 2862 3080 2917 coadumti
3112 2876 3169 2916 se
3205 2859 3366 2915 simul
3392 2875 3515 2914 cum
3539 2860 3758 2915 Christo
3786 2877 3918 2915 con-

672 2958 918 3026 legitimo
973 2956 1333 3020 dominatore,
1377 2956 1696 3025 praesertim,
1737 2971 1881 3020 cum,
1913 2955 2014 3010 etsi
2044 2956 2244 3011 donum
2347 2957 2580 3020 sociant,
2638 2970 2737 3026 pro
2789 2963 2840 3008 lc
2886 2955 3260 3021 deprecantur,
3309 2951 3512 3005 clarum
3575 2959 3626 3004 te
3681 2950 3917 3013 faciunt;

675 3045 903 3099 fortuna!
952 3059 1058 3098 non
1109 3045 1325 3107 habeat,
1384 3058 1412 3097 a
1447 3043 1553 3098 Deo
1581 3053 1787 3098 teneret
1831 3045 2112 3114 potestatis
2145 3047 2243 3098 ha-

674 3137 862 3200 benas,
885 3147 941 3189 ιιι
957 3149 1142 3203 pctens
1161 3135 1416 3190 Dominus
1435 3135 1820 3191 Constantinus
1838 3135 2242 3204 Monomachus,

673 3228 1054 3283 cuidominata
1091 3227 1290 3282 invidia
1321 3228 1562 3291 vicissim
1615 3238 1697 3283 est
1733 3229 1936 3283 domita
1970 3231 2249 3298 magisque

674 3319 905 3382 devicta,
953 3319 1059 3372 Deo
1109 3318 1301 3372 fortem
1364 3333 1638 3374 manume
1690 3321 1828 3375 c'azlo
1869 3322 2163 3392 praebente,
2197 3334 2249 3378 et

675 3407 740 3459 ad
789 3409 1078 3460 maximam
1107 3407 1331 3476 gloriam
1362 3423 1426 3460 ex
1490 3408 1716 3477 ingloria
1751 3426 1870 3463 cum
1911 3422 2246 3477 assuntente,

675 3510 838 3568 atque
897 3500 1058 3552 etiam
1117 3499 1182 3553 ad
1212 3500 1473 3554 illustrem
1507 3501 1749 3556 elcvante
1787 3517 2064 3570 coronam,
2107 3520 2251 3559 sem-

676 3607 879 3660 perque
904 3607 1026 3644 cum
1056 3591 1147 3643 illo
1167 3607 1287 3659 qua:
1318 3591 1495 3646 facere
1522 3592 1675 3646 decet
1709 3605 1920 3662 agente,
1966 3604 2126 3664 atque
2149 3598 2251 3664 ipsi

682 3681 934 3732 lirmante
999 3679 1314 3747 potentiam,
1407 3681 1656 3734 timorem
1714 3683 1928 3751 quidem
1988 3685 2249 3749 inimicis,

673 3769 1066 3836 jncunditatem
1104 3780 1280 3823 autem
1312 3770 1564 3836 subditis,
1595 3775 1840 3827 ctomnis
1874 3775 1993 3828 vita:
2025 3785 2077 3828 et
2119 3786 2254 3829 tem-

678 3863 828 3932 poris
861 3862 1190 3930 prodigium.
1214 3863 1464 3918 Attamen
1493 3871 1684 3932 potens
1718 3858 1941 3919 Domine
1973 3855 2252 3930 coronate,

677 3951 858 4018 recipe
921 3967 1047 4006 eum
1100 3953 1190 4020 qui
1252 3953 1432 4006 lumen
1484 3969 1514 4008 e
1548 3955 1778 4009 tenebris
1824 3956 1989 4021 elicit,
2014 3973 2136 4011 eum
2160 3959 2252 4027 qui

676 4043 773 4098 tibi
830 4044 921 4097 dat
981 4059 1013 4098 e
1060 4043 1478 4099 necessitatibus
1527 4046 1776 4109 salutem,
1815 4056 1871 4101 et
1933 4049 1998 4101 ad
2050 4057 2252 4102 tantam

677 4135 940 4187 exultavit
970 4143 1019 4187 te
1047 4135 1449 4190 celsitudinem.
1486 4135 1680 4204 Recipe
1709 4135 1959 4201 ﬁdeliter,
2000 4146 2053 4193 et
2103 4139 2254 4208 juxta

679 4227 1032 4293 dignitatem,
1097 4236 1359 4280 venerare
1414 4227 1636 4289 videns,
1697 4229 1938 4293 audiens,
1998 4231 2252 4297 adorans,

682 4320 950 4382 retinens,
991 4318 1282 4386 ferensque
1323 4319 1490 4372 Deum
1523 4319 1698 4387 ipsum
1739 4335 1802 4373 ac
1852 4324 2136 4375 metuenda
2165 4321 2253 4376 Dei

2349 3061 2538 3102 omnes
2573 3047 2737 3116 igitur
2769 3045 2968 3113 recipe.
2998 3039 3119 3096 Tibi
3152 3051 3281 3096 sunt
3309 3041 3396 3096 isti
3423 3056 3624 3096 corona
3651 3080 3667 3105 ,
3697 3057 3914 3110 marga-

2347 3138 2486 3199 ritae,
2556 3137 2762 3206 lapides
2821 3134 3043 3203 pretiosi
3099 3148 3392 3203 purpuram
3448 3148 3610 3202 quam
3685 3137 3920 3189 maxime

2347 3237 2705 3294 exornantes;
2774 3227 2862 3281 isti
2918 3234 3046 3280 sunt
3097 3225 3198 3279 tibi
3251 3225 3508 3280 adversus
3542 3226 3727 3280 hostes
3769 3241 3922 3280 arma

2348 3320 2589 3375 victricia
2612 3338 2626 3386 ;
2651 3320 2975 3388 quibuscum
3003 3317 3297 3372 dominaris
3332 3326 3385 3370 et
3415 3317 3469 3370 in
3489 3317 3646 3371 linem
3673 3317 3922 3372 domina-

2350 3411 2515 3465 beris.
2575 3408 2711 3463 Cum
2741 3406 2826 3463 h'is
2854 3415 3004 3462 tuam
3036 3407 3261 3463 feliciter
3297 3398 3539 3461 servabis
3571 3416 3920 3476 potestatem,

2351 3501 2635 3572 pulchram
2685 3500 2753 3555 ab
2805 3499 2936 3569 ipsis
2986 3500 3147 3554 etiam
3197 3508 3321 3553 ante
3361 3514 3479 3553 eam
3514 3513 3677 3567 quam
3713 3512 3921 3576 speras,

2352 3591 2570 3659 pietatis
2601 3590 2902 3645 mercedem
2938 3592 3227 3659 accipiens.

2670 3680 2862 3734 XXXI.
2897 3679 2964 3734 In
2998 3680 3319 3749 Cruciﬁa'um
3361 3697 3601 3737 aureum.

2425 3773 2563 3829 Ecce
2619 3772 2868 3828 Christus
2919 3773 2973 3826 in
3020 3774 3167 3842 ligno
3222 3773 3525 3838 dormiens;
3594 3773 3697 3826 fert
3743 3781 3921 3828 autem

2355 3864 2625 3933 passionis
2654 3865 2942 3932 imaginem
2972 3876 3190 3915 auream
3218 3878 3232 3927 ;
3266 3862 3422 3929 cujus
3441 3863 3612 3930 pretio
3653 3864 3924 3926 venditus,

2354 3972 2449 4010 eos
2477 3955 2570 4024 qui
2603 3954 2915 4040 coniormcs
2948 3963 3074 4009 sunt
3096 3969 3207 4009 sua:
3231 3954 3446 4024 imagini
3473 3953 3722 4007 salvavit.

2356 4069 2570 4123 XXXII.
2609 4069 2820 4121 Contra
2855 4067 3286 4135 vepreltensorem
3319 4066 3492 4118 ultimi
3531 4065 3717 4127 iambi,
3753 4066 3926 4135 (cujus

2423 4140 2611 4218 pretio.
2663 4139 2920 4206 venditus)
2990 4137 3142 4205 quasi
3205 4137 3573 4205 pru‘pusitiune
3648 4149 3752 4185 non
3805 4143 3928 4190 bene

2427 4217 2692 4275 apposita.

2433 4320 2490 4373 Si
2525 4321 2800 4375 Christum
2860 4322 3024 4376 saevis
3091 4323 3334 4376 venalem
3400 4322 3634 4376 inimicis
3678 4322 3936 4375 inimicus

682 4411 863 4475 verba,
900 4409 1212 4462 mortalium
1242 4410 1446 4473 lumen,
1473 4410 1690 4463 delicias
1719 4411 2057 4480 angelorum,
2082 4415 2174 4481 qui
2205 4423 2255 4468 te
2288 4421 2330 4473 ι)
2363 4413 2664 4482 discipulus
2717 4427 2850 4469 auro
2923 4425 3213 4483 corruptus
3283 4413 3536 4472 tradidit,
3590 4413 3723 4481 quid
3790 4428 3933 4464 nunc

683 4508 998 4568 regnantem
1049 4506 1477 4566 coronatumque
1525 4496 1672 4557 fecit,
1725 4499 1813 4564 qui
1845 4505 2019 4551 tecum
2065 4511 2250 4566 regnat

682 4600 737 4644 et
765 4602 817 4644 te
860 4592 1112 4644 sustinet.
1163 4589 1403 4653 Quocum
1457 4588 1689 4655 hospitio
1721 4590 1899 4656 recipe
1939 4590 2145 4644 amicos
2195 4601 2249 4645 et

685 4692 935 4747 matrem,
961 4681 1411 4747 ipsumquetuum
1445 4678 1817 4730 auxiliatorcm
1849 4690 1901 4732 et
1931 4689 2242 4748 patronum,

755 4799 800 4830 ⁸⁸
828 4815 915 4865 γρ.
945 4795 1101 4865 πρός.
1128 4795 1171 4826 ³⁷
1196 4811 1288 4863 γρ.
1325 4796 1716 4865 προκειμένης.

2357 4514 2581 4573 peccant
2611 4506 2698 4572 qui
2739 4519 3058 4572 persuasum
3111 4506 3309 4558 habent
3342 4504 3616 4558 Christum
3640 4503 3769 4557 olim
3800 4517 3931 4555 auro

2355 4595 2525 4648 fuisse
2575 4594 2904 4648 venditum?
2954 4595 3054 4659 Qui
3111 4610 3240 4648 vero
3281 4594 3523 4648 dicentes
3553 4603 3605 4646 et
3635 4594 3931 4648 scribentes

2351 4698 2454 4751 qua
2514 4685 2724 4739 ratione
2779 4699 2996 4754 quoque
3048 4686 3207 4739 modo
3273 4684 3506 4739 venditio
3547 4682 3688 4737 facta
3745 4685 3934 4746 fuerit;

1936 4888 2214 4953 Mattltsei
2250 4894 2427 4954 Busti
2462 4903 2650 4958 notas.

763 5039 873 5107 (l8)
927 5035 1055 5101 Τοῖς
1106 5032 1404 5107 κρείττοσι
1440 5031 1780 5107 βαρύθυμος.
1834 5033 2073 5107 _Ver_sum
2120 5041 2258 5096 12⁵29

691 5103 1035 5174 ειιιιιίιιυοδ
1082 5103 1176 5174 qui
1233 5103 1377 5156 hunc
1440 5103 1492 5155 in
1551 5104 1845 5169 exemplari
1869 5105 2256 5174 setiuebantur,

693 5193 875 5248 quaere
910 5173 1062 5248 nu_m.
1094 5173 1143 5233 Ἰ,
1183 5180 1236 5248 et
1285 5185 1578 5248 exorsusa
1627 5186 1782 5248 versu
1812 5173 2026 5248 ultimo,
2079 5173 2261 5245 perge.

767 5248 878 5310 (l9)
914 5241 994 5298 Οὗ
1028 5241 1333 5309 κρατήσας
1358 5243 1389 5293 ό
1424 5241 1666 5310 φθόνος,
1699 5240 1831 5292 Nam
1883 5240 2109 5299 Michael
2159 5240 2263 5301 Pa-

740 5307 893 5382 hlago
950 5307 1178 5382 Romani
1244 5307 1531 5382 successor
1575 5307 1990 5382 Monomachum
2033 5315 2086 5367 in
2123 5317 2266 5369 insu-

722 5401 805 5437 am
832 5377 1072 5436 Lesbum
1109 5378 1384 5447 relegavit,
1421 5379 1532 5447 Δἐπ’
1561 5377 1762 5438 αίτίαις
1794 5380 1906 5430 τισὶ
1947 5385 2268 5447 πεπλασμέ-
2369 5377 2487 5440 iatii

699 5392 805 5439 lam
842 5392 1072 5436 Lesbum
1109 5392 1216 5433 rete
1255 5392 1384 5440 avit,
1444 5392 1531 5428 επ
1561 5392 1762 5438 αιτιαις
1794 5392 1906 5430 τισι
1947 5392 2266 5447 πεπλασμέ-

699 5471 843 5517 ναις,
874 5452 934 5503 τὸ
962 5450 1019 5502 δὲ
1048 5449 1166 5501 ὅλον
1210 5392 1278 5518 ἓν
1305 5448 1363 5499 τὸ
1415 5442 1732 5516 ζηλότυπον,
1793 5456 1851 5499 ut
1907 5453 2094 5507 scribit
2165 5454 2266 5508 Ζο-

708 5538 895 5660 Μὲίῗ).
937 5584 1014 5660 Ῡῼ
1060 5591 1133 5644 τὰ
1196 5592 1448 5659 τρόπαια
1505 5593 1751 5659 κλῆσιν.
1797 5593 2056 5646 Sanctum
2095 5591 2267 5645 Geor.

703 5661 850 5728 gium
907 5661 1171 5732 intelligit.
1229 5664 1354 5714 [\am
1409 5661 1770 5718 Damascenus
1821 5664 1908 5715 ille
1973 5660 2267 5717 Monachus

2381 5041 2621 5099 Studites
2680 5042 2734 5097 in
2789 5041 3103 5098 Sanctorum
3128 5044 3346 5097 historia
3375 5045 3472 5100 soli
3493 5053 3681 5099 sancto
3711 5042 3934 5112 Georgio

2380 5112 2527 5166 hunc
2561 5114 2772 5167 titulum
2819 5113 2910 5166 τοῦ
2969 5115 3362 5182 τροπαιοφόρον
3408 5115 3600 5168 defert.
3634 5112 3698 5166 Et
3730 5121 3935 5165 constat

2367 5196 2434 5233 ex
2487 5183 2735 5236 Cedreno
2793 5198 2914 5250 pag.
2946 5182 3069 5235 950.
3137 5182 3551 5236 Monomachum
3605 5183 3936 5235 exstruxisse

2369 5251 2760 5305 monasterium
2788 5254 2840 5306 in
2891 5250 3170 5320 Manganis
3197 5251 3283 5302 ἐπ’
3313 5253 3538 5315 ὀνόματι
3568 5250 3678 5320 τοῦγ
3708 5250 3933 5320 μεγάλου

2372 5320 2647 5390 μάρτυρος
2695 5321 2988 5390 Γεωργίου,
3022 5317 3089 5374 ἐι
3139 5321 3489 5390 Curopalates
3528 5320 3600 5390 ide
3634 5318 3800 5390 Oﬂic.
3833 5317 3936 5390 Pa-

2581 5387 3109 5456 omtanti'nopolilani
3154 5401 3201 5441 et
3257 5389 3465 5457 Magum
3515 5388 3784 5452 Ecclesia,
3823 5387 3936 5457 fait,

2373 5459 2761 5525 Imperatorem
2813 5462 2891 5519 είς
2941 5460 3040 5526 τὴν
3070 5456 3374 5526 σεϐασμίαν
3415 5458 3583 5527 μονὴν
3623 5457 3735 5527 τῶν
3782 5456 3936 5527 Μαγ-

2372 5527 2554 5591 γάνων
2609 5527 2751 5579 κατὰ
2790 5534 3005 5596 μνήμην
3036 5527 3128 5579 τοῦ
3165 5529 3401 5595 μεγάλου
3439 5526 3709 5596 homo»
3738 5539 3767 5578 e
3793 5526 3938 5593 pala-

2373 5599 2407 5648 ti
2435 5615 2444 5640 ι
2482 5597 2772 5664 ι»ι·‹;ορι1οι·ε
2796 5599 3013 5654 solitqu
3045 5612 3166 5654 esse
3217 5598 3414 5666 Aprilis
3444 5597 3533 5653 25.
