4118 6328
581 347 714 415 1151

1741 350 2066 412 JOANNIS
2118 350 2680 413 EUCIIAITENSIS

3685 346 3828 409 1152

758 460 869 513 Καί
903 475 995 529 μοι
1027 461 1219 531 μέτρει
1255 477 1375 531 μεν,
1405 462 1521 515 ἀλλ’
1552 462 1765 533 ἄριστε,
1800 465 1895 516 σὺν
1923 463 2140 533 μέτρῳ·
2179 476 2224 526 Α
2293 462 2397 516 850
2438 456 2604 524 Οὗτος
2628 462 2807 529 λόγοις
2837 461 3056 530 ἄριστος
3086 460 3151 513 ὲκ
3187 459 3542 530 μαθημάτων,

759 551 869 605 Kal
900 551 993 605 τὸν
1017 551 1176 618 λόγον
1204 553 1310 622 γὰρ
1340 555 1434 605 σὺν
1459 554 1600 623 λόγῳ
1631 556 1949 624 χειριστέον.

757 643 956 703 Κακῶς
984 643 1040 695 δὲ
1068 645 1142 715 μὴ
1179 645 1241 696 σὺ
1268 643 1344 713 τῷ
1374 644 1522 712 καλῷ
1557 647 1790 715 κέχρησό
1820 663 1928 713 μοι.

616 733 722 788 825
771 734 1032 804 ’Λμετρία
1058 739 1164 804 γὰρ
1194 736 1466 805 πανταχοῦ
1492 738 1659 788 κακὸν
1697 738 1859 805 μέγα,

757 825 1007 877 Μάλιστα
1041 822 1089 877 δ’
1118 826 1485 898 ἡ-φθείρουσα
1512 829 1608 898 τὴν
1637 829 1837 897 μέτρου
1871 825 2054 892 φύσιν.

654 933 777 986 ΛΔ’.
824 934 1180 998 Ἐπιτύμϐιοι
1206 941 1292 1001 εἰς
1327 939 1432 992 τὸν
1477 940 1659 1008 φίλον
1687 938 1926 1006 Μιχαὴλ
1968 939 2075 992 τὸν

1218 1009 1517 1062 διάκονον.

771 1093 835 1146 Ἦ
863 1096 963 1164 τῆς
990 1100 1254 1168 μεγίστης
1281 1101 1478 1169 ἡδύτης
1503 1101 1816 1171 ἐκκλησίας,

760 1185 834 1237 Τὸ
865 1186 964 1254 τῆς
994 1190 1300 1260 κρατούσης
1328 1193 1422 1245 νῦν
1451 1194 1640 1262 ἀηδίας
1675 1193 1830 1254 ἃλας.

773 1277 831 1330 Ὀ
861 1281 967 1341 πᾶς
1004 1281 1328 1352 γλυκασμδς
1358 1287 1455 1354 τῆς
1489 1285 1606 1338 καθ’
1642 1287 1788 1354 ἡμᾶς
1819 1283 2042 1353 πικρίας

625 1358 727 1418 8340
777 1365 1011 1436 ἈπῆλΘε
1045 1372 1135 1425 τὸν
1159 1374 1418 1445 δύστηνον
1448 1376 1686 1428 ἐκλιπὼν
1714 1375 1846 1444 βίον.

775 1458 937 1526 Ἡμῖν
968 1462 1024 1515 δὲ
1052 1463 1111 1516 τὺ
1141 1466 1238 1535 ζῇν
1272 1461 1557 1536 συμφορὰν
1589 1468 1747 1534 ἀφεὶς
1790 1467 1970 1538 μόνον,

763 1551 933 1614 Αὐτὸς
969 1553 1192 1624 διαδρὰς
1217 1558 1422 1625 οἴχεται
1454 1558 1812 1625 σεσωσμένος.

764 1641 839 1694 Οὐ
873 1644 980 1712 γὰρ
1002 1646 1207 1700 δίκαιον
1231 1645 1296 1718 ἦν
1323 1649 1382 1701 τὸ
1416 1648 1528 1717 φῶς
1558 1651 1602 1682 ⁵⁸
1629 1651 1731 1702 ὑπὸ
1766 1651 1991 1713 σκότους

773 1735 895 1787 Ἔτι
923 1739 1257 1805 κρατεῖσθαι,
1286 1741 1380 1792 καὶ
1406 1741 1717 1808 διαυγάζειν
1750 1744 1946 1812 μάτην,

627 1825 732 1880 855
769 1826 994 1880 Πάντων
1023 1828 1321 1894 φιλούντων
1348 1832 1408 1884 οὐ
1432 1834 1490 1883 τὸ
1519 1834 1654 1902 φῶς,
1687 1835 1743 1885 τὸ
1770 1835 1824 1886 δὲ
1856 1838 2068 1898 σκότος.

772 1917 932 1970 Ὅθεν
965 1918 1200 1988 μετέστη
1230 1921 1366 1989 πρὸς
1392 1921 1450 1975 τὸ
1477 1925 1733 1990 συγγενὲς
1759 1926 1942 1986 σέλας.

768 2007 861 2076 Τῷ
894 2011 1065 2080 Πατρὶ
1095 2010 1202 2062 τῶν
1227 2012 1418 2078 φώτων
1443 2015 1549 2084 γὰρ
1580 2017 1761 2085 ήνὼῡη
1795 2017 1976 2082 πάλιν,

786 2098 878 2162 Ἐξ
906 2094 968 2154 οὗ
999 2102 1206 2155 τέλειον
1231 2105 1400 2174 δῶρον
1431 2103 1594 2174 ἦλθεν
1628 2109 1709 2170 είς
1741 2108 1875 2176 βίον.

786 2189 924 2240 Ἀλλ’
963 2191 1190 2244 αὐτόθεν
1231 2209 1320 2260 με,
1348 2194 1456 2246 τῶν
1481 2197 1632 2263 ἐμῶν
1661 2196 1774 2263 φῶς
1801 2196 2083 2264 ὀμμάτων,

633 2277 738 2332 840
775 2277 980 2341 Φὼτιζε
1009 2279 1101 2330 τὸν
1133 2279 1222 2330 σὸν
1248 2281 1464 2348 Μιχαὴλ
1487 2280 1760 2348 Ἰωάννην.

765 2367 888 2423 ΛΕ’.
934 2369 1297 2438 Ἐπιτύμόιοι
1325 2372 1408 2435 εἰς
1439 2372 1546 2425 τὸν
1573 2373 1980 2438 Πριυτεὺοντα.

852 2463 949 2514 Ἓν
982 2457 1050 2533 ἦν
1074 2461 1130 2513 τὸ
1151 2461 1390 2530 κοσμοῦν
1421 2462 1510 2514 τὸν
1541 2463 1882 2532 ταλαίπιιιρον
1907 2462 2021 2530 βίον

784 2556 842 2608 Ὀ
869 2553 1060 2622 νεκρὸς
1087 2547 1261 2616 οὗτος,
1291 2554 1419 2621 πρὶν
1452 2553 1641 2620 νεκρὸς
1677 2553 1999 2620 πεφηνέναι,

775 2646 919 2708 Ἕως
952 2643 994 2676 ⁸⁷
1028 2643 1107 2697 ἔτι
1136 2644 1265 2708 ζῶν,
1296 2645 1412 2712 φῶς
1448 2645 1658 2714 ὑπῆρχε
1685 2644 1778 2697 τοῦ
1810 2645 1854 2676 ⁵⁸
1882 2645 2020 2713 βίου,

779 2739 923 2799 Ἕως
954 2739 1091 2806 ὑπὲρ
1123 2737 1226 2806 γῆν
1256 2735 1366 2805 εἶχε
1399 2739 1498 2806 τὴν
1523 2739 1863 2807 λαμπηδόνα,

638 2827 745 2883 8.53
792 2827 911 2894 Ὑφ’
939 2825 1004 2899 ἧς
1043 2828 1170 2897 ὅλην
1201 2827 1408 2898 ηῦγαζε
1436 2829 1534 2898 τὴν
1569 2830 1910 2899 οἰκουμένην,

791 2921 982 2972 Ὀποῖα
1009 2921 1228 2989 φαιδρός
1252 2920 1440 2989 λύχνος
1475 2921 1756 2990 αὐχμηρὸν
1781 2922 1966 2978 τόπον.

778 3010 912 3062 Θεοῦ
937 3010 1042 3079 γὰρ
1069 3004 1222 3073 οὗτος
1243 3010 1412 3079 δῶρον
1437 3006 1504 3080 ἦν
1533 3012 1886 3080 φερωνύμως,

782 3102 1157 3170 ⁵Η6ει,‹λόγῳ,
1192 3103 1376 3172 τρόπῳ
1394 3119 1453 3155 τε
1488 3103 1582 3155 καὶ
1603 3102 1844 3171 λαμπρῷ
1877 3102 1976 3172 βίῳ

780 3194 892 3262 Τὴν
919 3194 1195 3260 εὐγένειαν
1219 3195 1317 3263 τὴν
1345 3194 1550 3248 ἄνωθεν
1580 3193 1862 3246 δεικνύων.

603 3353 710 3407 hoc
765 3352 908 3407 enim
970 3369 1035 3407 ex
1114 3352 1510 3422 sapientissimo
1556 3353 1790 3406 Pindaro
1840 3361 1942 3408 est.
2001 3353 2166 3409 Metra

605 3442 825 3510 quidem
856 3441 1019 3509 agita,
1043 3442 1155 3503 sed,
1188 3444 1406 3509 optime,
1431 3457 1552 3495 cum
1574 3452 1742 3495 metro
1771 3461 1784 3498 :
1818 3458 1997 3496 sermo
2023 3445 2168 3497 enim

608 3547 729 3586 cum
783 3533 991 3584 ratione
1046 3534 1353 3585 tractandus
1413 3542 1512 3587 est.
1543 3531 1617 3584 Tu
1675 3549 1950 3601 nunquam
2023 3535 2170 3590 bono

609 3625 749 3678 male
787 3633 937 3675 utere
968 3639 982 3676 ι
1019 3623 1391 3674 immoderatio
1452 3625 1593 3676 enim
1646 3625 1843 3692 ubique
1914 3641 2166 3698 magnum

609 3715 811 3768 malum
872 3724 974 3777 est,
1040 3713 1132 3767 sed
1169 3713 1402 3788 maxime
1438 3729 1555 3783 quae
1595 3729 1862 3768 mensura:
1920 3727 2166 3770 naturam

609 3803 861 3855 destruit.

610 3889 853 3944 XXXIV.
915 3890 1213 3959 Epitapitici
1259 3901 1445 3944 ausus
1503 3892 1551 3944 in
1589 3891 1838 3946 dilectum
1865 3892 2169 3951 llic/tacitam

1235 3963 1533 4016 diaconum.

679 4072 924 4127 Maxima!
975 4087 1214 4126 ece.esne
1285 4074 1530 4136 dulcedo,
1589 4076 1665 4129 sal
1696 4092 1839 4132 nunc
1895 4078 2171 4145 regnantis

609 4164 862 4224 tristitia),
917 4173 1108 4216 nostrae
1154 4166 1550 4227 amaritudinis,
1607 4167 1864 4232 lenimen,
1917 4171 2167 4222 miseram

610 4256 925 4318 relinquens
969 4257 1152 4316 vitam,
1207 4256 1356 4306 abiit.
1413 4255 1575 4309 Nobis
1599 4268 1776 4311 autem
1843 4260 2054 4312 nonnisi
2082 4273 2173 4311 ca-

610 4349 915 4400 lamitOsam
966 4348 1126 4398 vitam
1188 4349 1520 4415 relinquens,
1576 4351 1688 4417 ipse
1743 4349 1950 4418 fugiens
1990 4350 2172 4405 salvus

2431 549 2524 615 Οἷς
2549 555 2758 623 ἐτράφη
2785 572 2844 605 τε
2871 553 2963 606 καὶ
2990 553 3154 622 συνῆν
3182 552 3520 620 καοημὲραν.

2431 640 2597 708 Οὗτος
2630 647 2919 714 κράτιστος
2951 648 3006 698 ἐν
3029 647 3214 715 νόμοις
3247 649 3310 698 ἐκ
3336 643 3429 697 τοῦ
3453 643 3678 711 τρόπου,

2428 737 2618 802 Αέγων
2638 737 2842 800 δίκαια,
2871 738 2965 789 καὶ
2995 737 3343 790 κατευθύνων
3373 735 3607 804 κρίσεις,

2431 825 2542 878 Kal
2577 829 2694 890 ταῖς
2729 828 2931 894 πάγαις
2966 828 3204 896 ἄληπτος
3246 827 3320 878 ὢν
3359 827 3464 878 τῶν
3491 824 3799 892 λημμάτων

2293 915 2398 970 855
2450 916 2570 984 Ὑφ’
2599 912 2670 969 ὧν
2704 918 2915 985 πέφυκε
2951 919 3058 979 πᾶς
3094 916 3462 985 μαλάσσεσθαι
3490 916 3664 977 τόνος.

2429 991 2598 1070 Οὗτος
2627 1009 2774 1076 γένει
2803 1025 2860 1060 τε
2889 1008 2984 1060 καὶ
3012 1005 3146 1077 τύχῃ
3174 1010 3388 1076 φρονεῖν
3411 1005 3549 1075 ἔχων

2432 1099 2525 1160 Εἰς
2559 1099 2661 1166 γῆν
2689 1097 2856 1168 ἑώρα,
2896 1098 2990 1150 καὶ
3017 1083 3271 1151 ταπεινὸν
3305 1097 3545 1167 ἐφρόνει,

2443 1189 2530 1250 Ὠς
2558 1188 2623 1241 ἄν
2662 1173 2745 1252 τις
2779 1189 2997 1259 οἰκτρὸς
3022 1187 3405 1250 εὐτελέστατος
3433 1188 3623 1250 πένης.

2433 1279 2544 1332 Kal
2577 1281 2683 1348 γὰρ
2713 1280 2882 1348 πένης
2912 1275 2999 1350 ἦν,
3033 1277 3167 1330 ἀλλὰ
3194 1278 3418 1340 πολλοὺς
3460 1277 3746 1342 πλουσίους

2293 1371 2395 1426 860
2445 1373 2677 1424 Ἀντλῶν
2707 1372 2918 1424 ἐδείκνυ
2953 1372 3110 1441 χερσὶ
3138 1371 3574 1440 δαψιλεστάταις.

2353 1506 2356 1510 -
2431 1458 2603 1527 Οὗτος
2636 1464 2793 1536 ξένην
2828 1464 3065 1517 ὦδευσεν
3103 1462 3412 1532 ἀνθρώποις
3434 1462 3640 1532 τρίϐον,

2434 1559 2547 1610 Kal
2577 1558 2724 1626 μίξιν
2755 1551 2881 1625 εὗρε
2911 1557 3018 1610 τῶν
3044 1555 3292 1624 ἀμίκτων
3322 1555 3688 1624 πραγμάτων,

2440 1650 2705 1716 ’Λσκησιν
2730 1651 2807 1710 είς
2839 1649 2916 1713 ἓν,
2955 1649 3048 1701 καὶ
3089 1647 3367 1700 πολιτείαν
3395 1645 3563 1711 ἄγων.

2433 1742 2542 1794 Kal
2568 1741 2665 1809 τὴν
2699 1740 2796 1809 μὲν
2824 1741 2902 1802 ὼς
2925 1740 3167 1807 ἄσαρκος
3200 1737 3446 1790 ἐκπονῶν
3471 1737 3665 1805 λάθρα,

2183 1815 2230 1872 Β
2293 1834 2397 1888 865
2434 1835 2512 1903 Τῇ
2545 1834 2601 1886 δὲ
2642 1832 2943 1903 προδήλως,
2975 1833 3026 1883 ετ
3060 1848 3141 1892 τις
3173 1830 3353 1895 ἄλλος,
3390 1830 3711 1897 ἐμπρέπων.

2432 1927 2667 1993 Νύκτωρ
2698 1922 2930 1976 διαθλῶν
2959 1923 3016 1974 ὲν
3043 1922 3368 1990 προσευχαῖς
3404 1919 3725 1987 άγρύπνοις,

2430 2019 2541 2071 Kal
2572 2015 2706 2085 πρὸς
2733 2015 2801 2068 τὰ
2840 2013 2996 2067 κοινὰ
3026 2011 3297 2065 συντελῶν
3326 2011 3423 2079 τὴν
3451 2010 3660 2079 ἡμέραν
3688 2023 3701 2038 ο

2434 2110 2629 2164 Μένων
2655 2108 2921 2177 ἄχραντος
2949 2109 3005 2158 ὲν
3039 2103 3188 2174 μέσῳ
3218 2103 3328 2156 τῶν
3360 2101 3719 2172 πραγμάτων,

2444 2202 2536 2261 Ὠς
2579 2197 2857 2267 μάργαρός
2888 2213 2971 2258 τις
3007 2198 3063 2246 ιν
3096 2195 3245 2263 μέσῳ
3273 2193 3664 2265 ῥυπασμάτων.

2301 2289 2402 2345 870
2440 2289 2641 2357 Πρᾶος,
2667 2283 2921 2353 γαληνὸς,
2957 2282 3254 2350 ἔγκρατὴς,
3292 2279 3522 2349 σώφρων
3556 2276 3740 2340 πλέον,
3778 2332 3785 2352 ‘.

2446 2379 2626 2443 Ἥδὺς,
2657 2374 2958 2445 προσηνὴς,
2988 2374 3167 2436 ἵλεως,
3193 2374 3327 2424 πᾶσι
3353 2372 3526 2439 φίλος,

2439 2472 2595 2524 Θείου
2634 2469 2801 2537 φόὸου
2831 2483 2890 2520 τε
2956 2467 3048 2518 καὶ
3079 2464 3243 2516 πόθον
3279 2461 3683 2531 πεπλησμένος,

2437 2558 2606 2611 esse»,
2641 2554 2904 2617 κάτωθεν,
2935 2553 3055 2606 οὐδὲ
3082 2555 3180 2622 τῆς
3211 2551 3343 2620 ὕλης
3374 2551 3554 2619 φέρων
3576 2565 3590 2578 ·

2453 2647 2564 2699 Ἀεὶ
2589 2648 2634 2700 δ’
2661 2648 2853 2699 ἑαυτὸν
2883 2648 2994 2708 τοῖς
3024 2645 3159 2698 Θεοῦ
3184 2644 3390 2706 δούλοις
3415 2643 3597 2712 νέμων

2301 2735 2406 2791 875
2443 2736 2661 2800 Δοῦλον,
2690 2736 2959 2804 ξενιστὴν,
2991 2735 3085 2790 καὶ
3116 2734 3401 2805 ποριστὴν,
3437 2734 3531 2786 καὶ
3551 2731 3725 2802 φίλον.

2439 2820 2605 2889 οὗτος
2635 2827 2706 2891 (τί
2745 2827 2818 2897 μὴ
2846 2828 3073 2897 τάχιστα
3102 2828 3379 2897 συντεμὼν
3406 2827 3546 2894 λέγω
3571 2829 3626 2896 ;)

2443 2921 2730 2990 Ἐμψυχος
2761 2918 2925 2972 εἰκὼν
2952 2920 3154 2991 ἀρετῆς
3184 2916 3272 2992 ἦν,
3307 2921 3400 2973 καὶ¹
3421 2920 3612 2982 τύπος,

2440 3012 2554 3067 Kal
2579 3014 2694 3075 τοῖς
2718 3011 2904 3074 καλοῖς
2931 3010 3104 3066 ἅπασι
3149 3011 3446 3081 πρωτεύων
3483 3013 3661 3081 μόνος,

2442 3103 2554 3171 Τὴν
2583 3103 2778 3171 κλῆσιν
2807 3103 3102 3174 ὲκράτυνεν
3135 3105 3199 3156 ὲκ
3228 3103 3336 3156 τῶν
3365 3106 3723 3174 πραγμάτων.

2302 3190 2406 3245 880
2444 3191 2554 3245 Kal
2578 3191 2751 3245 ταῦτα
2776 3190 2875 3263 μὲν
2903 3191 3063 3264 χθές·
3096 3192 3191 3247 νῦν
3220 3193 3276 3246 δὲ
3304 3193 3356 3246 τί
3381 3211 3395 3258 ;
3436 3194 3594 3254 σκιᾶς
3614 3193 3749 3263 δναρ

2269 3349 2413 3404 enim
2470 3358 2587 3406 erat
2624 3352 2724 3406 iste
2755 3349 3113 3419 signiﬁcativo
3144 3351 3382 3414 nomine,
3415 3351 3677 3419 moribus,
3719 3365 3828 3413 ser-

2271 3457 2452 3508 mone,
2481 3443 2654 3507 cultu,
2684 3442 3072 3513 splendidaque
3099 3444 3206 3497 vita
3231 3458 3516 3512 supernam
3541 3444 3826 3498 ostendens

2271 3534 2557 3603 originem.
2589 3532 2915 3589 Litterarum
2967 3534 3214 3588 excelluit
3237 3534 3435 3598 studio,
3469 3534 3668 3603 quibus
3698 3547 3828 3586 enu-

2271 3626 2431 3681 tritus
2477 3635 2593 3680 erat
2614 3625 2960 3695 quotidieque
3003 3627 3341 3680 versabatur.
3371 3624 3570 3694 Legum
3602 3624 3829 3698 peritus,

2267 3717 2412 3786 justa
2471 3720 2796 3780 decernens,
2866 3716 3066 3785 judicia
3103 3717 3357 3784 dirigens,
3411 3725 3465 3769 et
3519 3713 3725 3782 laqueis
3761 3712 3831 3765 ir-

2273 3811 2478 3876 ridens,
2531 3810 2849 3864 muneribus
2879 3806 2998 3875 quaa
3053 3822 3193 3877 szepe
3217 3808 3426 3860 animos
3456 3812 3826 3872 corrumpunt,

2272 3901 2685 3956 inaccessibilis.
2740 3899 2838 3954 Hie
2896 3914 3088 3968 genere
3161 3899 3485 3966 fortunaque
3547 3898 3725 3951 clarus
3778 3896 3828 3948 in

2270 4002 2469 4047 terram
2503 3993 2743 4047 demisse
2781 3970 3040 4060 dirigebat
3102 3991 3290 4044 oculos
3341 3989 3721 4056 humiliterque
3743 4003 3829 4043 vc-

2273 4086 2370 4138 luti
2427 4084 2751 4144 miserabilis
2807 4083 3036 4151 vilisque
3101 4097 3302 4150 pauper
3344 4082 3619 4134 sentiebat.
3657 4080 3719 4132 Et
3746 4094 3829 4132 re-

2272 4190 2398 4230 vera
2453 4185 2656 4244 pauper
2706 4183 2841 4235 erat,
2889 4174 2982 4227 sed
3062 4173 3312 4225 manibus
3341 4171 3592 4225 hauriens
3634 4169 3832 4224 benefl-

2273 4266 2624 4331 centissimis,
2656 4265 2852 4324 multos
2897 4264 3088 4317 divites
3125 4263 3373 4316 reddidit.
3424 4261 3523 4314 llic
3557 4261 3827 4314 insolitum

2274 4358 2586 4412 hominibus
2632 4356 2957 4425 sequebatur
3011 4355 3308 4415 tramitem,
3366 4353 3728 4419 unionemque
3752 4365 3830 4405 re-

609 4443 800 4493 evasit.
861 4441 980 4492 Non
1017 4445 1157 4492 enim
1195 4459 1403 4509 :trquum
1440 4452 1553 4495 erat
1577 4444 1754 4495 lumen
1806 4444 1905 4496 sub
1934 4444 2168 4497 tenebris
2203 4451 2245 4505 ι)
2276 4463 2393 4501 rum
2441 4446 2860 4509 insociabilium,
2893 4444 3179 4511 ascqticam
3218 4459 3320 4496 una
3355 4458 3473 4494 cum
3526 4439 3668 4495 civili
3713 4452 3834 4494 con-

611 4535 788 4584 adbue
853 4533 1134 4599 comprimi
1175 4534 1476 4602 frustraque
1530 4535 1732 4600 lucere,
1770 4535 2022 4589 omnibus
2051 4549 2158 4588 non
2261 4539 2496 4608 jungens
2539 4537 2726 4598 vitam,
2781 4536 3080 4598 invenerat,
3122 4551 3283 4588 unam
3317 4534 3530 4603 quidem
3584 4533 3729 4585 velut
3759 4533 3835 4585 in-

614 4627 815 4686 ltttnt-n,
875 4626 965 4677 sed
1021 4630 1268 4680 tenebras
1323 4627 1689 4695 diligentibus.
1758 4629 1879 4681 Ideo
1901 4629 1963 4680 ad
2008 4627 2169 4681 affine
2266 4644 2562 4699 corporeus
2591 4627 2818 4681 latenter
2853 4626 3174 4697 exercebat;
3216 4626 3318 4677 alia
3355 4639 3482 4677 vero
3528 4622 3833 4689 manifeste,

612 4716 793 4767 lumen
849 4717 1136 4769 translatus
1204 4728 1304 4772 est.
1361 4717 1569 4770 Etenim
1629 4718 1770 4770 Patri
1820 4719 2170 4782 luminum,a

615 4823 722 4873 quo
776 4809 1048 4860 descendit
1113 4811 1164 4860 in
1196 4804 1354 4861 Villi-Ill
1392 4824 1552 4862 omne
1602 4813 1803 4862 donum
1851 4811 2170 4875 perfectum,

614 4898 1022 4964 emtjungendus
1050 4899 1220 4950 rediit.
1251 4899 1352 4951 Sed
1385 4899 1529 4962 hinc,
1565 4914 1806 4951 meorum
1834 4899 2014 4953 lumen
2044 4914 2176 4954 ocu-

610 4984 808 5059 lorum,
841 5001 922 5037 me
962 4995 1108 5038 tuum
1143 4986 1404 5040 Joannem
1440 4986 1684 5050 Michael,
1724 4988 1991 5049 illtunina.

845 5074 1058 5127 XXXV.
1091 5076 1430 5144 Epitaphium
1459 5079 1508 5129 in
1537 5078 1926 5131 Pi'iitticeriutn.

685 5166 851 5218 Natus
905 5177 1016 5220 erat
1047 5171 1110 5220 ad
1142 5169 1278 5222 banc
1340 5170 1589 5223 miseram
1615 5169 1775 5222 vitam
1805 5167 2172 5222 adornandam

617 5257 706 5309 bie
759 5268 1023 5321 mortuus,
1066 5260 1376 5327 priusquam
1411 5272 1656 5315 mortuus
1695 5267 2016 5329 appareret;
2048 5260 2174 5312 dum

614 5348 791 5400 adhuc
843 5349 1062 5410 viveret.
1117 5349 1238 5403 vitae
1292 5350 1470 5404 lumen
1527 5361 1681 5415 erat;
1715 5351 1842 5403 dum
1886 5363 2049 5417 super
2072 5357 2179 5402 ter-

616 5455 728 5491 ram
769 5440 1002 5508 degeret,
1035 5442 1277 5495 claritate
1301 5443 1537 5511 fulgebat
1561 5458 1723 5510 super
1758 5450 1921 5496 totam
1953 5449 2175 5502 terram,

2268 4723 2312 4776 si
2353 4721 2477 4790 quis
2532 4719 2694 4779 alius,
2744 4715 3080 4783 splendebat.
3135 4714 3328 4769 Noctes
3396 4714 3584 4783 agebat
3635 4715 3830 4768 insom-

2272 4826 2367 4866 nes
2452 4811 2508 4864 in
2561 4809 2840 4869 oratione,
2903 4807 3128 4876 diesque
3183 4804 3412 4873 publicis
3484 4803 3832 4856 consumebat

2273 4900 2502 4966 ofﬁciis;
2533 4915 2698 4969 purus
2729 4912 2952 4951 manens
2991 4899 3043 4948 in
3100 4895 3277 4948 medio
3306 4895 3640 4963 negotiorum
3699 4893 3830 4945 sicut

2279 4991 2562 5061 margarita
2589 4992 2640 5043 in
2678 4989 2868 5044 mediis
2897 4988 3169 5043 sordibus.
3201 4984 3363 5048 Mitis,
3409 4984 3676 5050 placidus,
3709 4998 3832 5036 con-

2280 5083 2473 5146 tinens,
2542 5083 2778 5149 sapiens,
2825 5093 3093 5146 amoenus,
3149 5076 3443 5139 beneficus,
3507 5076 3830 5139 misericors,

2279 5171 2533 5225 omnibus
2553 5185 2736 5234 carus,
2764 5169 2856 5221 Dei
2892 5169 3086 5220 timore
3117 5179 3405 5232 amoreque
3432 5165 3644 5232 plenus,
3703 5164 3828 5217 nihil

2277 5269 2533 5314 terrestre
2561 5274 2661 5312 nec
2685 5255 2964 5311 materialc
2989 5256 3240 5325 gerebat;
3270 5256 3362 5308 sed
3395 5255 3482 5306 Dei
3501 5255 3673 5307 servis
3697 5269 3831 5308 sem-

2275 5368 2370 5421 per
2400 5352 2637 5420 seipsum
2667 5349 2939 5417 praebebat
2967 5363 3206 5409 servum,
3255 5345 3598 5414 hospitalem,
3655 5358 3829 5414 patro-

2281 5457 2406 5494 num
2473 5451 2523 5494 et
2561 5439 2816 5494 amicum.
2850 5439 2947 5495 Hic
2982 5440 3103 5507 (cur
3133 5451 3240 5489 non
3273 5436 3457 5504 paucis
3500 5436 3832 5503 absolvam?)

614 5529 768 5595 quasi
808 5530 1022 5584 lucerna
1059 5531 1268 5601 fulgens
1299 5531 1352 5586 in
1412 5536 1702 5587 tenebroso
1735 5533 1870 5585 loco.
1909 5530 2179 5584 Deodatus
2278 5533 2399 5586 viva
2428 5530 2642 5586 virtutis
2674 5530 2850 5600 imago
2876 5543 2939 5583 ae
2969 5537 3124 5598 typus
3147 5535 3282 5591 erat,
3309 5533 3381 5589 et,
3412 5525 3569 5580 bonis
3588 5524 3844 5579 omnibus.

686 5693 728 5722 ιι
764 5711 848 5746 νο.
884 5691 986 5743 ιδπῧ)
1015 5691 1106 5744 τοῦ
1136 5695 1281 5748 σκότ,
1362 5695 1401 5727 ⁸⁷
1435 5696 1518 5748 ἵσ.
1554 5695 1766 5760 555(11-

1847 5693 1890 5724 ⁵·
1923 5710 2010 5761 γρ.
2046 5697 2274 5763 κόσμον.
