4138 6334
219 407 373 473 1153

1533 385 1826 451 VERSUS
1856 383 2177 445 lAlllBICi.

3337 362 3473 428 1154

413 517 494 570 Τὰ
525 516 700 570 πάντα
725 511 952 584 φροῦδα,
994 510 1170 563 πάντα
1201 505 1394 575 φάσμα
1422 500 1751 570 φασμάτων,
1835 502 1882 557 Α
1947 491 2050 546 219
2087 492 2206 545 Κᾶν
2237 491 2335 542 οὐκ
2360 487 2525 558 ἐῴκει
2549 483 2647 554 τὴν
2679 482 2839 552 φύσιν
2866 477 3064 549 θνητὴν
3098 476 3259 545 ἔχειν,

413 609 584 660 Φανέν
617 624 668 660 τι
704 605 922 676 μικρὸν,
951 602 1046 655 καὶ
1077 597 1346 670 παρελθὸν
1375 591 1596 652 αὐτίκα,

418 700 486 752 Ἠ
517 696 717 769 μᾶλλον
759 697 954 758 εἰπεῖν,
985 692 1159 745 ταῦτα
1194 689 1292 759 μὲν
1321 686 1388 756 ζῇ
1411 683 1504 772 καὶ
1527 679 1688 731 πάλιν
1707 691 1720 705 ⁸

409 791 488 843 Οὐ
519 789 627 860 γάρ
667 787 916 856 πέφυκεν
949 783 1116 853 ἀρετὴ
1150 782 1404 849 θνήσκειν
1435 777 1592 835 ὅλως.

267 884 379 941 885
422 882 578 950 Ἔχει
607 879 664 933 δὲ
694 880 784 931 τδν
809 875 937 946 χοῦν
967 877 1001 943 ή
1033 871 1209 943 φθορὰ
1251 869 1416 922 πάλιν
1440 865 1624 935 μόνον,

425 975 546 1043 Ἀφ’
575 966 643 1044 ἦς
666 969 900 1037 ὑπέστη,
928 967 1020 1020 καὶ
1054 964 1189 1033 πρὸς
1220 963 1288 1031 ἢν
1321 956 1674 1026 ὑποστρέφει.

416 1064 626 1120 Οὐκοῦν
650 1080 703 1116 τι
727 1062 898 1114 δεινὸν
933 1058 1090 1127 ἔσχεν
1116 1058 1143 1108 δ
1176 1053 1397 1122 κρυϐεὶς
1427 1049 1603 1115 τάφῳ,

428 1157 568 1211 Ἀλλ’
599 1158 626 1209 ὁ
658 1152 943 1224 στερηθεὶς
965 1147 1059 1200 τοῦ
1088 1145 1254 1200 καλοῦ
1283 1143 1474 1196 τούτου
1515 1139 1646 1209 βίος,

415 1249 672 1303 Τοιοῦτον
702 1245 852 1298 οὐδὲν
880 1240 1008 1295 ἄλλο
1034 1256 1088 1292 τι
1118 1236 1336 1306 βλέπειν
1359 1234 1522 1301 ἔχων.

272 1343 383 1399 890
421 1341 618 1396 Καίτοι
658 1354 723 1406 γε
751 1334 962 1388 πολλῶν
985 1331 1111 1403 ἄρτι
1138 1327 1374 1399 χρῄζων,
1403 1323 1627 1376 εἰκότως
1656 1335 1671 1350 ’

429 1425 910 1499 Ἐπικρατούντων
938 1419 1216 1488 πανταχοῦ
1241 1416 1351 1469 τῶν
1375 1411 1636 1482 χειρόνων
1659 1424 1674 1440 υ

424 1520 590 1574 Ὅθεν
621 1518 684 1571 τδ
709 1518 944 1586 πρᾶγμα.
976 1512 1171 1573 πένθος
1205 1509 1424 1577 ἡγεῖται
1455 1501 1617 1570 μέγα,

426 1611 536 1666 Καὶ
559 1611 649 1662 τὸν
680 1608 910 1660 θανόντα
939 1603 1220 1664 κόπτεται,
1250 1596 1347 1649 καὶ
1365 1591 1612 1663 δακρύει,

427 1699 598 1762 Εἰδὼς
630 1698 896 1767 μεγίστην
921 1695 988 1763 ἣν
1020 1691 1230 1758 ὑπέστη
1266 1685 1488 1756 ζημίαν.

370 1791 510 1860 nq'.
556 1791 921 1857 Ἐπιτύμΰιοι
958 1787 1045 1850 εὶς
1092 1784 1198 1835 τὸν
1235 1776 1691 1848 Χαρτοεεύλακα.

279 1885 388 1939 895
498 1883 735 1944 Πένθους
758 1883 785 1935 ὁ
818 1878 1030 1948 καιρὸς,
1063 1871 1351 1944 συμφορᾶς
1381 1866 1441 1918 τὸ
1468 1863 1689 1934 χωρίον,

429 1977 540 2030 Καὶ
561 1971 913 2042 δυστυχοῦσιν
943 1969 1108 2038 ἀρετή
1133 1982 1193 2018 τε
1221 1963 1314 2015 καὶ
1340 1960 1506 2026 λόγοι.

424 2067 500 2122 Τὸ
524 2066 674 2134 σφῶν
704 2065 812 2132 γὰρ
839 2062 1023 2120 αὐτοῖς
1050 2056 1257 2126 οἴχεται
1292 2051 1436 2119 μέγα
1469 2047 1692 2117 κράτος,

427 2157 569 2221 Ἤδη
604 2155 881 2215 πεσόντος,
920 2149 991 2210 ὡς
1024 2148 1180 2218 δρᾷς,
1220 2142 1496 2202 Ἰωάννου,

439 2247 690 2301 Ἰωάννου
723 2242 1005 2304 πεσόντος,
1033 2239 1202 2307 οἴμοι,
1242 2233 1336 2287 τοῦ
1364 2233 1526 2284 πάνυ.

279 2341 392 2396 900
427 2333 499 2391 Ὠ
529 2335 726 2406 καρδία
768 2333 1038 2400 σείσθητι,
1073 2329 1166 2380 καὶ
1189 2322 1490 2396 θραῦσθητί
1523 2337 1636 2390 μοι,

428 2434 762 2502 Πλήττοντος
793 2426 936 2478 οὓτω
965 2421 1183 2492 καιρίαν
1217 2434 1276 2470 σε
1307 2418 1400 2469 τοῦ
1430 2416 1610 2482 λόγου.

441 2524 604 2594 Ἀνὴρ
639 2522 800 2588 σοφὸς
831 2517 1112 2584 τέθνηκεν,
1141 2510 1187 2563 ὣ
1225 2513 1324 2577 τῆς
1364 2509 1566 2578 ζημίας
1589 2521 1604 2534 ο

442 2616 606 2686 ’Δνὴρ
635 2613 862 2674 δίκαιος,
893 2609 1148 2680 εὐλαϐὴς,
1184 2606 1287 2676 φεῦ
1326 2605 1414 2659 τοῦ
1452 2605 1677 2667 πάθους.

443 2710 502 2762 '0
532 2701 896 2778 χαρτοφύλαξ,
930 2701 975 2754 ὣ
1002 2716 1244 2767 στυγνων
1284 2700 1671 2767 ἀκουσμάτων,

287 2804 397 2861 905
445 2802 503 2856 Ὀ
529 2795 896 2871 χαρτοφύλαξ,
927 2787 988 2847 οῦ
1018 2793 1076 2846 τὸ
1112 2794 1238 2861 πρὶν
1281 2793 1425 2861 μέγα
1457 2792 1632 2854 κλέος,

432 2893 506 2946 Τὸ
541 2895 637 2944 καῖ.
669 2889 804 2959 πρὸς
838 2886 1001 2938 αὐτὸν
1040 2883 1266 2952 οὐρανὸν
1300 2883 1486 2950 τρίτον
1513 2883 1734 2949 φθάνον,

434 2986 547 3038 Καὶ
575 2982 672 3051 τὴν
703 2981 930 3049 ἄπειρον
955 2977 1058 3045 γῆν
1086 2977 1213 3045 ὃλην
1246 2974 1595 3045 περιτρέχον,

441 3076 504 3130 Εἰ
525 3076 616 3127 καὶ
656 3072 846 3143 βραχεῖ
870 3069 964 3121 νῦν
1004 3065 1442 3134 συγκαλύπτεται
1466 3066 1640 3134 τάφῳ.

434 3165 615 3233 Τάφος
643 3165 751 3230 γὰρ
781 3161 942 3215 αὐτὸν
971 3159 1126 3225 ἔσχεν
1156 3157 1228 3220 ὠς
1267 3156 1476 3224 θνητῶν
1509 3156 1624 3220 ἕνα,

258 3319 638 3378 tantummodo
691 3314 1052 3386 primicerius,
1110 3325 1307 3366 nomen
1362 3311 1524 3364 rebus
1578 3308 1829 3362 ﬁrmavit.

257 3412 388 3465 [Lee
433 3408 648 3478 quidem
708 3403 863 3458 heri:
900 3404 994 3457 sed
1060 3401 1186 3470 quid
1224 3399 1421 3453 hodie?
1479 3400 1683 3452 umbrae
1750 3412 1834 3450 so-

258 3501 496 3555 mnium.
559 3495 751 3550 Omnia
803 3507 978 3557 vana;
1048 3490 1232 3545 omnia
1269 3489 1565 3541 vanitatum
1602 3497 1830 3550 vanitas,

259 3591 538 3644 modicqu
595 3587 723 3657 quid
752 3599 1017 3654 apparens
1048 3593 1099 3636 et
1130 3583 1308 3635 statim
1328 3593 1678 3632 evanescens.
1715 3577 1830 3640 Vel,

261 3693 326 3738 ut
360 3683 552 3736 melius
583 3681 796 3746 loquar,
826 3678 940 3730 haec
969 3667 1191 3742 quidem
1225 3686 1441 3724 rursum
1463 3670 1650 3722 vivunt
1681 3684 1695 3720 :
1732 3669 1839 3719 vir-

262 3786 355 3829 tus
401 3772 545 3827 enim
594 3785 699 3822 non
758 3767 981 3819 omnino
1033 3764 1295 3815 moritura
1350 3769 1474 3813 nata
1499 3773 1601 3813 esu
1627 3759 1836 3826 Corpus

262 3874 446 3920 alitem
512 3869 720 3914 tantum
775 3856 1004 3911 resumit
1055 3851 1354 3919 corruptio,
1402 3866 1433 3903 a
1484 3864 1587 3917 qua
1617 3848 1840 3911 exiit,et

265 3957 324 4009 in
357 3969 518 4024 quam
544 3949 856 4004 revertitur.
882 3933 1185 4010 Nihil’ergo
1215 3940 1415 3994 l'uimsti
1445 3938 1611 3992 subiit
1632 3936 1841 3989 tumulo

266 4046 543 4106 conditus,
607 4041 700 4094 sed
760 4036 996 4089 mundus
1047 4039 1147 4086 hoc
1198 4033 1340 4086 bono
1381 4029 1644 4096 privatus,
1711 4028 1841 4080 nihil

267 4138 415 4192 aliud
442 4136 618 4189 simile.
647 4130 950 4200 pOSsidens.
976 4127 1225 4178 Attamen
1245 4122 1583 4175 multisnunc
1606 4120 1838 4187 indiget;

269 4241 379 4280 non
407 4225 635 4284 mirum,
667 4219 822 4272 malis
858 4215 1056 4281 ubique
1089 4211 1510 4266 dominantibus.
1555 4208 1680 4261 Ideo
1730 4223 1840 4258 rem

269 4329 529 4384 magnum
584 4311 814 4364 aestimat
845 4317 1154 4365 mmrorem,
1193 4309 1578 4365 mortuumque
1639 4298 1847 4365 plangit

271 4423 338 4462 ac
361 4409 710 4474 lacryinatur,
737 4397 1033 4452 maximum
1066 4394 1208 4461 quod
1244 4389 1404 4443 subiit
1430 4388 1685 4440 damnum
1723 4400 1842 4438 sen-

276 4499 440 4552 tiens.

487 4581 723 4638 XXXVI.
754 4578 1094 4648 Epitaphium
1119 4577 1170 4628 in
1199 4573 1654 4642 Carlophylaccm.

350 4679 594 4736 Maeroris
621 4688 848 4742 tempus,
880 4684 1133 4723 aerumna:
1159 4669 1330 4720 locus.
1361 4665 1545 4718 Jacent
1596 4664 1770 4714 virtus
1799 4669 1852 4712 et

276 4773 471 4822 litterae
507 4783 519 4818 :
546 4763 745 4832 quibus
775 4761 950 4812 ablata
986 4766 1068 4809 est
1100 4769 1290 4822 magna
1331 4760 1588 4820 potestas,
1613 4760 1849 4810 mortuo,

273 4862 388 4930 jam
433 4867 490 4910 ut
517 4856 684 4918 vides,
730 4850 957 4912 Joanne,
1002 4847 1175 4902 eheu!
1229 4842 1625 4897 illustrissimo.
1654 4839 1697 4893 0
1733 4855 1849 4903 cor,

281 4963 624 5006 commovere
677 4960 742 4999 ac
797 4949 1098 5003 conterere,
1154 4947 1207 4991 et
1257 4950 1444 4989 aurem
1505 4935 1702 5001 praebe.
1763 4929 1852 4983 Vir

281 5043 501 5110 sapiens
523 5045 773 5091 mortuus
812 5043 934 5087 est:
961 5032 1091 5099 proh
1127 5026 1312 5082 dolor!
1355 5024 1434 5077 vir
1461 5023 1659 5090 justus,
1691 5021 1854 5073 bene-

283 5132 442 5194 ﬁcus,
485 5127 681 5182 cecidit
720 5141 735 5179 :
768 5123 1022 5177 omnibus
1079 5117 1301 5172 ﬂebilis!
1358 5112 1759 5180 Cartophylax,
1822 5124 1853 5160 o

285 5221 561 5276 funesmm
606 5215 889 5271 nuntium!
930 5210 1313 5279 Cartophylax,
1359 5205 1516 5274 cujus
1545 5212 1703 5255 antea
1734 5216 1852 5253 ma-

289 5329 394 5384 gna
461 5322 576 5366 erat
625 5309 814 5378 gloria,
852 5312 1277 5374 perveneratque
1310 5296 1377 5349 ad
1421 5294 1641 5348 tertium
1683 5306 1854 5359 usque

288 5383 510 5469 omium,
546 5419 607 5457 ac
647 5412 817 5456 totum
840 5400 1022 5454 orbem
1051 5403 1316 5448 terrarum
1371 5386 1674 5448 circuierat,
1708 5383 1852 5435 brevi

293 5510 440 5550 nunc
487 5495 676 5564 tegitur
723 5492 951 5544 tumulo.
986 5482 1251 5540 ’l‘umulus
1308 5478 1449 5532 enim
1489 5475 1664 5543 ipsum
1696 5472 1856 5525 habet

293 5602 554 5660 tanquam
612 5601 776 5641 unum
804 5599 868 5638 ex
924 5576 1263 5638 mortalibus,
1309 5571 1410 5626 etsi
1438 5565 1722 5622 mortalem
1746 5578 1853 5619 non

363 5747 408 5778 “‘
432 5743 519 5796 τσ.
545 5742 720 5793 πλέον.

1861 3158 1906 3217 C

2089 580 2337 651 Βροντῶν
2381 579 2479 648 μὲν
2509 577 2695 645 ὥσπερ
2735 578 2800 628 ὲκ
2831 572 3008 642 νεφῶν
3035 574 3091 626 ὲν
3139 574 3248 632 τοῖς
3273 569 3471 637 λόγοις,

2092 677 2312 745 Ἔργων
2349 672 2404 724 δὲ
2433 669 2812 740 λαμπρότησιν
2845 667 3174 737 ἀστράπτων
3208 665 3252 696 ‘9
3289 662 3474 726 πάλιν,

2086 768 2197 818 Καὶ
2224 765 2363 836 πρὸς
2387 761 2523 814 Θεοῦ
2559 760 2792 830 μίμησιν
2822 757 3201 826 ἡκριϐωμὲνος
3227 774 3238 787 ·

2091 855 2359 908 Τοσοῦτον
2387 855 2534 924 ἡμᾶς
2556 855 2680 916 τοὺς
2702 852 2873 922 χαμαὶ
2899 853 3096 903 λείπων
3130 854 3299 904 κάτω.

1951 948 2055 1002 915
2094 947 2258 999 Ὅσον
2297 946 2572 1014 συνῆπται
2609 942 2926 1012 πλησιάζων
2959 944 3070 1003 τοῖς
3103 943 3230 998 ἄνω,

2089 1039 2359 1107 Λαμπροῦ
2395 1038 2510 1106 βίου
2541 1055 2600 1091 τε
2636 1038 2727 1090 καὶ
2762 1036 2923 1104 λόγου
2964 1035 3241 1099 κοινωνίᾳ.

2090 1130 2268 1185 Τανῦν
2304 1129 2556 1184 δὲταῦτα
2590 1129 2785 1199 μικρὸς
2811 1127 3006 1198 ἤλεγξε
3037 1126 3249 1196 χρόνος»

2089 1218 2466 1290 Διαρῤυέντων
2496 1218 2689 1287 ἀθρόον
2721 1217 2940 1272 πάντων
2973 1218 3111 1285 ἅμα,

2091 1311 2203 1364 Καὶ
2235 1311 2328 1362 τὸν
2361 1309 2486 1379 χθὲς
2513 1309 2816 1375 αὐγάζοντα
2859 1309 3082 1379 φαιδρὸν
3115 1307 3321 1376 ἀστέρα

1954 1401 2056 1455 9Ξο
2096 1400 2272 1453 Δύντα
2307 1401 2558 1468 πρόωρον
2586 1393 2739 1463 οὗτος
2770 1400 2970 1470 ἔκρυψε
3003 1401 3192 1464 τόπος,

2111 1488 2309 1557 ’Λστὴρ
2340 1488 2461 1556 μὲν,
2494 1486 2608 1541 ἀλλ’
2639 1489 2948 1557 ἤστραπτεν
2980 1489 3132 1557 ἡλίου
3168 1488 3346 1548 πλέον,

2097 1581 2367 1650 Πρόσγεια
2408 1581 2660 1649 λάμπων,
2688 1579 2826 1631 ἀλλὰ
2863 1581 3027 1632 νικῶν
3057 1580 3181 1639 τοὺς
3213 1580 3345 1640 ἄνω,

2097 1673 2228 1738 Καὶ,
2267 1673 2328 1724 τὸ
2357 1673 2670 1740 κράτιστον,
2704 1673 2829 1724 νοῦν
2876 1689 2931 1724 τε
2968 1673 3058 1725 καὶ
3099 1673 3254 1738 λόγον
3303 1672 3486 1739 φέρων

2100 1761 2192 1826 Οἷς
2217 1761 2373 1834 ἦγεν,
2403 1761 2481 1826 οἷς
2517 1765 2702 1832 ἔθελγε
2735 1765 2828 1816 καὶ
2863 1763 3027 1814 λίθων
3058 1763 3241 1830 φύσιν.

1858 1826 1893 1880 lg
1961 1857 2064 1910 925
2106 1826 2368 1908 Τοιοῦτον.
2392 1850 2456 1925 ἦν
2487 1856 2548 1906 τὸ
2569 1826 2752 1922 θαῦμα
2787 1856 2881 1922 τῆς
2910 1853 3031 1922 χθὲς
3067 1826 3277 1924 ημέρας
3306 1869 3320 1884 ο

2102 1947 2369 2001 Τοσοῦτον
2400 1947 2684 2017 εὐτύχημα
2712 1945 2805 1998 τοῦ
2837 1948 3034 2006 παντὸς
3065 1946 3204 2014 βίου,

2101 2041 2208 2093 Καὶ
2235 2041 2329 2092 τοῦ
2362 2038 2481 2091 καθ’
2512 2039 2660 2106 ἡμᾶς
2687 2033 2822 2089 εἶδεν
2855 2037 3004 2105 ¹ἥλιος
3035 2037 3250 2104 χρόνου.

2101 2130 2215 2184 Νῦν
2247 2132 2290 2182 δ’
2325 2131 2401 2192 ὼς
2430 2129 2621 2197 ἔϐλεψε
2647 2129 2743 2197 τὴν
2773 2127 3023 2179 ἐναντίαν
3051 2129 3241 2198 τύχην,

2104 2224 2214 2275 Καὶ
2236 2221 2334 2292 τὴν
2362 2222 2512 2275 κάτω
2539 2219 2859 2272 σῦεσθείσαν
2887 2221 3029 2287 ἔγνω
3061 2220 3341 2289 λαμπάδα,

1966 2313 2070 2368 950
2112 2311 2234 2365 Οὐδ’
2271 2311 2434 2373 αὐτὸς
2463 2311 2596 2380 ἡμῖν
2627 2311 2885 2380 καρτερεῖ
2919 2310 3158 2380 λάμπειν
3196 2311 3274 2361 ἔτι
3299 2326 3315 2342 ο

2117 2405 2276 2458 Ἀλλά
2317 2402 2634 2472 σκυθρωπός
2665 2404 2801 2467 ἐστι,
2834 2403 2929 2453 καὶ
2959 2401 3166 2464 πάθους
3190 2406 3369 2471 γέμει.

2105 2496 2197 2546 Δεῖ
2235 2497 2340 2563 γὰρ
2384 2493 2708 2561 στυγνάζειν
2749 2493 2930 2545 πᾶσαν
2962 2493 3088 2558 ἄρτι
3147 2494 3243 2562 τὴν
3291 2494 3491 2555 misy,

2115 2587 2204 2647 Ὠς
2236 2584 2332 2651 τὴν
2355 2584 2555 2653 ἑαυτῆς
2583 2581 2738 2646 δόξαν
2766 2583 3165 2654 ἐστερημένην.

2123 2675 2446 2745 Ὀμώνυμός
2489 2692 2572 2728 σοι
2603 2674 2795 2740 ταῦτα,
2827 2672 2979 2726 δοῦλε
3016 2674 3250 2744 Κυρίου,

1969 2767 2073 2824 935
2109 2768 2301 2836 Ψυχῆς
2335 2769 2474 2836 ἐμῆς
2511 2764 2758 2836 μέλημα,
2793 2766 2907 2832 φῶς
2933 2765 3040 2817 τῶν
3072 2766 3355 2832 ὀμμάτων,

2111 2857 2467 2927 Μαθημάτων
2497 2857 2739 2921 κοινωνὲ,
2769 2858 2863 2908 καὶ
2901 2855 3260 2920 διδασκάλων,

2107 2950 2180 3024 ’ᾯ
2206 2953 2299 3004 καὶ
2327 2949 2578 3018 συνέζης,
2611 2948 2706 3000 καὶ
2735 2950 3018 3010 συνέπνεις
3044 2949 3100 3000 ὲν
3134 2947 3253 3016 βίῳ,

2112 3046 2253 3115 Πρὸς
2281 3045 2340 3097 ὃν
2369 3042 2429 3096 τὸ
2458 3041 2677 3110 φίλτρον
2707 3037 2849 3107 εἶχες
2873 3039 3231 3110 ἐξῃρημένον,

2121 3135 2443 3206 Ὀμὼνυμός
2475 3122 2563 3185 σοι
2582 3132 2739 3201 τήνδε
2770 3130 2867 3201 τὴν
2901 3132 3187 3202 μονῳδίαν,

1934 3295 2208 3349 vrderetur
2256 3291 2454 3347 habere
2501 3298 2990 3353 naturam,tonans
3019 3298 3079 3351 ut
3106 3305 3135 3344 e
3181 3291 3418 3346 nubibus
3445 3293 3498 3348 in

1936 3387 2302 3450 sermonibus,
2364 3380 2615 3453 operum!
2641 3391 2818 3436 autem
2847 3399 3063 3437 rursum
3093 3384 3376 3452 splendore
3399 3385 3503 3440 ful-

1937 3495 2162 3550 gurans,
2211 3489 2263 3532 et
2288 3477 2527 3530 imitator
2548 3475 2640 3527 Dei
2667 3473 2970 3542 perfectus;
3005 3483 3212 3528 tantum
3270 3492 3367 3531 nos
3395 3488 3503 3531 ter-

1938 3585 2098 3625 renos
2157 3567 2298 3622 infra
2345 3565 2675 3633 relinquens,
2728 3575 2991 3632 quantum
3062 3566 3374 3620 caelestibus
3447 3575 3504 3622 et

1941 3663 2139 3717 illustri
2195 3661 2302 3713 vita
2342 3670 2396 3715 et
2454 3661 2601 3713 claro
2649 3675 2896 3713 sermone
2921 3657 3503 3727 conjnngiturpropin-

1941 3770 2106 3824 quus.
2170 3750 2324 3805 Nunc
2376 3760 2556 3804 autem
2619 3750 2731 3803 hac
2757 3765 2982 3817 parvum
3034 3758 3264 3818 tempus,
3296 3750 3508 3804 cunctis

1944 3859 2048 3898 una
2105 3842 2254 3898 brevi
2322 3841 2735 3910 proﬂuentibus,
2800 3842 3090 3905 revelavit;
3127 3851 3179 3895 et
3236 3842 3383 3893 illum
3413 3841 3506 3909 qui

1945 3935 2128 4004 fulgidi
2154 3934 2285 3987 astri
2316 3937 2481 3986 instar
2511 3932 2623 3985 heri
2659 3931 2992 4000 Splendebat,
3021 3931 3107 3982 hic
3139 3939 3261 3984 ante
3294 3941 3507 3999 tempus

1945 4025 2229 4078 occiduum
2285 4023 2570 4076 abscondit
2641 4022 2809 4074 locus.
2855 4021 3071 4073 Astrum
3104 4021 3355 4088 quidem,
3411 4025 3507 4078 sed

1947 4117 2227 4185 plusquam
2283 4119 2364 4168 sol
2425 4113 2699 4166 irradiavit
2736 4127 2940 4181 :sltper
3003 4122 3198 4166 terram
3254 4115 3506 4178 lucebat,

1949 4209 2039 4262 sed
2099 4206 2344 4259 vincebat
2401 4204 2658 4259 caelestia.
2721 4204 2783 4256 Et
2829 4203 2970 4270 quod
3026 4206 3358 4272 pra‘cipuum
3402 4215 3509 4269 est,

1951 4307 2186 4351 mentem
2236 4297 2606 4360 rationemque
2669 4294 2905 4361 gerebat,
2942 4293 3140 4360 quibus
3170 4293 3340 4363 ipsam
3373 4294 3512 4362 lapi-

1951 4389 2077 4440 dum
2110 4395 2357 4439 naturam
2392 4383 2662 4436 demulsit.
2689 4381 2920 4436 Tantum
2947 4393 3063 4437 erat
3098 4384 3201 4437 diei
3245 4385 3512 4438 hesternae

1874 4481 1924 4538 ι)
1951 4476 2287 4545 prodigium!
2315 4474 2538 4526 Tantam
2568 4471 2748 4526 omnis
2779 4472 2900 4526 vita:
2947 4474 3232 4541 omnisque
3254 4478 3512 4542 temporis

1953 4567 2123 4620 nostri
2181 4565 2348 4618 decus
2401 4562 2482 4616 sol
2531 4562 2771 4630 aspexit!
2809 4559 2963 4615 Nunc
3014 4572 3191 4615 autem
3219 4577 3340 4616 cum
3380 4564 3513 4618 vidit

1953 4658 2279 4712 contrariam
2359 4655 2672 4719 fortunam,
2753 4653 3171 4722 interioremque
3234 4655 3511 4708 lucernam

1953 4749 2205 4817 cognovit
2255 4747 2598 4810 exstinctam,
2647 4745 2756 4811 jam
2805 4758 2908 4796 non
2962 4745 3074 4812 ipse
3134 4743 3290 4797 nobis
3333 4745 3516 4797 lucere

1954 4842 2126 4904 valet;
2182 4839 2274 4891 sed
2357 4837 2523 4890 tristis
2573 4845 2654 4891 es:
2711 4844 2763 4890 et
2819 4849 3052 4889 maerore
3096 4835 3307 4903 plenus.
3354 4837 3516 4888 Decet

1955 4931 2095 4984 enim
2131 4944 2274 4982 nunc
2327 4943 2538 4982 omnem
2566 4942 2793 4980 ΠῘΨΙἙΙὉ
2822 4936 3096 4990 naturam,
3129 4934 3384 4995 tanquam
3414 4941 3515 4980 sua

1952 5021 2194 5075 orbatam
2229 5021 2414 5088 gloria.
2444 5017 2742 5081 Confrater,
2777 5032 2930 5071 serve
2948 5016 3182 5079 Domini,
3232 5019 3350 5069 vita:
3381 5032 3514 5069 intra

1951 5113 2196 5174 dulcedo,
2229 5111 2406 5164 lumen
2449 5110 2721 5162 oculorum
2753 5123 3012 5170 meorum,
3068 5108 3372 5161 studiorum
3402 5123 3515 5159 mu-

1954 5202 2350 5270 gistrorumque
2398 5199 2562 5261 socie,
2616 5211 2849 5266 quocqu
2903 5197 3082 5250 vixisti
3117 5212 3405 5262 acremque
3442 5198 3517 5248 vi-

1955 5293 2114 5345 talem
2153 5290 2401 5353 hausisti,
2431 5288 2516 5342 cui
2547 5286 2741 5352 philtra
2792 5287 3028 5340 habebas
3053 5287 3361 5350 allicientia,
3382 5301 3517 5338 con-

1960 5378 2145 5442 irater,
2171 5378 2403 5446 inquam
2432 5377 2570 5430 hanc
2599 5376 2694 5430 tibi
2720 5375 3025 5429 monodiam
3062 5377 3222 5440 dicat,
3253 5376 3516 5444 seipsnm,

1962 5472 2156 5541 quibus
2183 5483 2326 5526 tuam
2364 5472 2686 5526 lamentatur
2749 5480 2998 5535 mortem,
3052 5471 3374 5524 lamentans.
3416 5468 3519 5523 Ce-

1962 5565 2094 5620 cidit
2139 5565 2363 5631 cedrus;
2400 5565 2562 5634 pinus
2591 5564 2924 5634 ingemiscat.
2948 5562 3006 5617 Si
3030 5563 3173 5618 enim
3217 5573 3272 5618 tu
3301 5562 3458 5619 citius
3488 5576 3519 5615 e
