4118 6328
555 353 562 358 ’
589 338 730 417 ιιω

625 449 739 508 490
804 450 848 502 0
882 446 1023 518 πρὸς
1054 446 1114 501 ot
1142 444 1348 518 θερμὸς
1379 446 1444 499 ἐκ
1478 444 1770 515 συνηθείας
1798 444 1961 516 ἔρως.

767 543 844 597 εξ,
878 544 988 611 γὰρ
1017 540 1263 610 τιθηνὸς,
1295 539 1390 592 καὶ
1414 538 1614 609 τροφός
1648 553 1740 607 μοι
1774 535 2030 606 φιλτάτην

766 634 842 688 Σὺ
871 631 1243 700 παιδαγωγὸς,
1281 631 1378 684 καί
1410 630 1733 690 διδάσκαλος
1762 630 1898 699 μόνη
1923 644 1938 659 ο

781 726 874 782 Ἐν
909 728 992 778 σοὶ
1024 727 1225 788 πόνους
1272 724 1481 790 ἤνεγκα
1514 720 1786 792 μακροὺς,
1827 723 1921 774 καὶ
1952 721 2172 786 κόπους,

777 817 872 871 Ἐν
897 817 982 868 σοὶ
1002 815 1170 887 ,διῆξα
1203 815 1408 877 νύκτας
1445 813 1761 880 ἀγρύπνους
1793 813 1941 874 ὅλας,

628 908 736 965 ⁴95
785 907 872 961 Ἑν
896 909 995 962 ’σοὶ
1025 907 1391 976 διημέρευσα,
1421 904 1647 973 κάμνων
1677 907 1735 956 ὲν
1771 903 1970 970 λόγοις,

770 999 911 1062 Τοὺς
945 999 1043 1068 μὲν
1080 997 1335 1072 διορθῶν,
1367 995 1494 1058 τοὺς
1527 996 1584 1047 δὲ
1637 994 1950 1047 συντάττων
1996 992 2176 1060 πάλιν,

777 1092 996 1160 Κρίνων
1031 1089 1304 1161 μαθηταῖς
1333 1091 1431 1141 xui.
1458 1087 1570 1158 (29)
1599 1086 1942 1145 διδασκάλοις
1979 1083 2098 1154 ἔρις

775 1180 1039 1252 Ἔτοιμος
1071 1179 1148 1233 ὣν
1181 1178 1390 1232 ἅπασιν
1441 1180 1520 1240 εὶς
1552 1175 1898 1243 ἀποκρίσεις,
2099 1243 2111 1256 .

773 1278 884 1331 Καὶ
923 1270 1317 1346 προστετηκὼς
1343 1272 1464 1332 ταῖς
1509 1270 1776 1338 γραφαῖς,
1810 1267 1903 1317 καὶ
1939 1269 2061 1326 ταῖς
2101 1263 2154 1331 βί

1918 1356 2112 1434 [ὅλοις.

639 1460 740 1516 500
793 1457 880 1511 Ἐν
905 1457 989 1511 σοὶ
1030 1454 1237 1524 συνηξα
1264 1455 1470 1526 γνῶσιν
1497 1454 1564 1506 ὲκ
1597 1450 1962 1520 μαθημάτων,

787 1551 878 1604 Ἐν
912 1551 997 1601 σοι
1035 1548 1097 1600 δὲ
1125 1547 1333 1616 ταύτην
1359 1548 1470 1600 τοῖς
1507 1545 1724 1597 θέλουσι
1757 1540 2084 1610 σκορπίσας,

779 1639 1238 1705 Πολλοὺςσοφοὺς
1267 1633 1448 1695 ἔδειξα
1476 1634 1677 1700 προῖκα
1711 1629 1817 1680 τῶν
1854 1627 2012 1679 νέων.

777 1732 1000 1791 Τούτοις
1025 1730 1147 1781 ὅλον
1173 1746 1264 1797 με,
1291 1729 1558 1794 πατρικὴ,
1590 1723 1825 1790 θέλγεις,
1860 1718 2048 1787 στέγη.

782 1823 1010 1883 Τούτοις
1043 1838 1110 1890 με
1146 1823 1443 1888 κάμπτεις,
1471 1819 1566 1870 καὶ
1587 1813 1887 1882 κατακ-λᾷς,
1925 1806 2185 1879 φιλτάτη·

627 1917 745 1974 505
784 1918 962 1984 Λόγος
988 1915 1046 1968 δδ
1073 1915 1198 1983 νικᾷ
1225 1916 1426 1975 πάντα,
1450 1911 1544 1983 καὶ
1572 1907 1708 1960 Θεοῦ
1738 1907 1924 1967 πόθος,

781 2010 982 2078 Τρίτον
1007 2007 1050 2058 δ’
1074 1992 1310 2077 ’ἀρίθμει
1340 2005 1437 2070 τῆς
1467 2001 1728 2068 τελευτῆς
1762 1998 1852 2050 τὸν
1888 1993 2074 2065 φόϐον,

783 2095 879 2163 οἷς
911 2099 987 2162 ὡς
1014 2096 1229 2168 utith
1263 2095 1458 2164 ἁθρόον
1495 2088 1908 2159 πεπληγμένος,

787 2194 1022 2258 ’Δπειμι
1051 2191 1271 2258 φεύγων
1295 2188 1448 2241 ἐνθεν
1481 2182 1540 2240 οὗ
1567 2186 1700 2248 Θεὸς
1739 2183 1918 2253 φέρει,

786 2283 1002 2337 ’Δλλων
1025 2281 1291 2351 πάροικος
1317 2281 1439 2332 ἀντὶ
1470 2277 1563 2332 τοῦ
1590 2277 1715 2346 χθὲς
1741 2271 2030 2333 δεσπότου,

644 2375 751 2432 510
781 2374 1140 2445 ’Προσήλυτός
1173 2388 1258 2434 τις
1285 2369 1508 2440 οἰκτρὸς
1541 2367 1655 2420 ἀντ’
1689 2364 1983 2434 ἐγχωρίου,

809 2467 1083 2527 Ἀνέστιός
1113 2480 1172 2517 τε
1205 2463 1302 2517 καὶ
1343 2461 1498 2530 ξένης
1529 2457 1748 2528 χρῄζων
1775 2454 2000 2523 στέγης,

797 2559 861 2612 '0
883 2560 982 2627 τῆς
1014 2555 1210 2609 ἑαυτοῦ
1246 2554 1322 2623 μὴ
1359 2551 1634 2620 φθονήσας
1657 2548 1770 2608 τοῖς
1795 2545 1992 2609 ξένοις.

801 2650 958 2703 Ἐπεὶ
984 2649 1032 2702 δ’
1063 2647 1327 2714 ἀπαίρειν
1364 2642 1556 2711 καιρὸς
1591 2641 1671 2701 είς
1693 2633 2010 2705 ἀλλοτρίαν,

787 2744 863 2797 Σὺ
890 2744 1047 2813 χαῖρε
1083 2739 1278 2803 πολλὰ,
1309 2736 1468 2805 χαῖρέ
1501 2750 1592 2803 μοι
1623 2733 1687 2784 σὺ
1710 2730 1933 2798 γνησία,

647 2837 753 2894 615
783 2834 928 2905 -Ξένη
962 2833 1018 2885 δὲ
1057 2830 1263 2900 μᾶλλον
1290 2828 1352 2879 ἐκ
1375 2841 1438 2893 γε
1478 2824 1577 2894 τῆς
1605 2821 1699 2874 νῦν
1727 2823 1941 2891 ἡμέρας
1962 2836 1979 2851 ο

1764 332 2096 398 IOANNIS
2143 329 2718 391 EUCHAITEXSIS

2455 440 2651 509 Ὅμως
2681 439 2738 492 δὲ
2773 439 2954 509 χαῖρε,
2984 436 3159 508 μῆτερ
3190 432 3440 502 δευτέρα,

2461 534 2532 586 Ἥ
2561 533 2656 586 καὶ
2686 531 3054 601 τιθηνήσασα,
3076 530 3171 581 καὶ
3199 525 3448 597 θρέψασά
3479 541 3570 591 με,

2460 625 2573 679 Καὶ
2601 623 2738 695 πρδς
2760 623 2967 675 τέλειον
2997 622 3196 691 μέτρον
3228 619 3372 684 ἐξέτι
3405 617 3644 687 βρέφους

2473 717 2871 784 Ἀπαρτίσασα,
2910 714 3007 767 καὶ
3037 711 3425 783 καταρτίσασα
3457 726 3549 778 με.

2320 808 2425 864 520
2459 809 2577 862 Νῦν
2594 811 2647 861 δ’
2664 809 2858 873 ἄλλους
2882 809 3027 873 ἔξεις
3047 806 3140 870 οὒς
3160 806 3493 863 παιδεύσεις,
3513 806 3607 856 καὶ
3630 802 3892 874 θρέψεις,

2463 901 2686 964 1Ἀλλοις
2717 901 2979 970 παρέξεις
3006 899 3142 969 πρὸς
3170 898 3360 966 λόγους
3397 896 3710 966 εὐκαιρίαν,

2464 994 2643 1064 Εἴπερ
2671 993 2864 1060 λόγους
2895 983 3252 1062 στέργουσιν,¹
3272 994 3405 1062 ἡμῖν
3433 991 3478 1043 δ’
3500 992 3710 1043 οὐκέτι.

2466 1084 2649 1149 Σώζου
2683 1085 2761 1147 δὲ,
2793 1083 2969 1147 σώζου
2995 1085 3089 1136 καὶ
3116 1083 3204 1149 σὺ,
3241 1084 3409 1153 πιστὴ
3436 1083 3630 1149 γωνία,

2479 1179 2566 1231 Ἐν
2665 1176 2848 1230 λαθὼν
2879 1175 3052 1246 ἔζησα
3075 1177 3165 1228 τὸν
3200 1175 3309 1246 πρὸ
3331 1175 3424 1227 τοῦ
3459 1173 3600 1242 βίου,

2327 1269 2434 1324 525
2478 1271 2670 1340 ’Υμσίς
2691 1287 2749 1322 τε
2787 1256 3017 1339 χρηστοὶ
3044 1269 3288 1336 γείτονες
3318 1267 3583 1330 σώζοισθὲ
3615 1283 3731 1336 μοι,

2469 1363 2582 1433 Καὶ
2610 1361 2690 1432 τῷ
2715 1360 2764 1392 ⁸⁸
2794 1362 3110 1432 μακροσμῴ
3144 1361 3259 1430 (50)
3296 1359 3373 1430 μὴ
3423 1359 3894 1430 σκυθρωπάζωτὲ

3665 1449 3813 1521 [μοι-

2472 1550 2698 1623 Πάντων
2719 1548 2830 1617 γὰρ
2858 1549 2890 1618 ἡ
2930 1547 3051 1615 χεὶρ
3081 1545 3173 1599 τοῦ
3207 1546 3342 1598 Θεοῦ
3367 1544 3708 1614 δεδραγμένη

2484 1642 2646 1712 Ῥᾷον
2676 1639 2889 1710 τίθησι,
2913 1642 3005 1691 καὶ
3029 1639 3099 1690 τὰ
3133 1640 3354 1708 μακρὰν
3385 1637 3615 1703 πλησίον
3639 1651 3654 1666 ⁶

2474 1731 2624 1792 Ἕως
2649 1731 2854 1801 συνάξῃ
2887 1729 3096 1792 πάντας
3121 1731 3200 1791 είς
3227 1730 3412 1798 κρίσιν
3448 1728 3598 1796 μίαν.

2578 1825 2714 1878 ΜΖ’.
2743 1824 2881 1876 Ὅτε
2905 1822 3023 1889 τὴν
3051 1823 3248 1874 οὶκίαν
3269 1820 3594 1872 ἀπέλαϐεν.

2331 1915 2435 1972 550
2478 1916 2640 1985 Ἔχω
2663 1916 2828 1968 πάλιν
2861 1931 2940 1975 σε,
2977 1915 3074 1965 καὶ
3111 1912 3295 1981 βλέπω
3324 1911 3424 1982 τὴν
3451 1911 3751 1980 φιλτάτην·

2474 2009 2622 2078 Πλὴν
2654 2008 2840 2059 οὐκέτι
2875 2006 3079 2075 κλῆρόν
3113 2021 3173 2057 σε
3198 2005 3470 2073 πατρικὸν
3502 2003 3669 2072 λέγω,

2474 2099 2717 2169 Χριστοῦ
2745 2100 2801 2152 δὲ
2834 2098 3038 2168 μᾶλλον
3069 2099 3244 2167 δῶρον
3272 2099 3459 2166 ἡγαπη
3469 2097 3654 2166 μένον,

2479 2191 2655 2261 Χάριν
2684 2208 2742 2242 τε
2770 2190 3034 2260 λαμπρὰν
3065 2188 3328 2250 εὐσεϐοῦς
3360 2187 3649 2257 βασιλέως,

2479 2282 2545 2334 Οῖ
2581 2299 2670 2351 μοι
2704 2280 2970 2351 γλυκεῖαν
3008 2281 3464 2349 προστεθεικότες
3496 2278 3647 2347 βίαν,

2339 2375 2445 2430 555
2484 2375 2862 2445 Παλίντροπον
2888 2373 3212 2445 στρέφουσιν
3239 2370 3396 2436 αὖθις
3421 2374 3632 2428 ἐνθάδε.

2497 2468 2556 2520 '0
2587 2468 2686 2536 μὲν
2713 2467 2836 2521 καθ’
2867 2467 3068 2530 ὕπνους
3100 2467 3282 2530 δεξιὰν
3309 2467 3460 2519 θείαν
3489 2468 3696 2535 νέμων,

2483 2556 2597 2610 Καὶ
2621 2558 2758 2628 πρὸς
2784 2561 2852 2610 τὰ
2881 2558 3009 2629 τῇδε
3040 2558 3300 2619 πολλάκις
3330 2557 3508 2610 δοκῶν
3538 2557 3696 2624 ἄγειν
3722 2573 3736 2585 ·

2495 2645 2554 2697 '0
2585 2645 2640 2698 δὲ
2677 2647 2965 2716 προδήλως
2990 2648 3092 2714 τὴν
3123 2647 3375 2715 ἀνάγκην
3403 2648 3760 2716 προσφέρων,

2488 2738 2600 2789 Καὶ⁵
2625 2737 2723 2806 τῆς
2754 2734 3014 2806 πατρῴας
3053 2739 3152 2807 τὴν
3173 2736 3219 2768 ⁸⁸
3256 2737 3557 2803 ἀνάκλησιν
3588 2739 3790 2804 στέγης

2345 2827 2451 2882 540
2490 2827 2744 2897 Σφοδρῶς
2783 2827 3053 2890 ἀπαιτῶν,
3081 2827 3155 2892 ὡς
3185 2827 3574 2897 ἀσύγγνωστον
3601 2829 3786 2898 χρέος,

611 3018 761 3074 cnim
817 3013 1105 3068 miseretur
1177 3006 1276 3072 lui,
1329 3002 1680 3068 charissima,
1734 3010 1994 3069 tanquam
2043 3007 2208 3068 gratae
2311 3024 2494 3064 meum
2531 3006 2723 3062 alienis
2786 3021 2897 3060 non
2958 3006 3149 3061 invidi,
3201 3002 3306 3062 sed
3375 3021 3498 3061 cum
3545 3007 3900 3077 ειίοιεηιρυε

613 3104 1006 3180 possessionis,
1062 3100 1169 3153 foci
1224 3097 1458 3167 paterni,
1500 3093 1763 3162 gentilicii
1809 3090 2076 3155 muneris,
2111 3103 2195 3142 so-

2318 3113 2390 3157 est
2431 3101 2686 3175 abeundi,
2721 3109 2772 3162 tu
2807 3101 3036 3153 multum
3073 3101 3208 3166 vale,
3243 3103 3380 3167 vale,
3406 3102 3536 3154 mihi
3569 3103 3899 3171 pr0pinqua,

615 3201 725 3256 lius
761 3196 1094 3252 bareditatis
1121 3207 1136 3257 ;
1161 3192 1402 3257 mihique
1431 3201 1525 3241 cor
1551 3184 1830 3237 etviscera
1857 3188 2040 3233 movet
2073 3194 2201 3243 erga

619 3301 675 3348 te
726 3291 940 3345 vividus
1000 3302 1066 3341 ex
1121 3279 1524 3336 consuetudine
1560 3290 1737 3330 amor.
1762 3274 1844 3325 Tu
1892 3271 2036 3324 enim
2069 3269 2203 3322 mihi

618 3383 804 3437 nutrix
833 3389 888 3434 et
908 3377 1089 3442 altrix,
1117 3374 1475 3434 charissima;
1512 3380 1566 3422 tu
1598 3367 1710 3420 sola
1736 3364 1867 3418 mihi
1913 3362 2205 3432 paedagoga

619 3484 676 3530 et
701 3473 988 3542 magistra,
1048 3469 1100 3520 in
1131 3477 1184 3520 te
1218 3467 1419 3517 multos
1447 3469 1502 3514 et
1532 3461 1724 3526 longos
1775 3454 2012 3509 sustinui
2047 3453 2204 3506 labo-

621 3578 745 3630 res;
787 3563 841 3616 in
902 3571 955 3614 te
994 3568 1138 3612 totas
1191 3558 1466 3609 insomnes
1497 3553 1625 3605 duxi
1661 3560 1884 3612 noctes;
1927 3549 1979 3599 in
2015 3555 2065 3599 te
2087 3546 2205 3598 dies

621 3653 938 3722 consumpsi
991 3651 1248 3704 laborans
1298 3649 1351 3700 in
1387 3645 1757 3707 sermonibus,
1801 3643 1934 3696 alios
1983 3641 2202 3709 quidem

622 3748 924 3816 corrigens,
984 3743 1118 3796 alios
1168 3751 1348 3794 autem
1385 3753 1600 3790 rursum
1637 3735 1920 3796 ordinans,
1978 3732 2204 3786 dissitlia

624 3841 765 3893 inter
806 3833 1103 3904 magistros
1157 3841 1214 3885 et
1275 3829 1571 3897 discipulos
1624 3827 1896 3893 judicans,
1947 3824 2204 3877 omnibus

627 3936 849 3996 paratus
910 3927 975 3978 ad
1025 3921 1489 3991 respondendum,
1539 3919 1869 3985 scriptisque
1936 3929 2000 3968 ac
2051 3914 2205 3967 libris

623 4019 912 4073 insudans.
965 4014 1025 4067 ln
1083 4023 1135 4067 te
1177 4013 1480 4066 dourinaiu
1552 4011 1781 4075 collegi;
1817 4017 1868 4059 et
1917 4007 1968 4058 in
2009 4016 2058 4059 te
2098 4005 2209 4058 dis-

627 4112 875 4164 tribuens
913 4122 1032 4161 cam
1081 4105 1390 4158 volentibus
1414 4101 1615 4154 inultus
1647 4118 1673 4154 e
1701 4100 2014 4169 junioribus
2060 4098 2207 4164 sapi-

629 4209 786 4254 entes
842 4198 1010 4268 gratis
1061 4195 1293 4251 reddidi.
1328 4194 1552 4246 Talibus
1587 4207 1673 4246 me
1693 4201 1862 4245 totum
1902 4190 2204 4253 demulces,

625 4293 862 4361 patrium
891 4290 1203 4357 tugurium;
1239 4286 1436 4339 talibus
1468 4299 1554 4338 ine
1606 4285 1852 4352 captivas
1892 4292 2209 4335 etcommo—

626 4395 744 4442 ves.
801 4379 1148 4433 charissima.
1195 4375 1354 4429 Ratio
1413 4390 1540 4428 vero
1594 4385 1790 4429 cuncta
1827 4374 1992 4425 vineit
2024 4382 2076 4425 et
2116 4371 2208 4424 Dei

2315 3197 2496 3266 potius
2553 3207 2736 3248 autern
2793 3212 2859 3250 ex
2894 3196 2994 3248 hac
3039 3194 3126 3247 die
3187 3196 3381 3248 aliena.
3417 3195 3693 3258 Attamen.
3756 3198 3899 3258 vale,

2313 3285 2550 3340 secunda
2583 3295 2796 3349 mater;
2827 3300 2943 3354 qua:
2979 3300 3062 3338 me
3107 3285 3318 3338 lactasti
3360 3300 3422 3337 ac
3443 3286 3707 3350 educasti,
3739 3295 3905 3354 atque

2314 3381 2383 3435 ab
2443 3380 2673 3433 infantia
2706 3393 2881 3448 usque
2923 3377 2991 3431 ad
3030 3379 3280 3431 ultimum
3322 3379 3642 3442 terminum,
3677 3395 3763 3431 me
3790 3377 3903 3431 for-

2315 3474 2477 3528 masti
2510 3481 2564 3527 et
2601 3473 2878 3527 rccreasti.
2912 3471 3067 3525 Nunc
3098 3480 3276 3524 autem
3325 3470 3461 3524 alios
3508 3469 3733 3524 habebis
3767 3485 3903 3538 quos

2317 3566 2516 3620 educes
2567 3575 2729 3632 atque
2756 3565 3002 3618 enutries
3025 3579 3040 3629 ;
3066 3563 3185 3617 aliis
3211 3565 3278 3616 ad
3309 3562 3519 3617 litteras
3568 3564 3738 3615 otium
3766 3577 3903 3630 pra:-

2317 3657 2512 3722 stabis,
2543 3658 2588 3710 si
2620 3657 2831 3711 litteras
2860 3665 3066 3720 ament,
3103 3655 3261 3709 nobis
3291 3665 3471 3709 autem
3505 3671 3610 3710 non
3638 3656 3900 3722 amplius.

2320 3747 2449 3804 V‘ale
2476 3763 2626 3811 vero,
2653 3749 2768 3803 vale
2795 3764 3014 3818 quoque
3049 3759 3102 3802 tu
3130 3747 3301 3804 fidelis
3324 3749 3574 3817 angulus,
3601 3749 3692 3802 ubi
3728 3749 3903 3800 latens

2318 3843 2646 3909 prieteritam
2678 3843 2760 3909 egi
2788 3842 2991 3908 vitam;
3024 3856 3264 3910 vosque;
3297 3839 3423 3893 boni
3461 3841 3648 3904 vieini,
3689 3839 3897 3901 valete;

2315 3942 2371 3986 et
2403 3933 2471 3986 ob
2504 3947 2710 3985 moram
2738 3948 2805 3986 ne
2827 3932 2950 3986 sitis
2979 3933 3110 3984 mihi
3143 3932 3363 3992 infensi.
3398 3930 3591 3984 Manus
3630 3931 3777 3984 enim
3809 3929 3900 3983 Dei

2315 4037 2437 4091 quae
2501 4029 2648 4075 tenet
2704 4023 2887 4075 omnia
2937 4023 3161 4090 propius
3194 4022 3488 4090 longinqua
3533 4021 3694 4074 facile
3729 4020 3900 4088 ponit,

2317 4115 2490 4168 donec
2527 4128 2718 4167 omnes
2749 4116 2814 4167 ad
2841 4129 3006 4166 unum
3029 4114 3294 4180 judicium
3324 4121 3637 4180 congregct.

2574 4201 2782 4256 XLVII.
2819 4200 3044 4266 Quando
3066 4207 3279 4253 domum
3310 4205 3654 4268 recuperavit.

2389 4296 2575 4350 Habeo
2602 4305 2651 4349 te
2678 4311 2900 4350 rursum
2931 4305 2983 4348 et
3016 4297 3170 4349 video
3201 4297 3608 4349 charissimam.
3645 4296 3900 4346 Attamen

2319 4394 2370 4439 te
2400 4397 2680 4454 paternam
2712 4385 3208 4453 hmreditatemjam
3251 4401 3362 4437 non
3417 4387 3560 4449 dico,
3597 4389 3690 4436 sed
3724 4384 3902 4452 potius

625 4487 802 4534 amor,
835 4471 1035 4539 quibus
1067 4483 1365 4522 annuniera
1400 4467 1590 4520 mortis
1664 4475 1888 4519 metum.
1917 4463 2013 4519 llis
2043 4463 2205 4517 veluti

2318 4471 2518 4525 donum
2579 4471 2783 4526 Christi
2814 4473 3232 4525 dilectissimum
3277 4487 3339 4523 ac
3363 4472 3433 4539 pii
3466 4476 3609 4542 regis
3639 4473 3901 4526 illustrem

627 4567 835 4619 muscis
883 4561 1249 4631 un'deqnaque
1300 4561 1610 4614 stimulatus
1652 4558 1848 4612 exinde
1905 4572 2013 4627 quo
2066 4558 2208 4609 Deus

628 4658 790 4711 ducet
829 4656 1046 4724 fugiens
1077 4660 1211 4708 abeo
1240 4669 1253 4706 :
1293 4653 1526 4705 aliorum
1553 4651 1784 4714 vicinus,
1842 4650 1932 4718 qui
1963 4649 2079 4703 heri
2115 4650 2211 4702 do-

629 4750 809 4802 minus
860 4763 1046 4812 eram;
1128 4749 1429 4815 alienigena
1485 4746 1848 4810 miserandus,
1903 4745 1996 4813 qui
2057 4758 2208 4798 eram

632 4843 885 4911 indigena
911 4853 928 4906 ‘,
981 4838 1321 4892 errabundus
1345 4847 1397 4890 et
1428 4838 1604 4891 alieno
1637 4839 1852 4907 tugurio
1903 4851 2090 4906 egens,
2118 4834 2210 4904 qui

705 4995 751 5028 ιι
797 5011 890 5064 rp.
941 4992 1265 5065 μακρισμῷ,
1340 4994 1514 5047 "10'.
1570 4993 1894 5064 ἀνάκτησιν.

2321 4567 2571 4634 gratiam.
2633 4562 2736 4628 Qui
2807 4563 2939 4616 mihi
2995 4565 3208 4617 dulcem
3268 4569 3376 4619 vim
3426 4565 3749 4619 adhibentes
3818 4569 3902 4616 hic

2318 4658 2517 4712 iterum
2551 4656 2804 4710 reducem
2833 4653 3112 4708 adducunt
3141 4672 3153 4708 :
3183 4672 3322 4710 unus
3343 4657 3563 4725 quidem
3599 4658 3654 4709 in
3695 4657 3899 4710 somnis

2319 4745 2559 4800 divinam
2607 4745 2884 4799 dexteram
2931 4746 3160 4799 tendens
3224 4755 3276 4799 et
3307 4748 3372 4800 ad
3414 4761 3476 4798 ca
3509 4761 3630 4814 qua:
3671 4755 3797 4798 sunt
3826 4745 3896 4797 ibi

2322 4841 2521 4890 ducere
2561 4849 2703 4904 saepe
2732 4837 2910 4903 visus;
2941 4834 3078 4891 alter
3106 4850 3234 4892 vero
3268 4837 3558 4893 manifeste
3598 4840 3706 4893 vim
3753 4836 3901 4892 adhi-

1886 5135 2162 5196 Μαίηιωί
2207 5134 2380 5197 Busti
2417 5146 2596 5197 notae.

710 5307 821 5380 (29)
859 5309 1098 5380 ,Κρίνων
1149 5311 1443 5378 μαθηταῖς
1466 5313 1585 5367 καί.
1645 5311 1833 5366 Potius
1876 5311 2216 5376 διδασκάλοις

638 5379 811 5448 quani
850 5379 1203 5451 διδασκάλους
1241 5399 1252 5433 :
1298 5385 1389 5436 sed
1440 5397 1635 5436 sensus
1662 5383 1765 5435 erit
1793 5383 1965 5434 multo
1995 5386 2216 5451 elegan-

637 5453 764 5514 tior,
795 5451 839 5503 si
877 5449 1088 5520 legatur
1137 5451 1481 5515 διδάσκαλος,
1517 5453 1619 5505 nisi
1662 5457 1804 5520 quod
1847 5468 2035 5507 versus
2063 5449 2214 5505 cluu-

634 5519 880 5599 dicaret':
909 5518 962 5572 in
997 5533 1134 5599 .quo
1186 5533 1364 5576 tamen
1397 5537 1592 5599 genere
1641 5518 1831 5599 peccat
1870 5522 1972 5599 hie
2027 5536 2217 5576 auctor

636 5589 1108 5659 aliquotieszimo
1170 5606 1301 5644 vero
1353 5589 1453 5644 sub
1519 5589 1794 5659 hocipso
1847 5593 2001 5646 titulo
2028 5607 2217 5646 versus

639 5658 874 5712 habetur
940 5659 1186 5732 omnium
1233 5658 1757 5732 licentiosiss'mus,
1813 5663 1864 5714 in
1902 5678 2009 5732 quo
2053 5665 2218 5732 pedes

637 5742 831 5785 omnes
861 5730 1147 5798 spondaici
1197 5729 1291 5785 νῦν
1321 5731 1365 5783 δ’
1402 5733 1563 5787 ἄλλοι)
1629 5731 1768 5795 ἕξεις
1795 5742 1893 5786 με.
1920 5729 1924 5768 ῖ

2401 5311 2512 5381 (50)
2543 5310 2652 5365 Kal
2691 5310 2770 5374 τῷ
2805 5311 3142 5380 μακρισμῴ.
3182 5310 3491 5381 Legendum
3545 5312 3852 5382 μακροσμῷ
3876 5329 3891 5344 ν

2321 5398 2449 5437 nam
2483 5383 2750 5451 originem
2790 5382 2952 5434 habet
2983 5397 3012 5434 a
3041 5382 3322 5452 μακρύνω.
3372 5382 3436 5434 Ει
3471 5391 3650 5436 tamen
3689 5387 3891 5452 psalmo

2319 5469 2443 5508 cxrx
2462 5452 2717 5506 editionis
2745 5453 3022 5518 Romanae,
3049 5467 3192 5511 vers.
3218 5453 3272 5506 5.
3299 5452 3387 5505 ubi
3413 5452 3549 5507 LXX
3579 5456 3891 5521 interpretes

2322 5523 2522 5576 habent
2572 5524 2716 5590 οἴμοι
2773 5522 2855 5573 ὄτι
2907 5523 3168 5589 παροικία
3204 5539 3305 5592 μου
3358 5523 3711 5592 ὲμακρύνθη,
3765 5524 3889 5576 alius

2321 5594 2594 5672 interpres
2649 5592 2812 5648 habet
2863 5593 3012 5663 οἶμοι
3075 5593 3158 5645 ὅτι
3207 5593 3624 5664 προσηλύτευσα
3689 5594 3745 5647 δν
3797 5611 3889 5662 μα-

2321 5678 2566 5734 κρισμῳ.
