4138 6334
669 327 790 396 ητι

838 446 994 502 Πόλει
1025 449 1080 504 δὲ
1118 452 1342 524 κόσμος,
1370 459 1480 521 τοῖς
1509 457 1552 512 δ’
1584 458 1906 533 ἀνακτόροις
1937 464 2108 534 φύλαξ
2132 482 2144 494 ·

669 536 804 588 11ὕῦ
844 539 1046 593 Τοῦτον
1078 543 1319 612 βασιλεῖς
1346 545 1649 613 δεξιοῦνται
1682 553 1977 619 πλουσίως,

842 632 1044 687 Τιιύτον
1078 638 1329 692 σέϐουσιν
1353 642 1402 694 οῖ
1437 642 1692 699 σεϐαστοὶ
1716 645 2003 710 δεσπόται,

842 726 1036 778 Ἀλλον
1063 730 1196 797 παρ’
1222 732 1384 787 ἄλλου
1411 733 1505 789 τὸν
1529 734 1698 790 τύπον
1730 738 2060 808 δεδεγμένοι.

847 816 953 866 Kal
974 815 1072 886 τὴν
1097 818 1332 890 ἀμοιϐὴν
1365 823 1474 878 τῶν
1505 825 1592 880 ἐπ’
1621 827 1805 890 αὐτοῖς
1841 828 2155 898 θαυμάτων,

842 907 965 967 Τοῖς
999 910 1234 980 μάρτυσι
1266 915 1520 986 νέμοντες
1551 920 1615 972 ὲκ
1647 920 1742 974 τοῦ
1773 920 2015 987 πλησίον.

666 994 805 1050 1460
847 994 1008 1053 Οὗτοι
1044 1003 1327 1070 φιλοῦντες
1355 1006 1592 1062 ἔκπαλαι
1622 1010 1750 1073 τοὺς
1785 1009 1877 1063 τοῦ
1911 1011 2169 1082 κράτους.

838 1091 1056 1144 Μᾶλλον
1091 1095 1304 1162 φιλοῦσι
1335 1101 1461 1163 τοὺς
1488 1102 1611 1155 καθ’
1640 1103 1791 1172 ἡμᾶς
1833 1103 2121 1168 δεσπότας.

850 1180 936 1244 Ὠς
971 1186 1400 1260 εὐσεϐεστέρους
1423 1209 1482 1246 τε
1515 1196 1611 1247 καὶ
1645 1195 2010 1266 σοφωτέρους.

837 1274 1147 1347 Σοφώτεροι
1181 1281 1290 1351 γάρ
1314 1284 1452 1337 είσιν
1479 1286 1528 1338 οί
1561 1287 1694 1357 πρὸς
1719 1287 1879 1352 ἀξίαν

838 1368 919 1420 Τὰ
947 1369 1067 1424 θεῖα
1092 1377 1258 1444 τιμᾷν
1289 1376 1487 1442 ειδότες
1509 1380 1728 1432 πάντων
1747 1381 1906 1434 πλέον
1932 1396 1944 1410 ·

663 1455 800 1513 1105
839 1455 999 1515 Οὗτοι
1026 1455 1446 1523 κατευθύνουσιν
1479 1471 1659 1525 αὐτῶν
1684 1473 1744 1525 τδ
1776 1475 1996 1543 κράτος,

835 1550 1011 1626 Αἴγλη
1043 1555 1088 1587 ⁸⁷
1117 1546 1508 1628 περιστέφοντε
1533 1563 1640 1616 τῶν
1673 1565 2008 1635 αίτημὰτων.

839 1638 996 1698 Οὗτοι
1037 1648 1157 1700 κατ’
1190 1650 1400 1720 ἐχθρῶν
1425 1653 1774 1722 συμμαχοῦσι
1802 1658 1911 1718 τοῖς
1938 1656 2136 1725 φίλοις,

833 1734 942 1788 Καὶ
973 1740 1293 1808 προσφιλεῖς
1315 1743 1510 1795 τιθεῖσι
1541 1746 1653 1806 τοῖς
1682 1745 1967 1813 ὑπηκόοις,

832 1826 973 1884 nam
999 1832 1312 1901 προσηνεῖς.
1353 1835 1520 1888 πᾶσιν
1557 1837 1970 1907 ἠγαπημένους.

659 1913 795 1971 1170
830 1912 987 1972 Οὗτοι
1012 1920 1066 1973 δὲ
1094 1926 1185 1976 καὶ
1211 1923 1326 1991 νῦν,
1356 1922 1552 1999 οἷάπερ
1580 1931 1722 1999 φίλοι
1755 1931 1948 2000 φίλοις,

830 2009 1191 2080 Γνωρίσματα
1233 2016 1540 2075 στέλλουσιν
1565 2021 1778 2084 εὐνοίας
1802 2023 1952 2085 τάδε,

833 2101 943 2153 Kal
971 2102 1162 2157 τοῦτον
1194 2105 1378 2171 αὐτοῖς
1415 2111 1679 2185 μηνύουσι
1711 2114 1802 2166 τὸν
1830 2115 2031 2187 τρόπον

831 2191 968 2263 Ἤδη
997 2197 1276 2264 παροῦσαν
1306 2198 1403 2271 τὴν
1431 2191 1638 2258 ἑαυτῶν
1664 2205 1902 2276 ἡμέραν,

831 2285 972 2338 Καθ’
1000 2288 1064 2358 ἢν
1093 2288 1346 2355 θανόντες
1376 2293 1614 2357 εὐκλεῶς
1650 2296 1699 2350 οί
1733 2301 2005 2368 γεννάδαι,

653 2374 790 2433 1475
830 2379 964 2452 Δόξῃ
996 2384 1467 2456 κατεστέφθησαν,
1503 2389 1577 2453 ὡς
1609 2391 1918 2461 νικηφόροι,

826 2471 940 2524 Καὶ
975 2475 1344 2541 συγ-καλοῦσιν
1373 2480 1451 2542 εἰς
1484 2479 1616 2548 μίαν
1644 2481 1935 2552 θυμηδίαν,

824 2560 928 2625 Οὓς
961 2564 1017 2630 ἐξ
1047 2564 1198 2631 ἔθους
1220 2567 1400 2637 έχουσι
1425 2573 1590 2642 τιμᾷν
1611 2573 1847 2643 γνησίως
1870 2589 1886 2606 ⁶

837 2654 924 2718 Ὦς
958 2657 1025 2713 ἄν
1055 2664 1535 2732 συνευφραίνοιντο
1569 2669 1682 2728 τοῖς
1703 2668 2091 2742 στεφηφόροις,

825 2749 1036 2815 Κοινῶς
1065 2753 1410 2822 ἑορτάζοντες
1437 2756 1485 2809 oi
1510 2760 1863 2830 στεφηφόροι.

650 2840 672 2894 1
695 2840 786 2895 180
827 2842 1088 2896 Πείθεσθε
1111 2845 1306 2909 τοίνυν,
1337 2840 1381 2899 ὦ
1407 2849 1618 2916 φαεινοὶ
1640 2850 1922 2917 δεσπόται,

819 2935 931 2988 Kal
958 2938 1055 3006 τῆς
1084 2939 1260 3008 χαρᾶς
1289 2939 1513 3010 δέχεσθε
1538 2941 1636 3012 τὴν
1670 2945 1980 3008 κοινωνίαν,

833 3027 1105 3083 Ἐνταῦθα.
1126 3032 1223 3098 μὲν
1255 3031 1348 3086 νῦν
1375 3033 1448 3096 ὡς
1482 3035 1646 3102 φίλοι,
1682 3039 1772 3089 καὶ
1800 3039 2031 3105 πλησίον
2060 3056 2072 3069 ·

831 3121 919 3174 Ἐν
958 3121 1204 3190 οὐρανοῖς
1235 3123 1291 3176 δὲ
1322 3125 1516 3194 μικρὸν
1547 3126 1770 3198 ὕστερον
1799 3129 1980 3193 πάλιν,

819 3214 988 3268 Ὀταν
1015 3215 1268 3280 λαϐόντες
1308 3217 1434 3271 ἄλλο
1467 3218 1673 3286 βέλτιον
1714 3223 1929 3289 στέφος,

645 3305 784 3361 1185
822 3306 1044 3372 Τούτοις
1075 3326 1134 3363 τε
1166 3313 1536 3383 συγχαίροιτε,
1568 3307 1662 3367 καὶ
1699 3318 1810 3378 τοῖς
1839 3316 2109 3384 ἀγγέλοις.

642 3467 750 3520 alio
811 3467 1135 3538 recipientes
1180 3468 1483 3537 exemplum
1508 3510 1522 3536 ,
1563 3479 1622 3524 et
1657 3471 2026 3540 prodigiorum
2069 3473 2120 3525 in
2154 3489 2212 3528 se

640 3558 907 3614 factorum
959 3562 1128 3615 vicem
1185 3562 1391 3616 sanctis
1440 3563 1770 3632 martyribus
1803 3579 1832 3616 ο
1868 3565 2060 3618 vicinia
2090 3566 2213 3619 red-

639 3656 851 3707 dcntes.
909 3653 971 3707 IIi
1014 3655 1339 3710 constitutos
1372 3654 1423 3708 in
1459 3657 2213 3726 potestatejampridcmdili-

637 3755 851 3814 gentes,
895 3757 1106 3801 n'rstros
1135 3748 1307 3815 magis
1363 3755 1567 3811 amant,
1603 3763 1758 3817 reges
1795 3758 1848 3802 ut
1881 3752 2053 3818 magis
2091 3753 2210 3820 pios

641 3838 920 3907 magisque
962 3838 1233 3903 sapientes
1271 3855 1286 3892 :
1320 3839 1674 3908 sapientiores
1738 3840 1880 3893 enim
1935 3853 2062 3896 sunt
2117 3844 2210 3912 qui

637 3932 786 3999 juxta
844 3929 1157 3999 dignitatem
1191 3931 1372 3984 divina
1418 3931 1703 4000 plusquam
1729 3942 1918 3987 caetera
1955 3950 2215 3989 veneran-

639 4028 748 4072 tur.
788 4017 849 4072 lli
903 4029 1217 4086 porestatem
1250 4035 1436 4074 eorum
1461 4061 1474 4085 ,
1509 4036 1728 4090 precum
1759 4022 1955 4076 decore
1980 4024 2211 4078 circum-

639 4113 850 4175 dantes.
887 4113 1194 4167 oblirmant.
1221 4111 1286 4166 ΔΗί
1339 4128 1462 4166 cum
1490 4114 1679 4167 amicis
1742 4113 2001 4169 adversus
2026 4117 2210 4171 hostes

641 4200 898 4255 dimicant
935 4209 988 4256 et
1047 4201 1280 4255 subditis
1332 4199 1568 4255 efﬁciunt
1603 4211 1802 4273 gratos,
1832 4204 2086 4257 omnibus
2120 4205 2213 4259 bo-

640 4309 763 4358 nos,
832 4295 1041 4348 cunctis
1094 4304 1297 4362 gratos.
1340 4290 1404 4347 Hi
1438 4310 1564 4348 vero
1603 4310 1744 4348 nunc
1785 4311 2024 4364 quoque,
2062 4297 2211 4353 velut

637 4386 828 4439 amicis
855 4385 1039 4448 amici,
1067 4385 1179 4439 haec
1203 4385 1587 4440 benevolentia
1617 4386 1770 4454 signa
1818 4387 2038 4442 mittunt
2076 4387 2210 4458 ipsi-

1815 351 2131 414 JOANNIS
2153 345 2736 420 IEUCIIAITENSIS

3770 358 3902 422 1172

2253 464 2295 521 Α
2325 466 2575 536 ΝΤΕίς
2608 472 2722 539 τὴν
2753 471 2823 524 ἐν
2861 472 3174 541 Εὐχαῖτοις
3207 472 3409 526 εἰκόνα
3435 471 3541 527 τοῦ
3559 471 3895 539 βασιλέως.

2510 567 2618 619 Kal
2645 565 2737 618 τδν
2770 564 3034 635 κραταιὸν
3065 565 3333 633 δεσπότην
3369 566 3805 627 Κωνσταντῖνον,

2509 659 2620 726 Τῆς
2650 659 2752 726 γῆς
2781 657 2842 709 τδ
2873 656 3077 726 θαῦμα,
3118 657 3210 710 τδν
3238 656 3412 726 μέγαν
3450 657 3775 728 Μονομάχον

2506 750 2774 804 Ἐνταῦθα
2808 748 3003 817 πρᾶξις
3037 747 3266 818 εὐσεϐὴς
3299 746 3627 817 ἀναγράφει.

2505 843 2618 906 Τὰς
2646 843 2855 913 δωρεὰς
2885 843 2992 912 γάρ
3025 841 3134 893 τῶν
3173 841 3279 911 πρὸ
3305 840 3400 892 τοῦ
3435 839 3704 907 βασιλέων

2334 936 2469 992 1490
2510 921 2678 990 Σαλον
2707 933 2985 996 παθούσας
3011 932 3070 998 ἐξ
3094 931 3360 1002 ἐπηρείας
3397 930 3590 1000 μέγαν,

2503 1030 2724 1101 Χρυσῆς
2757 1029 3084 1099 ὑπεστήριξε
3116 1029 3308 1104 κίονος,
3327 1027 3506 1091 ϐάσει,

2506 1124 2612 1177 Τὸν
2642 1123 3033 1194 χρυσόϐουλλον
3067 1123 3479 1190 ἀπαναστήσας
3510 1122 3690 1191 λόγον,

2523 1225 2612 1288 Ὠς
2644 1223 2980 1291 ἀντέρεισμα
3010 1219 3275 1290 καρτερὸν
3310 1219 3446 1289 πρὸς
3476 1219 3576 1288 τὴν
3612 1216 3754 1288 βίαν.

2503 1316 2580 1372 Δι’
2615 1310 2676 1370 οὗ
2702 1317 2761 1370 τὸ
2790 1315 2983 1384 μέλλον
3015 1313 3421 1381 ἀσφαλέστερον
3447 1311 3601 1380 νέμει

2330 1409 2468 1466 1500
2508 1411 2585 1478 Τῇ
2628 1409 2906 1478 μάρτυρος
2935 1406 3087 1460 πόλει
3116 1423 3174 1456 τε
3213 1405 3305 1457 καὶ
3341 1403 3386 1436 ⁸⁸
3428 1401 3708 1472 παροικίᾳ.

2506 1497 2669 1551 Ὅθεν
2697 1497 2905 1550 δίκαιον
2934 1494 3322 1562 ἀντιλαμϐάνει
3360 1493 3555 1565 γέρας,

2503 1589 2598 1650 Είς
2632 1587 2758 1650 τοὺς
2784 1587 2906 1640 καθ’
2941 1587 3087 1655 ἡμᾶς
3117 1585 3416 1657 ἐγγραφεὶς
3445 1583 3761 1654 εὐεργέτας.

2328 1680 2452 1734 ΝΖ’.
2477 1683 2579 1745 Είς
2605 1679 2718 1748 τὴν
2735 1681 2930 1746 θήκην
2949 1681 3054 1734 τοῦ
3071 1681 3263 1749 τιμίου
3277 1679 3469 1743 ξύλου
3487 1678 3595 1731 τοῦ
3617 1674 3899 1745 Χριστοῦε

2502 1772 2745 1842 Σταυροῦ
2777 1772 2938 1827 τ’ἀλιν
2965 1773 3105 1841 φῶς,
3137 1773 3231 1827 καὶ
3258 1772 3420 1826 πάλιν
3451 1769 3865 1830 Κωνσταντῖνος
3884 1781 3900 1798 ·

2515 1863 2573 1918 Ὀ
2606 1865 2820 1936 πρῶτος
2853 1863 2963 1920 οἶδε
2994 1866 3088 1919 τὸν
3122 1866 3293 1920 τύπον
3325 1865 3393 1919 δι’
3425 1865 3670 1934 ἀστέρων
3695 1880 3710 1895 ⁸

2329 1955 2467 2013 1505
2518 1956 2578 2010 '0
2605 1954 2857 2028 δεύτερος
2886 1959 2942 2012 δὲ
2970 1958 3159 2011 τοῦτον
3200 1959 3360 2012 αὐτὸν
3393 1957 3483 2010 καὶ
3515 1957 3725 2027 βλέπει,

2509 2048 2620 2103 Kal
2647 2049 2802 2119 χερσὶ
2827 2052 3048 2112 πισταῖς
3083 2051 3560 2119 προσκυνούμενον
3592 2047 3770 2116 φέρει.

2504 2142 2710 2212 Ἀμφω
2737 2143 2867 2210 παρ’
2900 2140 3068 2195 αὐτοῦ
3100 2141 3158 2193 τὸ
3188 2141 3392 2210 κράτος
3409 2140 3737 2208 δεδεγμένοι,

2504 2231 2706 2300 ’Ἄμφω
2739 2231 2989 2284 σέϐουσιν
3020 2231 3181 2284 αὐτὴν
3207 2232 3283 2294 ὡς
3310 2231 3632 2300 εὐεργέτην.

2565 2323 2701 2376 ΝΗ’.
2739 2321 2842 2388 Εἰς
2872 2321 2977 2374 τὸν
3001 2323 3170 2389 ἅγιοι·
3215 2323 3654 2391 Θεοφύλακτον.

2501 2413 2634 2478 Θεὸς
2661 2414 2836 2483 φύλαξ
2859 2431 2964 2477 σοι,
2995 2412 3154 2466 τοῦτο
3186 2415 3292 2481 γὰρ
3317 2414 3509 2482 κλῆσιν
3548 2413 3736 2482 φέρεις
3759 2426 3771 2440 ⁸

2328 2507 2468 2564 1510
2518 2509 2673 2578 Ἐμοὶ
2696 2508 2752 2562 δὲ
2788 2509 2882 2561 καὶ
2914 2509 3003 2571 σὺ,
3034 2509 3129 2561 σὺν
3157 2507 3277 2576 Θεῷ
3311 2506 3488 2574 φύλαξ
3519 2508 3722 2575 πάτερ,

2500 2600 2700 2664 Σώζων
2730 2600 2949 2665 ἀσινῶς,
2986 2602 3242 2669 ἀσφαλῶς
3271 2602 3556 2669 διεξάγων,

2499 2693 2610 2747 Kal
2638 2692 2737 2762 τὴν
2764 2691 2932 2762 ζάλης
2961 2692 3236 2762 γέμουσαν
3267 2695 3489 2763 ἡμερῶν
3513 2694 3692 2750 νόσον.

2501 2785 2606 2837 Ἦν
2637 2785 2717 2846 είς
2746 2784 2899 2847 τέλος
2929 2786 3169 2856 πρέῦνον
3213 2785 3388 2855 εὐχῶν
3416 2786 3752 2855 φαρμάκοις.

2495 2875 2608 2929 Kal
2640 2876 2826 2929 πάντα
2864 2895 2954 2946 μοι
2987 2879 3312 2947 σύμπραττε
3345 2878 3479 2948 πρὸς
3502 2877 3560 2930 τὸ
3586 2877 3891 2948 συμφέρον,

2326 2967 2462 3023 1515
2505 2970 2729 3038 Ἔργοις
2770 2968 3006 3040 βεϐαιῶν
3033 2970 3134 3039 τὴν
3166 2970 3454 3038 ἐπώνυμον
3483 2971 3664 3039 χάριν,

2512 3063 2628 3130 Ἐφ’
2655 3057 2687 3134 ἦ
2723 3061 3000 3125 πεποιθὼς
3023 3061 3223 3138 ἱστορῶ
3250 3079 3332 3124 σε,
3356 3062 3450 3113 καὶ
3479 3062 3696 3130 γράφω.

2541 3154 2669 3209 ΝΘ’.
2699 3157 2954 3224 Aiacsz
2975 3158 3060 3221 εἰς
3099 3155 3318 3209 πλοῖον
3343 3154 3410 3218 ἐξ
3443 3154 3668 3221 ἐτέρου.

2495 3247 2643 3300 Ζῶόν
2665 3265 2718 3300 τι
2746 3247 2932 3312 πεζὸν,
2968 3247 3106 3300 ἀλλά
3133 3247 3330 3315 νηκτδν
3361 3245 3582 3316 εὑρέθη,

2497 3337 2801 3407 Ἔμψυχον,
2836 3337 2952 3390 ἀλλ’
2976 3337 3201 3408 ἄψυχον,
3235 3338 3496 3408 ἔμπνουν,
3522 3338 3638 3391 ἀλλ’
3659 3337 3890 3403 ἄπνουν,

2318 3489 2960 3546 scribit.Antecessorum
2980 3493 3122 3546 enim
3165 3505 3349 3561 regum
3373 3490 3716 3556 donationes,
3769 3507 3887 3561 qua!

2319 3598 2569 3651 magnam
2625 3598 2689 3636 ex
2758 3583 3008 3636 violentia
3075 3590 3444 3650 tempestatem
3502 3583 3773 3646 tulerant,
3837 3586 3889 3637 in

2316 3688 2495 3727 aureae
2539 3673 2805 3727 columnae
2831 3672 2943 3726 basi
2991 3672 3268 3737 stabilivit,
3325 3687 3542 3727 auream
3603 3683 3895 3728 exstruens

2317 3763 2700 3826 bullam,sicnt
2731 3763 2867 3818 forte
2921 3771 3112 3816 contra
3143 3764 3246 3816 vim
3305 3765 3730 3827 munimentum,
3782 3778 3894 3832 quo

2317 3855 2568 3926 martyris
2617 3856 2735 3909 urbi
2801 3854 3023 3923 sedique
3088 3855 3327 3907 futurum
3375 3855 3620 3909 securius
3680 3854 3890 3908 tribuit.

2315 3945 2438 4000 Ideo
2481 3948 2687 4014 justum
2744 3945 2934 4014 recipit
2980 3945 3258 4014 praemium
3293 3944 3437 3997 inter
3493 3953 3705 3997 nostros
3731 3943 3894 3997 bene-

2316 4038 2548 4093 factores
2570 4038 2882 4108 inscriptus.

2485 4128 2640 4186 LVII.
2684 4127 2750 4184 In
2803 4129 3000 4182 thecam
3040 4128 3278 4196 pretiosa:
3308 4126 3478 4180 crucis
3507 4126 3726 4182 Christi.

2386 4221 2588 4276 Iterum
2639 4220 2822 4275 crucis
2869 4220 3048 4274 lumen
3114 4228 3167 4272 et
3225 4219 3417 4272 iterum
3471 4218 3889 4283 Constantinus.

2313 4315 2403 4384 qui
2453 4314 2660 4383 primus
2691 4313 2826 4368 vidit
2861 4314 2917 4368 in
2948 4305 3087 4368 coelo
3120 4321 3304 4382 typum
3346 4330 3359 4365 :
3403 4311 3670 4366 secundus
3703 4321 3887 4366 autem

2314 4404 2458 4459 hunc
2501 4405 2678 4473 ipsum
2726 4420 2945 4473 quoque
3000 4406 3174 4458 cernit
3207 4413 3258 4460 et
3322 4403 3568 4457 ﬁdelibus
3597 4403 3887 4458 adoratum

638 4492 744 4545 que
787 4477 887 4532 hoc
925 4477 1232 4546 signiﬁcant
1259 4475 1419 4531 modo
1474 4492 1634 4530 suum
1670 4477 1859 4532 adesse
1897 4477 2061 4544 diem,
2099 4493 2208 4548 quo

2316 4492 2564 4548 manibus
2596 4493 2851 4548 sustinet.
2875 4498 3070 4558 Ambo,
3103 4494 3174 4547 ab
3209 4493 3312 4547 isto
3345 4501 3608 4562 potestate
3645 4501 3888 4563 accepta,

635 4571 869 4636 gloriose
913 4569 1078 4623 fortes
1128 4567 1580 4638 deluncti,gloria
1627 4567 1770 4623 sicut
1797 4569 2029 4624 victores
2055 4585 2209 4624 coro-

636 4662 746 4716 nati
798 4669 963 4725 sunt;
1023 4671 1074 4714 et
1106 4660 1159 4714 in
1195 4674 1364 4714 unum
1425 4659 1689 4714 advocant
1730 4659 2008 4729 gaudium,
2071 4677 2207 4730 quos

637 4754 852 4807 sincere
882 4751 1366 4818 solenthonorare,
1397 4758 1455 4804 ut
1477 4765 1600 4804 cum
1642 4753 1918 4807 coronatis
1967 4767 2210 4807 commu-

634 4861 756 4900 nem
802 4853 1049 4916 agentes
1132 4842 1473 4897 festivitatem
1519 4845 1761 4898 coronati
1809 4843 2205 4913 congaudeant.

633 4935 829 4990 Parcte
893 4949 1044 5003 ergo,
1100 4933 1340 4989 illustres
1391 4934 1619 5000 domini,
1647 4934 1951 5005 Iaetitimque
1980 4936 2208 5006 accipito

633 5026 994 5090 consortium,
1023 5026 1110 5079 hic
1125 5024 1340 5094 quidem
1371 5036 1429 5080 ut
1458 5027 1617 5081 amici
1646 5035 1700 5081 et
1730 5027 1891 5080 vicini
1912 5045 1940 5092 ;-
1960 5028 2014 5081 in
2049 5028 2205 5084 cmlis

633 5131 812 5172 autem
843 5118 1036 5173 iterum
1059 5117 1220 5187 paulo
1255 5118 1453 5184 serius,
1489 5119 1707 5187 quando
1738 5119 2010 5174 meliorem
2039 5121 2199 5174 aliam

635 5226 892 5264 coronam
947 5210 1297 5281 accipientes,
1338 5223 1459 5263 cum
1492 5210 1611 5265 istis
1635 5217 1688 5265 et
1712 5211 1918 5281 angelis
1943 5211 2198 5266 .collaeta-

632 5301 848 5357 I‘imiui.

704 5390 838 5446 LVI.
873 5390 937 5444 In
970 5394 1102 5461 regis
1133 5393 1414 5462 imaginem
1470 5393 1739 5448 Euchaitis
1773 5395 2127 5450 emittentem.

710 5484 776 5536 I'lt
831 5494 1102 5552 potentem
1131 5499 1310 5553 regem
1363 5484 1799 5551 Constantinum,
1844 5497 2000 5541 terra:
2022 5487 2202 5555 prodi-

634 5577 802 5646 gium,
863 5591 1117 5648 magnum
1171 5577 1610 5644 Honomachnm,
1649 5580 1734 5634 hic
1758 5581 1905 5648 pium
1945 5593 2080 5648 opus
2109 5581 2195 5633 in-

2317 4583 2477 4639 istum
2512 4591 2570 4637 ut
2598 4582 2995 4637 benefactorem
3017 4589 3362 4636 venerantur.

2563 4674 2746 4730 LVIII.
2781 4674 2846 4728 1η
2889 4686 3129 4729 sanctum
3173 4672 3636 4742 Theophylactum.

2388 4767 2530 4822 Deus
2584 4767 2678 4821 tibi
2731 4777 2914 4833 custos
2952 4782 2966 4820 :
3000 4768 3103 4820 hoc
3132 4765 3275 4819 enim
3314 4779 3507 4818 nomen
3558 4764 3720 4833 geris.
3755 4761 3889 4818 Mihi

2316 4869 2496 4912 autem
2525 4866 2578 4913 et
2630 4867 2685 4912 tu
2715 4873 2837 4914 cum
2866 4857 2973 4911 Deo
3019 4865 3225 4920 custos,
3260 4865 3408 4924 pater
3447 4855 3651 4922 absque
3685 4853 3891 4918 damno

2315 4964 2557 5014 servans,
2593 4958 2707 5003 tuto
2732 4949 2971 5019 dirigens
2999 4956 3054 5001 et
3093 4947 3304 5015 plenam
3364 4953 3682 5014 tempestate
3738 4944 3891 4997 ruiti-

2311 5055 2444 5110 gans
2468 5038 2869 5109 aegritudinem,
2891 5052 3053 5104 quam
3101 5037 3152 5089 in
3196 5035 3353 5088 linem
3380 5049 3599 5103 precum
3627 5034 3888 5088 remediis

2309 5130 2620 5200 benignam,
2650 5138 2703 5183 et
2724 5128 2903 5182 omnia
2929 5126 3061 5179 mihi
3097 5139 3352 5194 prospera
3385 5138 3591 5176 mecum
3632 5136 3882 5191 operare,

2307 5221 2638 5274 nominalem
2667 5219 2923 5289 operibus
2954 5217 3184 5288 gratiam
3216 5213 3575 5279 confirmans;
3619 5226 3723 5282 qua
3742 5226 3882 5266 con-

2308 5312 2439 5367 lisus
2461 5312 2635 5365 refero
2662 5327 2726 5366 ac
2750 5310 2948 5365 scribo.

2556 5400 2692 5456 LIX.
2741 5398 2994 5469 Afuigma
3033 5398 3086 5451 in
3109 5398 3370 5467 navigium
3393 5410 3455 5449 ea;
3485 5395 3612 5447 alio.

2379 5491 2657 5547 Invenitur
2708 5489 2907 5544 animal
2954 5492 3199 5558 pedestre
3225 5488 3318 5542 sed
3366 5485 3632 5549 natatile;
3669 5483 3880 5538 anima-

2309 5592 2444 5645 tum,
2495 5582 2587 5637 scd
2634 5580 2835 5650 absque
2874 5576 3463 5645 anima;inspiratum.
3515 5571 3606 5627 sed
3667 5571 3877 5639 absque

706 5713 748 5743 "
782 5729 872 5793 3'9.
904 5712 1323 5783 περιστέφοντες
1349 5712 1455 5766 τῶν
1475 5713 1780 5783 ἐτημάτων.
1861 5711 1905 5745 ⁸³⁸
1933 5733 2017 5782 γρ.
2049 5717 2332 5784 παροιμίᾳ.
