4118 6328
152 366 279 430 1181

339 478 396 530 Ὀ
429 479 554 548 χθὲς
587 478 859 548 βασιλεὺς,
891 480 917 534 ὁ
945 480 1068 550 χθὲς
1092 483 1148 532 ὲν
1182 482 1307 559 δόξῃ
1339 479 1533 549 μέγας,

340 569 400 620 '0
423 569 550 639 χθὲς
580 570 750 624 δοκῶν
778 570 903 638 γῆς,
938 574 1026 625 καὶ
1058 572 1329 638 θαλάσσης
1356 570 1639 640 δεσπότης.

329 661 582 714 Τοιοῦτον
613 661 891 734 ἐτρύγησα
928 667 1027 733 τῆς
1060 664 1336 734 ἁμαρτίας

339 751 601 807 Ἐνταῦοα
631 751 843 825 καρπόν
868 770 882 785 ο
914 756 1022 808 τῶν
1043 756 1085 808 δ’
1114 759 1231 810 ἐκεῖ
1265 757 1464 810 πλείων
1493 755 1678 825 φόόος,

181 841 292 897 455
341 843 428 909 Ἐξ
458 839 533 900 ὧν
571 862 636 916 με
675 845 856 916 ῥῦσαι,
887 847 1184 920 δημιουργὲ
1211 848 1414 917 Χριστέ
1449 865 1572 917 μου,

337 934 522 1018 Ῥῦίσαί
551 952 620 1008 με
650 939 716 1008 τῇ
755 941 821 1009 σῇ
857 938 1066 1008 δωρεὰν
1109 939 1503 1010 εὐσπλαγχνίᾳ,

331 1027 492 1091 Ἤτις
525 1045 591 1098 με
615 1029 832 1093 θάλπει,
865 1030 960 1084 καὶ
991 1031 1128 1099 πρὸς
1161 1033 1224 1100 ἢν
1243 1031 1423 1102 βλέπω
1455 1033 1644 1105 μόνην,

332 1118 503 1191 ΙἌλλη
533 1122 644 1190 γὰρ
678 1120 835 1184 ἐλπὶς
867 1121 1102 1190 οὐδαμοῦ
1131 1113 1424 1193 σωτηρίας.

729 1213 851 1269 IlB'.
890 1213 1139 1282 Ἐτεροι.

332 1304 495 1372 Οῐμοι
525 1302 584 1356 τδ
609 1303 802 1374 κέρδος
831 1305 923 1358 τοῦ
944 1306 1290 1374 ταλαιπώρου
1329 1317 1445 1376 ριου
1470 1322 1486 1340 ·

185 1392 297 1448 440
339 1394 551 1464 Ἐζησα
586 1394 778 1462 μικρὸν
814 1395 872 1446 ὲν
903 1394 1294 1466 πολυστρόφοις
1316 1394 1528 1464 τύχαις,

333 1479 489 1537 Εἶδον
522 1485 588 1537 τὰ
623 1485 829 1554 τερπνὰ
865 1486 1042 1540 πάντα
1082 1486 1174 1538 καὶ
1206 1486 1484 1552 τάναντία,

331 1575 474 1644 Πρὸς
497 1575 653 1640 δόξαν
676 1577 848 1646 ἤρθην
879 1575 1130 1644 ἐκφυγὼν
1159 1575 1286 1648 ᾅδου
1312 1576 1509 1639 πύλας,

332 1666 445 1718 Καὶ
478 1665 731 1735 βασιλεὺς
754 1666 986 1736 ἥκουσα,
1024 1666 1149 1732 φεῦ,
1174 1668 1268 1720 καὶ
1294 1667 1592 1736 δεσπότης·

334 1754 513 1809 Τανῢν
545 1755 654 1823 ἐγὼ
687 1757 782 1826 μὲν
814 1759 872 1808 ὲν
911 1757 1082 1826 στενῷ
1107 1760 1295 1827 κεῖμαι
1327 1757 1481 1829 λίθῳ,

189 1844 295 1900 με
339 1845 598 1914 Ἀψυχος,
627 1845 854 1913 ἄπνους,
887 1847 967 1911 είς
990 1847 1139 1900 κόνιν
1171 1846 1356 1911 λυθεὶς
1387 1847 1576 1919 μόνην.

347 1936 564 1989 Ἐκεῖνα
593 1937 636 1989 δ’
664 1931 731 2007 ἦν
760 1937 988 2008 δνειρος,
1013 1937 1168 1991 οὐδέν
1197 1955 1248 1990 τι
1276 1937 1438 1991 πλέον
1464 1954 1477 1969 ⁶

346 2027 489 2080 Ἀλλ’
531 2029 557 2080 ὁ
598 2028 811 2085 πλάσας
849 2045 916 2098 με
951 2031 1067 2090 ταῖς
1094 2030 1386 2099 ἀκράντοις
1416 2030 1572 2100 χερσί
1608 2046 1720 2093 σου,

345 2119 686 2172 Ἀνάπλασον
713 2120 877 2174 πάλιν
911 2138 978 2190 με
1007 2121 1097 2172 τὸν
1125 2119 1439 2189 λελυμένον,

336 2209 446 2263 Καὶ
476 2211 564 2272 δὸς
594 2209 788 2280 βοηθὸν
812 2213 987 2280 χεῖρα,
1011 2210 1099 2273 δός
1132 2227 1221 2281 μοι
1256 2215 1510 2282 κειμένῳ,

189 2298 297 2354 430
337 2302 444 2354 Καὶ
469 2300 638 2365 δεῖξον
664 2301 818 2363 αὖθις
846 2302 960 2370 φῶς
992 2303 1052 2354 τὸ
1083 2303 1193 2367 σὸν,
1225 2302 1565 2374 πλαστουργέ
1598 2321 1720 2372 μου.

753 2391 853 2445 ΠΓ¹
863 2433 877 2446 .
903 2395 1125 2447 Ἄλλοι.

337 2485 409 2538 Σὺ
446 2484 717 2554 βασιλεὺς,
753 2485 1006 2551 ”]⁴ι,ιιστε,
1045 2485 1137 2537 καὶ
1174 2485 1237 2537 σὺ
1272 2485 1563 2555 δεσπότης,

338 2576 490 2644 Ζωῆς
516 2576 780 2645 ὑπάρχων
812 2575 1036 2645 Κύριος.
1069 2578 1163 2629 καὶ
1189 2576 1417 2631 θανάτου
1441 2595 1453 2608 ·

349 2666 493 2734 Ἐγὼ
522 2667 578 2719 δὲ
605 2666 804 2737 θνητὴν
835 2669 897 2719 ὲκ
924 2668 1128 2737 φθορᾶς
1156 2668 1337 2722 λαϐὼν
1369 2669 1550 2738 φύσιν,

335 2758 563 2814 Μέλλων
597 2777 655 2812 τε
687 2760 880 2812 θᾶττον
911 2763 989 2822 εἰς
1017 2761 1219 2830 φθορὰν
1242 2761 1629 2832 ὑποστρέφειν,

188 2851 299 2907 435
340 2851 531 2919 Μάτην
563 2851 816 2921 βασιλεὺς
841 2852 950 2922 (44)
980 2853 1342 2923 ὠνομαζόμην
1365 2855 1493 2922 ἄρα,

191 2941 303 2995 216
341 2939 562 3011 Χαίρων
592 2940 844 3009 ὀνείροις,
874 2942 970 2994 καὶ
1002 2944 1181 3009 σκιαῖς
1211 2942 1553 3005 άσυστάτοις,

343 3035 411 3085 Ἀ
444 3033 579 3104 πρὸς
606 3031 798 3103 μικρὸν
827 3032 1102 3103 τέρψαντα
1132 3035 1224 3086 καὶ
1251 3033 1516 3098 παίξαντά
1545 3049 1612 3103 με

1432 361 1728 424 VERSUS
1775 360 2097 423 IAMBICI.

2008 477 2296 548 Ἀπῆλθον,
2321 477 2626 544 ὲξέπτησαν
2651 479 2708 528 ὲν
2739 475 2932 546 βραχεῖ
2960 473 3132 542 χρόνῳ
3151 488 3163 503 ’

2004 569 2160 638 Ἐμοὶ
2195 570 2240 622 δ’
2273 568 2496 637 ἀφῆκαν
2539 567 2634 629 τὰς
2665 565 2751 619 in?
2784 566 2967 626 αὐτοῖς
3006 561 3257 626 eseam,

1856 660 1965 714 220
2004 662 2116 715 Καὶ
2144 661 2271 722 τοὺς
2297 660 2514 727 λόγους,
2545 656 2668 726 φεῦ,
2696 655 2803 710 τῶν
2831 654 3019 717 κακῶς
3043 651 3372 723 πεπραγμέο

3140 742 3306 816 ,[νων,

1995 845 2104 905 Οὓς
2141 844 2216 914 μὴ
2239 844 2285 876 ⁸⁸
2317 842 2577 913 βαρύνῃς,
2607 838 2908 910 δημιουργὲ
2943 853 3042 906 μου
3073 836 3218 899 τότε,

2006 936 2145 991 Ἀλλ’
2175 936 2250 998 ὡς
2281 933 2470 1006 κριτὴς
2503 931 2896 1000 εὖσπλαγχνος,
2931 924 3179 996 ἱλάσθητί
3213 942 3322 996 μοι.

2391 1027 2512 1079 HA’.
2553 1025 2806 1090 Ἕτεροι.

1993 1122 2107 1196 [Ὦ]
2135 1121 2245 1176 τῶν
2284 1121 2528 1192 ματαίων
2553 1118 2648 1172 καὶ
2670 1115 2861 1183 ,κενῶν
2891 1112 3274 1186 φρονημάτων,

1996 1215 2336 1285 Πρόσκαιρος
2365 1211 2440 1264 ὢν
2482 1209 2764 1276 ἄνθρωπος
2788 1206 3046 1275 ἐφρόνουν
3074 1203 3238 1272 μέγα.

1854 1305 1960 1362 225
2002 1307 2111 1359 Καὶ
2137 1306 2237 1372 γῆς
2272 1303 2475 1373 βραχὺς
2507 1299 2659 1371 χοῦς,
2687 1299 2790 1367 γῆς
2839 1296 3179 1350 ἐπεσκόπουν
3214 1291 3378 1359 ἄκρα,

1996 1396 2182 1466 Ζητῶν
2211 1395 2279 1447 τὰ
2306 1392 2490 1462 κύκλῳ
2523 1391 2622 1459 τῆς
2654 1390 2781 1459 ὅλης
2810 1385 3132 1454 οἰκουμένης

1996 1487 2090 1550 Εἰς
2115 1486 2174 1538 ἒν
2216 1484 2447 1552 συνάᾴαι
2476 1485 2585 1542 τοῖς
2618 1483 2764 1550 ὅροις
2787 1483 2897 1540 τοῖς
2923 1477 3016 1530 τοῦ
3049 1477 3276 1546 κράτους
3295 1488 3308 1502 ·

2007 1578 2147 1630 Ἀλλ’
2183 1576 2490 1646 ἐκράτησεν
2526 1575 2558 1642 ἠ
2593 1571 2697 1641 πρὸ
2721 1567 2812 1623 τοῦ
2845 1568 3218 1638 κρατουμένη,

1997 1669 2108 1722 Καὶ
2138 1668 2274 1737 πρὸς
2312 1665 2494 1718 στενδν
2527 1665 2690 1732 μέρος
2711 1679 2763 1713 τι
2803 1655 3173 1726 συγκλείσασα
3207 1671 3274 1722 με

1856 1761 1961 1816 230
2013 1758 2274 1812 Ἐνταῦθα
2303 1757 2508 1826 τέφραν
2543 1753 2662 1806 ἀντὶ
2694 1751 2952 1805 δεσπότου
2984 1748 3163 1817 φέρει.

1999 1852 2069 1904 Σὺ
2100 1851 2144 1903 δ’
2189 1851 2216 1902 δ
2244 1849 2454 1909 πλάσας
2492 1862 2559 1915 με
2601 1845 2722 1907 ταῖς
2752 1842 3040 1911 ἀκράντοις
3079 1836 3235 1908 χερσί
3270 1851 3382 1898 σου,

2011 1942 2344 1995 ’Δνάπλασον
2375 1936 2534 1991 πάλιν
2572 1952 2638 2006 με
2673 1934 2807 2005 πρὸς
2837 1929 3133 2000 σωτηρίαν,

2001 2032 2111 2086 Καὶ
2133 2033 2242 2093 τοῖς
2277 2031 2530 2100 βλέπουσι
2569 2024 2866 2095 συμπαθῶς
2896 2038 2995 2091 μου
3026 2019 3118 2071 τδν
3148 2017 3318 2085 τάφον

1998 2123 2203 2194 Φάνηθι
2234 2125 2327 2177 καὶ
2354 2122 2417 2176 σὺ
2450 2117 2744 2189 συμπαθὴς
2773 2116 2829 2167 ὲν
2853 2115 2918 2184 τῇ
2951 2110 3150 2182 κρίσει.

1824 2240 1949 2293 ΠΕ’.
1982 2241 2084 2303 Εἰς
2137 2237 2250 2302 τὴν
2283 2235 2484 2289 εἰκόνα
2528 2233 2648 2284 τῶν
2679 2227 2852 2303 τριῶν
2891 2226 3097 2303 ἀπίων,
3135 2219 3211 2288 ἣν
3254 2218 3389 2274 ἐδωο

2161 2295 2395 2374 privato
2429 2303 2506 2367 τῷ
2527 2303 2671 2369 ἁγίῳ
2707 2295 3030 2366 Γρηγορίφ.

1860 2398 1964 2452 9.55
2014 2398 2167 2462 Ἐμοὶ
2199 2398 2249 2449 τί
2279 2397 2457 2464 μεῖζον
2482 2392 2586 2444 τῶν
2612 2388 2763 2458 έμῶν
2793 2384 3150 2442 διδασκάλων,

2001 2483 2105 2540 Ὧν
2146 2486 2264 2539 οὐδὲ
2291 2486 2495 2552 κόσμον
2527 2481 2704 2534 πάντα
2739 2476 3054 2547 προκρίνειν
3085 2474 3225 2542 ἔχω,

2004 2579 2193 2645 Ὅμως
2221 2576 2276 2628 δὲ
2309 2575 2528 2644 φίλτρον
2551 2569 2740 2638 ἀνδρὸς
2767 2566 3122 2637 ήγιασμένου.

2001 2670 2149 2722 Αίδοῖ
2175 2665 2454 2736 κρατῆσαν
2482 2663 2687 2732 οἴχεται
2715 2658 2937 2719 τούτους
2961 2657 3092 2724 ἆγον
3118 2674 3131 2689 ·

2010 2760 2152 2815 Ἀλλ’
2183 2757 2420 2827 ὲντρύφα
2451 2753 2639 2823 μοιτῷ
2666 2751 2814 2820 καλῷ
2844 2749 3023 2818 δώρῳ,
3057 2749 3254 2818 πάτερ,

1862 2855 1967 2910 240
2008 2852 2242 2905 Ἥδιστα
2276 2846 2424 2900 τόνδε
2447 2845 2538 2898 τὸν
2575 2842 2888 2909 συνώνυμον
2923 2839 3156 2909 βλέπων,

2003 2941 2116 2995 Καὶ
2141 2941 2264 3001 τοὺς
2305 2934 2744 3004 συναυγάζοντας
2778 2929 2925 2997 αὐτῷ
2965 2929 3283 2998 φωσφόρους
3307 2944 3321 2960 ο

2020 3030 2175 3100 Ἐμοὶ
2205 3028 2251 3082 δ’
2286 3025 2379 3080 ἀπ’
2403 3023 2582 3092 αὐτῶν
2616 3021 2810 3093 μικρὸν
2844 3017 3056 3086 ἐξαιτοῦ
3101 3018 3289 3086 σέλας,

154 3198 321 3244 nator
368 3190 667 3258 apparens!
709 3186 893 3241 Talem
929 3186 998 3240 ibi
1064 3187 1268 3254 peccati
1297 3185 1532 3240 fructum
1571 3201 1721 3240 mes-

1839 3191 2028 3246 tionem
2086 3184 2433 3246 reddendam,
2459 3183 2598 3236 sicut
2617 3187 2670 3233 et
2717 3176 2784 3233 de
2820 3175 2958 3232 male
2982 3175 3168 3246 gestis,
3217 3172 3391 3226 eheu!

152 3281 282 3347 sui;
341 3279 434 3334 sed
464 3280 531 3334 de
555 3279 662 3332 illis
716 3277 892 3346 major
925 3283 1006 3331 est
1027 3286 1225 3332 metus.
1260 3276 1301 3329 E
1340 3277 1538 3346 quibus
1561 3277 1730 3331 libera

157 3387 272 3435 me,
319 3378 536 3425 creator
588 3369 662 3424 mi
730 3368 964 3431 Christe.
1031 3370 1198 3423 libera
1250 3383 1336 3423 me
1369 3380 1458 3423 tua
1498 3371 1730 3439 gratuita

154 3457 561 3523 misericordia,
623 3471 744 3523 quae
787 3471 873 3510 me
925 3469 1131 3512 recreat
1188 3466 1241 3510 et
1270 3459 1336 3512 ad
1379 3473 1540 3526 quam
1570 3473 1731 3513 unam

155 3549 400 3620 respicio
429 3566 443 3605 :
475 3556 600 3618 spes
624 3548 765 3601 enim
788 3547 890 3600 alia
935 3548 1125 3602 salutis
1165 3563 1270 3602 non
1299 3559 1381 3604 est
1403 3550 1532 3603 ulla.

693 3637 951 3692 LXXXII.
1021 3638 1204 3692 Aliud.

230 3733 413 3787 Triste
462 3732 787 3788 miserabilis
851 3733 972 3784 vita:
1001 3731 1382 3786 commodum!
1447 3734 1734 3802 Paulisper

157 3829 214 3884 in
261 3823 432 3878 variis
466 3823 698 3879 fortunis
736 3823 875 3887 vixi;
908 3822 1085 3876 omnia
1130 3825 1362 3877 secunda
1399 3825 1735 3894 adversaque

163 3914 277 3968 vidi
313 3930 328 3977 ;
362 3913 426 3966 ad
458 3913 708 3982 gloriam,
745 3911 940 3965 inferni
975 3911 1223 3967 faucibus
1238 3922 1474 3982 ereptus,
1499 3916 1737 3970 elevatus

158 4020 326 4071 sum;
357 4013 520 4074 atque
547 4019 638 4057 rex
671 4011 724 4057 et
754 4003 1025 4066 dominus,
1053 4005 1187 4057 eheu
1218 4005 1230 4057 ί
1263 4020 1379 4058 sum
1419 4007 1735 4075 appellatus.

162 4096 329 4150 Nune
387 4096 440 4149 in
495 4103 728 4164 angusto
780 4093 955 4162 lapide
987 4095 1166 4163 jaceo,
1212 4095 1489 4161 inanimis,
1535 4099 1739 4168 absque

158 4185 385 4255 spiritu,
421 4185 474 4238 in
495 4185 730 4237 cinerem
755 4183 984 4237 solutus.
1014 4181 1104 4237 lila
1135 4198 1262 4238 vero
1293 4176 1564 4240 somnium
1586 4196 1741 4241 erant

158 4288 217 4333 et
271 4275 413 4331 nihil
464 4274 721 4343 amplius.
795 4272 925 4338 Sed,
956 4289 988 4328 o
1036 4276 1226 4343 tu,qui
1268 4277 1479 4331 metuis
1515 4278 1742 4333 inteme-

157 4367 305 4421 ratis
344 4365 596 4420 manibus
634 4365 936 4434 plasmasti,
973 4381 1190 4419 rursum
1239 4367 1447 4435 plasma
1470 4384 1554 4422 me
1592 4370 1740 4423 soluc

1833 3283 2196 3351 reliquerunt;
2226 3290 2388 3345 quam
2417 3284 2495 3339 tu,
2522 3271 2764 3333 Creator,
2788 3278 2916 3323 tunc
2944 3281 3052 3324 non
3100 3277 3392 3339 aggravas;

1833 3375 1950 3437 sed,
1979 3380 2037 3426 ut
2060 3368 2223 3440 judex
2256 3364 2588 3427 misericors,
2625 3362 2882 3420 miserere
2921 3363 3046 3418 mei.

2353 3453 2637 3510 LXXXIV.
2687 3455 2868 3508 Aliud.

1904 3554 1948 3610 Ο
1978 3567 2127 3608 vana:
2161 3553 2457 3619 inanesque
2480 3547 2874 3617 cOgitationesl
2910 3543 3085 3598 Homo
3121 3558 3244 3597 eum
3307 3556 3398 3596 es-

1835 3663 1947 3704 sem
1993 3645 2388 3713 temporarins,
2445 3654 2633 3708 magna
2703 3637 3045 3710 cogitabam,
3107 3643 3161 3687 et
3221 3632 3400 3687 brevis

1836 3749 1992 3793 terrae
2048 3736 2330 3807 particula,
2402 3733 2466 3786 ad
2513 3740 2763 3786 extrema
2824 3736 2978 3782 terra»
3042 3723 3397 3792 conjicieham

1837 3825 2046 3890 oculOs,
2095 3842 2156 3881 ca
2210 3839 2330 3894 quae
2387 3823 2554 3876 totius
2600 3819 2746 3875 orbis
2772 3817 3000 3872 circuitu
3033 3813 3396 3877 continentur,

1838 3919 1890 3973 in
1918 3933 2083 3972 unum
2119 3918 2257 3970 intra
2299 3913 2495 3967 limites
2550 3907 2798 3979 potentiae
2845 3914 3097 3974 coaptare
3129 3917 3396 3971 quaerens.

1840 4011 1943 4065 Sed
1981 4008 2219 4078 possedit
2244 4013 2366 4058 ante
2391 4015 2639 4073 possessa
2671 4009 2723 4053 et
2764 4013 2850 4051 me
2887 3998 2936 4050 in
2962 4005 3242 4065 angustam
3274 4007 3398 4061 par-

1839 4113 1944 4156 tem
1968 4099 2278 4173 inclusum,
2308 4095 2395 4148 hic
2445 4093 2678 4147 cinerem
2703 4104 2801 4157 pro
2850 4085 3185 4141 dominatore
3207 4065 3414 4152 gestat:

1840 4194 1917 4248 Tu
1948 4206 2074 4246 vero
2103 4188 2196 4260 qui
2234 4202 2318 4242 me
2349 4187 2452 4240 tuis
2487 4180 2818 4237 intemeratis
2846 4177 3096 4231 manibus
3127 4173 3396 4233 formasti.

1840 4285 1904 4340 ad
1954 4283 2180 4348 salutem
2247 4293 2332 4332 me
2361 4275 2617 4338 reforma,
2664 4285 2953 4338 meumque
2978 4268 3240 4321 tumulum
3275 4281 3396 4318 eum

1840 4373 2219 4444 compassione
2242 4367 2615 4430 cernentibus,
2643 4363 2878 4417 videaris
2905 4369 2956 4414 et
2988 4367 3041 4412 tu
3072 4357 3400 4425 compatirns

161 4468 312 4516 tum.
359 4465 415 4510 et
467 4455 533 4510 da
593 4469 811 4509 manum
868 4454 1186 4524 adiutricem
1225 4457 1357 4510 mihi
1397 4457 1628 4525 iacenti,
1687 4466 1898 4536 etDin
1926 4459 2247 4532 diejudicii.

156 4549 388 4612 iterum,
423 4543 495 4598 mi
523 4543 841 4612 plasmator,
868 4554 1016 4597 tuum
1047 4545 1228 4600 lumen
1270 4548 1514 4602 ostende.

697 4635 979 4690 LXXXIII.
1033 4637 1212 4692 Aliud.

233 4728 321 4784 Tu
349 4742 440 4782 rex
478 4733 531 4780 ot
551 4724 861 4780 dominator
883 4739 963 4787 es,
990 4738 1023 4778 o
1058 4725 1352 4791 Altissime,
1376 4726 1499 4781 vitae
1538 4729 1738 4796 pariter

158 4829 218 4875 et
282 4817 493 4872 mortis
530 4814 802 4870 dominus.
857 4813 972 4884 Ego
1027 4829 1177 4880 vero,
1234 4816 1326 4885 qui
1368 4819 1646 4872 mortalem
1676 4836 1737 4875 ex

159 4906 522 4976 corruptione
579 4913 830 4958 naturam
879 4919 1191 4974 acceperam
1227 4915 1280 4959 et
1310 4907 1361 4960 in
1427 4910 1734 4978 corruptio-

160 5015 294 5056 nem
348 4998 458 5052 cito
522 4994 832 5057 rediturus,
885 4993 1085 5048 frustra
1107 4995 1249 5065 regis
1297 5010 1491 5051 nomen
1536 4999 1736 5067 habui,

161 5089 404 5148 somniis
437 5087 752 5156 levibusque
776 5085 1015 5155 gaudens
1038 5086 1267 5152 umbris,
1291 5103 1431 5156 quae.
1450 5100 1734 5159 postquam

164 5197 260 5237 me
309 5180 582 5250 paulisper
658 5178 1063 5232 delectaverunt
1133 5187 1293 5247 atque
1347 5180 1612 5246 luserunt,
1682 5185 1734 5238 in

164 5270 327 5327 brevi
348 5279 586 5340 tempore
617 5268 982 5324 evolaverunt.
1010 5269 1138 5324 Mihi
1160 5277 1338 5325 autem
1369 5272 1436 5326 de
1474 5273 1606 5343 ipsis
1650 5292 1738 5330 ra.

243 5385 296 5421 ⁸⁸
324 5402 417 5455 γρ.
444 5383 714 5455 βαρύνεις.

1846 4575 2107 4634 LXXXV.
2166 4572 2230 4626 In
2297 4572 2454 4624 trium
2511 4577 2811 4622 sanctorum
2873 4561 3173 4631 imaginem,
3242 4572 3400 4624 quam

2261 4651 2444 4696 sancto
2479 4637 2723 4707 Gregorio
2750 4633 2982 4686 dederat.

1913 4738 2042 4791 Mihi
2067 4735 2192 4805 quid
2215 4733 2349 4787 meis
2372 4731 2547 4799 majus
2570 4727 2864 4796 magistris,
2904 4723 3103 4794 quibus
3151 4731 3248 4772 nec
3279 4714 3401 4768 uni-

1843 4843 2057 4884 versum
2115 4823 2379 4880 mundum
2434 4815 2858 4886 anteponerem?
2902 4819 3269 4867 verumtamen
3306 4807 3402 4858 ho-

1845 4917 2006 4971 minis
2027 4915 2195 4969 sancti
2245 4910 2486 4975 dilectio,
2517 4908 2774 4976 pudorem
2835 4906 3080 4962 vincens,
3123 4899 3232 4952 abit
3266 4898 3400 4949 istos

1843 5008 2135 5062 abducens.
2163 5001 2530 5055 Nihilominus
2559 4997 2659 5051 hoc
2685 4988 2911 5063 pulchro
2937 4994 3077 5045 dono
3112 4989 3398 5044 dell-ctare.

1843 5106 2014 5164 pater,
2058 5090 2452 5162 iucundissime
2517 5095 2666 5140 tuum
2720 5084 2864 5136 hunc
2939 5092 3292 5151 synonymum
3350 5085 3403 5126 et

1845 5188 2172 5243 collucentes
2224 5197 2346 5236 cum
2404 5179 2522 5247 ipso
2550 5174 2809 5230 luciferos
2851 5170 3239 5237 contemplans.
3273 5164 3398 5218 Mihi

1848 5286 2027 5333 autem
2057 5275 2125 5329 ab
2161 5273 2293 5343 ipsis
2339 5283 2557 5340 parvam
2593 5279 2822 5335 exposco
2849 5263 3140 5323 ﬂammam,
3168 5274 3286 5329 qua:
3319 5271 3402 5310 me

1443 5501 1710 5563 Matthtei
1749 5502 1926 5566 Busti
1964 5511 2151 5562 notae.

246 5648 362 5722 ιιι)
427 5649 634 5722 Μάτην
656 5648 977 5714 βασιλεύς.
1042 5646 1270 5703 Versum
1297 5646 1400 5703 ⁴856
1429 5658 1480 5703 ct
1504 5650 1735 5721 reliquos

1839 5654 1864 5705 il
1926 5654 1976 5708 in
2033 5647 2326 5720 exemplari
2383 5645 2748 5716 soluebantur
2781 5653 2961 5710 quaere
2989 5648 3138 5691 num.
3175 5630 3286 5698 40;
3324 5622 3395 5683 ibi

171 5719 345 5777 Δαϐὶδ
377 5720 650 5787 μελῳδῶν.
