4118 6328
673 389 807 458 1ί83

859 502 967 556 Ἀε1
1005 505 1333 559 κατευθῦνὸν
1362 524 1430 576 με
1466 509 1599 581 πρὸς
1635 509 1933 579 σωτηρίαν.

844 593 1050 649 Τούτου
1077 597 1186 667 γὰρ
1213 591 1650 670 οὐδέν’βούλομαι
1689 602 1878 656 λαϐεῖν
1908 601 2092 658 πλέον.

671 707 811 775 Πςῖ
841 711 943 776 Εἰς
968 711 1082 781 τὴν
1105 711 1312 770 εἰκόνα
1351 715 1457 769 τοῦ
1481 715 1807 785 βασιλέως,
1848 718 1946 772 καί
1982 718 2086 773 τοῦ
2133 733 2242 771 πα-

1307 786 1609 856 τριάρχου.

706 867 812 926 245
847 874 909 926 Οί
942 877 1334 944 προκριθέντες
1370 882 1436 949 τῇ
1473 882 1611 950 σοφῇ
1641 879 1776 933 Θεοῦ
1814 879 1993 951 κρίσει

859 967 1152 1036 ’Ἄρχοντες
1180 971 1209 1025 ή
1222 970 1358 1038 μῶν,
1397 972 1493 1025 καὶ
1529 975 1767 1044 γραφαῖς
1800 972 2070 1043 τιμητέοι.

859 1059 918 1113 '0
951 1060 1052 1130 μὲν
1085 1061 1190 1130 γὰρ
1218 1065 1374 1133 ἄρχει
1408 1064 1675 1134 σωμάτων
1713 1063 2064 1135 ἀνθρωπίνων

847 1152 1048 1222 Ψυχῶν
1080 1153 1136 1206 δὲ
1163 1150 1368 1225 πριμῆν
1390 1148 1544 1216 οὗτος
1575 1155 1996 1226 ἐκλελεγμένοςο

854 1244 1096 1299 Ἀνωθεν
1127 1246 1294 1315 ἄμφω
1329 1246 1384 1298 τδ
1412 1249 1634 1317 κρατεῖν
1665 1236 1973 1318 είληφότες,

712 1335 816 1391 ⁶ὶ50
861 1338 1060 1405 Ἀμφω
1090 1338 1271 1401 καλῶς
1297 1339 1523 1408 ἄρχουσι
1554 1341 1662 1393 τῶν
1694 1341 1971 1410 ὑπηκόων.

854 1429 1013 1483 Ὅθεν
1041 1432 1366 1501 γραφέντες,
1400 1433 1491 1485 τοῦ
1523 1434 1758 1504 κράτους
1792 1437 1918 1496 τοὺς
1944 1434 2172 1500 αίτίους,

850 1523 957 1576 Καὶ
991 1524 1302 1591 προστάτας
1328 1525 1510 1595 έχουσι
1551 1527 2100 1596 συγγεγραμμένους.

918 1612 1056 1670 ·ΠΖ’.
1088 1616 1190 1682 Είς
1235 1617 1341 1668 τὸν
1379 1618 1703 1686 προφήτην
1735 1617 1984 1684 Δανιὴλ.

847 1708 1026 1777 Θῆρες
1062 1709 1276 1773 λέοντες
1301 1706 1438 1781 ἦσαν
1465 1711 1647 1781 ὲχοροί
1680 1729 1758 1764 σοι
1789 1711 1957 1766 πάλαι
1981 1730 1997 1745 θ

863 1802 1029 1872 Ἀνὴρ
1058 1804 1206 1857 Λέων
1232 1803 1285 1857 δὲ
1314 1802 1408 1855 νῦν
1434 1803 1521 1865 ab;
1553 1803 1770 1873 οίκτρδς
1798 1804 2039 1874 οἰκέτης.

708 1894 814 1950 255
866 1896 955 1959 Ὠς
987 1892 1080 1951 οὖν
1107 1898 1239 1966 παρ’
1267 1895 1448 1950 αὐτῶν
1477 1895 1627 1950 οὐδὲν
1657 1895 1817 1958 αὐτὸς
1848 1897 2108 1967 ἐϐλάϐης,

853 1987 1009 2041 Οῦτω
1037 1989 1314 2058 προφῆτα,
1348 1988 1536 2042 τοῦτον
1569 1991 1629 2043 ἐκ
1660 1988 1866 2059 βλάϐης
1903 1988 2054 2058 ρύου.

912 2081 1043 2134 Π11’.
1083 2079 1262 2148 ’Υπὲρ
1297 2079 1512 2135 ἑαυτοῦ
1543 2081 1692 2149 πρὸς
1731 2081 2010 2149 Χριστόν.

849 2170 1025 2241 Πολλὴ
1055 2173 1214 2241 χάρις
1243 2189 1324 2224 σοι
1354 2171 1461 2224 τῶν
1486 2170 1680 2239 λόγων,
1705 2171 1838 2223 Θεοῦ
1876 2171 2040 2240 Λὸγε,

852 2255 945 2324 Οἷς
977 2263 1280 2330 εῦῖόκησας
1309 2261 1519 2332 δωρεάν
1551 2280 1615 2333 με
1651 2263 1933 2317 πλουτίσαι
1963 2281 1976 2294 ·

856 2353 983 2422 Ὑφ’
1003 2347 1076 2407 ὧν
1105 2355 1386 2425 λογισμοῖς
1415 2356 1654 2424 σώφροσι
1681 2357 2039 2427 κεχρημένος,

705 2443 810 2498 260
853 2443 1060 2509 Ἕταξα
1096 2446 1236 2517 ῥητὰ
1263 2449 1381 2510 ταῖς
1408 2448 1563 2516 ἐμαῖς
1596 2447 1806 2517 χρείαις
1839 2448 2037 2519 μέτρα,

861 2537 1076 2607 ’Δρκεῖν
1107 2537 1296 2608 ἔμοιγε
1326 2538 1500 2592 ταῦτα
1534 2539 1724 2610 κρίνας
1753 2539 1822 2593 τὰ
1865 2541 2013 2611 τρία,

849 2630 1088 2700 Τροφὴν,
1122 2629 1351 2699 σκέπην,
1386 2631 1584 2701 στέγην
1608 2632 1787 2684 τεκαὶ
1821 2633 1989 2702 μηδὲν
2038 2633 2219 2698 πλέον,

850 2724 926 2775 Δι’
953 2719 987 2774 ἆ
1013 2723 1286 2774 κλονεῖται
1325 2723 1473 2775 πᾶσα
1500 2724 1740 2794 σήμερον
1769 2724 1946 2785 κτίσις
1971 2741 1984 2754 ·

850 2813 1118 2883 Ἐπείπερ
1144 2813 1437 2884 ὲξήμειψεν
1469 2816 1499 2884 ἡ
1540 2817 1751 2885 τρυφῆς
1783 2816 1874 2885 βία

708 2905 814 2962 265
850 2907 962 2975 Τὴν
984 2906 1183 2977 χρῆσιν
1221 2907 1398 2959 αὐτῶν
1438 2910 1517 2971 είς
1541 2909 1890 2980 παράχρησιν
1931 2910 2120 2964 πάλαι.

847 3001 1057 3069 Χρῆσιν
1080 3000 1127 3052 δ’
1168 3000 1344 3069 ἔγωγε
1389 3001 1485 3070 τὴν
1514 3001 1823 3068 ἀναγκαίαν
1855 3002 1993 3072 ἔχων

858 3092 1354 3162 ’Υπερπερισσεύω
1382 3110 1438 3145 τε
1473 3093 1564 3145 καὶ
1594 3094 1769 3163 χαίρω
1803 3095 1964 3148 πλέον

849 3181 971 3236 Τῶν
995 3187 1105 3247 τοῖς
1150 3184 1446 3254 ἀπλήστοις
1490 3185 2000 3239 ἀντεπαντλούντων
2030 3186 2229 3250 πίθοις.
2267 3200 2310 3258 C

664 3357 891 3410 semper
921 3343 984 3396 ad
1007 3345 1237 3398 salutem
1264 3343 1459 3414 dirigat
1489 3360 1509 3398 :
1543 3344 1644 3398 hoc
1683 3345 1828 3402 enim
1855 3346 2090 3418 amplius
2116 3349 2252 3405 nihil

677 3436 925 3504 accipere
949 3437 1093 3487 volo.

821 3525 1055 3581 LXXVI.
1102 3528 1162 3582 In
1206 3530 1484 3598 imaginem
1536 3533 1668 3602 regis
1692 3545 1737 3587 et
1770 3536 2108 3603 patriarcha’.

751 3619 852 3684 Qui
878 3620 1108 3688 sapienti
1149 3621 1239 3674 Dei
1267 3622 1474 3690 judicio
1501 3624 1666 3680 duces
1692 3615 1861 3679 nostri
1911 3641 2066 3680 erant
2117 3641 2254 3694 prae-

681 3711 824 3775 tecti,
879 3713 1078 3766 tabulis
1138 3699 1634 3769 etiamdnonorandi
1696 3727 1871 3773 erant.
1905 3719 2002 3773 IIic
2036 3719 2251 3787 quidem

679 3805 823 3857 enim
865 3805 1117 3860 humanis
1168 3806 1480 3860 dominatur
1525 3810 1885 3878 corporibus;
1945 3810 2252 3864 animarum

681 3904 858 3947 autem
919 3906 1104 3965 pastor
1152 3899 1242 3963 ille
1302 3898 1402 3952 fuit
1445 3901 1696 3956 selectus.
1748 3901 2041 3957 Desursum
2092 3902 2253 3957 ambo

681 3986 1051 4040 dominatione
1105 3999 1348 4059 accepta,
1411 3993 1810 4062 ambopulchre
1843 3995 2072 4049 subditis
2117 4009 2256 4064 prta-

682 4089 827 4133 suut.
867 4077 1018 4137 Unde
1042 4081 1260 4148 depicti.
1312 4087 1593 4153 potestatis
1624 4096 1875 4142 auctores
1923 4097 1975 4142 et
2006 4087 2254 4144 defenso-

682 4186 770 4226 res
806 4171 1007 4226 habent
1026 4188 1134 4226 una
1175 4174 1441 4242 depictos.

926 4261 1232 4318 LXXXVII.
1272 4265 1334 4320 In
1372 4266 1638 4320 Danielem
1675 4269 1998 4335 prophetam.

752 4356 870 4411 Ἔτι-ἰ
924 4359 1108 4414 leones
1143 4368 1297 4414 erant
1351 4361 1479 4415 olim
1519 4361 1722 4415 inimici
1769 4361 1865 4414 tibi
1897 4379 1910 4415 :
1944 4360 2027 4413 vir
2067 4369 2247 4415 autem

685 4450 790 4504 Leo
826 4467 970 4507 nunc
1001 4463 1125 4508 tuus
1162 4463 1242 4510 est
1277 4455 1618 4509 miserandus
1646 4469 1856 4509 servus.
1895 4452 2252 4519 Quemadmo-

1808 398 2128 461 JOANNIS
2153 395 2716 459 EUCHAITENSIS

3781 403 3910 467 1184

2527 507 2592 560 Τί
2620 507 2728 578 γὰρ
2751 506 2810 560 τὸ
2839 507 3029 576 κέρδος
3056 508 3164 562 τῶν
3189 511 3512 579 ἀμετρήτως)
3546 513 3748 576 πᾶτιυν,

2382 599 2485 654 270
2524 601 2648 662 Τοῖς
2683 601 2764 663 είς
2790 598 3065 652 ἄπαυστον
3094 601 3245 669 δίψος
3278 603 3706 670 ὲκκεκαυμένοις
3737 621 3752 669 ;

2520 690 2882 758 Διαρῤαγεῖεν
2920 689 3134 758 πρῶτον
3163 689 3228 742 ἂν
3258 692 3322 759 τῆ
3355 691 3685 760 πλημμύρᾳ,

2522 784 2590 835 Ἣ
2619 782 2710 835 τοῦ
2745 781 2951 844 πάθους
2984 784 3118 852 ίαμα
3147 782 3538 849 προσλάϐοιντό
3565 801 3616 836 τι
3641 799 3657 816 ο

2532 875 2688 927 Ἐπελ⁸
2711 872 2766 926 δὲ
2787 872 2943 927 τοῦτο
2976 873 3228 942 συμφορὰ
3266 874 3587 944 μισουμένη,

2525 968 2600 1019 Τὸ
2627 967 2762 1037 μηδὲ
2797 966 2956 1036 διψᾷν
2986 968 3255 1033 κρεῖττον,
3288 965 3319 1034 ἢ
3349 967 3407 1017 τὸ
3443 967 3702 1034 μετρίως.

2385 1059 2490 1114 275
2540 1058 2655 1128 Ἐφ’
2685 1051 2728 1126 ᾧ
2758 1057 2937 1111 λαϐὼν
2969 1058 3174 1111 ἄνωθεν
3200 1058 3362 1115 αὐτὸς
3385 1057 3485 1125 τὴν
3517 1057 3699 1125 χάριν,

2524 1153 2637 1206 Καὶ
2662 1150 2928 1220 σύντομον
2954 1150 3100 1219 σχὼν
3127 1149 3235 1201 τῶν
3264 1148 3499 1219 ὀρέξεων
3529 1149 3727 1218 πέρας,

2523 1244 2699 1315 Πολλὴ
2733 1245 2894 1316 χάρις
2924 1262 3005 1297 σοι.
3029 1243 3137 1295 τῶν
3163 1243 3338 1312 λόγων
3377 1243 3544 1309 λέγω.
3581 1243 3744 1309 Λέγε,

2528 1335 2622 1403 Οἷς
2647 1339 2948 1409 εὐδόκησας
2971 1339 3179 1408 δωρεάν
3228 1355 3293 1405 με
3323 1336 3636 1399 πλουτίσαι,

2526 1431 2669 1500 Πρὸς
2703 1430 2796 1491 οὒς
2820 1431 2877 1482 τὸ
2903 1431 3155 1506 πλεῖστον
3189 1429 3434 1499 ἀσχολῶν
3465 1429 3572 1480 τῶν
3598 1427 3918 1496 φροντίδων,

2385 1523 2490 1578 280
2530 1524 2620 1586 Et;
2650 1524 2817 1579 τᾶλλα
2849 1523 2936 1577 τδν
2970 1523 3093 1576 νοῦν
3133 1521 3411 1593 δυσχερῶς
3447 1522 3486 1553 ⁸⁸
3522 1522 3856 1590 ὲπιστρέφω,

2527 1611 2620 1681 Οἷς
2647 1617 2925 1687 ἐντρυφῶν
2953 1617 3170 1686 νύκτωρ
3194 1633 3250 1668 τε
3281 1613 3375 1667 καὶ
3401 1609 3521 1682 μεθ’
3551 1612 3787 1681 ἡμέραν,

2534 1707 2738 1776 Ἀλλης
2767 1709 2977 1778 τρυφῆς
3006 1709 3205 1778 ἥκιστα
3241 1705 3502 1779 ποιοῦμαι
3525 1705 3706 1773 λόγον.

2528 1801 2719 1871 Ἀρκεῖ
2738 1801 2845 1869 γὰρ
2875 1799 3011 1868 αῦτη
3045 1799 3398 1868 ψυχαγωγεῖν
3430 1796 3728 1858 πλουσίως,

2526 1893 2778 1962 Βρύουσα
2809 1893 2990 1944 πᾶσαν
3022 1891 3216 1961 ἡδονήν
3244 1907 3297 1942 τε
3331 1888 3428 1943 καὶ
3454 1887 3639 1957 χάριν.

2386 1986 2505 2042 285.
2531 1985 2678 2050 Πλὴν
2706 1984 2821 2039 ἀλλ’
2856 1985 3010 2052 ἄγοις
3034 1983 3175 2038 οὓτω
3215 1999 3303 2052 με,
3328 1981 3425 2035 καὶ
3451 1981 3658 2050 φέροις,
3686 1979 3850 2046 Λόγε,

2529 2079 2854 2150 Ἀτρεπτον,
2889 2078 3205 2147 ἀκλόνητον,
3242 2075 3632 2150 ἠδραιωμένον,

2527 2172 2669 2224 Ιίἴσω
2708 2171 2938 2240 μένοντα
2965 2171 3078 2224 τῶν
3109 2169 3462 2236 τεταγμένων
3487 2167 3650 2239 ὅρων,

2541 2265 2629 2329 Ὠς
2661 2265 2846 2319 ἄνθεσι
2887 2265 3149 2335 μέλισσαν
3174 2263 3229 2314 ἐν
3268 2261 3472 2331 βίϐλοις
3507 2261 3776 2332 στρέφων,

2544 2358 2629 2420 Ὠς
2661 2359 2881 2426 τέττιγα
2915 2356 3092 2428 δρόσῳ
3122 2371 3189 2426 με
3217 2357 3331 2418 τοῖς
3356 2355 3539 2424 λόγοις
3569 2353 3814 2421 τρέφων,

2387 2449 2490 2504 990
2529 2450 2730 2512 Μόνοις
2751 2467 2810 2502 τε
2843 2450 3046 2503 πείθων
3081 2450 3193 2512 τοῖς
3223 2447 3487 2518 παροῦσιν
3520 2447 3808 2515 ἐμμένειν,

2531 2544 2639 2596 Καὶ
2680 2545 2844 2615 μηδὲν
2877 2544 3048 2597 αἰτεῖν
3073 2543 3204 2597 ἄλλο
3239 2541 3377 2612 πλὴν
3406 2542 3703 2610 σωτηρίαν.

2527 2637 2622 2696 Εἰς
2656 2636 2723 2706 ἦν
2759 2654 2826 2705 με
2856 2635 3051 2690 θᾶττον
3084 2633 3414 2705 προσλάϐοις
3456 2633 3750 2702 εὐεργέτα,

2529 2728 2647 2780 Κᾶν
2678 2727 2812 2797 μηδὲ
2847 2726 2985 2799 [καὶ]
3013 2726 3107 2778 νῦν
3138 2727 3340 2794 σφόδρα
3371 2723 3646 2784 δυσκόλως
3670 2722 3799 2791 ἔχων.

2528 2823 2806 2890 Κρείττων
2835 2820 2944 2888 γὰρ
2974 2818 3230 2880 εὐπλοίας
3257 2833 3314 2868 τε
3340 2817 3433 2868 καλ.
3459 2814 3678 2882 κούφων
3704 2813 3884 2864 πόνων

2387 2914 2491 2969 €295
2533 2914 2743 2983 Ὀρμος
2776 2910 3042 2973 ποθεινὸς,
3076 2911 3168 2963 καὶ
3202 2908 3262 2961 τὸ
3303 2908 3408 2959 τῶν
3449 2906 3626 2958 πόνων
3656 2904 3830 2966 τέλος,

2529 2997 2627 3056 Ὠν
2659 3020 2747 3073 μοι
2771 3003 2953 3070 τυχεῖν
2983 3000 3192 3069 γένοιτο
3229 3001 3424 3070 ῥᾷστα,
3458 2997 3660 3067 Χριστὲ
3694 3012 3818 3063 μου.

2557 3093 2680 3147 Iit-3'.
2724 3093 2861 3162 Περί
2892 3092 3106 3163 ἑαυτοῦ
3133 3092 3282 3159 πρὸς
3312 3089 3417 3144 τὸν·
3443 3088 3725 3155 Χριστόν.

2522 3190 2697 3262 Πολλὴ
2723 3190 2880 3260 χάρις
2909 3205 2990 3240 σοι
3016 3189 3121 3240 τῶν
3148 3187 3342 3255 λόγων,
3387 3183 3522 3237 Θεοῦ
3548 3183 3713 3250 Λόγε,

2354 3353 2498 3410 enim
2552 3354 2825 3409 commodi
2883 3355 2934 3409 iu
2973 3348 3634 3407 eonviviisimmoderatis
3658 3347 3724 3401 iis
3753 3346 3922 3414 quiin

2353 3445 2498 3500 sitim
2545 3445 3040 3511 iuexstiuguibilem
3109 3438 3467 3496 exarserunt?
3524 3438 3926 3505 Rumperentur

2355 3536 2504 3605 prius
2551 3537 2602 3589 iu
2661 3536 3077 3598 redundatione,
3112 3549 3272 3603 quam
3305 3531 3435 3586 vitio
3461 3529 3735 3599 quoddam
3770 3525 3927 3582 adhi-

2353 3629 2541 3682 berent
2591 3628 2914 3682 remedium.
2972 3627 3108 3681 Cum
3153 3632 3331 3678 autem
3367 3624 3468 3676 hoc
3511 3620 3682 3675 tristis
3717 3628 3802 3673 est
3835 3629 3927 3670 ne-

2356 3721 2604 3783 cessitas,
2654 3735 2757 3771 non
2823 3719 2972 3774 sitire
3037 3717 3206 3771 satius
3255 3723 3336 3770 est
3372 3727 3531 3782 quam
3570 3709 3926 3764 immoderate

2354 3813 2526 3866 sitire.
2562 3810 2683 3865 Ideo
2743 3810 2917 3881 gratia
2985 3810 3218 3878 desuper
3261 3814 3480 3876 accepta
3507 3804 3802 3869 stricteque
3833 3815 3924 3854 re-

2358 3903 2581 3958 lrenatis
2635 3903 2916 3958 desideriis
2983 3901 3094 3970 ipse
3160 3899 3252 3953 tibi
3317 3895 3691 3951 diconultaa
3745 3892 3926 3961 gratiae

2355 3995 2477 4061 tibi,
2513 3997 2769 4059 Verbum,
2807 3994 2875 4049 ob
2931 3994 3095 4046 verba
3147 3990 3342 4061 quibus
3373 4003 3457 4042 me
3484 3987 3652 4057 gratis
3687 3983 3926 4050 locuplec

2357 4095 2472 4142 tare
2515 4089 2768 4157 dignatus
2791 4068 2977 4153 e‘s;'ad
3019 4099 3138 4155 quae
3189 4084 3473 4153 plerasque
3503 4094 3663 4133 curas
3707 4076 3922 4131 assidue

2353 4191 2532 4245 verto,
2580 4180 2708 4233 dum
2767 4178 2873 4231 alia
2920 4193 3060 4246 δἐι-ο
3102 4183 3277 4229 mente
3336 4172 3610 4241 recogito;
3645 4166 3921 4236 inquibus

2353 4279 2510 4326 nocte
2537 4272 2730 4340 dieque
2777 4270 2995 4324 delicias
3028 4281 3274 4336 carpens,
3299 4280 3452 4318 nova:
3515 4262 3816 4329 voluptatis
3839 4257 3929 4310 mi-

2353 4364 2552 4416 nimam
2585 4362 2759 4417 liabeo
2810 4363 3094 4415 rationem.
3128 4359 3232 4412 lllre
3275 4356 3441 4418 enim,
3471 4361 3637 4408 totam
3675 4351 3926 4419 volupta-

2355 4467 2458 4508 tem
2517 4462 2792 4525 totamque
2835 4457 3059 4523 gratiam
3092 4453 3455 4510 infundentes.
3509 4446 3748 4501 animam
3775 4443 3927 4496 ditis-

681 4545 806 4597 dum
839 4545 1001 4614 igitur
1021 4545 1088 4600 ab
1120 4547 1199 4601 eis
1233 4548 1345 4616 ipse
1369 4562 1475 4601 non
1516 4546 1674 4601 laesus
1703 4562 1780 4610 es,
1816 4547 1889 4601 ita
1922 4547 2086 4610 hunc,
2123 4563 2246 4617 pI'O-
2274 4546 2325 4606 D
2353 4548 2488 4601 sime
2546 4548 2746 4602 dueere
2793 4547 3087 4602 suﬂiciunt.
3123 4546 3502 4600 Verumtamen
3542 4540 3610 4593 ita
3637 4551 3724 4590 me
3757 4536 3922 4587 ducas

680 4636 860 4703 pheta,
894 4650 922 4687 a
954 4636 1094 4687 man
1125 4638 1316 4690 libera.

873 4722 1199 4779 LXXXVIII.
1227 4724 1327 4777 Pro
1356 4727 1627 4793 semetipso
1661 4726 1729 4780 ad
1758 4727 2042 4781 Christum.

748 4812 925 4868 Multae
972 4816 1066 4869 tibi
1101 4816 1306 4884 gratiae,
1338 4816 1429 4870 Dei
1453 4816 1719 4880 Verbum,
1749 4819 1819 4873 ob
1863 4820 2023 4873 verba
2047 4819 2243 4888 quibus

679 4920 764 4957 me
800 4906 968 4974 gratis
1000 4908 1326 4977 locupletare
1346 4909 1596 4979 dignatus
1625 4925 1702 4963 es.
1727 4909 1765 4964 Ε
1801 4911 2004 4981 ιιιιὶὶιυε¹
2024 4912 2244 4968 εδυὶεητ

679 5005 759 5052 tes
796 4998 1066 5054 deducens
1117 5001 1377 5064 rationes,
1410 5002 1696 5057 rationales
1728 5006 1860 5057 meis
1905 5005 2242 5060 necessitati-

679 5090 779 5141 bus
847 5090 1090 5158 disposui
1121 5093 1358 5162 regulas,
1407 5093 1651 5148 sullicere
1683 5095 1812 5148 mihi
1841 5093 2095 5165 judicans
2128 5098 2242 5152 haec

679 5178 804 5241 tria,
859 5181 1063 5245 cibum,
1108 5184 1400 5249 vestitum,
1437 5200 1500 5238 ac
1559 5188 1852 5255 tugurium,
1903 5190 2245 5260 ampliusque

682 5270 816 5324 nihil
871 5288 934 5327 ex
998 5275 1101 5338 his,
1161 5286 1380 5347 propter
1419 5294 1536 5348 quae
1599 5281 1846 5336 turbatur
1881 5283 2039 5337 hodie
2071 5286 2248 5338 omnis

677 5374 927 5419 creatura
961 5369 1264 5433 :siquidem
1321 5372 1625 5428 diliciarum
1653 5377 1730 5430 vis
1772 5390 1926 5429 usum
1973 5391 2158 5430 eorum
2193 5377 2246 5429 in

679 5451 907 5505 abusum
951 5455 1271 5525 jampridem
1319 5465 1690 5516 commutavit.
1741 5462 1906 5516 Usum
1940 5475 2120 5518 autem
2148 5480 2248 5534 ego

682 5547 1078 5624 necessarium,
1114 5549 1338 5613 habens.
1387 5553 1766 5621 superabundo
1799 5555 2078 5623 magisque
2109 5572 2246 5624 gau-

678 5632 779 5690 deo
835 5652 996 5704 tinam
1051 5623 1142 5708 qui
1203 5640 1363 5697 doliis
1414 5642 1694 5698 immensis
1755 5644 2052 5700 abundant.
2106 5645 2242 5712 Quid

754 5793 796 5826 "
831 5811 918 5862 rp.
972 5797 1272 5868 επιτρέφω.

2355 4649 2406 4693 ct
2440 4639 2600 4705 feras,
2628 4641 2883 4702 Verbum,
2919 4639 3272 4699 immobilem,
3305 4644 3642 4691 constantem
3671 4673 3688 4694 ,
3740 4629 3923 4684 incon-

2351 4744 2604 4792 cussum,
2672 4731 2813 4783 intra
2867 4730 3207 4798 praescriptos
3255 4732 3559 4778 manentem
3631 4719 3800 4782 ﬁnes,
3867 4724 3924 4768 ut

2351 4823 2574 4877 ﬂoribus
2621 4839 2772 4892 apem
2816 4823 2866 4876 in
2898 4823 3094 4876 litteris
3123 4835 3207 4873 me
3251 4831 3498 4876 versans,
3532 4820 3588 4866 ut
3628 4826 3756 4864 rore
3788 4808 3927 4862 cica-

2349 4915 2472 4969 dam
2506 4929 2590 4967 me
2625 4913 2805 4968 verbis
2859 4913 3158 4972 enutriens,
3193 4909 3324 4962 mihi
3364 4905 3597 4961 suadens
3631 4899 3770 4956 solis
3806 4911 3922 4950 esse

2350 5013 2662 5058 contentum
2708 4995 3064 5073 praesentibus
3087 5000 3326 5066 nihilque
3376 5003 3628 5062 expetere
3648 4986 3753 5040 nisi
3784 4983 3920 5037 salu-

2345 5111 2476 5157 tem.
2508 5097 2572 5149 ad
2605 5111 2764 5164 quam
2802 5111 2886 5147 me
2908 5095 3038 5155 cito.
3072 5093 3169 5148 etsi
3195 5105 3340 5144 nunc
3377 5102 3483 5143 non
3515 5083 3688 5137 multo
3732 5089 3920 5147 graver

2347 5187 2525 5250 tredio,
2570 5187 2842 5241 beneﬁcus
2895 5199 3164 5240 assumas.
3199 5180 3426 5234 Prmstat
3478 5177 3622 5229 enim
3658 5166 3797 5225 felici
3832 5181 3921 5218 ua-

2346 5279 2618 5346 vigatione
2670 5278 3009 5331 desideratus
3057 5284 3265 5343 portus,
3301 5271 3617 5333 levibusque
3647 5260 3919 5316 laberilms

2345 5369 2591 5421 liborum
2653 5370 2939 5422 cessatio:
2991 5381 3112 5436 qua:
3180 5364 3346 5427 mihi,
3409 5359 3662 5420 Christe,
3717 5351 3915 5407 utinam

2348 5469 2596 5530 prompte
2627 5461 2916 5515 eveniant!

2582 5551 2866 5606 LXXXIX.
2911 5552 2981 5604 De
3002 5551 3274 5616 semetipso
3302 5545 3367 5598 ad
3396 5544 3689 5598 Christum.

2416 5644 2592 5699 Multae
2649 5644 2739 5698 tibi
2805 5643 3014 5713 gratim,
3062 5642 3150 5696 llci
3206 5639 3457 5699 Verbum,
3506 5637 3574 5689 ob
3609 5636 3771 5689 verba
3802 5631 3920 5702 qui-
