  <div class='ocr_page' id='page_1' title='image "/cluster/home/n/w/nwhite01/storage/ocr_20150623/120/pst.000005714353/601.png"; bbox 0 0 4138 6334; ppageno 0'>
   <div class='ocr_carea' id='block_1_1' title="bbox 685 383 821 449">
    <p class='ocr_par' dir='ltr' id='par_1_1' title="bbox 685 383 821 449">
     <span class='ocr_line' id='line_1_1' title="bbox 685 383 821 449; baseline 0.022 -3"><span class='ocrx_word' id='word_1_1' title='bbox 685 383 821 449; x_wconf 79' lang='grc'><strong>1187</strong></span> 
     </span>
    </p>
   </div>
   <div class='ocr_carea' id='block_1_2' title="bbox 855 496 1910 571">
    <p class='ocr_par' dir='ltr' id='par_1_2' title="bbox 855 496 1910 571">
     <span class='ocr_line' id='line_1_2' title="bbox 855 496 1910 571; baseline 0.002 -21"><span class='ocrx_word' id='word_1_2' title='bbox 855 496 967 569; x_wconf 86' lang='grc' dir='ltr'><strong>Τῆς</strong></span> <span class='ocrx_word' id='word_1_3' title='bbox 991 497 1283 562; x_wconf 76' lang='grc' dir='ltr'><strong>αὐθαδείας</strong></span> <span class='ocrx_word' id='word_1_4' title='bbox 1315 496 1476 564; x_wconf 78' lang='grc' dir='ltr'><strong>ἀξίαν</strong></span> <span class='ocrx_word' id='word_1_5' title='bbox 1507 497 1685 564; x_wconf 77' lang='grc' dir='ltr'><strong>διδοὺς</strong></span> <span class='ocrx_word' id='word_1_6' title='bbox 1708 498 1868 571; x_wconf 83' lang='grc' dir='ltr'><strong>δίκην</strong></span> <span class='ocrx_word' id='word_1_7' title='bbox 1897 518 1910 530; x_wconf 88' lang='grc'><strong>·</strong></span> 
     </span>
    </p>
   </div>
   <div class='ocr_carea' id='block_1_3' title="bbox 861 595 1943 668">
    <p class='ocr_par' dir='ltr' id='par_1_3' title="bbox 861 595 1943 668">
     <span class='ocr_line' id='line_1_3' title="bbox 861 595 1943 668; baseline 0.002 -19"><span class='ocrx_word' id='word_1_8' title='bbox 861 595 1023 649; x_wconf 86' lang='grc' dir='ltr'><strong>Ὅθεν</strong></span> <span class='ocrx_word' id='word_1_9' title='bbox 1044 597 1311 668; x_wconf 80' lang='grc' dir='ltr'><strong>ταπεινὴν</strong></span> <span class='ocrx_word' id='word_1_10' title='bbox 1340 598 1649 668; x_wconf 81' lang='grc' dir='ltr'><strong>ἀσφάλειαν</strong></span> <span class='ocrx_word' id='word_1_11' title='bbox 1679 597 1943 667; x_wconf 67' lang='grc' dir='ltr'><strong>ἐκλέγων,</strong></span> 
     </span>
    </p>
   </div>
   <div class='ocr_carea' id='block_1_4' title="bbox 854 688 1944 760">
    <p class='ocr_par' dir='ltr' id='par_1_4' title="bbox 854 688 1944 760">
     <span class='ocr_line' id='line_1_4' title="bbox 854 688 1944 760; baseline 0.005 -20"><span class='ocrx_word' id='word_1_12' title='bbox 854 689 1003 758; x_wconf 79' lang='grc' dir='ltr'><strong>Πεςῇ</strong></span> <span class='ocrx_word' id='word_1_13' title='bbox 1037 688 1240 758; x_wconf 75' lang='grc' dir='ltr'><strong>βαδίζοι</strong></span> <span class='ocrx_word' id='word_1_14' title='bbox 1271 689 1437 754; x_wconf 74' lang='grc' dir='ltr'><strong>πεζὸν</strong></span> <span class='ocrx_word' id='word_1_15' title='bbox 1464 689 1542 743; x_wconf 80' lang='grc' dir='ltr'><strong>ὢν</strong></span> <span class='ocrx_word' id='word_1_16' title='bbox 1567 689 1712 753; x_wconf 79' lang='grc' dir='ltr'><strong>ζῶον</strong></span> <span class='ocrx_word' id='word_1_17' title='bbox 1742 690 1905 760; x_wconf 86' lang='grc' dir='ltr'><strong>φύσει</strong></span> <span class='ocrx_word' id='word_1_18' title='bbox 1931 709 1944 724; x_wconf 77' lang='grc' dir='ltr'><strong>ο</strong></span> 
     </span>
    </p>
   </div>
   <div class='ocr_carea' id='block_1_5' title="bbox 855 781 2022 851">
    <p class='ocr_par' dir='ltr' id='par_1_5' title="bbox 855 781 2022 851">
     <span class='ocr_line' id='line_1_5' title="bbox 855 781 2022 851; baseline 0.004 -18"><span class='ocrx_word' id='word_1_19' title='bbox 855 781 1001 834; x_wconf 73' lang='lat' dir='ltr'><strong>[Idm</strong></span> <span class='ocrx_word' id='word_1_20' title='bbox 1042 782 1145 851; x_wconf 79' lang='grc' dir='ltr'><strong>μὲν</strong></span> <span class='ocrx_word' id='word_1_21' title='bbox 1171 782 1273 836; x_wconf 83' lang='grc' dir='ltr'><strong>οὐκ</strong></span> <span class='ocrx_word' id='word_1_22' title='bbox 1299 781 1544 845; x_wconf 74' lang='grc' dir='ltr'><strong>ἄποπτος</strong></span> <span class='ocrx_word' id='word_1_23' title='bbox 1567 781 1643 844; x_wconf 83' lang='grc' dir='ltr'><strong>ὡς</strong></span> <span class='ocrx_word' id='word_1_24' title='bbox 1667 785 1731 836; x_wconf 78' lang='grc' dir='ltr'><strong>ὲκ</strong></span> <span class='ocrx_word' id='word_1_25' title='bbox 1753 784 1862 836; x_wconf 83' lang='grc' dir='ltr'><strong>τῶν</strong></span> <span class='ocrx_word' id='word_1_26' title='bbox 1888 784 2022 850; x_wconf 79' lang='grc' dir='ltr'><strong>ἄνω,</strong></span> 
     </span>
    </p>
   </div>
   <div class='ocr_carea' id='block_1_6' title="bbox 863 870 2076 942">
    <p class='ocr_par' dir='ltr' id='par_1_6' title="bbox 863 870 2076 942">
     <span class='ocr_line' id='line_1_6' title="bbox 863 870 2076 942; baseline 0.003 -20"><span class='ocrx_word' id='word_1_27' title='bbox 863 870 1088 934; x_wconf 78' lang='grc' dir='ltr'><strong>Πολλοῖς</strong></span> <span class='ocrx_word' id='word_1_28' title='bbox 1119 873 1178 924; x_wconf 80' lang='grc' dir='ltr'><strong>δὲ</strong></span> <span class='ocrx_word' id='word_1_29' title='bbox 1203 871 1300 927; x_wconf 78' lang='grc' dir='ltr'><strong>καὶ</strong></span> <span class='ocrx_word' id='word_1_30' title='bbox 1325 871 1571 927; x_wconf 78' lang='grc' dir='ltr'><strong>κάτωθεν</strong></span> <span class='ocrx_word' id='word_1_31' title='bbox 1594 871 1672 926; x_wconf 82' lang='grc' dir='ltr'><strong>ὢν</strong></span> <span class='ocrx_word' id='word_1_32' title='bbox 1708 872 2076 942; x_wconf 69' lang='grc' dir='ltr'><strong>ἐγνωσμένος,</strong></span> 
     </span>
    </p>
   </div>
   <div class='ocr_carea' id='block_1_7' title="bbox 864 958 1936 1034">
    <p class='ocr_par' dir='ltr' id='par_1_7' title="bbox 864 958 1936 1034">
     <span class='ocr_line' id='line_1_7' title="bbox 864 958 1936 1034; baseline 0.005 -20"><span class='ocrx_word' id='word_1_33' title='bbox 864 961 931 1014; x_wconf 82' lang='grc'><strong>⁸0</strong></span> <span class='ocrx_word' id='word_1_34' title='bbox 965 963 1152 1032; x_wconf 79' lang='grc' dir='ltr'><strong>μεῖζον</strong></span> <span class='ocrx_word' id='word_1_35' title='bbox 1185 958 1307 1019; x_wconf 76' lang='grc' dir='ltr'><strong>οἴδα</strong></span> <span class='ocrx_word' id='word_1_36' title='bbox 1336 963 1540 1034; x_wconf 81' lang='grc' dir='ltr'><strong>μᾶλλον</strong></span> <span class='ocrx_word' id='word_1_37' title='bbox 1558 967 1638 1024; x_wconf 86' lang='grc' dir='ltr'><strong>είς</strong></span> <span class='ocrx_word' id='word_1_38' title='bbox 1668 964 1936 1031; x_wconf 79' lang='grc' dir='ltr'><strong>εὐδοξίαν,</strong></span> 
     </span>
    </p>
   </div>
   <div class='ocr_carea' id='block_1_8' title="bbox 857 1054 1954 1126">
    <p class='ocr_par' dir='ltr' id='par_1_8' title="bbox 857 1054 1954 1126">
     <span class='ocr_line' id='line_1_8' title="bbox 857 1054 1954 1126; baseline 0.001 -20"><span class='ocrx_word' id='word_1_39' title='bbox 857 1054 1031 1106; x_wconf 84' lang='grc' dir='ltr'><strong>Ὅταν</strong></span> <span class='ocrx_word' id='word_1_40' title='bbox 1058 1071 1141 1117; x_wconf 81' lang='grc' dir='ltr'><strong>τις</strong></span> <span class='ocrx_word' id='word_1_41' title='bbox 1172 1054 1338 1119; x_wconf 80' lang='grc' dir='ltr'><strong>αὐτὸς</strong></span> <span class='ocrx_word' id='word_1_42' title='bbox 1371 1057 1436 1109; x_wconf 65' lang='grc' dir='ltr'><strong>ἐκ</strong></span> <span class='ocrx_word' id='word_1_43' title='bbox 1459 1055 1721 1109; x_wconf 80' lang='grc' dir='ltr'><strong>ταπεινοῦ</strong></span> <span class='ocrx_word' id='word_1_44' title='bbox 1749 1055 1954 1126; x_wconf 77' lang='grc' dir='ltr'><strong>χωρίου</strong></span> 
     </span>
    </p>
   </div>
   <div class='ocr_carea' id='block_1_9' title="bbox 855 1142 2009 1217">
    <p class='ocr_par' dir='ltr' id='par_1_9' title="bbox 855 1142 2009 1217">
     <span class='ocr_line' id='line_1_9' title="bbox 855 1142 2009 1217; baseline 0.003 -22"><span class='ocrx_word' id='word_1_45' title='bbox 855 1144 1000 1211; x_wconf 78' lang='grc' dir='ltr'><strong>Πρὸς</strong></span> <span class='ocrx_word' id='word_1_46' title='bbox 1025 1142 1158 1213; x_wconf 75' lang='grc' dir='ltr'><strong>ὕψος</strong></span> <span class='ocrx_word' id='word_1_47' title='bbox 1182 1146 1502 1211; x_wconf 71' lang='grc' dir='ltr'><strong>εκτείνοιτο,</strong></span> <span class='ocrx_word' id='word_1_48' title='bbox 1537 1149 1632 1200; x_wconf 68' lang='grc' dir='ltr'><strong>καὶ</strong></span> <span class='ocrx_word' id='word_1_49' title='bbox 1653 1146 1782 1217; x_wconf 76' lang='grc' dir='ltr'><strong>δοκῇ</strong></span> <span class='ocrx_word' id='word_1_50' title='bbox 1816 1145 2009 1214; x_wconf 77' lang='grc' dir='ltr'><strong>μέγας,</strong></span> 
     </span>
    </p>
   </div>
   <div class='ocr_carea' id='block_1_10' title="bbox 857 1233 2099 1307">
    <p class='ocr_par' dir='ltr' id='par_1_10' title="bbox 857 1233 2099 1307">
     <span class='ocr_line' id='line_1_10' title="bbox 857 1233 2099 1307; baseline 0.004 -21"><span class='ocrx_word' id='word_1_51' title='bbox 857 1233 1070 1304; x_wconf 77' lang='grc' dir='ltr'><strong>Ὥσπερ</strong></span> <span class='ocrx_word' id='word_1_52' title='bbox 1099 1236 1359 1300; x_wconf 79' lang='grc' dir='ltr'><strong>κολοσσὸς</strong></span> <span class='ocrx_word' id='word_1_53' title='bbox 1386 1239 1562 1307; x_wconf 78' lang='grc' dir='ltr'><strong>μῆκος</strong></span> <span class='ocrx_word' id='word_1_54' title='bbox 1588 1239 1788 1290; x_wconf 76' lang='grc' dir='ltr'><strong>οἰκεῖον</strong></span> <span class='ocrx_word' id='word_1_55' title='bbox 1819 1235 1865 1268; x_wconf 87' lang='grc'><strong>⁸⁷</strong></span> <span class='ocrx_word' id='word_1_56' title='bbox 1897 1239 2099 1306; x_wconf 73' lang='grc' dir='ltr'><strong>φιρων,</strong></span> 
     </span>
    </p>
   </div>
   <div class='ocr_carea' id='block_1_11' title="bbox 852 1325 2116 1415">
    <p class='ocr_par' dir='ltr' id='par_1_11' title="bbox 852 1325 2116 1415">
     <span class='ocr_line' id='line_1_11' title="bbox 852 1325 2116 1415; baseline 0.002 -38"><span class='ocrx_word' id='word_1_57' title='bbox 852 1325 966 1377; x_wconf 78' lang='grc' dir='ltr'><strong>Καὶ</strong></span> <span class='ocrx_word' id='word_1_58' title='bbox 1002 1327 1168 1396; x_wconf 71' lang='grc' dir='ltr'><strong>μηδὲν</strong></span> <span class='ocrx_word' id='word_1_59' title='bbox 1197 1328 1517 1415; x_wconf 35' lang='grc' dir='ltr'><strong>είςχὸίαρμα</strong></span> <span class='ocrx_word' id='word_1_60' title='bbox 1549 1328 1768 1399; x_wconf 71' lang='grc' dir='ltr'><strong>χρῄζων</strong></span> <span class='ocrx_word' id='word_1_61' title='bbox 1801 1327 1898 1381; x_wconf 88' lang='grc' dir='ltr'><strong>τοῦ</strong></span> <span class='ocrx_word' id='word_1_62' title='bbox 1921 1328 2116 1415; x_wconf 66' lang='grc' dir='ltr'><strong>τόπου.</strong></span> 
     </span>
    </p>
   </div>
   <div class='ocr_carea' id='block_1_12' title="bbox 855 1417 2153 1489">
    <p class='ocr_par' dir='ltr' id='par_1_12' title="bbox 855 1417 2153 1489">
     <span class='ocr_line' id='line_1_12' title="bbox 855 1417 2153 1489; baseline 0.002 -20"><span class='ocrx_word' id='word_1_63' title='bbox 855 1417 1015 1470; x_wconf 85' lang='grc' dir='ltr'><strong>Ὅσοι</strong></span> <span class='ocrx_word' id='word_1_64' title='bbox 1040 1419 1094 1469; x_wconf 71' lang='grc' dir='ltr'>δὲ</span> <span class='ocrx_word' id='word_1_65' title='bbox 1130 1417 1478 1488; x_wconf 74' lang='grc' dir='ltr'><strong>κομπάζουσι</strong></span> <span class='ocrx_word' id='word_1_66' title='bbox 1513 1418 1761 1489; x_wconf 77' lang='grc' dir='ltr'><strong>βαθμοῖς,</strong></span> <span class='ocrx_word' id='word_1_67' title='bbox 1788 1420 1883 1471; x_wconf 80' lang='grc' dir='ltr'><strong>καὶ</strong></span> <span class='ocrx_word' id='word_1_68' title='bbox 1917 1419 2153 1489; x_wconf 86' lang='grc' dir='ltr'><strong>θρόνοις,</strong></span> 
     </span>
    </p>
   </div>
   <div class='ocr_carea' id='block_1_13' title="bbox 745 1503 1902 1579">
    <p class='ocr_par' dir='ltr' id='par_1_13' title="bbox 745 1503 1902 1579">
     <span class='ocr_line' id='line_1_13' title="bbox 745 1503 1902 1579; baseline 0 -18"><span class='ocrx_word' id='word_1_69' title='bbox 745 1558 752 1567; x_wconf 87' lang='grc'><strong>,</strong></span> <span class='ocrx_word' id='word_1_70' title='bbox 854 1503 1017 1561; x_wconf 70' lang='grc' dir='ltr'><strong>Οὗτοι</strong></span> <span class='ocrx_word' id='word_1_71' title='bbox 1050 1508 1276 1561; x_wconf 77' lang='grc' dir='ltr'><strong>κολοιῶν</strong></span> <span class='ocrx_word' id='word_1_72' title='bbox 1311 1510 1467 1564; x_wconf 77' lang='grc' dir='ltr'><strong>οὐδέν</strong></span> <span class='ocrx_word' id='word_1_73' title='bbox 1497 1511 1609 1562; x_wconf 80' lang='grc' dir='ltr'><strong>είσι</strong></span> <span class='ocrx_word' id='word_1_74' title='bbox 1650 1508 1902 1579; x_wconf 77' lang='grc' dir='ltr'><strong>βελτίους</strong></span> 
     </span>
    </p>
   </div>
   <div class='ocr_carea' id='block_1_14' title="bbox 857 1599 2100 1672">
    <p class='ocr_par' dir='ltr' id='par_1_14' title="bbox 857 1599 2100 1672">
     <span class='ocr_line' id='line_1_14' title="bbox 857 1599 2100 1672; baseline 0.002 -21"><span class='ocrx_word' id='word_1_75' title='bbox 857 1599 1017 1667; x_wconf 72' lang='grc' dir='ltr'><strong>Μέγα</strong></span> <span class='ocrx_word' id='word_1_76' title='bbox 1049 1599 1400 1669; x_wconf 83' lang='grc' dir='ltr'><strong>φρονούντων</strong></span> <span class='ocrx_word' id='word_1_77' title='bbox 1425 1603 1482 1654; x_wconf 78' lang='grc' dir='ltr'><strong>ὲν</strong></span> <span class='ocrx_word' id='word_1_78' title='bbox 1512 1603 1732 1672; x_wconf 76' lang='grc' dir='ltr'><strong>πτεροῖς</strong></span> <span class='ocrx_word' id='word_1_79' title='bbox 1768 1601 2100 1672; x_wconf 87' lang='grc' dir='ltr'><strong>άλλοτρίοις,</strong></span> 
     </span>
    </p>
   </div>
   <div class='ocr_carea' id='block_1_15' title="bbox 850 1681 1971 1760">
    <p class='ocr_par' dir='ltr' id='par_1_15' title="bbox 850 1681 1971 1760">
     <span class='ocr_line' id='line_1_15' title="bbox 850 1681 1971 1760; baseline 0.004 -19"><span class='ocrx_word' id='word_1_80' title='bbox 850 1681 952 1741; x_wconf 80' lang='grc' dir='ltr'><strong>Ὧν</strong></span> <span class='ocrx_word' id='word_1_81' title='bbox 981 1691 1014 1756; x_wconf 78' lang='grc' dir='ltr'><strong>ἡ</strong></span> <span class='ocrx_word' id='word_1_82' title='bbox 1052 1689 1217 1741; x_wconf 85' lang='grc' dir='ltr'><strong>πάλιν</strong></span> <span class='ocrx_word' id='word_1_83' title='bbox 1244 1689 1475 1760; x_wconf 71' lang='grc' dir='ltr'><strong>ψίλωσις</strong></span> <span class='ocrx_word' id='word_1_84' title='bbox 1505 1689 1752 1760; x_wconf 75' lang='grc' dir='ltr'><strong>αἰσχύνει</strong></span> <span class='ocrx_word' id='word_1_85' title='bbox 1786 1690 1971 1745; x_wconf 70' lang='grc' dir='ltr'><strong>πλέον.</strong></span> 
     </span>
    </p>
   </div>
   <div class='ocr_carea' id='block_1_16' title="bbox 857 1776 2260 1852">
    <p class='ocr_par' dir='ltr' id='par_1_16' title="bbox 857 1776 2260 1852">
     <span class='ocr_line' id='line_1_16' title="bbox 857 1776 2260 1852; baseline 0.004 -22"><span class='ocrx_word' id='word_1_86' title='bbox 857 1777 979 1830; x_wconf 83' lang='grc' dir='ltr'><strong>Τῶν</strong></span> <span class='ocrx_word' id='word_1_87' title='bbox 1002 1777 1048 1810; x_wconf 84' lang='grc'><strong>⁸⁸</strong></span> <span class='ocrx_word' id='word_1_88' title='bbox 1074 1780 1389 1847; x_wconf 80' lang='grc' dir='ltr'><strong>προσθέτων</strong></span> <span class='ocrx_word' id='word_1_89' title='bbox 1409 1776 1516 1848; x_wconf 80' lang='grc' dir='ltr'><strong>γάρ</strong></span> <span class='ocrx_word' id='word_1_90' title='bbox 1543 1786 1850 1849; x_wconf 54' lang='grc' dir='ltr'><strong>χρωμάτων</strong></span> <span class='ocrx_word' id='word_1_91' title='bbox 1868 1783 1932 1851; x_wconf 81' lang='grc' dir='ltr'><strong>τῇ</strong></span> <span class='ocrx_word' id='word_1_92' title='bbox 1954 1780 2260 1852; x_wconf 88' lang='grc' dir='ltr'><strong>συγκρίσει,</strong></span> 
     </span>
    </p>
   </div>
   <div class='ocr_carea' id='block_1_17' title="bbox 854 1867 1918 1939">
    <p class='ocr_par' dir='ltr' id='par_1_17' title="bbox 854 1867 1918 1939">
     <span class='ocr_line' id='line_1_17' title="bbox 854 1867 1918 1939; baseline 0.002 -18"><span class='ocrx_word' id='word_1_93' title='bbox 854 1870 950 1933; x_wconf 78' lang='grc' dir='ltr'><strong>Εἰς</strong></span> <span class='ocrx_word' id='word_1_94' title='bbox 987 1869 1172 1939; x_wconf 75' lang='grc' dir='ltr'><strong>μεῖζον</strong></span> <span class='ocrx_word' id='word_1_95' title='bbox 1198 1867 1458 1934; x_wconf 67' lang='grc' dir='ltr'><strong>ἐξάγουσι</strong></span> <span class='ocrx_word' id='word_1_96' title='bbox 1489 1869 1587 1938; x_wconf 79' lang='grc' dir='ltr'><strong>τὴν</strong></span> <span class='ocrx_word' id='word_1_97' title='bbox 1617 1872 1918 1938; x_wconf 80' lang='grc' dir='ltr'><strong>ἀμορφίαν.</strong></span> 
     </span>
    </p>
   </div>
   <div class='ocr_carea' id='block_1_18' title="bbox 863 1959 2158 2031">
    <p class='ocr_par' dir='ltr' id='par_1_18' title="bbox 863 1959 2158 2031">
     <span class='ocr_line' id='line_1_18' title="bbox 863 1959 2158 2031; baseline -0.002 -17"><span class='ocrx_word' id='word_1_98' title='bbox 863 1962 1028 2018; x_wconf 70' lang='grc' dir='ltr'><strong>Ἀλλ-’ὰ</strong></span> <span class='ocrx_word' id='word_1_99' title='bbox 1061 1959 1106 1993; x_wconf 77' lang='grc'>⁸³</span> <span class='ocrx_word' id='word_1_100' title='bbox 1138 1962 1397 2029; x_wconf 83' lang='grc' dir='ltr'><strong>κροτήσει</strong></span> <span class='ocrx_word' id='word_1_101' title='bbox 1433 1961 1538 2019; x_wconf 80' lang='grc' dir='ltr'><strong>πᾶς</strong></span> <span class='ocrx_word' id='word_1_102' title='bbox 1561 1959 1716 2028; x_wconf 74' lang='grc' dir='ltr'><strong>ὀχλος</strong></span> <span class='ocrx_word' id='word_1_103' title='bbox 1748 1961 1870 2022; x_wconf 76' lang='grc' dir='ltr'><strong>τοὺς</strong></span> <span class='ocrx_word' id='word_1_104' title='bbox 1892 1963 1951 2012; x_wconf 74' lang='grc' dir='ltr'><strong>εν</strong></span> <span class='ocrx_word' id='word_1_105' title='bbox 1987 1961 2158 2031; x_wconf 79' lang='grc' dir='ltr'><strong>μέσῳ.</strong></span> 
     </span>
    </p>
   </div>
   <div class='ocr_carea' id='block_1_19' title="bbox 853 2049 2038 2120">
    <p class='ocr_par' dir='ltr' id='par_1_19' title="bbox 853 2049 2038 2120">
     <span class='ocr_line' id='line_1_19' title="bbox 853 2049 2038 2120; baseline -0.003 -13"><span class='ocrx_word' id='word_1_106' title='bbox 853 2052 1039 2106; x_wconf 82' lang='grc' dir='ltr'><strong>Εἰπὼν</strong></span> <span class='ocrx_word' id='word_1_107' title='bbox 1069 2050 1245 2120; x_wconf 73' lang='grc' dir='ltr'><strong>ὃχλον,</strong></span> <span class='ocrx_word' id='word_1_108' title='bbox 1274 2049 1537 2118; x_wconf 76' lang='grc' dir='ltr'><strong>βέλτιστε,</strong></span> <span class='ocrx_word' id='word_1_109' title='bbox 1575 2051 1651 2118; x_wconf 77' lang='grc' dir='ltr'><strong>μὴ</strong></span> <span class='ocrx_word' id='word_1_110' title='bbox 1676 2050 1830 2119; x_wconf 75' lang='grc' dir='ltr'><strong>ζήτει</strong></span> <span class='ocrx_word' id='word_1_111' title='bbox 1854 2051 2038 2104; x_wconf 72' lang='grc' dir='ltr'><strong>πλέον.</strong></span> 
     </span>
    </p>
   </div>
   <div class='ocr_carea' id='block_1_20' title="bbox 831 2137 2152 2212">
    <p class='ocr_par' dir='ltr' id='par_1_20' title="bbox 831 2137 2152 2212">
     <span class='ocr_line' id='line_1_20' title="bbox 831 2137 2152 2212; baseline -0.001 -17"><span class='ocrx_word' id='word_1_112' title='bbox 831 2137 1056 2212; x_wconf 66' lang='grc' dir='ltr'><strong>’Ὂχλος</strong></span> <span class='ocrx_word' id='word_1_113' title='bbox 1083 2141 1194 2209; x_wconf 84' lang='grc' dir='ltr'><strong>γὰρ</strong></span> <span class='ocrx_word' id='word_1_114' title='bbox 1219 2141 1372 2193; x_wconf 63' lang='grc' dir='ltr'><strong>οὐδὲν</strong></span> <span class='ocrx_word' id='word_1_115' title='bbox 1404 2139 1555 2203; x_wconf 75' lang='grc' dir='ltr'><strong>ἄλλο,</strong></span> <span class='ocrx_word' id='word_1_116' title='bbox 1586 2140 1728 2209; x_wconf 81' lang='grc' dir='ltr'><strong>πλὴν</strong></span> <span class='ocrx_word' id='word_1_117' title='bbox 1759 2140 1928 2204; x_wconf 72' lang='grc' dir='ltr'><strong>ὅντως</strong></span> <span class='ocrx_word' id='word_1_118' title='bbox 1972 2142 2152 2212; x_wconf 76' lang='grc' dir='ltr'><strong>ὄχλος,</strong></span> 
     </span>
    </p>
   </div>
   <div class='ocr_carea' id='block_1_21' title="bbox 857 2229 2130 2300">
    <p class='ocr_par' dir='ltr' id='par_1_21' title="bbox 857 2229 2130 2300">
     <span class='ocr_line' id='line_1_21' title="bbox 857 2229 2130 2300; baseline -0.005 -16"><span class='ocrx_word' id='word_1_119' title='bbox 857 2235 997 2294; x_wconf 65' lang='grc' dir='ltr'><strong>Βοὲς</strong></span> <span class='ocrx_word' id='word_1_120' title='bbox 1030 2232 1305 2292; x_wconf 83' lang='grc' dir='ltr'><strong>ἀτάκτους</strong></span> <span class='ocrx_word' id='word_1_121' title='bbox 1333 2233 1446 2290; x_wconf 83' lang='grc' dir='ltr'><strong>τοῖς</strong></span> <span class='ocrx_word' id='word_1_122' title='bbox 1481 2229 1746 2299; x_wconf 79' lang='grc' dir='ltr'><strong>κρατοῦσι</strong></span> <span class='ocrx_word' id='word_1_123' title='bbox 1775 2231 2130 2300; x_wconf 76' lang='grc' dir='ltr'><strong>προσνέμων⁹</strong></span> 
     </span>
    </p>
   </div>
   <div class='ocr_carea' id='block_1_22' title="bbox 862 2321 2096 2394">
    <p class='ocr_par' dir='ltr' id='par_1_22' title="bbox 862 2321 2096 2394">
     <span class='ocr_line' id='line_1_22' title="bbox 862 2321 2096 2394; baseline -0.001 -19"><span class='ocrx_word' id='word_1_124' title='bbox 862 2325 953 2386; x_wconf 80' lang='grc' dir='ltr'><strong>Ὠς</strong></span> <span class='ocrx_word' id='word_1_125' title='bbox 983 2323 1299 2394; x_wconf 77' lang='grc' dir='ltr'><strong>πρόσφορον</strong></span> <span class='ocrx_word' id='word_1_126' title='bbox 1327 2321 1371 2351; x_wconf 77' lang='grc'>⁹⁰</span> <span class='ocrx_word' id='word_1_127' title='bbox 1399 2322 1666 2390; x_wconf 79' lang='grc' dir='ltr'><strong>μείλιγμα</strong></span> <span class='ocrx_word' id='word_1_128' title='bbox 1692 2323 1789 2391; x_wconf 75' lang='grc' dir='ltr'><strong>τῆς</strong></span> <span class='ocrx_word' id='word_1_129' title='bbox 1823 2321 2096 2387; x_wconf 71' lang='grc' dir='ltr'><strong>ἐξουσίας,</strong></span> 
     </span>
    </p>
   </div>
   <div class='ocr_carea' id='block_1_23' title="bbox 855 2410 2123 2481">
    <p class='ocr_par' dir='ltr' id='par_1_23' title="bbox 855 2410 2123 2481">
     <span class='ocr_line' id='line_1_23' title="bbox 855 2410 2123 2481; baseline -0.002 -14"><span class='ocrx_word' id='word_1_130' title='bbox 855 2414 1026 2467; x_wconf 77' lang='grc' dir='ltr'><strong>Πλέον</strong></span> <span class='ocrx_word' id='word_1_131' title='bbox 1068 2413 1124 2464; x_wconf 79' lang='grc' dir='ltr'><strong>δὲ</strong></span> <span class='ocrx_word' id='word_1_132' title='bbox 1159 2411 1325 2481; x_wconf 77' lang='grc' dir='ltr'><strong>μηδὲν</strong></span> <span class='ocrx_word' id='word_1_133' title='bbox 1366 2413 1642 2464; x_wconf 81' lang='grc' dir='ltr'><strong>συντελῶν</strong></span> <span class='ocrx_word' id='word_1_134' title='bbox 1675 2410 1783 2464; x_wconf 84' lang='grc' dir='ltr'><strong>τῶν</strong></span> <span class='ocrx_word' id='word_1_135' title='bbox 1817 2415 2123 2481; x_wconf 78' lang='grc' dir='ltr'><strong>χρησίμων,</strong></span> 
     </span>
    </p>
   </div>
   <div class='ocr_carea' id='block_1_24' title="bbox 856 2499 2209 2575">
    <p class='ocr_par' dir='ltr' id='par_1_24' title="bbox 856 2499 2209 2575">
     <span class='ocr_line' id='line_1_24' title="bbox 856 2499 2209 2575; baseline -0.001 -19"><span class='ocrx_word' id='word_1_136' title='bbox 856 2504 1076 2556; x_wconf 76' lang='grc' dir='ltr'><strong>Μᾶλλον</strong></span> <span class='ocrx_word' id='word_1_137' title='bbox 1110 2505 1210 2572; x_wconf 71' lang='grc' dir='ltr'><strong>μὲν</strong></span> <span class='ocrx_word' id='word_1_138' title='bbox 1249 2499 1342 2554; x_wconf 80' lang='grc' dir='ltr'><strong>οὖν</strong></span> <span class='ocrx_word' id='word_1_139' title='bbox 1368 2503 1601 2569; x_wconf 81' lang='grc' dir='ltr'><strong>μέγιστα</strong></span> <span class='ocrx_word' id='word_1_140' title='bbox 1626 2503 1722 2554; x_wconf 79' lang='grc' dir='ltr'><strong>καὶ</strong></span> <span class='ocrx_word' id='word_1_141' title='bbox 1751 2501 2010 2575; x_wconf 74' lang='grc' dir='ltr'><strong>βλάπτειν</strong></span> <span class='ocrx_word' id='word_1_142' title='bbox 2047 2502 2209 2570; x_wconf 73' lang='grc' dir='ltr'><strong>ἔχων.</strong></span> 
     </span>
    </p>
   </div>
   <div class='ocr_carea' id='block_1_25' title="bbox 853 2595 2077 2666">
    <p class='ocr_par' dir='ltr' id='par_1_25' title="bbox 853 2595 2077 2666">
     <span class='ocr_line' id='line_1_25' title="bbox 853 2595 2077 2666; baseline 0 -18"><span class='ocrx_word' id='word_1_143' title='bbox 853 2597 1005 2665; x_wconf 51' lang='lat' dir='ltr'><strong>Quod</strong></span> <span class='ocrx_word' id='word_1_144' title='bbox 1028 2597 1136 2666; x_wconf 77' lang='grc' dir='ltr'><strong>γάρ</strong></span> <span class='ocrx_word' id='word_1_145' title='bbox 1164 2595 1358 2656; x_wconf 76' lang='grc' dir='ltr'><strong>αὐτοὺς</strong></span> <span class='ocrx_word' id='word_1_146' title='bbox 1384 2598 1495 2657; x_wconf 83' lang='grc' dir='ltr'><strong>τοῖς</strong></span> <span class='ocrx_word' id='word_1_147' title='bbox 1522 2595 1765 2657; x_wconf 80' lang='grc' dir='ltr'><strong>ἐπαίνοις</strong></span> <span class='ocrx_word' id='word_1_148' title='bbox 1793 2595 2077 2661; x_wconf 75' lang='grc' dir='ltr'><strong>πολλάκις,</strong></span> 
     </span>
    </p>
   </div>
   <div class='ocr_carea' id='block_1_26' title="bbox 859 2685 2088 2756">
    <p class='ocr_par' dir='ltr' id='par_1_26' title="bbox 859 2685 2088 2756">
     <span class='ocr_line' id='line_1_26' title="bbox 859 2685 2088 2756; baseline 0.001 -17"><span class='ocrx_word' id='word_1_149' title='bbox 859 2689 1072 2739; x_wconf 82' lang='grc' dir='ltr'><strong>Πείθων</strong></span> <span class='ocrx_word' id='word_1_150' title='bbox 1105 2687 1325 2739; x_wconf 81' lang='grc' dir='ltr'><strong>ἀκούειν</strong></span> <span class='ocrx_word' id='word_1_151' title='bbox 1358 2685 1431 2746; x_wconf 83' lang='grc' dir='ltr'><strong>ὼς</strong></span> <span class='ocrx_word' id='word_1_152' title='bbox 1462 2687 1681 2754; x_wconf 80' lang='grc' dir='ltr'><strong>ἀληθεῖς</strong></span> <span class='ocrx_word' id='word_1_153' title='bbox 1708 2689 1834 2747; x_wconf 86' lang='grc' dir='ltr'><strong>τοὺς</strong></span> <span class='ocrx_word' id='word_1_154' title='bbox 1876 2687 2088 2756; x_wconf 73' lang='grc' dir='ltr'><strong>λόγους.</strong></span> 
     </span>
    </p>
   </div>
   <div class='ocr_carea' id='block_1_27' title="bbox 857 2777 2153 2845">
    <p class='ocr_par' dir='ltr' id='par_1_27' title="bbox 857 2777 2153 2845">
     <span class='ocr_line' id='line_1_27' title="bbox 857 2777 2153 2845; baseline -0.003 -14"><span class='ocrx_word' id='word_1_155' title='bbox 857 2781 921 2832; x_wconf 78' lang='lat' dir='ltr'><strong>0i</strong></span> <span class='ocrx_word' id='word_1_156' title='bbox 951 2779 995 2830; x_wconf 83' lang='lat'><strong>6&#39;</strong></span> <span class='ocrx_word' id='word_1_157' title='bbox 1033 2780 1173 2831; x_wconf 70' lang='grc' dir='ltr'><strong>εἰσὶν</strong></span> <span class='ocrx_word' id='word_1_158' title='bbox 1204 2778 1378 2841; x_wconf 64' lang='grc' dir='ltr'><strong>οὐδὲν,</strong></span> <span class='ocrx_word' id='word_1_159' title='bbox 1417 2777 1555 2845; x_wconf 79' lang='grc' dir='ltr'><strong>πλὴν</strong></span> <span class='ocrx_word' id='word_1_160' title='bbox 1586 2778 1748 2844; x_wconf 85' lang='grc' dir='ltr'><strong>μόνον</strong></span> <span class='ocrx_word' id='word_1_161' title='bbox 1782 2782 1930 2829; x_wconf 72' lang='grc' dir='ltr'><strong>κενοὶ</strong></span> <span class='ocrx_word' id='word_1_162' title='bbox 1963 2777 2153 2844; x_wconf 75' lang='grc' dir='ltr'><strong>ψόφοι,</strong></span> 
     </span>
    </p>
   </div>
   <div class='ocr_carea' id='block_1_28' title="bbox 870 2867 2009 2939">
    <p class='ocr_par' dir='ltr' id='par_1_28' title="bbox 870 2867 2009 2939">
     <span class='ocr_line' id='line_1_28' title="bbox 870 2867 2009 2939; baseline -0.002 -17"><span class='ocrx_word' id='word_1_163' title='bbox 870 2868 1247 2939; x_wconf 70' lang='grc' dir='ltr'><strong>Ἐπηρεασταὶ</strong></span> <span class='ocrx_word' id='word_1_164' title='bbox 1270 2869 1378 2920; x_wconf 74' lang='grc' dir='ltr'><strong>τῶν</strong></span> <span class='ocrx_word' id='word_1_165' title='bbox 1402 2869 1581 2920; x_wconf 78' lang='grc' dir='ltr'><strong>κενῶν</strong></span> <span class='ocrx_word' id='word_1_166' title='bbox 1615 2867 2009 2937; x_wconf 82' lang='grc' dir='ltr'><strong>φρονημάτων,</strong></span> 
     </span>
    </p>
   </div>
   <div class='ocr_carea' id='block_1_29' title="bbox 859 2958 2124 3028">
    <p class='ocr_par' dir='ltr' id='par_1_29' title="bbox 859 2958 2124 3028">
     <span class='ocr_line' id='line_1_29' title="bbox 859 2958 2124 3028; baseline -0.002 -15"><span class='ocrx_word' id='word_1_167' title='bbox 859 2961 1132 3024; x_wconf 81' lang='grc' dir='ltr'><strong>Ψεῦσται,</strong></span> <span class='ocrx_word' id='word_1_168' title='bbox 1169 2959 1383 3024; x_wconf 83' lang='grc' dir='ltr'><strong>πλάνοι,</strong></span> <span class='ocrx_word' id='word_1_169' title='bbox 1412 2961 1630 3026; x_wconf 78' lang='grc' dir='ltr'><strong>γόητες,</strong></span> <span class='ocrx_word' id='word_1_170' title='bbox 1657 2958 1886 3028; x_wconf 76' lang='grc' dir='ltr'><strong>ἀνδράσι</strong></span> <span class='ocrx_word' id='word_1_171' title='bbox 1926 2959 2124 3028; x_wconf 79' lang='grc' dir='ltr'><strong>γέλως,</strong></span> 
     </span>
    </p>
   </div>
   <div class='ocr_carea' id='block_1_30' title="bbox 857 3043 2189 3120">
    <p class='ocr_par' dir='ltr' id='par_1_30' title="bbox 857 3043 2189 3120">
     <span class='ocr_line' id='line_1_30' title="bbox 857 3043 2189 3120; baseline -0.002 -14"><span class='ocrx_word' id='word_1_172' title='bbox 857 3054 1063 3116; x_wconf 84' lang='grc' dir='ltr'><strong>Βὸθρος</strong></span> <span class='ocrx_word' id='word_1_173' title='bbox 1095 3051 1140 3103; x_wconf 84' lang='grc' dir='ltr'><strong>δ’</strong></span> <span class='ocrx_word' id='word_1_174' title='bbox 1172 3049 1488 3120; x_wconf 72' lang='grc' dir='ltr'><strong>ἀνάρθροις,</strong></span> <span class='ocrx_word' id='word_1_175' title='bbox 1525 3043 1604 3111; x_wconf 79' lang='grc' dir='ltr'><strong>οἷς</strong></span> <span class='ocrx_word' id='word_1_176' title='bbox 1633 3051 1660 3102; x_wconf 86' lang='grc' dir='ltr'><strong>ό</strong></span> <span class='ocrx_word' id='word_1_177' title='bbox 1701 3048 1975 3101; x_wconf 76' lang='grc' dir='ltr'><strong>πιστεύων</strong></span> <span class='ocrx_word' id='word_1_178' title='bbox 2010 3050 2189 3114; x_wconf 77' lang='grc' dir='ltr'><strong>ἄνους.</strong></span> 
     </span>
    </p>
   </div>
   <div class='ocr_carea' id='block_1_31' title="bbox 858 3143 2151 3215">
    <p class='ocr_par' dir='ltr' id='par_1_31' title="bbox 858 3143 2151 3215">
     <span class='ocr_line' id='line_1_31' title="bbox 858 3143 2151 3215; baseline -0.004 -16"><span class='ocrx_word' id='word_1_179' title='bbox 858 3145 1123 3215; x_wconf 81' lang='grc' dir='ltr'><strong>Κραυγῆς</strong></span> <span class='ocrx_word' id='word_1_180' title='bbox 1158 3143 1214 3196; x_wconf 73' lang='grc' dir='ltr'><strong>δὲ</strong></span> <span class='ocrx_word' id='word_1_181' title='bbox 1248 3144 1448 3211; x_wconf 62' lang='grc' dir='ltr'><strong>πολλῇς</strong></span> <span class='ocrx_word' id='word_1_182' title='bbox 1491 3143 1551 3194; x_wconf 74' lang='grc' dir='ltr'><strong>οὐ</strong></span> <span class='ocrx_word' id='word_1_183' title='bbox 1589 3145 1730 3195; x_wconf 81' lang='grc' dir='ltr'><strong>πάνυ</strong></span> <span class='ocrx_word' id='word_1_184' title='bbox 1771 3144 2151 3210; x_wconf 58' lang='grc' dir='ltr'><strong>φροντιστέον</strong></span> 
     </span>
    </p>
   </div>
   <div class='ocr_carea' id='block_1_32' title="bbox 682 3301 2258 3371">
    <p class='ocr_par' dir='ltr' id='par_1_32' title="bbox 682 3301 2258 3371">
     <span class='ocr_line' id='line_1_32' title="bbox 682 3301 2258 3371; baseline -0.004 -10"><span class='ocrx_word' id='word_1_185' title='bbox 682 3305 865 3362; x_wconf 83' lang='lat' dir='ltr'><strong>devito</strong></span> <span class='ocrx_word' id='word_1_186' title='bbox 911 3302 1316 3366; x_wconf 87' lang='lat' dir='ltr'><strong>celsitudinem,</strong></span> <span class='ocrx_word' id='word_1_187' title='bbox 1371 3316 1440 3355; x_wconf 87' lang='lat' dir='ltr'><strong>ne</strong></span> <span class='ocrx_word' id='word_1_188' title='bbox 1510 3301 1646 3355; x_wconf 80' lang='lat' dir='ltr'><strong>forte</strong></span> <span class='ocrx_word' id='word_1_189' title='bbox 1672 3302 1912 3356; x_wconf 79' lang='lat' dir='ltr'><strong>caecitate</strong></span> <span class='ocrx_word' id='word_1_190' title='bbox 1953 3301 2258 3371; x_wconf 86' lang='lat' dir='ltr'><strong>perculsus,</strong></span> 
     </span>
    </p>
   </div>
   <div class='ocr_carea' id='block_1_33' title="bbox 682 3394 2265 3475">
    <p class='ocr_par' dir='ltr' id='par_1_33' title="bbox 682 3394 2265 3470">
     <span class='ocr_line' id='line_1_33' title="bbox 682 3394 2265 3470; baseline -0.003 -18"><span class='ocrx_word' id='word_1_191' title='bbox 682 3399 883 3470; x_wconf 83' lang='lat' dir='ltr'><strong>iustam</strong></span> <span class='ocrx_word' id='word_1_192' title='bbox 916 3395 1182 3466; x_wconf 71' lang='lat' dir='ltr'><strong>superbia:</strong></span> <span class='ocrx_word' id='word_1_193' title='bbox 1232 3407 1449 3463; x_wconf 59' lang='lat' dir='ltr'><strong>paruam</strong></span> <span class='ocrx_word' id='word_1_194' title='bbox 1479 3395 1657 3459; x_wconf 90' lang='lat' dir='ltr'><strong>luens,</strong></span> <span class='ocrx_word' id='word_1_195' title='bbox 1691 3394 1838 3446; x_wconf 93' lang='lat' dir='ltr'><strong>humi</strong></span> <span class='ocrx_word' id='word_1_196' title='bbox 1869 3397 2057 3446; x_wconf 88' lang='lat' dir='ltr'><strong>cadam</strong></span> <span class='ocrx_word' id='word_1_197' title='bbox 2087 3395 2265 3448; x_wconf 89' lang='lat' dir='ltr'><strong>:unde</strong></span> 
     </span>
    </p>
   </div>
   <div class='ocr_carea' id='block_1_34' title="bbox 686 3485 2266 3554">
    <p class='ocr_par' dir='ltr' id='par_1_34' title="bbox 686 3485 2266 3554">
     <span class='ocr_line' id='line_1_34' title="bbox 686 3485 2266 3554; baseline -0.001 -13"><span class='ocrx_word' id='word_1_198' title='bbox 686 3489 948 3541; x_wconf 84' lang='lat' dir='ltr'><strong>humilem</strong></span> <span class='ocrx_word' id='word_1_199' title='bbox 987 3485 1193 3554; x_wconf 76' lang='lat' dir='ltr'><strong>eligens</strong></span> <span class='ocrx_word' id='word_1_200' title='bbox 1243 3489 1610 3548; x_wconf 76' lang='lat' dir='ltr'><strong>securitatem,</strong></span> <span class='ocrx_word' id='word_1_201' title='bbox 1646 3485 1871 3552; x_wconf 83' lang='lat' dir='ltr'><strong>pedibus</strong></span> <span class='ocrx_word' id='word_1_202' title='bbox 1935 3486 2134 3537; x_wconf 89' lang='lat' dir='ltr'><strong>animal</strong></span> <span class='ocrx_word' id='word_1_203' title='bbox 2172 3499 2266 3554; x_wconf 73' lang='lat' dir='ltr'><strong>pc-</strong></span> 
     </span>
    </p>
   </div>
   <div class='ocr_carea' id='block_1_35' title="bbox 682 3577 2264 3647">
    <p class='ocr_par' dir='ltr' id='par_1_35' title="bbox 682 3577 2264 3647">
     <span class='ocr_line' id='line_1_35' title="bbox 682 3577 2264 3647; baseline -0.001 -14"><span class='ocrx_word' id='word_1_204' title='bbox 682 3580 866 3634; x_wconf 88' lang='lat' dir='ltr'><strong>destre</strong></span> <span class='ocrx_word' id='word_1_205' title='bbox 922 3577 1162 3647; x_wconf 80' lang='lat' dir='ltr'><strong>gradior,</strong></span> <span class='ocrx_word' id='word_1_206' title='bbox 1219 3578 1475 3629; x_wconf 87' lang='lat' dir='ltr'><strong>omnibus</strong></span> <span class='ocrx_word' id='word_1_207' title='bbox 1505 3578 1722 3645; x_wconf 88' lang='lat' dir='ltr'><strong>quidem</strong></span> <span class='ocrx_word' id='word_1_208' title='bbox 1752 3577 1892 3628; x_wconf 82' lang='lat' dir='ltr'><strong>haud</strong></span> <span class='ocrx_word' id='word_1_209' title='bbox 1941 3578 2264 3646; x_wconf 85' lang='lat' dir='ltr'><strong>perspicuus</strong></span> 
     </span>
    </p>
   </div>
   <div class='ocr_carea' id='block_1_36' title="bbox 685 3668 2260 3739">
    <p class='ocr_par' dir='ltr' id='par_1_36' title="bbox 685 3668 2260 3739">
     <span class='ocr_line' id='line_1_36' title="bbox 685 3668 2260 3739; baseline -0.003 -14"><span class='ocrx_word' id='word_1_210' title='bbox 685 3681 942 3739; x_wconf 85' lang='lat' dir='ltr'><strong>tauquam</strong></span> <span class='ocrx_word' id='word_1_211' title='bbox 964 3683 993 3722; x_wconf 91' lang='lat' dir='ltr'><strong>e</strong></span> <span class='ocrx_word' id='word_1_212' title='bbox 1016 3668 1410 3736; x_wconf 84' lang='lat' dir='ltr'><strong>superioribus,</strong></span> <span class='ocrx_word' id='word_1_213' title='bbox 1437 3671 1529 3721; x_wconf 86' lang='lat' dir='ltr'><strong>sed</strong></span> <span class='ocrx_word' id='word_1_214' title='bbox 1568 3668 1752 3720; x_wconf 89' lang='lat' dir='ltr'><strong>multis</strong></span> <span class='ocrx_word' id='word_1_215' title='bbox 1776 3668 2027 3720; x_wconf 78' lang='lat' dir='ltr'><strong>deorsum</strong></span> <span class='ocrx_word' id='word_1_216' title='bbox 2064 3678 2260 3721; x_wconf 88' lang='lat' dir='ltr'><strong>notus:</strong></span> 
     </span>
    </p>
   </div>
   <div class='ocr_carea' id='block_1_37' title="bbox 683 3759 2265 3828">
    <p class='ocr_par' dir='ltr' id='par_1_37' title="bbox 683 3759 2265 3828">
     <span class='ocr_line' id='line_1_37' title="bbox 683 3759 2265 3828; baseline -0.001 -14"><span class='ocrx_word' id='word_1_217' title='bbox 683 3761 830 3828; x_wconf 85' lang='lat' dir='ltr'><strong>quod</strong></span> <span class='ocrx_word' id='word_1_218' title='bbox 890 3760 1084 3813; x_wconf 89' lang='lat' dir='ltr'><strong>melius</strong></span> <span class='ocrx_word' id='word_1_219' title='bbox 1143 3759 1206 3812; x_wconf 84' lang='lat' dir='ltr'><strong>ad</strong></span> <span class='ocrx_word' id='word_1_220' title='bbox 1263 3760 1485 3828; x_wconf 77' lang='lat' dir='ltr'><strong>gloriam</strong></span> <span class='ocrx_word' id='word_1_221' title='bbox 1541 3774 1661 3812; x_wconf 78' lang='lat' dir='ltr'><strong>esse</strong></span> <span class='ocrx_word' id='word_1_222' title='bbox 1696 3759 1842 3821; x_wconf 87' lang='lat' dir='ltr'><strong>scio,</strong></span> <span class='ocrx_word' id='word_1_223' title='bbox 1884 3761 2099 3826; x_wconf 85' lang='lat' dir='ltr'><strong>quando</strong></span> <span class='ocrx_word' id='word_1_224' title='bbox 2141 3761 2265 3827; x_wconf 78' lang='lat' dir='ltr'><strong>quis</strong></span> 
     </span>
    </p>
   </div>
   <div class='ocr_carea' id='block_1_38' title="bbox 683 3848 2267 3921">
    <p class='ocr_par' dir='ltr' id='par_1_38' title="bbox 683 3848 2267 3921">
     <span class='ocr_line' id='line_1_38' title="bbox 683 3848 2267 3921; baseline -0.003 -15"><span class='ocrx_word' id='word_1_225' title='bbox 683 3852 799 3921; x_wconf 83' lang='lat' dir='ltr'><strong>ipse</strong></span> <span class='ocrx_word' id='word_1_226' title='bbox 822 3866 888 3904; x_wconf 75' lang='lat' dir='ltr'><strong>ex</strong></span> <span class='ocrx_word' id='word_1_227' title='bbox 943 3848 1200 3902; x_wconf 73' lang='lat' dir='ltr'><strong>inferiore</strong></span> <span class='ocrx_word' id='word_1_228' title='bbox 1257 3850 1375 3905; x_wconf 85' lang='lat' dir='ltr'><strong>loco</strong></span> <span class='ocrx_word' id='word_1_229' title='bbox 1427 3849 1493 3900; x_wconf 88' lang='lat' dir='ltr'><strong>ad</strong></span> <span class='ocrx_word' id='word_1_230' title='bbox 1543 3849 1883 3901; x_wconf 79' lang='lat' dir='ltr'><strong>altitudinem</strong></span> <span class='ocrx_word' id='word_1_231' title='bbox 1932 3851 2180 3901; x_wconf 79' lang='lat' dir='ltr'><strong>ascendit</strong></span> <span class='ocrx_word' id='word_1_232' title='bbox 2213 3857 2267 3901; x_wconf 87' lang='lat' dir='ltr'><strong>et</strong></span> 
     </span>
    </p>
   </div>
   <div class='ocr_carea' id='block_1_39' title="bbox 685 3939 2266 4010">
    <p class='ocr_par' dir='ltr' id='par_1_39' title="bbox 685 3939 2266 4010">
     <span class='ocr_line' id='line_1_39' title="bbox 685 3939 2266 4010; baseline -0.001 -16"><span class='ocrx_word' id='word_1_233' title='bbox 685 3957 915 4010; x_wconf 74' lang='lat' dir='ltr'><strong>tnagtius</strong></span> <span class='ocrx_word' id='word_1_234' title='bbox 966 3951 1210 4010; x_wconf 77' lang='lat' dir='ltr'><strong>apparet,</strong></span> <span class='ocrx_word' id='word_1_235' title='bbox 1246 3942 1325 3993; x_wconf 86' lang='lat' dir='ltr'><strong>uti</strong></span> <span class='ocrx_word' id='word_1_236' title='bbox 1384 3941 1635 3994; x_wconf 73' lang='lat' dir='ltr'><strong>colossus</strong></span> <span class='ocrx_word' id='word_1_237' title='bbox 1698 3955 1850 3994; x_wconf 88' lang='lat' dir='ltr'><strong>suam</strong></span> <span class='ocrx_word' id='word_1_238' title='bbox 1905 3955 2098 4009; x_wconf 78' lang='lat' dir='ltr'><strong>gerens</strong></span> <span class='ocrx_word' id='word_1_239' title='bbox 2153 3939 2266 3992; x_wconf 90' lang='lat' dir='ltr'><strong>cel-</strong></span> 
     </span>
    </p>
   </div>
   <div class='ocr_carea' id='block_1_40' title="bbox 683 4031 2266 4090">
    <p class='ocr_par' dir='ltr' id='par_1_40' title="bbox 683 4031 2266 4090">
     <span class='ocr_line' id='line_1_40' title="bbox 683 4031 2266 4090; baseline -0.003 -1"><span class='ocrx_word' id='word_1_240' title='bbox 683 4035 975 4090; x_wconf 86' lang='lat' dir='ltr'><strong>situdinem</strong></span> <span class='ocrx_word' id='word_1_241' title='bbox 1029 4042 1082 4086; x_wconf 90' lang='lat' dir='ltr'><strong>et</strong></span> <span class='ocrx_word' id='word_1_242' title='bbox 1107 4031 1240 4085; x_wconf 86' lang='lat' dir='ltr'><strong>nihil</strong></span> <span class='ocrx_word' id='word_1_243' title='bbox 1268 4032 1332 4087; x_wconf 88' lang='lat' dir='ltr'><strong>ad</strong></span> <span class='ocrx_word' id='word_1_244' title='bbox 1365 4031 1721 4084; x_wconf 76' lang='lat' dir='ltr'><strong>elevationem</strong></span> <span class='ocrx_word' id='word_1_245' title='bbox 1769 4045 1797 4082; x_wconf 88' lang='lat' dir='ltr'><strong>a</strong></span> <span class='ocrx_word' id='word_1_246' title='bbox 1830 4031 1949 4084; x_wconf 87' lang='lat' dir='ltr'><strong>loco</strong></span> <span class='ocrx_word' id='word_1_247' title='bbox 1985 4041 2266 4088; x_wconf 85' lang='lat' dir='ltr'><strong>mutuans.</strong></span> 
     </span>
    </p>
   </div>
   <div class='ocr_carea' id='block_1_41' title="bbox 683 4122 2263 4195">
    <p class='ocr_par' dir='ltr' id='par_1_41' title="bbox 683 4122 2263 4195">
     <span class='ocr_line' id='line_1_41' title="bbox 683 4122 2263 4195; baseline 0 -18"><span class='ocrx_word' id='word_1_248' title='bbox 683 4127 1023 4195; x_wconf 83' lang='lat' dir='ltr'><strong>Quicumque</strong></span> <span class='ocrx_word' id='word_1_249' title='bbox 1084 4139 1214 4178; x_wconf 86' lang='lat' dir='ltr'><strong>vero</strong></span> <span class='ocrx_word' id='word_1_250' title='bbox 1271 4122 1532 4192; x_wconf 70' lang='lat' dir='ltr'><strong>gradibus</strong></span> <span class='ocrx_word' id='word_1_251' title='bbox 1585 4132 1637 4176; x_wconf 85' lang='lat' dir='ltr'><strong>et</strong></span> <span class='ocrx_word' id='word_1_252' title='bbox 1673 4123 1885 4175; x_wconf 87' lang='lat' dir='ltr'><strong>thronis</strong></span> <span class='ocrx_word' id='word_1_253' title='bbox 1924 4124 2263 4190; x_wconf 87' lang='lat' dir='ltr'><strong>superbiunt,</strong></span> 
     </span>
    </p>
   </div>
   <div class='ocr_carea' id='block_1_42' title="bbox 685 4215 2267 4285">
    <p class='ocr_par' dir='ltr' id='par_1_42' title="bbox 685 4215 2267 4285">
     <span class='ocr_line' id='line_1_42' title="bbox 685 4215 2267 4285; baseline -0.003 -13"><span class='ocrx_word' id='word_1_254' title='bbox 685 4222 739 4273; x_wconf 91' lang='lat' dir='ltr'><strong>hi</strong></span> <span class='ocrx_word' id='word_1_255' title='bbox 777 4220 908 4272; x_wconf 83' lang='lat' dir='ltr'><strong>nihil</strong></span> <span class='ocrx_word' id='word_1_256' title='bbox 943 4218 1192 4270; x_wconf 81' lang='lat' dir='ltr'><strong>meliores</strong></span> <span class='ocrx_word' id='word_1_257' title='bbox 1226 4225 1353 4269; x_wconf 88' lang='lat' dir='ltr'><strong>sunt</strong></span> <span class='ocrx_word' id='word_1_258' title='bbox 1382 4216 1586 4278; x_wconf 87' lang='lat' dir='ltr'><strong>corvis,</strong></span> <span class='ocrx_word' id='word_1_259' title='bbox 1617 4215 1709 4283; x_wconf 90' lang='lat' dir='ltr'><strong>qui</strong></span> <span class='ocrx_word' id='word_1_260' title='bbox 1741 4216 1932 4285; x_wconf 88' lang='lat' dir='ltr'><strong>pennis</strong></span> <span class='ocrx_word' id='word_1_261' title='bbox 1964 4217 2267 4284; x_wconf 75' lang='lat' dir='ltr'><strong>gloriantur</strong></span> 
     </span>
    </p>
   </div>
   <div class='ocr_carea' id='block_1_43' title="bbox 686 4305 2266 4372">
    <p class='ocr_par' dir='ltr' id='par_1_43' title="bbox 686 4305 2266 4372">
     <span class='ocr_line' id='line_1_43' title="bbox 686 4305 2266 4372; baseline -0.001 -12"><span class='ocrx_word' id='word_1_262' title='bbox 686 4309 904 4370; x_wconf 83' lang='lat' dir='ltr'><strong>alienis,</strong></span> <span class='ocrx_word' id='word_1_263' title='bbox 939 4316 993 4361; x_wconf 89' lang='lat' dir='ltr'><strong>et</strong></span> <span class='ocrx_word' id='word_1_264' title='bbox 1043 4321 1258 4359; x_wconf 80' lang='lat' dir='ltr'><strong>rursum</strong></span> <span class='ocrx_word' id='word_1_265' title='bbox 1294 4306 1414 4359; x_wconf 83' lang='lat' dir='ltr'><strong>istis</strong></span> <span class='ocrx_word' id='word_1_266' title='bbox 1471 4306 1658 4358; x_wconf 83' lang='lat' dir='ltr'><strong>nudati</strong></span> <span class='ocrx_word' id='word_1_267' title='bbox 1705 4305 1896 4372; x_wconf 76' lang='lat' dir='ltr'><strong>majori</strong></span> <span class='ocrx_word' id='word_1_268' title='bbox 1937 4307 2266 4358; x_wconf 89' lang='lat' dir='ltr'><strong>contumelia</strong></span> 
     </span>
    </p>
   </div>
   <div class='ocr_carea' id='block_1_44' title="bbox 684 4396 2266 4465">
    <p class='ocr_par' dir='ltr' id='par_1_44' title="bbox 684 4396 2266 4465">
     <span class='ocr_line' id='line_1_44' title="bbox 684 4396 2266 4465; baseline -0.004 -11"><span class='ocrx_word' id='word_1_269' title='bbox 684 4399 1096 4454; x_wconf 76' lang='lat' dir='ltr'><strong>centunduntur</strong></span> <span class='ocrx_word' id='word_1_270' title='bbox 1129 4413 1142 4449; x_wconf 90' lang='lat'><strong>:</strong></span> <span class='ocrx_word' id='word_1_271' title='bbox 1182 4397 1512 4450; x_wconf 83' lang='lat' dir='ltr'><strong>laetitiorum</strong></span> <span class='ocrx_word' id='word_1_272' title='bbox 1567 4397 1712 4449; x_wconf 91' lang='lat' dir='ltr'><strong>enim</strong></span> <span class='ocrx_word' id='word_1_273' title='bbox 1770 4396 2015 4450; x_wconf 90' lang='lat' dir='ltr'><strong>colorum</strong></span> <span class='ocrx_word' id='word_1_274' title='bbox 2045 4412 2266 4465; x_wconf 89' lang='lat' dir='ltr'><strong>compa-</strong></span> 
     </span>
    </p>
   </div>
   <div class='ocr_carea' id='block_1_45' title="bbox 1814 385 2733 453">
    <p class='ocr_par' dir='ltr' id='par_1_45' title="bbox 1814 385 2733 453">
     <span class='ocr_line' id='line_1_45' title="bbox 1814 385 2733 453; baseline 0.005 -5"><span class='ocrx_word' id='word_1_275' title='bbox 1814 385 2135 450; x_wconf 74' lang='lat' dir='ltr'><strong>JOANNIS</strong></span> <span class='ocrx_word' id='word_1_276' title='bbox 2162 387 2733 453; x_wconf 79' lang='lat' dir='ltr'><strong>EUCHAITENSIS</strong></span> 
     </span>
    </p>
   </div>
   <div class='ocr_carea' id='block_1_46' title="bbox 2546 504 3702 578">
    <p class='ocr_par' dir='ltr' id='par_1_46' title="bbox 2546 504 3702 578">
     <span class='ocr_line' id='line_1_46' title="bbox 2546 504 3702 578; baseline 0.004 -20"><span class='ocrx_word' id='word_1_277' title='bbox 2546 507 2658 560; x_wconf 84' lang='grc' dir='ltr'><strong>Καὶ</strong></span> <span class='ocrx_word' id='word_1_278' title='bbox 2687 505 2860 578; x_wconf 73' lang='grc' dir='ltr'><strong>ψῆρες</strong></span> <span class='ocrx_word' id='word_1_279' title='bbox 2883 504 3182 577; x_wconf 79' lang='grc' dir='ltr'><strong>ὀξύφωνον,</strong></span> <span class='ocrx_word' id='word_1_280' title='bbox 3215 505 3348 560; x_wconf 70' lang='grc' dir='ltr'><strong>ἀλλὰ</strong></span> <span class='ocrx_word' id='word_1_281' title='bbox 3381 506 3702 577; x_wconf 83' lang='grc' dir='ltr'><strong>κουφόνουν.</strong></span> 
     </span>
    </p>
   </div>
   <div class='ocr_carea' id='block_1_47' title="bbox 2543 598 3450 671">
    <p class='ocr_par' dir='ltr' id='par_1_47' title="bbox 2543 598 3450 671">
     <span class='ocr_line' id='line_1_47' title="bbox 2543 598 3450 671; baseline 0.004 -20"><span class='ocrx_word' id='word_1_282' title='bbox 2543 598 2771 663; x_wconf 87' lang='grc' dir='ltr'><strong>Τούτοις</strong></span> <span class='ocrx_word' id='word_1_283' title='bbox 2801 599 3106 669; x_wconf 80' lang='grc' dir='ltr'><strong>λογισμοῖς,</strong></span> <span class='ocrx_word' id='word_1_284' title='bbox 3148 600 3245 654; x_wconf 71' lang='grc' dir='ltr'><strong>καὶ</strong></span> <span class='ocrx_word' id='word_1_285' title='bbox 3269 599 3450 671; x_wconf 87' lang='grc' dir='ltr'><strong>λόγοις</strong></span> 
     </span>
    </p>
   </div>
   <div class='ocr_carea' id='block_1_48' title="bbox 2543 693 3731 770">
    <p class='ocr_par' dir='ltr' id='par_1_48' title="bbox 2543 693 3731 770">
     <span class='ocr_line' id='line_1_48' title="bbox 2543 693 3731 770; baseline 0.007 -25"><span class='ocrx_word' id='word_1_286' title='bbox 2543 693 2732 761; x_wconf 72' lang='grc' dir='ltr'><strong>’Δγων</strong></span> <span class='ocrx_word' id='word_1_287' title='bbox 2761 693 3001 762; x_wconf 72' lang='grc' dir='ltr'><strong>ἐμαυτὸν</strong></span> <span class='ocrx_word' id='word_1_288' title='bbox 3036 693 3106 762; x_wconf 83' lang='grc'><strong>⁹¹,</strong></span> <span class='ocrx_word' id='word_1_289' title='bbox 3135 693 3448 764; x_wconf 72' lang='grc' dir='ltr'><strong>ἐκπεραίνω</strong></span> <span class='ocrx_word' id='word_1_290' title='bbox 3473 697 3566 752; x_wconf 77' lang='grc' dir='ltr'><strong>τὸν</strong></span> <span class='ocrx_word' id='word_1_291' title='bbox 3596 697 3731 770; x_wconf 84' lang='grc' dir='ltr'><strong>βίον.</strong></span> 
     </span>
    </p>
   </div>
   <div class='ocr_carea' id='block_1_49' title="bbox 2891 782 3416 852">
    <p class='ocr_par' dir='ltr' id='par_1_49' title="bbox 2891 782 3416 852">
     <span class='ocr_line' id='line_1_49' title="bbox 2891 782 3416 852; baseline 0.013 -16"><span class='ocrx_word' id='word_1_292' title='bbox 2891 782 3011 850; x_wconf 56' lang='grc' dir='ltr'><strong>ιπΛἏ</strong></span> <span class='ocrx_word' id='word_1_293' title='bbox 3038 786 3082 836; x_wconf 83' lang='grc' dir='ltr'><strong><em>Ε</em></strong></span> <span class='ocrx_word' id='word_1_294' title='bbox 3086 786 3142 852; x_wconf 84' lang='grc' dir='ltr'><strong>ις</strong></span> <span class='ocrx_word' id='word_1_295' title='bbox 3179 786 3416 844; x_wconf 79' lang='grc' dir='ltr'><strong>ἑαυτόν.</strong></span> 
     </span>
    </p>
   </div>
   <div class='ocr_carea' id='block_1_50' title="bbox 2540 873 3827 953">
    <p class='ocr_par' dir='ltr' id='par_1_50' title="bbox 2540 873 3827 953">
     <span class='ocr_line' id='line_1_50' title="bbox 2540 873 3827 953; baseline 0.007 -24"><span class='ocrx_word' id='word_1_296' title='bbox 2540 873 2803 929; x_wconf 81' lang='grc' dir='ltr'><strong>Ἕλκουσι</strong></span> <span class='ocrx_word' id='word_1_297' title='bbox 2836 874 3037 946; x_wconf 89' lang='grc' dir='ltr'><strong>βαθμοί</strong></span> <span class='ocrx_word' id='word_1_298' title='bbox 3062 891 3078 906; x_wconf 77' lang='grc' dir='ltr'><strong>ο</strong></span> <span class='ocrx_word' id='word_1_299' title='bbox 3111 875 3407 947; x_wconf 86' lang='grc' dir='ltr'><strong>πρόσσχες,</strong></span> <span class='ocrx_word' id='word_1_300' title='bbox 3434 879 3608 950; x_wconf 81' lang='grc' dir='ltr'><strong>ἀθρόα</strong></span> <span class='ocrx_word' id='word_1_301' title='bbox 3642 881 3778 953; x_wconf 80' lang='grc' dir='ltr'><strong>ζάλη</strong></span> <span class='ocrx_word' id='word_1_302' title='bbox 3812 899 3827 937; x_wconf 75' lang='grc' dir='ltr'>τ</span> 
     </span>
    </p>
   </div>
   <div class='ocr_carea' id='block_1_51' title="bbox 2543 966 3785 1040">
    <p class='ocr_par' dir='ltr' id='par_1_51' title="bbox 2543 966 3785 1040">
     <span class='ocr_line' id='line_1_51' title="bbox 2543 966 3785 1040; baseline 0.006 -21"><span class='ocrx_word' id='word_1_303' title='bbox 2543 966 2732 1036; x_wconf 74' lang='grc' dir='ltr'><strong>Ψῆφοι</strong></span> <span class='ocrx_word' id='word_1_304' title='bbox 2767 968 3064 1036; x_wconf 76' lang='grc' dir='ltr'><strong>φέρονται’</strong></span> <span class='ocrx_word' id='word_1_305' title='bbox 3100 972 3380 1040; x_wconf 81' lang='grc' dir='ltr'><strong>συστροφὴ</strong></span> <span class='ocrx_word' id='word_1_306' title='bbox 3416 973 3746 1040; x_wconf 85' lang='grc' dir='ltr'><strong>καταιγίδων</strong></span> <span class='ocrx_word' id='word_1_307' title='bbox 3772 989 3785 1003; x_wconf 92' lang='grc'><strong>·</strong></span> 
     </span>
    </p>
   </div>
   <div class='ocr_carea' id='block_1_52' title="bbox 2539 1052 3749 1132">
    <p class='ocr_par' dir='ltr' id='par_1_52' title="bbox 2539 1052 3749 1132">
     <span class='ocr_line' id='line_1_52' title="bbox 2539 1052 3749 1132; baseline 0.003 -20"><span class='ocrx_word' id='word_1_308' title='bbox 2539 1057 2734 1130; x_wconf 87' lang='grc' dir='ltr'><strong>Θρόνοι</strong></span> <span class='ocrx_word' id='word_1_309' title='bbox 2771 1056 3032 1112; x_wconf 89' lang='grc' dir='ltr'><strong>καλοῦσιν</strong></span> <span class='ocrx_word' id='word_1_310' title='bbox 3057 1074 3072 1089; x_wconf 85' lang='lat'><strong><em>°</em></strong></span> <span class='ocrx_word' id='word_1_311' title='bbox 3113 1052 3158 1113; x_wconf 78' lang='grc' dir='ltr'><strong>ὦ</strong></span> <span class='ocrx_word' id='word_1_312' title='bbox 3182 1061 3516 1132; x_wconf 73' lang='grc' dir='ltr'><strong>κυϐερνῆτα,</strong></span> <span class='ocrx_word' id='word_1_313' title='bbox 3551 1063 3712 1132; x_wconf 83' lang='grc' dir='ltr'><strong>βλέπε</strong></span> <span class='ocrx_word' id='word_1_314' title='bbox 3735 1081 3749 1094; x_wconf 76' lang='grc' dir='ltr'><strong>ο</strong></span> 
     </span>
    </p>
   </div>
   <div class='ocr_carea' id='block_1_53' title="bbox 2549 1137 3717 1222">
    <p class='ocr_par' dir='ltr' id='par_1_53' title="bbox 2549 1137 3717 1222">
     <span class='ocr_line' id='line_1_53' title="bbox 2549 1137 3717 1222; baseline 0.003 -18"><span class='ocrx_word' id='word_1_315' title='bbox 2549 1149 2718 1220; x_wconf 77' lang='grc' dir='ltr'><strong>Ὀρᾷς</strong></span> <span class='ocrx_word' id='word_1_316' title='bbox 2749 1150 2874 1213; x_wconf 79' lang='grc' dir='ltr'><strong>ὅσος</strong></span> <span class='ocrx_word' id='word_1_317' title='bbox 2907 1149 3188 1204; x_wconf 81' lang='grc' dir='ltr'><strong>κύκλωθεν</strong></span> <span class='ocrx_word' id='word_1_318' title='bbox 3221 1137 3432 1222; x_wconf 70' lang='grc' dir='ltr'><strong>ἠγέρθη</strong></span> <span class='ocrx_word' id='word_1_319' title='bbox 3467 1152 3717 1221; x_wconf 84' lang='grc' dir='ltr'><strong>κλύδων;</strong></span> 
     </span>
    </p>
   </div>
   <div class='ocr_carea' id='block_1_54' title="bbox 2540 1240 3834 1315">
    <p class='ocr_par' dir='ltr' id='par_1_54' title="bbox 2540 1240 3834 1315">
     <span class='ocr_line' id='line_1_54' title="bbox 2540 1240 3834 1315; baseline 0.005 -21"><span class='ocrx_word' id='word_1_320' title='bbox 2540 1241 2808 1307; x_wconf 85' lang='grc' dir='ltr'><strong>Σπεῦσον,</strong></span> <span class='ocrx_word' id='word_1_321' title='bbox 2848 1240 3034 1312; x_wconf 85' lang='grc' dir='ltr'><strong>βοήθει</strong></span> <span class='ocrx_word' id='word_1_322' title='bbox 3064 1256 3079 1270; x_wconf 82' lang='grc'><strong><em>⁸</em></strong></span> <span class='ocrx_word' id='word_1_323' title='bbox 3115 1242 3372 1307; x_wconf 75' lang='grc' dir='ltr'><strong>κλύζεταί</strong></span> <span class='ocrx_word' id='word_1_324' title='bbox 3398 1261 3481 1297; x_wconf 89' lang='grc' dir='ltr'><strong>σοι</strong></span> <span class='ocrx_word' id='word_1_325' title='bbox 3503 1245 3566 1296; x_wconf 80' lang='grc' dir='ltr'><strong>τὸ</strong></span> <span class='ocrx_word' id='word_1_326' title='bbox 3606 1247 3834 1315; x_wconf 71' lang='grc' dir='ltr'><strong>σκάφος.</strong></span> 
     </span>
    </p>
   </div>
   <div class='ocr_carea' id='block_1_55' title="bbox 2540 1321 3802 1404">
    <p class='ocr_par' dir='ltr' id='par_1_55' title="bbox 2540 1321 3802 1404">
     <span class='ocr_line' id='line_1_55' title="bbox 2540 1321 3802 1404; baseline 0.002 -16"><span class='ocrx_word' id='word_1_327' title='bbox 2540 1333 2725 1388; x_wconf 78' lang='grc' dir='ltr'><strong>Λαδοῦ</strong></span> <span class='ocrx_word' id='word_1_328' title='bbox 2761 1333 2807 1366; x_wconf 80' lang='lat'><strong>&quot;</strong></span> <span class='ocrx_word' id='word_1_329' title='bbox 2833 1321 3005 1398; x_wconf 79' lang='grc' dir='ltr'><strong>τάλαν</strong></span> <span class='ocrx_word' id='word_1_330' title='bbox 3033 1333 3273 1404; x_wconf 84' lang='grc' dir='ltr'><strong>τάχιστα</strong></span> <span class='ocrx_word' id='word_1_331' title='bbox 3305 1335 3416 1391; x_wconf 86' lang='grc' dir='ltr'><strong>τῶν</strong></span> <span class='ocrx_word' id='word_1_332' title='bbox 3442 1335 3552 1390; x_wconf 85' lang='grc' dir='ltr'><strong>σῶν</strong></span> <span class='ocrx_word' id='word_1_333' title='bbox 3577 1337 3802 1400; x_wconf 73' lang='grc' dir='ltr'><strong>οἰάκων.</strong></span> 
     </span>
    </p>
   </div>
   <div class='ocr_carea' id='block_1_56' title="bbox 2539 1413 3803 1502">
    <p class='ocr_par' dir='ltr' id='par_1_56' title="bbox 2539 1413 3803 1502">
     <span class='ocr_line' id='line_1_56' title="bbox 2539 1413 3803 1502; baseline 0.003 -23"><span class='ocrx_word' id='word_1_334' title='bbox 2539 1413 2748 1492; x_wconf 75' lang='grc' dir='ltr'><strong>Δαϐοῦ,</strong></span> <span class='ocrx_word' id='word_1_335' title='bbox 2776 1427 3030 1498; x_wconf 74' lang='grc' dir='ltr'><strong>λογισμὶ,</strong></span> <span class='ocrx_word' id='word_1_336' title='bbox 3060 1428 3191 1498; x_wconf 78' lang='grc' dir='ltr'><strong>πρὶν</strong></span> <span class='ocrx_word' id='word_1_337' title='bbox 3224 1427 3270 1459; x_wconf 82' lang='grc'><strong>⁸³</strong></span> <span class='ocrx_word' id='word_1_338' title='bbox 3297 1429 3676 1500; x_wconf 84' lang='grc' dir='ltr'><strong>παραχθῶμεν</strong></span> <span class='ocrx_word' id='word_1_339' title='bbox 3693 1428 3803 1502; x_wconf 74' lang='grc' dir='ltr'><strong>βίᾳ.</strong></span> 
     </span>
    </p>
   </div>
   <div class='ocr_carea' id='block_1_57' title="bbox 2547 1518 3736 1591">
    <p class='ocr_par' dir='ltr' id='par_1_57' title="bbox 2547 1518 3736 1591">
     <span class='ocr_line' id='line_1_57' title="bbox 2547 1518 3736 1591; baseline 0.003 -21"><span class='ocrx_word' id='word_1_340' title='bbox 2547 1518 2618 1571; x_wconf 84' lang='grc' dir='ltr'><em>Ἢ</em></span> <span class='ocrx_word' id='word_1_341' title='bbox 2652 1520 2756 1571; x_wconf 89' lang='grc' dir='ltr'><strong>πού</strong></span> <span class='ocrx_word' id='word_1_342' title='bbox 2781 1536 2834 1572; x_wconf 87' lang='grc' dir='ltr'><strong>τι</strong></span> <span class='ocrx_word' id='word_1_343' title='bbox 2871 1519 3018 1588; x_wconf 75' lang='grc' dir='ltr'><strong>κάμὲ</strong></span> <span class='ocrx_word' id='word_1_344' title='bbox 3042 1522 3344 1590; x_wconf 76' lang='grc' dir='ltr'><strong>συμπονεῖν</strong></span> <span class='ocrx_word' id='word_1_345' title='bbox 3378 1521 3736 1591; x_wconf 70' lang='grc' dir='ltr'><strong>ἐπιτρέπειςς</strong></span> 
     </span>
    </p>
   </div>
   <div class='ocr_carea' id='block_1_58' title="bbox 2553 1607 3790 1684">
    <p class='ocr_par' dir='ltr' id='par_1_58' title="bbox 2553 1607 3790 1684">
     <span class='ocr_line' id='line_1_58' title="bbox 2553 1607 3790 1684; baseline 0 -19"><span class='ocrx_word' id='word_1_346' title='bbox 2553 1612 2647 1675; x_wconf 81' lang='grc' dir='ltr'><strong>Ὠς</strong></span> <span class='ocrx_word' id='word_1_347' title='bbox 2677 1607 2773 1665; x_wconf 82' lang='grc' dir='ltr'><strong>οὖν</strong></span> <span class='ocrx_word' id='word_1_348' title='bbox 2806 1611 3053 1676; x_wconf 81' lang='grc' dir='ltr'><strong>κελεύεις</strong></span> <span class='ocrx_word' id='word_1_349' title='bbox 3077 1613 3362 1684; x_wconf 84' lang='grc' dir='ltr'><strong>πείθομαι.</strong></span> <span class='ocrx_word' id='word_1_350' title='bbox 3398 1615 3510 1667; x_wconf 66' lang='grc' dir='ltr'><strong>Καὶ</strong></span> <span class='ocrx_word' id='word_1_351' title='bbox 3535 1614 3600 1683; x_wconf 76' lang='grc' dir='ltr'><strong>δὴ</strong></span> <span class='ocrx_word' id='word_1_352' title='bbox 3623 1613 3745 1682; x_wconf 83' lang='grc' dir='ltr'><strong>λέγε</strong></span> <span class='ocrx_word' id='word_1_353' title='bbox 3772 1629 3790 1645; x_wconf 79' lang='grc' dir='ltr'><strong>ο</strong></span> 
     </span>
    </p>
   </div>
   <div class='ocr_carea' id='block_1_59' title="bbox 2543 1703 3655 1775">
    <p class='ocr_par' dir='ltr' id='par_1_59' title="bbox 2543 1703 3655 1775">
     <span class='ocr_line' id='line_1_59' title="bbox 2543 1703 3655 1775; baseline 0.003 -19"><span class='ocrx_word' id='word_1_354' title='bbox 2543 1703 2615 1756; x_wconf 73' lang='grc' dir='ltr'>Σὺ</span> <span class='ocrx_word' id='word_1_355' title='bbox 2649 1704 2750 1774; x_wconf 69' lang='grc' dir='ltr'><strong>τὴν</strong></span> <span class='ocrx_word' id='word_1_356' title='bbox 2784 1703 3016 1758; x_wconf 81' lang='grc' dir='ltr'><strong>σεαυτοῦ</strong></span> <span class='ocrx_word' id='word_1_357' title='bbox 3047 1704 3294 1774; x_wconf 87' lang='grc' dir='ltr'><strong>κοσμίως</strong></span> <span class='ocrx_word' id='word_1_358' title='bbox 3328 1703 3512 1775; x_wconf 76' lang='grc' dir='ltr'><strong>βάδιζέ</strong></span> <span class='ocrx_word' id='word_1_359' title='bbox 3540 1722 3655 1774; x_wconf 87' lang='grc' dir='ltr'><strong>μοι.</strong></span> 
     </span>
    </p>
   </div>
   <div class='ocr_carea' id='block_1_60' title="bbox 2557 1795 3952 1868">
    <p class='ocr_par' dir='ltr' id='par_1_60' title="bbox 2557 1795 3952 1868">
     <span class='ocr_line' id='line_1_60' title="bbox 2557 1795 3952 1868; baseline 0.002 -19"><span class='ocrx_word' id='word_1_360' title='bbox 2557 1795 2748 1866; x_wconf 82' lang='grc' dir='ltr'><strong>Ἀρκεῖ</strong></span> <span class='ocrx_word' id='word_1_361' title='bbox 2785 1797 2896 1867; x_wconf 82' lang='grc' dir='ltr'><strong>γὰρ</strong></span> <span class='ocrx_word' id='word_1_362' title='bbox 2923 1797 2992 1851; x_wconf 77' lang='grc' dir='ltr'><strong>ἂν</strong></span> <span class='ocrx_word' id='word_1_363' title='bbox 3024 1797 3289 1852; x_wconf 85' lang='grc' dir='ltr'><strong>κάλλιστα</strong></span> <span class='ocrx_word' id='word_1_364' title='bbox 3322 1798 3416 1851; x_wconf 74' lang='grc' dir='ltr'><strong>καὶ</strong></span> <span class='ocrx_word' id='word_1_365' title='bbox 3457 1797 3664 1867; x_wconf 83' lang='grc' dir='ltr'><strong>ταύτην</strong></span> <span class='ocrx_word' id='word_1_366' title='bbox 3715 1796 3952 1868; x_wconf 77' lang='grc' dir='ltr'><strong>δράμῃς.</strong></span> 
     </span>
    </p>
   </div>
   <div class='ocr_carea' id='block_1_61' title="bbox 2544 1887 3952 1962">
    <p class='ocr_par' dir='ltr' id='par_1_61' title="bbox 2544 1887 3952 1962">
     <span class='ocr_line' id='line_1_61' title="bbox 2544 1887 3952 1962; baseline 0.001 -21"><span class='ocrx_word' id='word_1_367' title='bbox 2544 1888 2780 1957; x_wconf 84' lang='grc' dir='ltr'><strong>Βαθμῶν</strong></span> <span class='ocrx_word' id='word_1_368' title='bbox 2805 1887 2849 1941; x_wconf 84' lang='grc' dir='ltr'><strong>δ’</strong></span> <span class='ocrx_word' id='word_1_369' title='bbox 2876 1889 3104 1944; x_wconf 68' lang='grc' dir='ltr'><strong>ἱκείνων</strong></span> <span class='ocrx_word' id='word_1_370' title='bbox 3125 1891 3219 1944; x_wconf 69' lang='grc' dir='ltr'><strong>καὶ</strong></span> <span class='ocrx_word' id='word_1_371' title='bbox 3245 1890 3454 1959; x_wconf 86' lang='grc' dir='ltr'><strong>θρόνων</strong></span> <span class='ocrx_word' id='word_1_372' title='bbox 3472 1891 3612 1960; x_wconf 81' lang='grc' dir='ltr'><strong>πρὸς</strong></span> <span class='ocrx_word' id='word_1_373' title='bbox 3631 1890 3724 1953; x_wconf 83' lang='grc' dir='ltr'><strong>οὓς</strong></span> <span class='ocrx_word' id='word_1_374' title='bbox 3745 1891 3952 1962; x_wconf 79' lang='grc' dir='ltr'><strong>πτύρῃ,</strong></span> 
     </span>
    </p>
   </div>
   <div class='ocr_carea' id='block_1_62' title="bbox 2548 1975 3904 2051">
    <p class='ocr_par' dir='ltr' id='par_1_62' title="bbox 2548 1975 3904 2051">
     <span class='ocr_line' id='line_1_62' title="bbox 2548 1975 3904 2051; baseline -0.002 -18"><span class='ocrx_word' id='word_1_375' title='bbox 2548 1979 2745 2034; x_wconf 79' lang='grc' dir='ltr'><strong>Πολλοὶ</strong></span> <span class='ocrx_word' id='word_1_376' title='bbox 2776 1980 2876 2048; x_wconf 78' lang='grc' dir='ltr'><strong>μὲν</strong></span> <span class='ocrx_word' id='word_1_377' title='bbox 2907 1975 3049 2050; x_wconf 78' lang='grc' dir='ltr'><strong>ἦσαν</strong></span> <span class='ocrx_word' id='word_1_378' title='bbox 3071 1982 3361 2050; x_wconf 64' lang='grc' dir='ltr'><strong>ἔγκρατεῖς</strong></span> <span class='ocrx_word' id='word_1_379' title='bbox 3391 1979 3544 2051; x_wconf 77' lang='grc' dir='ltr'><strong>χθὲς,</strong></span> <span class='ocrx_word' id='word_1_380' title='bbox 3585 1982 3677 2032; x_wconf 77' lang='grc' dir='ltr'><strong>καὶ</strong></span> <span class='ocrx_word' id='word_1_381' title='bbox 3709 1979 3904 2045; x_wconf 81' lang='grc' dir='ltr'><strong>πάλαι,</strong></span> 
     </span>
    </p>
   </div>
   <div class='ocr_carea' id='block_1_63' title="bbox 2544 2071 3736 2144">
    <p class='ocr_par' dir='ltr' id='par_1_63' title="bbox 2544 2071 3736 2144">
     <span class='ocr_line' id='line_1_63' title="bbox 2544 2071 3736 2144; baseline 0.002 -18"><span class='ocrx_word' id='word_1_382' title='bbox 2544 2071 2741 2126; x_wconf 74' lang='grc' dir='ltr'><strong>Πολλοὶ</strong></span> <span class='ocrx_word' id='word_1_383' title='bbox 2764 2071 2808 2124; x_wconf 86' lang='grc' dir='ltr'><strong>δ’</strong></span> <span class='ocrx_word' id='word_1_384' title='bbox 2843 2071 3060 2125; x_wconf 73' lang='grc' dir='ltr'><strong>ἔσονται</strong></span> <span class='ocrx_word' id='word_1_385' title='bbox 3082 2072 3412 2143; x_wconf 73' lang='grc' dir='ltr'><strong>συρρέοντες</strong></span> <span class='ocrx_word' id='word_1_386' title='bbox 3429 2073 3510 2141; x_wconf 86' lang='grc' dir='ltr'><strong>τῷ</strong></span> <span class='ocrx_word' id='word_1_387' title='bbox 3536 2072 3736 2144; x_wconf 82' lang='grc' dir='ltr'><strong>χρόνῳ,</strong></span> 
     </span>
    </p>
   </div>
   <div class='ocr_carea' id='block_1_64' title="bbox 2575 2162 3740 2234">
    <p class='ocr_par' dir='ltr' id='par_1_64' title="bbox 2575 2162 3740 2234">
     <span class='ocr_line' id='line_1_64' title="bbox 2575 2162 3740 2234; baseline -0.002 -17"><span class='ocrx_word' id='word_1_388' title='bbox 2575 2165 2617 2234; x_wconf 79' lang='grc' dir='ltr'>ῼ</span> <span class='ocrx_word' id='word_1_389' title='bbox 2649 2164 2743 2217; x_wconf 73' lang='grc' dir='ltr'><strong>καὶ</strong></span> <span class='ocrx_word' id='word_1_390' title='bbox 2775 2162 3199 2216; x_wconf 84' lang='grc' dir='ltr'><strong>συνεκλείπουσι</strong></span> <span class='ocrx_word' id='word_1_391' title='bbox 3231 2163 3433 2225; x_wconf 88' lang='grc' dir='ltr'><strong>πάντες</strong></span> <span class='ocrx_word' id='word_1_392' title='bbox 3468 2165 3528 2217; x_wconf 82' lang='grc' dir='ltr'><strong>ὲν</strong></span> <span class='ocrx_word' id='word_1_393' title='bbox 3563 2165 3740 2232; x_wconf 66' lang='grc' dir='ltr'><strong>μέρει,</strong></span> 
     </span>
    </p>
   </div>
   <div class='ocr_carea' id='block_1_65' title="bbox 2554 2252 3669 2323">
    <p class='ocr_par' dir='ltr' id='par_1_65' title="bbox 2554 2252 3669 2323">
     <span class='ocr_line' id='line_1_65' title="bbox 2554 2252 3669 2323; baseline -0.004 -15"><span class='ocrx_word' id='word_1_394' title='bbox 2554 2255 2700 2318; x_wconf 85' lang='grc' dir='ltr'><strong>Ἕως</strong></span> <span class='ocrx_word' id='word_1_395' title='bbox 2723 2255 3142 2323; x_wconf 85' lang='grc' dir='ltr'><strong>καταντήσωσιν</strong></span> <span class='ocrx_word' id='word_1_396' title='bbox 3177 2254 3258 2316; x_wconf 84' lang='grc' dir='ltr'><strong>είς</strong></span> <span class='ocrx_word' id='word_1_397' title='bbox 3288 2253 3469 2306; x_wconf 76' lang='grc' dir='ltr'><strong>κοινὸν</strong></span> <span class='ocrx_word' id='word_1_398' title='bbox 3499 2252 3669 2319; x_wconf 80' lang='grc' dir='ltr'><strong>τέλος,</strong></span> 
     </span>
    </p>
   </div>
   <div class='ocr_carea' id='block_1_66' title="bbox 2544 2343 3773 2418">
    <p class='ocr_par' dir='ltr' id='par_1_66' title="bbox 2544 2343 3773 2418">
     <span class='ocr_line' id='line_1_66' title="bbox 2544 2343 3773 2418; baseline -0.002 -20"><span class='ocrx_word' id='word_1_399' title='bbox 2544 2345 2728 2414; x_wconf 83' lang='grc' dir='ltr'><strong>Μηδὲν</strong></span> <span class='ocrx_word' id='word_1_400' title='bbox 2764 2343 2896 2418; x_wconf 85' lang='grc' dir='ltr'><strong>παρ’</strong></span> <span class='ocrx_word' id='word_1_401' title='bbox 2926 2344 3110 2397; x_wconf 84' lang='grc' dir='ltr'><strong>αὐτῶν</strong></span> <span class='ocrx_word' id='word_1_402' title='bbox 3143 2344 3510 2415; x_wconf 83' lang='grc' dir='ltr'><strong>κερδάναντες</strong></span> <span class='ocrx_word' id='word_1_403' title='bbox 3545 2343 3673 2398; x_wconf 74' lang='grc' dir='ltr'><strong>ἄλλο</strong></span> <span class='ocrx_word' id='word_1_404' title='bbox 3697 2361 3773 2408; x_wconf 93' lang='grc' dir='ltr'><strong>τι,</strong></span> 
     </span>
    </p>
   </div>
   <div class='ocr_carea' id='block_1_67' title="bbox 2545 2435 3956 2506">
    <p class='ocr_par' dir='ltr' id='par_1_67' title="bbox 2545 2435 3956 2506">
     <span class='ocr_line' id='line_1_67' title="bbox 2545 2435 3956 2506; baseline -0.003 -15"><span class='ocrx_word' id='word_1_405' title='bbox 2545 2437 2696 2506; x_wconf 85' lang='grc' dir='ltr'><strong>Πλὴν</strong></span> <span class='ocrx_word' id='word_1_406' title='bbox 2725 2438 2825 2499; x_wconf 79' lang='grc' dir='ltr'><strong>τὰς</strong></span> <span class='ocrx_word' id='word_1_407' title='bbox 2852 2436 2942 2491; x_wconf 76' lang='grc' dir='ltr'><strong>ἐπ’</strong></span> <span class='ocrx_word' id='word_1_408' title='bbox 2964 2438 3149 2498; x_wconf 79' lang='grc' dir='ltr'><strong>αὐτοῖς</strong></span> <span class='ocrx_word' id='word_1_409' title='bbox 3177 2436 3434 2500; x_wconf 82' lang='grc' dir='ltr'><strong>εὐθύνας,</strong></span> <span class='ocrx_word' id='word_1_410' title='bbox 3468 2438 3561 2490; x_wconf 71' lang='grc' dir='ltr'><strong>καὶ</strong></span> <span class='ocrx_word' id='word_1_411' title='bbox 3584 2437 3712 2499; x_wconf 83' lang='grc' dir='ltr'><strong>τοὺς</strong></span> <span class='ocrx_word' id='word_1_412' title='bbox 3735 2435 3956 2504; x_wconf 82' lang='grc' dir='ltr'><strong>λόγους,</strong></span> 
     </span>
    </p>
   </div>
   <div class='ocr_carea' id='block_1_68' title="bbox 2547 2519 3692 2600">
    <p class='ocr_par' dir='ltr' id='par_1_68' title="bbox 2547 2519 3692 2600">
     <span class='ocr_line' id='line_1_68' title="bbox 2547 2519 3692 2600; baseline -0.002 -18"><span class='ocrx_word' id='word_1_413' title='bbox 2547 2529 2720 2585; x_wconf 86' lang='grc' dir='ltr'><strong>Πλέον</strong></span> <span class='ocrx_word' id='word_1_414' title='bbox 2745 2527 3058 2598; x_wconf 85' lang='grc' dir='ltr'><strong>πικραίνειν</strong></span> <span class='ocrx_word' id='word_1_415' title='bbox 3089 2519 3319 2600; x_wconf 78' lang='grc' dir='ltr'><strong>ὕστερον</strong></span> <span class='ocrx_word' id='word_1_416' title='bbox 3351 2528 3692 2595; x_wconf 83' lang='grc' dir='ltr'><strong>πεφυκότας,</strong></span> 
     </span>
    </p>
   </div>
   <div class='ocr_carea' id='block_1_69' title="bbox 2544 2619 3761 2690">
    <p class='ocr_par' dir='ltr' id='par_1_69' title="bbox 2544 2619 3761 2690">
     <span class='ocr_line' id='line_1_69' title="bbox 2544 2619 3761 2690; baseline -0.001 -15"><span class='ocrx_word' id='word_1_417' title='bbox 2544 2620 2613 2675; x_wconf 83' lang='grc' dir='ltr'>Ἦ</span> <span class='ocrx_word' id='word_1_418' title='bbox 2647 2622 2890 2690; x_wconf 85' lang='grc' dir='ltr'><strong>σήμερον</strong></span> <span class='ocrx_word' id='word_1_419' title='bbox 2910 2620 3176 2689; x_wconf 75' lang='grc' dir='ltr'><strong>τέρπουσι</strong></span> <span class='ocrx_word' id='word_1_420' title='bbox 3209 2621 3337 2682; x_wconf 80' lang='grc' dir='ltr'><strong>τοὺς</strong></span> <span class='ocrx_word' id='word_1_421' title='bbox 3361 2619 3761 2688; x_wconf 73' lang='grc' dir='ltr'><strong>κεκτημένους.</strong></span> 
     </span>
    </p>
   </div>
   <div class='ocr_carea' id='block_1_70' title="bbox 2543 2707 3955 2782">
    <p class='ocr_par' dir='ltr' id='par_1_70' title="bbox 2543 2707 3955 2782">
     <span class='ocr_line' id='line_1_70' title="bbox 2543 2707 3955 2782; baseline 0.006 -22"><span class='ocrx_word' id='word_1_422' title='bbox 2543 2713 2612 2762; x_wconf 81' lang='lat' dir='ltr'><strong>&#39;l&#39;é</strong></span> <span class='ocrx_word' id='word_1_423' title='bbox 2626 2726 2822 2778; x_wconf 88' lang='grc' dir='ltr'><strong>ρπουσι</strong></span> <span class='ocrx_word' id='word_1_424' title='bbox 2855 2713 2962 2779; x_wconf 79' lang='grc' dir='ltr'><strong>γὰρ</strong></span> <span class='ocrx_word' id='word_1_425' title='bbox 2994 2707 3159 2780; x_wconf 74' lang='grc' dir='ltr'><strong>[ἀλλ’]</strong></span> <span class='ocrx_word' id='word_1_426' title='bbox 3193 2708 3384 2779; x_wconf 82' lang='grc' dir='ltr'><strong>ὥσπερ</strong></span> <span class='ocrx_word' id='word_1_427' title='bbox 3430 2710 3709 2780; x_wconf 73' lang='grc' dir='ltr'><strong>ἄνθρακες</strong></span> <span class='ocrx_word' id='word_1_428' title='bbox 3753 2711 3955 2782; x_wconf 75' lang='grc' dir='ltr'><strong>βρέφη,</strong></span> 
     </span>
    </p>
   </div>
   <div class='ocr_carea' id='block_1_71' title="bbox 2545 2789 3955 2873">
    <p class='ocr_par' dir='ltr' id='par_1_71' title="bbox 2545 2789 3955 2873">
     <span class='ocr_line' id='line_1_71' title="bbox 2545 2789 3955 2873; baseline 0.001 -18"><span class='ocrx_word' id='word_1_429' title='bbox 2545 2804 2686 2864; x_wconf 82' lang='grc' dir='ltr'><strong>Τοὺς</strong></span> <span class='ocrx_word' id='word_1_430' title='bbox 2719 2802 2856 2870; x_wconf 80' lang='grc' dir='ltr'><strong>πρὸς</strong></span> <span class='ocrx_word' id='word_1_431' title='bbox 2887 2802 3047 2871; x_wconf 87' lang='grc' dir='ltr'><strong>μόνον</strong></span> <span class='ocrx_word' id='word_1_432' title='bbox 3075 2800 3138 2853; x_wconf 85' lang='grc' dir='ltr'><strong>τὸ</strong></span> <span class='ocrx_word' id='word_1_433' title='bbox 3183 2800 3399 2854; x_wconf 78' lang='grc' dir='ltr'><strong>στίλόον</strong></span> <span class='ocrx_word' id='word_1_434' title='bbox 3447 2789 3955 2873; x_wconf 66' lang='grc' dir='ltr'><strong>ἔκθαμϐουμινιυς,</strong></span> 
     </span>
    </p>
   </div>
   <div class='ocr_carea' id='block_1_72' title="bbox 2544 2892 3847 2966">
    <p class='ocr_par' dir='ltr' id='par_1_72' title="bbox 2544 2892 3847 2966">
     <span class='ocr_line' id='line_1_72' title="bbox 2544 2892 3847 2966; baseline -0.002 -17"><span class='ocrx_word' id='word_1_435' title='bbox 2544 2898 2656 2949; x_wconf 79' lang='grc' dir='ltr'><strong>Καὶ</strong></span> <span class='ocrx_word' id='word_1_436' title='bbox 2684 2897 2757 2966; x_wconf 79' lang='grc' dir='ltr'><strong>μὴ</strong></span> <span class='ocrx_word' id='word_1_437' title='bbox 2793 2892 3136 2957; x_wconf 86' lang='grc' dir='ltr'><strong>σκοποῦντας</strong></span> <span class='ocrx_word' id='word_1_438' title='bbox 3166 2893 3243 2957; x_wconf 82' lang='grc' dir='ltr'><strong>ὡς</strong></span> <span class='ocrx_word' id='word_1_439' title='bbox 3273 2894 3387 2964; x_wconf 74' lang='grc' dir='ltr'><strong>ἔχει</strong></span> <span class='ocrx_word' id='word_1_440' title='bbox 3410 2895 3506 2947; x_wconf 74' lang='grc' dir='ltr'><strong>καὶ</strong></span> <span class='ocrx_word' id='word_1_441' title='bbox 3535 2895 3596 2948; x_wconf 80' lang='grc' dir='ltr'><strong>τὸ</strong></span> <span class='ocrx_word' id='word_1_442' title='bbox 3625 2894 3847 2964; x_wconf 81' lang='grc' dir='ltr'><strong>φλέγον,</strong></span> 
     </span>
    </p>
   </div>
   <div class='ocr_carea' id='block_1_73' title="bbox 2546 2985 3955 3058">
    <p class='ocr_par' dir='ltr' id='par_1_73' title="bbox 2546 2985 3955 3058">
     <span class='ocr_line' id='line_1_73' title="bbox 2546 2985 3955 3058; baseline -0.001 -16"><span class='ocrx_word' id='word_1_443' title='bbox 2546 2991 2684 3058; x_wconf 78' lang='grc' dir='ltr'><strong>Πρὶν</strong></span> <span class='ocrx_word' id='word_1_444' title='bbox 2714 2987 2781 3040; x_wconf 85' lang='grc' dir='ltr'><strong>ἂν</strong></span> <span class='ocrx_word' id='word_1_445' title='bbox 2813 2987 3002 3040; x_wconf 80' lang='grc' dir='ltr'><strong>παθών</strong></span> <span class='ocrx_word' id='word_1_446' title='bbox 3031 3003 3116 3049; x_wconf 91' lang='grc' dir='ltr'><strong>τις</strong></span> <span class='ocrx_word' id='word_1_447' title='bbox 3160 2985 3286 3040; x_wconf 84' lang='grc' dir='ltr'><strong>νοῦν</strong></span> <span class='ocrx_word' id='word_1_448' title='bbox 3323 2987 3562 3054; x_wconf 75' lang='grc' dir='ltr'><strong>ἐνέγκοι,</strong></span> <span class='ocrx_word' id='word_1_449' title='bbox 3618 2987 3715 3040; x_wconf 77' lang='grc' dir='ltr'><strong>καὶ</strong></span> <span class='ocrx_word' id='word_1_450' title='bbox 3767 2985 3955 3057; x_wconf 81' lang='grc' dir='ltr'><strong>μάθοι.</strong></span> 
     </span>
    </p>
   </div>
   <div class='ocr_carea' id='block_1_74' title="bbox 2546 3077 3772 3148">
    <p class='ocr_par' dir='ltr' id='par_1_74' title="bbox 2546 3077 3772 3148">
     <span class='ocr_line' id='line_1_74' title="bbox 2546 3077 3772 3148; baseline 0 -15"><span class='ocrx_word' id='word_1_451' title='bbox 2546 3082 2750 3142; x_wconf 83' lang='grc' dir='ltr'><strong>Ἔστω,</strong></span> <span class='ocrx_word' id='word_1_452' title='bbox 2784 3079 2961 3140; x_wconf 82' lang='grc' dir='ltr'><strong>καλῶς</strong></span> <span class='ocrx_word' id='word_1_453' title='bbox 2990 3077 3243 3148; x_wconf 75' lang='grc' dir='ltr'><strong>εἴρηκας.</strong></span> <span class='ocrx_word' id='word_1_454' title='bbox 3290 3077 3452 3130; x_wconf 81' lang='grc' dir='ltr'><strong>Ἀλλὰ</strong></span> <span class='ocrx_word' id='word_1_455' title='bbox 3473 3078 3580 3146; x_wconf 85' lang='grc' dir='ltr'><strong>γὰρ</strong></span> <span class='ocrx_word' id='word_1_456' title='bbox 3605 3078 3772 3133; x_wconf 79' lang='grc' dir='ltr'><strong>πόθεν</strong></span> 
     </span>
    </p>
   </div>
   <div class='ocr_carea' id='block_1_75' title="bbox 2549 3168 3733 3242">
    <p class='ocr_par' dir='ltr' id='par_1_75' title="bbox 2549 3168 3733 3242">
     <span class='ocr_line' id='line_1_75' title="bbox 2549 3168 3733 3242; baseline -0.003 -17"><span class='ocrx_word' id='word_1_457' title='bbox 2549 3173 2622 3225; x_wconf 77' lang='grc' dir='ltr'><strong>Τὸ</strong></span> <span class='ocrx_word' id='word_1_458' title='bbox 2652 3175 2743 3225; x_wconf 69' lang='grc' dir='ltr'><strong>σὺν</strong></span> <span class='ocrx_word' id='word_1_459' title='bbox 2771 3173 3036 3226; x_wconf 82' lang='grc' dir='ltr'><strong>τάλαντον</strong></span> <span class='ocrx_word' id='word_1_460' title='bbox 3061 3168 3387 3242; x_wconf 73' lang='grc' dir='ltr'><strong>ἑμπορεύσῃ</strong></span> <span class='ocrx_word' id='word_1_461' title='bbox 3406 3171 3502 3224; x_wconf 86' lang='grc' dir='ltr'><strong>τοῦ</strong></span> <span class='ocrx_word' id='word_1_462' title='bbox 3531 3169 3733 3238; x_wconf 75' lang='grc' dir='ltr'><strong>λόγους</strong></span> 
     </span>
    </p>
   </div>
   <div class='ocr_carea' id='block_1_76' title="bbox 2364 3323 3957 3393">
    <p class='ocr_par' dir='ltr' id='par_1_76' title="bbox 2364 3323 3957 3393">
     <span class='ocr_line' id='line_1_76' title="bbox 2364 3323 3957 3393; baseline -0.001 -12"><span class='ocrx_word' id='word_1_463' title='bbox 2364 3327 2666 3382; x_wconf 87' lang='lat' dir='ltr'><strong>curandum</strong></span> <span class='ocrx_word' id='word_1_464' title='bbox 2691 3334 2810 3381; x_wconf 86' lang='lat' dir='ltr'><strong>est:</strong></span> <span class='ocrx_word' id='word_1_465' title='bbox 2843 3335 3066 3380; x_wconf 88' lang='lat' dir='ltr'><strong>sturnos</strong></span> <span class='ocrx_word' id='word_1_466' title='bbox 3109 3338 3327 3393; x_wconf 89' lang='lat' dir='ltr'><strong>quoque</strong></span> <span class='ocrx_word' id='word_1_467' title='bbox 3386 3323 3664 3392; x_wconf 85' lang='lat' dir='ltr'><strong>crepitans</strong></span> <span class='ocrx_word' id='word_1_468' title='bbox 3707 3324 3957 3380; x_wconf 83' lang='lat' dir='ltr'><strong>imbecil-</strong></span> 
     </span>
    </p>
   </div>
   <div class='ocr_carea' id='block_1_77' title="bbox 2368 3413 3957 3484">
    <p class='ocr_par' dir='ltr' id='par_1_77' title="bbox 2368 3413 3957 3484">
     <span class='ocr_line' id='line_1_77' title="bbox 2368 3413 3957 3484; baseline 0.002 -16"><span class='ocrx_word' id='word_1_469' title='bbox 2368 3417 2452 3468; x_wconf 88' lang='lat' dir='ltr'><strong>lus</strong></span> <span class='ocrx_word' id='word_1_470' title='bbox 2497 3425 2594 3468; x_wconf 83' lang='lat' dir='ltr'><strong>est.</strong></span> <span class='ocrx_word' id='word_1_471' title='bbox 2638 3414 2731 3468; x_wconf 91' lang='lat' dir='ltr'><strong>llis</strong></span> <span class='ocrx_word' id='word_1_472' title='bbox 2787 3429 2887 3484; x_wconf 55' lang='grc' dir='ltr'><strong>θέο</strong></span> <span class='ocrx_word' id='word_1_473' title='bbox 2927 3413 3232 3468; x_wconf 86' lang='lat' dir='ltr'><strong>rationibus</strong></span> <span class='ocrx_word' id='word_1_474' title='bbox 3284 3421 3337 3468; x_wconf 88' lang='lat' dir='ltr'><strong>et</strong></span> <span class='ocrx_word' id='word_1_475' title='bbox 3369 3413 3706 3483; x_wconf 73' lang='lat' dir='ltr'><strong>argumentis</strong></span> <span class='ocrx_word' id='word_1_476' title='bbox 3747 3431 3836 3473; x_wconf 85' lang='lat' dir='ltr'><strong>me</strong></span> <span class='ocrx_word' id='word_1_477' title='bbox 3864 3430 3957 3472; x_wconf 85' lang='lat' dir='ltr'><strong>re-</strong></span> 
     </span>
    </p>
   </div>
   <div class='ocr_carea' id='block_1_78' title="bbox 2367 3505 2969 3577">
    <p class='ocr_par' dir='ltr' id='par_1_78' title="bbox 2367 3505 2969 3577">
     <span class='ocr_line' id='line_1_78' title="bbox 2367 3505 2969 3577; baseline -0.007 -16"><span class='ocrx_word' id='word_1_478' title='bbox 2367 3520 2519 3577; x_wconf 75' lang='lat' dir='ltr'><strong>gens,</strong></span> <span class='ocrx_word' id='word_1_479' title='bbox 2557 3505 2721 3559; x_wconf 81' lang='lat' dir='ltr'><strong>vitam</strong></span> <span class='ocrx_word' id='word_1_480' title='bbox 2749 3519 2969 3575; x_wconf 80' lang='lat' dir='ltr'><strong>perago.</strong></span> 
     </span>
    </p>
   </div>
   <div class='ocr_carea' id='block_1_79' title="bbox 2891 3638 3415 3710">
    <p class='ocr_par' dir='ltr' id='par_1_79' title="bbox 2891 3638 3415 3710">
     <span class='ocr_line' id='line_1_79' title="bbox 2891 3638 3415 3710; baseline 0.006 -16"><span class='ocrx_word' id='word_1_481' title='bbox 2891 3638 3024 3695; x_wconf 81' lang='lat' dir='ltr'><strong>XCI.</strong></span> <span class='ocrx_word' id='word_1_482' title='bbox 3063 3638 3131 3694; x_wconf 82' lang='lat' dir='ltr'><strong>In</strong></span> <span class='ocrx_word' id='word_1_483' title='bbox 3161 3641 3415 3710; x_wconf 76' lang='lat' dir='ltr'><strong>seipsum.</strong></span> 
     </span>
    </p>
   </div>
   <div class='ocr_carea' id='block_1_80' title="bbox 2438 3774 3953 3855">
    <p class='ocr_par' dir='ltr' id='par_1_80' title="bbox 2438 3774 3953 3855">
     <span class='ocr_line' id='line_1_80' title="bbox 2438 3774 3953 3855; baseline 0.007 -28"><span class='ocrx_word' id='word_1_484' title='bbox 2438 3774 2685 3830; x_wconf 84' lang='lat' dir='ltr'><strong>Trahunt</strong></span> <span class='ocrx_word' id='word_1_485' title='bbox 2737 3777 3013 3844; x_wconf 84' lang='lat' dir='ltr'><strong>honores;</strong></span> <span class='ocrx_word' id='word_1_486' title='bbox 3055 3793 3208 3844; x_wconf 82' lang='lat' dir='ltr'><strong>cave,</strong></span> <span class='ocrx_word' id='word_1_487' title='bbox 3251 3780 3413 3835; x_wconf 90' lang='lat' dir='ltr'><strong>turbo</strong></span> <span class='ocrx_word' id='word_1_488' title='bbox 3449 3782 3627 3836; x_wconf 83' lang='lat' dir='ltr'><strong>velox.</strong></span> <span class='ocrx_word' id='word_1_489' title='bbox 3683 3779 3953 3855; x_wconf 69' lang='lat' dir='ltr'><strong>Suﬂragia</strong></span> 
     </span>
    </p>
   </div>
   <div class='ocr_carea' id='block_1_81' title="bbox 2369 3866 3953 3940">
    <p class='ocr_par' dir='ltr' id='par_1_81' title="bbox 2369 3866 3953 3940">
     <span class='ocr_line' id='line_1_81' title="bbox 2369 3866 3953 3940; baseline 0.006 -20"><span class='ocrx_word' id='word_1_490' title='bbox 2369 3866 2617 3921; x_wconf 78' lang='lat' dir='ltr'><strong>feruntur</strong></span> <span class='ocrx_word' id='word_1_491' title='bbox 2654 3883 2667 3921; x_wconf 89' lang='lat'><strong>:</strong></span> <span class='ocrx_word' id='word_1_492' title='bbox 2695 3870 3009 3939; x_wconf 83' lang='lat' dir='ltr'><strong>conspirant</strong></span> <span class='ocrx_word' id='word_1_493' title='bbox 3037 3880 3402 3940; x_wconf 86' lang='lat' dir='ltr'><strong>tempestates.</strong></span> <span class='ocrx_word' id='word_1_494' title='bbox 3438 3870 3642 3926; x_wconf 90' lang='lat' dir='ltr'><strong>Throni</strong></span> <span class='ocrx_word' id='word_1_495' title='bbox 3669 3886 3896 3929; x_wconf 79' lang='lat' dir='ltr'><strong>vocant:</strong></span> <span class='ocrx_word' id='word_1_496' title='bbox 3922 3890 3953 3930; x_wconf 90' lang='grc' dir='ltr'><strong>ο</strong></span> 
     </span>
    </p>
   </div>
   <div class='ocr_carea' id='block_1_82' title="bbox 2370 3959 3956 4032">
    <p class='ocr_par' dir='ltr' id='par_1_82' title="bbox 2370 3959 3956 4032">
     <span class='ocr_line' id='line_1_82' title="bbox 2370 3959 3956 4032; baseline 0.006 -21"><span class='ocrx_word' id='word_1_497' title='bbox 2370 3961 2722 4026; x_wconf 76' lang='lat' dir='ltr'><strong>gubernator,</strong></span> <span class='ocrx_word' id='word_1_498' title='bbox 2743 3959 3214 4016; x_wconf 84' lang='lat' dir='ltr'><strong>intuere.\’idesnc</strong></span> <span class='ocrx_word' id='word_1_499' title='bbox 3231 3975 3470 4032; x_wconf 80' lang='lat' dir='ltr'><strong>quantus</strong></span> <span class='ocrx_word' id='word_1_500' title='bbox 3483 3964 3956 4020; x_wconf 75' lang='lat' dir='ltr'><strong>surrexitlluctus!</strong></span> 
     </span>
    </p>
   </div>
   <div class='ocr_carea' id='block_1_83' title="bbox 2370 4041 3950 4126">
    <p class='ocr_par' dir='ltr' id='par_1_83' title="bbox 2370 4041 3950 4126">
     <span class='ocr_line' id='line_1_83' title="bbox 2370 4041 3950 4126; baseline 0.005 -21"><span class='ocrx_word' id='word_1_501' title='bbox 2370 4052 2611 4117; x_wconf 86' lang='lat' dir='ltr'><strong>Festina,</strong></span> <span class='ocrx_word' id='word_1_502' title='bbox 2642 4041 2931 4120; x_wconf 74' lang='lat' dir='ltr'><strong>succurrc&#39;;</strong></span> <span class='ocrx_word' id='word_1_503' title='bbox 2961 4055 3299 4124; x_wconf 76' lang='lat' dir='ltr'><strong>immergitur</strong></span> <span class='ocrx_word' id='word_1_504' title='bbox 3316 4056 3720 4126; x_wconf 80' lang='lat' dir='ltr'><strong>cymba.(leius,</strong></span> <span class='ocrx_word' id='word_1_505' title='bbox 3740 4058 3950 4126; x_wconf 72' lang='lat' dir='ltr'><strong>infelix,</strong></span> 
     </span>
    </p>
   </div>
   <div class='ocr_carea' id='block_1_84' title="bbox 2370 4148 3953 4222">
    <p class='ocr_par' dir='ltr' id='par_1_84' title="bbox 2370 4148 3953 4222">
     <span class='ocr_line' id='line_1_84' title="bbox 2370 4148 3953 4222; baseline 0.004 -22"><span class='ocrx_word' id='word_1_506' title='bbox 2370 4158 2521 4201; x_wconf 91' lang='lat' dir='ltr'><strong>tuum</strong></span> <span class='ocrx_word' id='word_1_507' title='bbox 2585 4148 2773 4215; x_wconf 84' lang='lat' dir='ltr'><strong>accipe</strong></span> <span class='ocrx_word' id='word_1_508' title='bbox 2817 4148 3286 4218; x_wconf 75' lang='lat' dir='ltr'><strong>gubernaculum;</strong></span> <span class='ocrx_word' id='word_1_509' title='bbox 3344 4150 3718 4218; x_wconf 86' lang='lat' dir='ltr'><strong>accipe,ratio,</strong></span> <span class='ocrx_word' id='word_1_510' title='bbox 3773 4153 3953 4222; x_wconf 88' lang='lat' dir='ltr'><strong>prius-</strong></span> 
     </span>
    </p>
   </div>
   <div class='ocr_carea' id='block_1_85' title="bbox 2369 4235 3954 4306">
    <p class='ocr_par' dir='ltr' id='par_1_85' title="bbox 2369 4235 3954 4306">
     <span class='ocr_line' id='line_1_85' title="bbox 2369 4235 3954 4306; baseline 0.005 -18"><span class='ocrx_word' id='word_1_511' title='bbox 2369 4252 2531 4306; x_wconf 86' lang='lat' dir='ltr'><strong>quam</strong></span> <span class='ocrx_word' id='word_1_512' title='bbox 2556 4238 2605 4290; x_wconf 84' lang='lat' dir='ltr'><strong>vi</strong></span> <span class='ocrx_word' id='word_1_513' title='bbox 2632 4237 3025 4305; x_wconf 88' lang='lat' dir='ltr'><strong>opprimamur.</strong></span> <span class='ocrx_word' id='word_1_514' title='bbox 3049 4235 3323 4306; x_wconf 81' lang='lat' dir='ltr'><strong>Numquid</strong></span> <span class='ocrx_word' id='word_1_515' title='bbox 3343 4246 3397 4292; x_wconf 89' lang='lat' dir='ltr'><strong>et</strong></span> <span class='ocrx_word' id='word_1_516' title='bbox 3421 4254 3506 4293; x_wconf 89' lang='lat' dir='ltr'><strong>me</strong></span> <span class='ocrx_word' id='word_1_517' title='bbox 3530 4255 3690 4295; x_wconf 82' lang='lat' dir='ltr'><strong>vocas</strong></span> <span class='ocrx_word' id='word_1_518' title='bbox 3705 4243 3769 4295; x_wconf 85' lang='lat' dir='ltr'><strong>ad</strong></span> <span class='ocrx_word' id='word_1_519' title='bbox 3784 4243 3954 4296; x_wconf 85' lang='lat' dir='ltr'><strong>colla-</strong></span> 
     </span>
    </p>
   </div>
   <div class='ocr_carea' id='block_1_86' title="bbox 2369 4329 3953 4403">
    <p class='ocr_par' dir='ltr' id='par_1_86' title="bbox 2369 4329 3953 4403">
     <span class='ocr_line' id='line_1_86' title="bbox 2369 4329 3953 4403; baseline 0.004 -21"><span class='ocrx_word' id='word_1_520' title='bbox 2369 4330 2710 4382; x_wconf 83' lang='lat' dir='ltr'><strong>borandum?</strong></span> <span class='ocrx_word' id='word_1_521' title='bbox 2737 4329 2802 4384; x_wconf 91' lang='lat' dir='ltr'><strong>Ut</strong></span> <span class='ocrx_word' id='word_1_522' title='bbox 2827 4329 3015 4397; x_wconf 83' lang='lat' dir='ltr'><strong>jubes,</strong></span> <span class='ocrx_word' id='word_1_523' title='bbox 3040 4331 3354 4398; x_wconf 78' lang='lat' dir='ltr'><strong>parco..l)ic</strong></span> <span class='ocrx_word' id='word_1_524' title='bbox 3383 4346 3532 4401; x_wconf 79' lang='lat' dir='ltr'><strong>ergo.</strong></span> <span class='ocrx_word' id='word_1_525' title='bbox 3556 4331 3638 4384; x_wconf 87' lang='lat' dir='ltr'><strong>Tu</strong></span> <span class='ocrx_word' id='word_1_526' title='bbox 3671 4335 3953 4403; x_wconf 82' lang='lat' dir='ltr'><strong>sapienter</strong></span> 
     </span>
    </p>
   </div>
   <div class='ocr_carea' id='block_1_87' title="bbox 2372 4419 3954 4494">
    <p class='ocr_par' dir='ltr' id='par_1_87' title="bbox 2372 4419 3954 4494">
     <span class='ocr_line' id='line_1_87' title="bbox 2372 4419 3954 4494; baseline 0.006 -23"><span class='ocrx_word' id='word_1_527' title='bbox 2372 4430 2521 4471; x_wconf 85' lang='lat' dir='ltr'><strong>tuam</strong></span> <span class='ocrx_word' id='word_1_528' title='bbox 2585 4421 2803 4473; x_wconf 83' lang='lat' dir='ltr'><strong>ambula</strong></span> <span class='ocrx_word' id='word_1_529' title='bbox 2855 4421 2997 4473; x_wconf 81' lang='lat' dir='ltr'><strong>viain</strong></span> <span class='ocrx_word' id='word_1_530' title='bbox 3033 4437 3047 4474; x_wconf 91' lang='lat'><strong>:</strong></span> <span class='ocrx_word' id='word_1_531' title='bbox 3082 4419 3279 4475; x_wconf 81' lang='lat' dir='ltr'><strong>sullicit</strong></span> <span class='ocrx_word' id='word_1_532' title='bbox 3341 4423 3484 4475; x_wconf 88' lang='lat' dir='ltr'><strong>enim</strong></span> <span class='ocrx_word' id='word_1_533' title='bbox 3540 4423 3586 4476; x_wconf 89' lang='lat' dir='ltr'><strong>si</strong></span> <span class='ocrx_word' id='word_1_534' title='bbox 3638 4439 3759 4478; x_wconf 87' lang='lat' dir='ltr'><strong>eam</strong></span> <span class='ocrx_word' id='word_1_535' title='bbox 3787 4429 3954 4494; x_wconf 85' lang='lat' dir='ltr'><strong>probe</strong></span> 
     </span>
    </p>
   </div>
   <div class='ocr_carea' id='block_1_88' title="bbox 686 4485 3948 4580">
    <p class='ocr_par' dir='ltr' id='par_1_88' title="bbox 686 4485 3948 4580">
     <span class='ocr_line' id='line_1_88' title="bbox 686 4485 3948 4580; baseline 0.003 -20"><span class='ocrx_word' id='word_1_536' title='bbox 686 4495 916 4556; x_wconf 68' lang='grc' dir='ltr'><strong>ι’ίιιίοηθι</strong></span> <span class='ocrx_word' id='word_1_537' title='bbox 945 4491 1200 4580; x_wconf 56' lang='grc' dir='ltr'><strong>¹¹¹³ί⁰νέ¹¹¹</strong></span> <span class='ocrx_word' id='word_1_538' title='bbox 1238 4497 1564 4580; x_wconf 46' lang='grc' dir='ltr'><strong>ντξξθυῑδξιι</strong></span> <span class='ocrx_word' id='word_1_539' title='bbox 1623 4485 2129 4580; x_wconf 52' lang='grc' dir='ltr'><strong>ξηίθηυίιὲιθωοῖ-</strong></span> <span class='ocrx_word' id='word_1_540' title='bbox 2161 4489 2263 4542; x_wconf 58' lang='lat' dir='ltr'><strong>sed</strong></span> <span class='ocrx_word' id='word_1_541' title='bbox 2295 4518 2350 4580; x_wconf 80' lang='lat'><strong>1)</strong></span> <span class='ocrx_word' id='word_1_542' title='bbox 2377 4526 2691 4579; x_wconf 87' lang='lat' dir='ltr'><strong>percurras.</strong></span> <span class='ocrx_word' id='word_1_543' title='bbox 2745 4511 3027 4565; x_wconf 82' lang='lat' dir='ltr'><strong>Graduum</strong></span> <span class='ocrx_word' id='word_1_544' title='bbox 3058 4521 3239 4565; x_wconf 86' lang='lat' dir='ltr'><strong>autem</strong></span> <span class='ocrx_word' id='word_1_545' title='bbox 3269 4512 3484 4567; x_wconf 88' lang='lat' dir='ltr'><strong>illorum</strong></span> <span class='ocrx_word' id='word_1_546' title='bbox 3521 4529 3585 4569; x_wconf 89' lang='lat' dir='ltr'><strong>ac</strong></span> <span class='ocrx_word' id='word_1_547' title='bbox 3621 4485 3948 4571; x_wconf 75' lang='lat' dir='ltr'><strong>tltronorum</strong></span> 
     </span>
    </p>
   </div>
   <div class='ocr_carea' id='block_1_89' title="bbox 691 4575 2267 4649">
    <p class='ocr_par' dir='ltr' id='par_1_89' title="bbox 691 4575 2267 4649">
     <span class='ocr_line' id='line_1_89' title="bbox 691 4575 2267 4649; baseline -0.003 -15"><span class='ocrx_word' id='word_1_548' title='bbox 691 4584 774 4634; x_wconf 87' lang='lat' dir='ltr'><strong>his</strong></span> <span class='ocrx_word' id='word_1_549' title='bbox 802 4582 896 4649; x_wconf 87' lang='lat' dir='ltr'><strong>qui</strong></span> <span class='ocrx_word' id='word_1_550' title='bbox 953 4588 1081 4632; x_wconf 77' lang='lat' dir='ltr'><strong>sunt</strong></span> <span class='ocrx_word' id='word_1_551' title='bbox 1117 4578 1167 4630; x_wconf 91' lang='lat' dir='ltr'><strong>iu</strong></span> <span class='ocrx_word' id='word_1_552' title='bbox 1210 4577 1424 4645; x_wconf 82' lang='lat' dir='ltr'><strong>publico</strong></span> <span class='ocrx_word' id='word_1_553' title='bbox 1477 4575 1693 4643; x_wconf 80' lang='lat' dir='ltr'><strong>plaudet</strong></span> <span class='ocrx_word' id='word_1_554' title='bbox 1750 4577 1931 4629; x_wconf 90' lang='lat' dir='ltr'><strong>omnis</strong></span> <span class='ocrx_word' id='word_1_555' title='bbox 1988 4576 2166 4630; x_wconf 89' lang='lat' dir='ltr'><strong>turba.</strong></span> <span class='ocrx_word' id='word_1_556' title='bbox 2198 4605 2267 4615; x_wconf 91' lang='lat'><strong>—</strong></span> 
     </span>
    </p>
   </div>
   <div class='ocr_carea' id='block_1_90' title="bbox 685 4668 2266 4735">
    <p class='ocr_par' dir='ltr' id='par_1_90' title="bbox 685 4668 2266 4735">
     <span class='ocr_line' id='line_1_90' title="bbox 685 4668 2266 4735; baseline -0.006 -12"><span class='ocrx_word' id='word_1_557' title='bbox 685 4671 924 4723; x_wconf 85' lang='lat' dir='ltr'><strong>Turbam</strong></span> <span class='ocrx_word' id='word_1_558' title='bbox 982 4670 1208 4720; x_wconf 88' lang='lat' dir='ltr'><strong>audiens</strong></span> <span class='ocrx_word' id='word_1_559' title='bbox 1270 4668 1491 4734; x_wconf 87' lang='lat' dir='ltr'><strong>optimc,</strong></span> <span class='ocrx_word' id='word_1_560' title='bbox 1560 4680 1667 4718; x_wconf 88' lang='lat' dir='ltr'><strong>non</strong></span> <span class='ocrx_word' id='word_1_561' title='bbox 1723 4669 1960 4734; x_wconf 81' lang='lat' dir='ltr'><strong>amplius</strong></span> <span class='ocrx_word' id='word_1_562' title='bbox 1988 4670 2206 4735; x_wconf 79' lang='lat' dir='ltr'><strong>require</strong></span> <span class='ocrx_word' id='word_1_563' title='bbox 2252 4685 2266 4722; x_wconf 72' lang='grc' dir='ltr'>ε</span> 
     </span>
    </p>
   </div>
   <div class='ocr_carea' id='block_1_91' title="bbox 690 4759 2268 4828">
    <p class='ocr_par' dir='ltr' id='par_1_91' title="bbox 690 4759 2268 4828">
     <span class='ocr_line' id='line_1_91' title="bbox 690 4759 2268 4828; baseline -0.003 -11"><span class='ocrx_word' id='word_1_564' title='bbox 690 4766 842 4817; x_wconf 87' lang='lat' dir='ltr'><strong>turba</strong></span> <span class='ocrx_word' id='word_1_565' title='bbox 893 4777 1126 4828; x_wconf 86' lang='lat' dir='ltr'><strong>namque</strong></span> <span class='ocrx_word' id='word_1_566' title='bbox 1179 4759 1314 4811; x_wconf 83' lang='lat' dir='ltr'><strong>nihil</strong></span> <span class='ocrx_word' id='word_1_567' title='bbox 1368 4759 1514 4810; x_wconf 90' lang='lat' dir='ltr'><strong>aliud</strong></span> <span class='ocrx_word' id='word_1_568' title='bbox 1573 4768 1678 4818; x_wconf 85' lang='lat' dir='ltr'><strong>est,</strong></span> <span class='ocrx_word' id='word_1_569' title='bbox 1711 4773 1873 4826; x_wconf 81' lang='lat' dir='ltr'><strong>quam</strong></span> <span class='ocrx_word' id='word_1_570' title='bbox 1932 4776 2059 4813; x_wconf 84' lang='lat' dir='ltr'><strong>vera</strong></span> <span class='ocrx_word' id='word_1_571' title='bbox 2088 4763 2268 4823; x_wconf 85' lang='lat' dir='ltr'><strong>turba,</strong></span> 
     </span>
    </p>
   </div>
   <div class='ocr_carea' id='block_1_92' title="bbox 689 4853 2269 4920">
    <p class='ocr_par' dir='ltr' id='par_1_92' title="bbox 689 4853 2269 4920">
     <span class='ocr_line' id='line_1_92' title="bbox 689 4853 2269 4920; baseline -0.001 -13"><span class='ocrx_word' id='word_1_572' title='bbox 689 4858 960 4907; x_wconf 87' lang='lat' dir='ltr'><strong>clamores</strong></span> <span class='ocrx_word' id='word_1_573' title='bbox 1054 4853 1467 4918; x_wconf 75' lang='lat' dir='ltr'><strong>incompositos,</strong></span> <span class='ocrx_word' id='word_1_574' title='bbox 1523 4859 1779 4915; x_wconf 84' lang='lat' dir='ltr'><strong>tanquam</strong></span> <span class='ocrx_word' id='word_1_575' title='bbox 1834 4853 2113 4918; x_wconf 84' lang='lat' dir='ltr'><strong>proprium</strong></span> <span class='ocrx_word' id='word_1_576' title='bbox 2171 4869 2269 4920; x_wconf 86' lang='lat' dir='ltr'><strong>po-</strong></span> 
     </span>
    </p>
   </div>
   <div class='ocr_carea' id='block_1_93' title="bbox 691 4948 2269 5016">
    <p class='ocr_par' dir='ltr' id='par_1_93' title="bbox 691 4948 2269 5016">
     <span class='ocr_line' id='line_1_93' title="bbox 691 4948 2269 5016; baseline -0.002 -11"><span class='ocrx_word' id='word_1_577' title='bbox 691 4951 897 5005; x_wconf 85' lang='lat' dir='ltr'><strong>testatis</strong></span> <span class='ocrx_word' id='word_1_578' title='bbox 961 4948 1219 5013; x_wconf 87' lang='lat' dir='ltr'><strong>lenimen,</strong></span> <span class='ocrx_word' id='word_1_579' title='bbox 1250 4950 1561 5016; x_wconf 86' lang='lat' dir='ltr'><strong>potentibus</strong></span> <span class='ocrx_word' id='word_1_580' title='bbox 1591 4948 1945 5012; x_wconf 85' lang='lat' dir='ltr'><strong>distribuens,</strong></span> <span class='ocrx_word' id='word_1_581' title='bbox 1980 4951 2116 5003; x_wconf 84' lang='lat' dir='ltr'><strong>nihil</strong></span> <span class='ocrx_word' id='word_1_582' title='bbox 2171 4967 2269 5004; x_wconf 88' lang='lat' dir='ltr'><strong>au-</strong></span> 
     </span>
    </p>
   </div>
   <div class='ocr_carea' id='block_1_94' title="bbox 691 5040 2268 5111">
    <p class='ocr_par' dir='ltr' id='par_1_94' title="bbox 691 5040 2268 5111">
     <span class='ocr_line' id='line_1_94' title="bbox 691 5040 2268 5111; baseline 0.001 -17"><span class='ocrx_word' id='word_1_583' title='bbox 691 5053 796 5095; x_wconf 88' lang='lat' dir='ltr'><strong>tem</strong></span> <span class='ocrx_word' id='word_1_584' title='bbox 831 5043 897 5095; x_wconf 86' lang='lat' dir='ltr'><strong>ad</strong></span> <span class='ocrx_word' id='word_1_585' title='bbox 923 5040 1207 5094; x_wconf 82' lang='lat' dir='ltr'><strong>utilitatem</strong></span> <span class='ocrx_word' id='word_1_586' title='bbox 1259 5041 1572 5103; x_wconf 78' lang='lat' dir='ltr'><strong>conﬁciens,</strong></span> <span class='ocrx_word' id='word_1_587' title='bbox 1612 5041 1722 5094; x_wconf 90' lang='lat' dir='ltr'><strong>imo</strong></span> <span class='ocrx_word' id='word_1_588' title='bbox 1769 5055 1964 5095; x_wconf 87' lang='lat' dir='ltr'><strong>nocere</strong></span> <span class='ocrx_word' id='word_1_589' title='bbox 1994 5043 2268 5111; x_wconf 85' lang='lat' dir='ltr'><strong>antiquis-</strong></span> 
     </span>
    </p>
   </div>
   <div class='ocr_carea' id='block_1_95' title="bbox 690 5137 2266 5204">
    <p class='ocr_par' dir='ltr' id='par_1_95' title="bbox 690 5137 2266 5204">
     <span class='ocr_line' id='line_1_95' title="bbox 690 5137 2266 5204; baseline -0.002 -12"><span class='ocrx_word' id='word_1_590' title='bbox 690 5139 889 5192; x_wconf 83' lang='lat' dir='ltr'><strong>simum</strong></span> <span class='ocrx_word' id='word_1_591' title='bbox 925 5139 1151 5190; x_wconf 86' lang='lat' dir='ltr'><strong>habens.</strong></span> <span class='ocrx_word' id='word_1_592' title='bbox 1191 5137 1314 5190; x_wconf 90' lang='lat' dir='ltr'><strong>Illos</strong></span> <span class='ocrx_word' id='word_1_593' title='bbox 1347 5152 1581 5204; x_wconf 91' lang='lat' dir='ltr'><strong>namque</strong></span> <span class='ocrx_word' id='word_1_594' title='bbox 1627 5152 1773 5204; x_wconf 84' lang='lat' dir='ltr'><strong>saepe</strong></span> <span class='ocrx_word' id='word_1_595' title='bbox 1811 5138 2059 5192; x_wconf 85' lang='lat' dir='ltr'><strong>laudibus</strong></span> <span class='ocrx_word' id='word_1_596' title='bbox 2093 5139 2266 5204; x_wconf 88' lang='lat' dir='ltr'><strong>inllat,</strong></span> 
     </span>
    </p>
   </div>
   <div class='ocr_carea' id='block_1_96' title="bbox 688 5230 2266 5300">
    <p class='ocr_par' dir='ltr' id='par_1_96' title="bbox 688 5230 2266 5300">
     <span class='ocr_line' id='line_1_96' title="bbox 688 5230 2266 5300; baseline -0.001 -15"><span class='ocrx_word' id='word_1_597' title='bbox 688 5242 743 5285; x_wconf 95' lang='lat' dir='ltr'><strong>et</strong></span> <span class='ocrx_word' id='word_1_598' title='bbox 794 5231 950 5300; x_wconf 87' lang='lat' dir='ltr'><strong>quasi</strong></span> <span class='ocrx_word' id='word_1_599' title='bbox 1002 5245 1158 5283; x_wconf 72' lang='lat' dir='ltr'><strong>veros</strong></span> <span class='ocrx_word' id='word_1_600' title='bbox 1195 5230 1600 5282; x_wconf 84' lang='lat' dir='ltr'><strong>suadetaudire</strong></span> <span class='ocrx_word' id='word_1_601' title='bbox 1651 5244 1970 5296; x_wconf 86' lang='lat' dir='ltr'><strong>sermones;</strong></span> <span class='ocrx_word' id='word_1_602' title='bbox 2014 5233 2102 5285; x_wconf 90' lang='lat' dir='ltr'><strong>isti</strong></span> <span class='ocrx_word' id='word_1_603' title='bbox 2139 5246 2266 5285; x_wconf 83' lang='lat' dir='ltr'><strong>vero</strong></span> 
     </span>
    </p>
   </div>
   <div class='ocr_carea' id='block_1_97' title="bbox 690 5321 2262 5390">
    <p class='ocr_par' dir='ltr' id='par_1_97' title="bbox 690 5321 2262 5390">
     <span class='ocr_line' id='line_1_97' title="bbox 690 5321 2262 5390; baseline 0.003 -16"><span class='ocrx_word' id='word_1_604' title='bbox 690 5323 822 5374; x_wconf 89' lang='lat' dir='ltr'><strong>nihil</strong></span> <span class='ocrx_word' id='word_1_605' title='bbox 869 5331 995 5373; x_wconf 86' lang='lat' dir='ltr'><strong>sunt</strong></span> <span class='ocrx_word' id='word_1_606' title='bbox 1039 5321 1140 5372; x_wconf 88' lang='lat' dir='ltr'><strong>nisi</strong></span> <span class='ocrx_word' id='word_1_607' title='bbox 1199 5322 1318 5372; x_wconf 72' lang='lat' dir='ltr'><strong>vani</strong></span> <span class='ocrx_word' id='word_1_608' title='bbox 1353 5322 1631 5388; x_wconf 81' lang='lat' dir='ltr'><strong>strepitus,</strong></span> <span class='ocrx_word' id='word_1_609' title='bbox 1663 5337 1923 5374; x_wconf 68' lang='lat' dir='ltr'><strong>ranarum</strong></span> <span class='ocrx_word' id='word_1_610' title='bbox 1954 5322 2262 5390; x_wconf 76' lang='lat' dir='ltr'><strong>proditores</strong></span> 
     </span>
    </p>
   </div>
   <div class='ocr_carea' id='block_1_98' title="bbox 689 5414 2264 5483">
    <p class='ocr_par' dir='ltr' id='par_1_98' title="bbox 689 5414 2264 5483">
     <span class='ocr_line' id='line_1_98' title="bbox 689 5414 2264 5483; baseline 0.003 -17"><span class='ocrx_word' id='word_1_611' title='bbox 689 5414 1105 5483; x_wconf 75' lang='lat' dir='ltr'><strong>Cogitationum,</strong></span> <span class='ocrx_word' id='word_1_612' title='bbox 1176 5414 1462 5466; x_wconf 80' lang='lat' dir='ltr'><strong>mendaces</strong></span> <span class='ocrx_word' id='word_1_613' title='bbox 1493 5453 1506 5476; x_wconf 94' lang='lat'><strong>,</strong></span> <span class='ocrx_word' id='word_1_614' title='bbox 1546 5417 1886 5479; x_wconf 85' lang='lat' dir='ltr'><strong>seductores,</strong></span> <span class='ocrx_word' id='word_1_615' title='bbox 1922 5417 2264 5483; x_wconf 83' lang='lat' dir='ltr'><strong>inipostores,</strong></span> 
     </span>
    </p>
   </div>
   <div class='ocr_carea' id='block_1_99' title="bbox 690 5507 2266 5578">
    <p class='ocr_par' dir='ltr' id='par_1_99' title="bbox 690 5507 2266 5578">
     <span class='ocr_line' id='line_1_99' title="bbox 690 5507 2266 5578; baseline 0.004 -18"><span class='ocrx_word' id='word_1_616' title='bbox 690 5510 941 5578; x_wconf 87' lang='lat' dir='ltr'><strong>publicus</strong></span> <span class='ocrx_word' id='word_1_617' title='bbox 999 5507 1161 5569; x_wconf 86' lang='lat' dir='ltr'><strong>risus,</strong></span> <span class='ocrx_word' id='word_1_618' title='bbox 1214 5517 1406 5573; x_wconf 83' lang='lat' dir='ltr'><strong>puteus</strong></span> <span class='ocrx_word' id='word_1_619' title='bbox 1486 5517 1664 5558; x_wconf 73' lang='lat' dir='ltr'><strong>autem</strong></span> <span class='ocrx_word' id='word_1_620' title='bbox 1716 5510 2007 5572; x_wconf 81' lang='lat' dir='ltr'><strong>debil.bus,</strong></span> <span class='ocrx_word' id='word_1_621' title='bbox 2070 5512 2266 5578; x_wconf 84' lang='lat' dir='ltr'><strong>quibus</strong></span> 
     </span>
    </p>
   </div>
   <div class='ocr_carea' id='block_1_100' title="bbox 690 5596 2265 5670">
    <p class='ocr_par' dir='ltr' id='par_1_100' title="bbox 690 5596 2265 5670">
     <span class='ocr_line' id='line_1_100' title="bbox 690 5596 2265 5670; baseline 0.003 -17"><span class='ocrx_word' id='word_1_622' title='bbox 690 5601 911 5653; x_wconf 71' lang='lat' dir='ltr'><strong>conlidit</strong></span> <span class='ocrx_word' id='word_1_623' title='bbox 939 5613 1125 5652; x_wconf 81' lang='lat' dir='ltr'><strong>aniens</strong></span> <span class='ocrx_word' id='word_1_624' title='bbox 1171 5596 1244 5651; x_wconf 84' lang='lat' dir='ltr'><strong>De</strong></span> <span class='ocrx_word' id='word_1_625' title='bbox 1270 5599 1438 5652; x_wconf 91' lang='lat' dir='ltr'><strong>multo</strong></span> <span class='ocrx_word' id='word_1_626' title='bbox 1471 5614 1598 5652; x_wconf 76' lang='lat' dir='ltr'><strong>vero</strong></span> <span class='ocrx_word' id='word_1_627' title='bbox 1660 5604 1885 5670; x_wconf 84' lang='lat' dir='ltr'><strong>strepitu</strong></span> <span class='ocrx_word' id='word_1_628' title='bbox 1915 5620 2020 5656; x_wconf 81' lang='lat' dir='ltr'><strong>non</strong></span> <span class='ocrx_word' id='word_1_629' title='bbox 2043 5610 2265 5658; x_wconf 87' lang='lat' dir='ltr'><strong>omnino</strong></span> 
     </span>
    </p>
   </div>
   <div class='ocr_carea' id='block_1_101' title="bbox 761 5715 1738 5786">
    <p class='ocr_par' dir='ltr' id='par_1_101' title="bbox 761 5715 1738 5786">
     <span class='ocr_line' id='line_1_101' title="bbox 761 5715 1738 5786; baseline 0.007 -19"><span class='ocrx_word' id='word_1_630' title='bbox 761 5717 802 5744; x_wconf 77' lang='lat'><strong>”</strong></span> <span class='ocrx_word' id='word_1_631' title='bbox 836 5734 922 5782; x_wconf 71' lang='grc' dir='ltr'><strong>γρ.</strong></span> <span class='ocrx_word' id='word_1_632' title='bbox 946 5715 1113 5783; x_wconf 78' lang='grc' dir='ltr'><strong>φέρω.</strong></span> <span class='ocrx_word' id='word_1_633' title='bbox 1191 5718 1235 5746; x_wconf 82' lang='grc'><strong>⁸⁸</strong></span> <span class='ocrx_word' id='word_1_634' title='bbox 1260 5735 1344 5786; x_wconf 64' lang='lat' dir='ltr'><strong>7p.</strong></span> <span class='ocrx_word' id='word_1_635' title='bbox 1381 5717 1738 5786; x_wconf 72' lang='grc' dir='ltr'><strong>προσθέντων.</strong></span> 
     </span>
    </p>
   </div>
   <div class='ocr_carea' id='block_1_102' title="bbox 693 5788 1256 5856">
    <p class='ocr_par' dir='ltr' id='par_1_102' title="bbox 693 5788 1256 5856">
     <span class='ocr_line' id='line_1_102' title="bbox 693 5788 1256 5856; baseline 0.002 -18"><span class='ocrx_word' id='word_1_636' title='bbox 693 5788 736 5818; x_wconf 83' lang='grc'><strong>⁹⁴</strong></span> <span class='ocrx_word' id='word_1_637' title='bbox 775 5806 853 5853; x_wconf 53' lang='grc' dir='ltr'><strong>ιι.</strong></span> <span class='ocrx_word' id='word_1_638' title='bbox 904 5804 1256 5856; x_wconf 50' lang='lat' dir='ltr'><strong>Rapa/opai.</strong></span> 
     </span>
    </p>
   </div>
   <div class='ocr_carea' id='block_1_103' title="bbox 1810 5720 2376 5791">
    <p class='ocr_par' dir='ltr' id='par_1_103' title="bbox 1810 5720 2376 5791">
     <span class='ocr_line' id='line_1_103' title="bbox 1810 5720 2376 5791; baseline 0.016 -22"><span class='ocrx_word' id='word_1_639' title='bbox 1810 5720 1852 5750; x_wconf 64' lang='grc' dir='ltr'><strong>δί’</strong></span> <span class='ocrx_word' id='word_1_640' title='bbox 1887 5737 1968 5788; x_wconf 55' lang='lat'><strong>37‘.</strong></span> <span class='ocrx_word' id='word_1_641' title='bbox 2008 5725 2284 5791; x_wconf 69' lang='grc' dir='ltr'><strong>κρατοῦσι.</strong></span> <span class='ocrx_word' id='word_1_642' title='bbox 2332 5726 2376 5755; x_wconf 72' lang='grc' dir='ltr'><strong>’θ</strong></span> 
     </span>
    </p>
   </div>
   <div class='ocr_carea' id='block_1_104' title="bbox 2373 4602 3955 4678">
    <p class='ocr_par' dir='ltr' id='par_1_104' title="bbox 2373 4602 3955 4678">
     <span class='ocr_line' id='line_1_104' title="bbox 2373 4602 3955 4678; baseline 0.004 -23"><span class='ocrx_word' id='word_1_643' title='bbox 2373 4618 2512 4670; x_wconf 82' lang='lat' dir='ltr'><strong>quos</strong></span> <span class='ocrx_word' id='word_1_644' title='bbox 2551 4602 2897 4671; x_wconf 81' lang='lat' dir='ltr'><strong>reformidas,</strong></span> <span class='ocrx_word' id='word_1_645' title='bbox 2928 4603 3084 4656; x_wconf 88' lang='lat' dir='ltr'><strong>multi</strong></span> <span class='ocrx_word' id='word_1_646' title='bbox 3104 4604 3334 4672; x_wconf 81' lang='lat' dir='ltr'><strong>quidem</strong></span> <span class='ocrx_word' id='word_1_647' title='bbox 3379 4606 3493 4659; x_wconf 90' lang='lat' dir='ltr'><strong>heri</strong></span> <span class='ocrx_word' id='word_1_648' title='bbox 3549 4607 3832 4676; x_wconf 88' lang='lat' dir='ltr'><strong>pridieque</strong></span> <span class='ocrx_word' id='word_1_649' title='bbox 3857 4625 3955 4678; x_wconf 89' lang='lat' dir='ltr'><strong>po-</strong></span> 
     </span>
    </p>
   </div>
   <div class='ocr_carea' id='block_1_105' title="bbox 2376 4695 3950 4768">
    <p class='ocr_par' dir='ltr' id='par_1_105' title="bbox 2376 4695 3950 4768">
     <span class='ocr_line' id='line_1_105' title="bbox 2376 4695 3950 4768; baseline 0.006 -23"><span class='ocrx_word' id='word_1_650' title='bbox 2376 4701 2551 4746; x_wconf 87' lang='lat' dir='ltr'><strong>tentes</strong></span> <span class='ocrx_word' id='word_1_651' title='bbox 2598 4703 2772 4759; x_wconf 86' lang='lat' dir='ltr'><strong>eraut,</strong></span> <span class='ocrx_word' id='word_1_652' title='bbox 2829 4695 2983 4746; x_wconf 92' lang='lat' dir='ltr'><strong>multi</strong></span> <span class='ocrx_word' id='word_1_653' title='bbox 3014 4708 3140 4748; x_wconf 84' lang='lat' dir='ltr'><strong>vero</strong></span> <span class='ocrx_word' id='word_1_654' title='bbox 3167 4706 3494 4750; x_wconf 88' lang='lat' dir='ltr'><strong>concurrent</strong></span> <span class='ocrx_word' id='word_1_655' title='bbox 3520 4712 3643 4751; x_wconf 89' lang='lat' dir='ltr'><strong>cum</strong></span> <span class='ocrx_word' id='word_1_656' title='bbox 3681 4707 3950 4768; x_wconf 85' lang='lat' dir='ltr'><strong>tempore,</strong></span> 
     </span>
    </p>
   </div>
   <div class='ocr_carea' id='block_1_106' title="bbox 2374 4782 3954 4852">
    <p class='ocr_par' dir='ltr' id='par_1_106' title="bbox 2374 4782 3954 4852">
     <span class='ocr_line' id='line_1_106' title="bbox 2374 4782 3954 4852; baseline 0.005 -18"><span class='ocrx_word' id='word_1_657' title='bbox 2374 4797 2610 4852; x_wconf 87' lang='lat' dir='ltr'><strong>quocum</strong></span> <span class='ocrx_word' id='word_1_658' title='bbox 2644 4783 2809 4835; x_wconf 84' lang='lat' dir='ltr'><strong>etiam</strong></span> <span class='ocrx_word' id='word_1_659' title='bbox 2847 4783 3030 4835; x_wconf 91' lang='lat' dir='ltr'><strong>cuncti</strong></span> <span class='ocrx_word' id='word_1_660' title='bbox 3061 4782 3328 4837; x_wconf 78' lang='lat' dir='ltr'><strong>deﬁciunt</strong></span> <span class='ocrx_word' id='word_1_661' title='bbox 3368 4785 3422 4838; x_wconf 93' lang='lat' dir='ltr'><strong>in</strong></span> <span class='ocrx_word' id='word_1_662' title='bbox 3455 4786 3651 4849; x_wconf 87' lang='lat' dir='ltr'><strong>vicem,</strong></span> <span class='ocrx_word' id='word_1_663' title='bbox 3679 4791 3856 4842; x_wconf 86' lang='lat' dir='ltr'><strong>donec</strong></span> <span class='ocrx_word' id='word_1_664' title='bbox 3887 4790 3954 4842; x_wconf 84' lang='lat' dir='ltr'><strong>ad</strong></span> 
     </span>
    </p>
   </div>
   <div class='ocr_carea' id='block_1_107' title="bbox 2375 4876 3954 4943">
    <p class='ocr_par' dir='ltr' id='par_1_107' title="bbox 2375 4876 3954 4943">
     <span class='ocr_line' id='line_1_107' title="bbox 2375 4876 3954 4943; baseline 0.005 -15"><span class='ocrx_word' id='word_1_665' title='bbox 2375 4889 2720 4928; x_wconf 88' lang='lat' dir='ltr'><strong>communem</strong></span> <span class='ocrx_word' id='word_1_666' title='bbox 2777 4876 3125 4943; x_wconf 85' lang='lat' dir='ltr'><strong>pervenerint</strong></span> <span class='ocrx_word' id='word_1_667' title='bbox 3183 4876 3367 4943; x_wconf 80' lang='lat' dir='ltr'><strong>liuent,</strong></span> <span class='ocrx_word' id='word_1_668' title='bbox 3400 4878 3533 4933; x_wconf 89' lang='lat' dir='ltr'><strong>nihil</strong></span> <span class='ocrx_word' id='word_1_669' title='bbox 3562 4879 3705 4932; x_wconf 89' lang='lat' dir='ltr'><strong>aliud</strong></span> <span class='ocrx_word' id='word_1_670' title='bbox 3741 4895 3807 4934; x_wconf 81' lang='lat' dir='ltr'><strong>ex</strong></span> <span class='ocrx_word' id='word_1_671' title='bbox 3847 4882 3954 4936; x_wconf 82' lang='lat' dir='ltr'><strong>illis</strong></span> 
     </span>
    </p>
   </div>
   <div class='ocr_carea' id='block_1_108' title="bbox 2374 4966 3950 5042">
    <p class='ocr_par' dir='ltr' id='par_1_108' title="bbox 2374 4966 3950 5042">
     <span class='ocr_line' id='line_1_108' title="bbox 2374 4966 3950 5042; baseline 0.006 -23"><span class='ocrx_word' id='word_1_672' title='bbox 2374 4967 2566 5019; x_wconf 88' lang='lat' dir='ltr'><strong>lucrati</strong></span> <span class='ocrx_word' id='word_1_673' title='bbox 2596 4967 2699 5020; x_wconf 91' lang='lat' dir='ltr'><strong>nisi</strong></span> <span class='ocrx_word' id='word_1_674' title='bbox 2732 4966 2798 5020; x_wconf 88' lang='lat' dir='ltr'><strong>de</strong></span> <span class='ocrx_word' id='word_1_675' title='bbox 2827 4967 2906 5021; x_wconf 90' lang='lat' dir='ltr'><strong>eis</strong></span> <span class='ocrx_word' id='word_1_676' title='bbox 2934 4967 3172 5022; x_wconf 86' lang='lat' dir='ltr'><strong>rationes</strong></span> <span class='ocrx_word' id='word_1_677' title='bbox 3202 4968 3527 5038; x_wconf 87' lang='lat' dir='ltr'><strong>reddendas,</strong></span> <span class='ocrx_word' id='word_1_678' title='bbox 3563 4971 3735 5042; x_wconf 76' lang='lat' dir='ltr'><strong>magis</strong></span> <span class='ocrx_word' id='word_1_679' title='bbox 3771 4983 3950 5029; x_wconf 87' lang='lat' dir='ltr'><strong>autem</strong></span> 
     </span>
    </p>
   </div>
   <div class='ocr_carea' id='block_1_109' title="bbox 2373 5060 3954 5135">
    <p class='ocr_par' dir='ltr' id='par_1_109' title="bbox 2373 5060 3954 5135">
     <span class='ocr_line' id='line_1_109' title="bbox 2373 5060 3954 5135; baseline 0.005 -22"><span class='ocrx_word' id='word_1_680' title='bbox 2373 5060 2441 5113; x_wconf 88' lang='lat' dir='ltr'><strong>ad</strong></span> <span class='ocrx_word' id='word_1_681' title='bbox 2503 5061 2800 5113; x_wconf 87' lang='lat' dir='ltr'><strong>crastinam</strong></span> <span class='ocrx_word' id='word_1_682' title='bbox 2860 5060 3064 5113; x_wconf 90' lang='lat' dir='ltr'><strong>ducunt</strong></span> <span class='ocrx_word' id='word_1_683' title='bbox 3101 5061 3541 5129; x_wconf 89' lang='lat' dir='ltr'><strong>amaritudinem,</strong></span> <span class='ocrx_word' id='word_1_684' title='bbox 3599 5081 3761 5135; x_wconf 85' lang='lat' dir='ltr'><strong>quam</strong></span> <span class='ocrx_word' id='word_1_685' title='bbox 3788 5066 3954 5121; x_wconf 88' lang='lat' dir='ltr'><strong>hodie</strong></span> 
     </span>
    </p>
   </div>
   <div class='ocr_carea' id='block_1_110' title="bbox 2372 5151 3954 5222">
    <p class='ocr_par' dir='ltr' id='par_1_110' title="bbox 2372 5151 3954 5222">
     <span class='ocr_line' id='line_1_110' title="bbox 2372 5151 3954 5222; baseline 0.008 -23"><span class='ocrx_word' id='word_1_686' title='bbox 2372 5152 2714 5218; x_wconf 78' lang='lat' dir='ltr'><strong>possidentes</strong></span> <span class='ocrx_word' id='word_1_687' title='bbox 2762 5151 3056 5204; x_wconf 74' lang='lat' dir='ltr'><strong>laetificant.</strong></span> <span class='ocrx_word' id='word_1_688' title='bbox 3104 5152 3405 5208; x_wconf 68' lang='lat' dir='ltr'><strong>Lmtrlicant</strong></span> <span class='ocrx_word' id='word_1_689' title='bbox 3455 5157 3625 5222; x_wconf 88' lang='lat' dir='ltr'><strong>enim,</strong></span> <span class='ocrx_word' id='word_1_690' title='bbox 3674 5159 3769 5213; x_wconf 86' lang='lat' dir='ltr'><strong>sed</strong></span> <span class='ocrx_word' id='word_1_691' title='bbox 3805 5160 3954 5213; x_wconf 82' lang='lat' dir='ltr'><strong>velut</strong></span> 
     </span>
    </p>
   </div>
   <div class='ocr_carea' id='block_1_111' title="bbox 2370 5241 3952 5313">
    <p class='ocr_par' dir='ltr' id='par_1_111' title="bbox 2370 5241 3952 5313">
     <span class='ocr_line' id='line_1_111' title="bbox 2370 5241 3952 5313; baseline 0.008 -19"><span class='ocrx_word' id='word_1_692' title='bbox 2370 5245 2634 5296; x_wconf 80' lang='lat' dir='ltr'><strong>carbones</strong></span> <span class='ocrx_word' id='word_1_693' title='bbox 2665 5241 2920 5308; x_wconf 78' lang='lat' dir='ltr'><strong>infantes,</strong></span> <span class='ocrx_word' id='word_1_694' title='bbox 2948 5245 3041 5313; x_wconf 90' lang='lat' dir='ltr'><strong>qui</strong></span> <span class='ocrx_word' id='word_1_695' title='bbox 3062 5245 3239 5300; x_wconf 87' lang='lat' dir='ltr'><strong>solum</strong></span> <span class='ocrx_word' id='word_1_696' title='bbox 3269 5248 3535 5301; x_wconf 89' lang='lat' dir='ltr'><strong>mirantur</strong></span> <span class='ocrx_word' id='word_1_697' title='bbox 3559 5247 3812 5312; x_wconf 88' lang='lat' dir='ltr'><strong>nitorem,</strong></span> <span class='ocrx_word' id='word_1_698' title='bbox 3854 5266 3952 5306; x_wconf 85' lang='lat' dir='ltr'><strong>nec</strong></span> 
     </span>
    </p>
   </div>
   <div class='ocr_carea' id='block_1_112' title="bbox 2371 5335 3950 5409">
    <p class='ocr_par' dir='ltr' id='par_1_112' title="bbox 2371 5335 3950 5409">
     <span class='ocr_line' id='line_1_112' title="bbox 2371 5335 3950 5409; baseline 0.006 -22"><span class='ocrx_word' id='word_1_699' title='bbox 2371 5335 2715 5387; x_wconf 81' lang='lat' dir='ltr'><strong>considerant</strong></span> <span class='ocrx_word' id='word_1_700' title='bbox 2764 5351 2885 5390; x_wconf 89' lang='lat' dir='ltr'><strong>esse</strong></span> <span class='ocrx_word' id='word_1_701' title='bbox 2930 5336 3092 5390; x_wconf 90' lang='lat' dir='ltr'><strong>simul</strong></span> <span class='ocrx_word' id='word_1_702' title='bbox 3139 5338 3342 5406; x_wconf 81' lang='lat' dir='ltr'><strong>ignem,</strong></span> <span class='ocrx_word' id='word_1_703' title='bbox 3369 5339 3544 5394; x_wconf 88' lang='lat' dir='ltr'><strong>donec</strong></span> <span class='ocrx_word' id='word_1_704' title='bbox 3580 5340 3792 5409; x_wconf 84' lang='lat' dir='ltr'><strong>patiens</strong></span> <span class='ocrx_word' id='word_1_705' title='bbox 3847 5343 3950 5396; x_wconf 71' lang='lat' dir='ltr'><strong>ali-</strong></span> 
     </span>
    </p>
   </div>
   <div class='ocr_carea' id='block_1_113' title="bbox 2367 5422 3953 5504">
    <p class='ocr_par' dir='ltr' id='par_1_113' title="bbox 2367 5422 3953 5504">
     <span class='ocr_line' id='line_1_113' title="bbox 2367 5422 3953 5504; baseline 0.009 -28"><span class='ocrx_word' id='word_1_706' title='bbox 2367 5428 2489 5493; x_wconf 86' lang='lat' dir='ltr'><strong>quis</strong></span> <span class='ocrx_word' id='word_1_707' title='bbox 2553 5437 2783 5479; x_wconf 86' lang='lat' dir='ltr'><strong>mentcm</strong></span> <span class='ocrx_word' id='word_1_708' title='bbox 2842 5422 3089 5481; x_wconf 82' lang='lat' dir='ltr'><strong>advertat</strong></span> <span class='ocrx_word' id='word_1_709' title='bbox 3144 5440 3198 5483; x_wconf 83' lang='lat' dir='ltr'><strong>et</strong></span> <span class='ocrx_word' id='word_1_710' title='bbox 3265 5431 3462 5485; x_wconf 84' lang='lat' dir='ltr'><strong>discat.</strong></span> <span class='ocrx_word' id='word_1_711' title='bbox 3511 5461 3580 5472; x_wconf 93' lang='lat'><strong>—-</strong></span> <span class='ocrx_word' id='word_1_712' title='bbox 3616 5433 3779 5498; x_wconf 77' lang='lat' dir='ltr'><strong>Esto;</strong></span> <span class='ocrx_word' id='word_1_713' title='bbox 3833 5437 3953 5504; x_wconf 82' lang='lat' dir='ltr'><strong>pul-</strong></span> 
     </span>
    </p>
   </div>
   <div class='ocr_carea' id='block_1_114' title="bbox 2367 5519 3946 5595">
    <p class='ocr_par' dir='ltr' id='par_1_114' title="bbox 2367 5519 3946 5595">
     <span class='ocr_line' id='line_1_114' title="bbox 2367 5519 3946 5595; baseline 0.008 -26"><span class='ocrx_word' id='word_1_714' title='bbox 2367 5519 2497 5570; x_wconf 87' lang='lat' dir='ltr'><strong>chre</strong></span> <span class='ocrx_word' id='word_1_715' title='bbox 2526 5520 2731 5572; x_wconf 69' lang='lat' dir='ltr'><strong>dixisti.</strong></span> <span class='ocrx_word' id='word_1_716' title='bbox 2773 5519 2876 5573; x_wconf 86' lang='lat' dir='ltr'><strong>Sed</strong></span> <span class='ocrx_word' id='word_1_717' title='bbox 2933 5524 3205 5591; x_wconf 86' lang='lat' dir='ltr'><strong>quomodo</strong></span> <span class='ocrx_word' id='word_1_718' title='bbox 3238 5533 3328 5579; x_wconf 88' lang='lat' dir='ltr'><strong>tuo</strong></span> <span class='ocrx_word' id='word_1_719' title='bbox 3361 5525 3506 5578; x_wconf 80' lang='lat' dir='ltr'><strong>verbi</strong></span> <span class='ocrx_word' id='word_1_720' title='bbox 3535 5526 3737 5578; x_wconf 86' lang='lat' dir='ltr'><strong>talento</strong></span> <span class='ocrx_word' id='word_1_721' title='bbox 3772 5542 3946 5595; x_wconf 59' lang='lat' dir='ltr'><strong>uec-,0-</strong></span> 
     </span>
    </p>
   </div>
   <div class='ocr_carea' id='block_1_115' title="bbox 2367 5611 3950 5679">
    <p class='ocr_par' dir='ltr' id='par_1_115' title="bbox 2367 5611 3950 5679">
     <span class='ocr_line' id='line_1_115' title="bbox 2367 5611 3950 5679; baseline 0.008 -17"><span class='ocrx_word' id='word_1_722' title='bbox 2367 5611 2632 5664; x_wconf 69' lang='lat' dir='ltr'><strong>tialieris?</strong></span> <span class='ocrx_word' id='word_1_723' title='bbox 2665 5641 2728 5649; x_wconf 85' lang='lat'><strong>—-</strong></span> <span class='ocrx_word' id='word_1_724' title='bbox 2773 5613 2930 5677; x_wconf 78' lang='lat' dir='ltr'><strong>Quali</strong></span> <span class='ocrx_word' id='word_1_725' title='bbox 2979 5617 3122 5669; x_wconf 86' lang='lat' dir='ltr'><strong>verbi</strong></span> <span class='ocrx_word' id='word_1_726' title='bbox 3151 5617 3376 5679; x_wconf 79' lang='lat' dir='ltr'><strong>talento,</strong></span> <span class='ocrx_word' id='word_1_727' title='bbox 3422 5618 3627 5672; x_wconf 81' lang='lat' dir='ltr'><strong>habens</strong></span> <span class='ocrx_word' id='word_1_728' title='bbox 3679 5621 3950 5674; x_wconf 76' lang='lat' dir='ltr'><strong>verbum?</strong></span> 
     </span>
    </p>
   </div>
   <div class='ocr_carea' id='block_1_116' title="bbox 2411 5728 2789 5797">
    <p class='ocr_par' dir='ltr' id='par_1_116' title="bbox 2411 5728 2789 5797">
     <span class='ocr_line' id='line_1_116' title="bbox 2411 5728 2789 5797; baseline 0.016 -4"><span class='ocrx_word' id='word_1_729' title='bbox 2411 5744 2494 5793; x_wconf 70' lang='lat' dir='ltr'><strong>i‘f-</strong></span> <span class='ocrx_word' id='word_1_730' title='bbox 2528 5728 2622 5796; x_wconf 66' lang='grc' dir='ltr'><strong>ειήῗ·</strong></span> <span class='ocrx_word' id='word_1_731' title='bbox 2639 5746 2789 5797; x_wconf 53' lang='lat' dir='ltr'><strong>WW-</strong></span> 
     </span>
    </p>
   </div>
   <div class='ocr_carea' id='block_1_117' title="bbox 2873 5733 3946 5809">
    <p class='ocr_par' dir='ltr' id='par_1_117' title="bbox 2873 5733 3946 5809">
     <span class='ocr_line' id='line_1_117' title="bbox 2873 5733 3946 5809; baseline 0.009 -25"><span class='ocrx_word' id='word_1_732' title='bbox 2873 5734 2911 5762; x_wconf 69' lang='lat'>”</span> <span class='ocrx_word' id='word_1_733' title='bbox 2942 5733 3168 5803; x_wconf 68' lang='grc' dir='ltr'><strong>ἐκπεραί</strong></span> <span class='ocrx_word' id='word_1_734' title='bbox 3203 5750 3299 5790; x_wconf 77' lang='grc' dir='ltr'><strong>ων.</strong></span> <span class='ocrx_word' id='word_1_735' title='bbox 3376 5737 3530 5806; x_wconf 52' lang='grc' dir='ltr'><strong>θήκρ.</strong></span> <span class='ocrx_word' id='word_1_736' title='bbox 3561 5733 3794 5793; x_wconf 62' lang='grc' dir='ltr'><strong>τάλαντα</strong></span> <span class='ocrx_word' id='word_1_737' title='bbox 3828 5741 3946 5809; x_wconf 68' lang='grc' dir='ltr'><strong>τάχ.</strong></span> 
     </span>
    </p>
   </div>
  </div>
