4138 6334
679 375 812 440 1207

1699 381 1758 440 J.
1799 380 2183 442 XlPl-llLlNl
2229 383 2339 445 CP.
2383 383 2894 446 PATRIARCHIE

3789 378 3925 447 1203

675 503 784 542 non
830 485 1031 541 videbit
1085 486 1143 539 in
1201 493 1468 540 aeternum
1500 485 1595 556 qni
1639 487 1864 540 tirmiter
1904 488 2085 542 divina
2110 504 2248 552 pra:-

2357 488 2444 543 τὸν
2474 490 2667 546 αἰῶνα.
2702 493 3002 561 ›,Δέχονται
3036 493 3140 561 μὲν
3168 491 3251 556 είς
3289 487 3403 546 ῶτα
3436 490 3524 545 τὸν
3547 490 3646 545 τοῦ
3672 491 3811 547 Θεοῦ
3840 493 3926 546 λό-

671 587 825 648 cepta
859 587 911 633 et
939 578 1193 632 mandata
1220 577 1422 633 Christi
1451 578 1708 634 custodit.
1735 578 1858 634 llaec
1893 590 2076 635 autem
2113 581 2248 636 dicit

673 669 961 735 Dominus,
1020 685 1127 725 non
1176 669 1401 725 omnino
1449 670 1602 725 carni
1664 680 1892 727 mortem
1959 670 2244 734 auferens.

666 763 766 820 sed
797 772 1023 818 mortem
1070 778 1174 818 non
1215 761 1326 832 jam
1377 772 1607 818 mortem
1687 778 1812 820 esse
1838 772 2136 835 reputans,
2190 773 2248 819 ut

669 855 836 909 Deus.
867 854 1053 921 Neque
1089 852 1234 908 enim
1272 861 1482 907 tantum
1518 853 1629 908 Deo
1674 854 1833 910 facile
1863 863 1947 911 est
1971 864 2244 909 mortuum

665 957 718 1000 ct
766 955 1105 1012 corruptum,
1147 945 1603 1014 quemadmodum
1661 948 1879 1010 accidit,
1945 946 2244 1012 viviticare,

666 1036 761 1092 sed
796 1036 960 1090 etiam
993 1037 1137 1104 quod
1182 1053 1288 1091 non
1311 1046 1394 1093 est
1425 1039 1476 1092 in
1502 1039 1910 1108 generationem
1956 1039 2246 1095 adducere.

665 1127 732 1182 Et
796 1127 915 1181 ideo
946 1126 1165 1196 quidem
1218 1128 1350 1183 dicit
1384 1147 1397 1182 :
1437 1147 1454 1180 ι
1487 1128 1841 1193 Adolescens,
1894 1130 1989 1185 tibi
2028 1131 2150 1185 dico
2196 1140 2250 1184 et

662 1219 896 1289 impero,
929 1233 1109 1289 surge.
1141 1238 1158 1270 ι
1187 1217 1308 1274 Tibi
1340 1230 1553 1274 mortuo
1583 1220 1737 1287 dico;
1764 1236 1868 1276 non
1901 1221 2124 1276 alteram
2152 1237 2250 1292 pro

667 1311 838 1365 altera
896 1310 1097 1365 induco
1164 1311 1244 1364 vel
1286 1311 1494 1380 iuspiro
1539 1312 1812 1378 animam;
1846 1312 2092 1368 eamdem
2121 1327 2249 1367 vero

661 1401 829 1470 jubco
887 1418 1004 1456 mea
1041 1402 1246 1456 virtute
1281 1415 1332 1456 et
1386 1413 1648 1470 potestate
1682 1404 1914 1471 regredi.
1957 1403 2249 1458 Viviiicare

665 1505 720 1549 et
749 1497 966 1564 evigila,
993 1498 1158 1565 jussit
1180 1498 1441 1550 Dominus
1476 1507 1528 1551 et
1567 1514 1758 1552 servus
1790 1499 1994 1552 obediit
2037 1498 2248 1550 Domini

670 1587 952 1653 mandato,
998 1595 1050 1641 et
1079 1589 1347 1642 animatus
1382 1598 1434 1640 et
1494 1599 1699 1643 motum
1729 1589 2003 1657 accipiens
2026 1589 2246 1650 resedit,

673 1689 729 1734 et
761 1681 924 1749 carpit
965 1680 1115 1748 loqui
1157 1695 1338 1735 coram
1393 1681 1543 1736 omni
1573 1681 1796 1751 populo,
1821 1698 1887 1735 ne
1912 1681 2038 1749 quis
2067 1682 2250 1750 suspi-

667 1780 889 1824 caretur
953 1771 1155 1825 maium
1207 1771 1460 1840 spiritum
1507 1773 1812 1840 ingressum
1872 1771 1992 1841 ejus
2046 1786 2248 1840 corpus

2354 595 2451 647 γον
2482 582 2576 634 καλ⁵
2600 581 2856 650 δαίμονες
2888 582 2984 636 καὶ
3017 581 3300 653 ἄνθρωποι
3335 582 3554 652 φαῦλοι,
3593 583 3713 637 ἀλλ’
3743 585 3844 637 οὐκ
3871 587 3930 636 ὲν

2353 671 2618 741 ἀκροάσει
2653 667 2818 741 μόνον
2845 673 2974 743 ψιλῇ
3012 673 3112 741 τῆς
3151 674 3427 742 σωτηρίας
3453 675 3481 726 ό
3509 674 3690 738 λόγος.
3719 673 3845 727 οὐδὲ
3872 676 3929 725 ἐν

2357 762 2504 828 μόνῳ
2556 764 2634 830 τῷ
2670 761 2866 831 μαθεῖν
2893 763 2927 832 ἡ
2975 761 3111 832 ζωὴ.
3148 762 3264 816 ἀλλ’
3308 763 3367 814 ἐν
3417 761 3496 833 τῷ
3544 764 3786 834 τηρῆσαι
3831 765 3931 816 καὶ

2357 851 2648 922 πληρῶσαι
2674 852 2739 906 τὸ
2771 853 3062 908 ἀκουσθέν.
3099 853 3346 907 Θάνατον
3376 853 3559 906 τοίνυν
3594 853 3660 905 ού
3698 853 3775 922 μὴ
3804 853 3928 906 θεω-

2362 943 2505 1014 ρήσῃ
2547 943 2628 1006 είς
2689 943 2782 996 τὸν
2821 944 2994 997 αίῶνα
3033 948 3061 998 ὁ
3111 943 3328 1014 βέϐαιος
3383 942 3560 1015 φύλαξ
3597 943 3710 997 τῶν
3767 943 3929 995 θείων

2353 1035 2585 1089 ιντολῶν
2635 1035 2730 1089 καὶ
2784 1037 3233 1106 προσταγμάτων
3281 1035 3377 1089 τοῦ
3428 1034 3695 1106 Χριστοῦ.
3741 1033 3928 1088 Ταῦτα

2353 1130 2409 1183 δὲ
2442 1131 2592 1198 λέγει
2625 1129 2653 1180 ό
2691 1127 2921 1200 Κύριος,
2952 1129 3075 1199 οὐχὶ
3111 1128 3333 1193 πάντως
3357 1126 3610 1198 ιάναιρῶν
3638 1126 3699 1181 τὸ
3733 1125 3925 1180 τεθνάο

2353 1241 2442 1275 ναι
2496 1224 2686 1294 σαρκὶ,
2738 1222 2876 1278 ἀλλὰ
2941 1224 3035 1275 τὸν
3067 1223 3322 1285 θάνατον,
3386 1221 3620 1274 θάνατον
3666 1214 3805 1272 εἶναι
3853 1218 3931 1289 μὴ

2352 1313 2747 1384 λογιζόμενος,
2775 1313 2851 1377 ὡς
2902 1313 3035 1374 Θεός
3081 1313 3226 1380 (ΗΥ
3278 1312 3398 1366 οὐδὲ
3436 1311 3515 1380 τῷ
3556 1311 3677 1380 Θεῷ
3727 1310 3789 1363 τὸ
3849 1326 3935 1362 νε-

2352 1405 2504 1473 κρὸν,
2561 1405 2696 1458 καθὸ
2731 1404 2998 1471 πέφυκεν,
3023 1403 3161 1458 ἀλλὰ
3212 1403 3305 1456 καὶ
3345 1403 3408 1456 τὸ
3439 1403 3515 1472 μὴ
3548 1403 3606 1456 ὂν
3653 1402 3812 1469 ἄγειν
3852 1404 3933 1465 είς

2351 1497 2590 1564 γένεσιν,
2623 1496 2718 1548 καὶ
2749 1495 2808 1548 τὸ
2837 1493 3294 1564 κατεφθαρμένον
3335 1495 3574 1557 εὐκόλως
3613 1493 3928 1558 ζωοποιεῖν.

2350 1589 2449 1639 Διὰ
2488 1587 2596 1656 γὰρ
2661 1585 2822 1639 τοῦτο
2875 1585 2972 1639 καὶ
3021 1585 3190 1654 λέγει,
3255 1585 3551 1649 Νεανίσκε,
3620 1583 3706 1636 σοὶ
3733 1581 3933 1654 ιλέγω,

2353 1680 2447 1732 καὶ
2481 1679 2564 1731 σοὶ
2627 1677 2978 1748 προστάσσω,
3034 1677 3317 1748 ἐγέρθητι.
3371 1677 3484 1742 Σοὶ,
3535 1675 3615 1746 τῷ
3675 1674 3936 1728 τεθνεῶτι

2350 1770 2524 1836 λέγω·
2557 1769 2655 1838 οὐχ
2684 1769 2882 1839 ἑτέραν
2910 1769 3029 1822 ἀνθ’
3061 1770 3254 1839 ἑτέρας
3291 1767 3498 1836 είσάγω
3524 1767 3557 1838 ἢ
3586 1765 3810 1835 ἐμπνέω
3833 1764 3940 1834 ψυ-

666 1864 929 1928 movisse,
980 1872 1034 1918 ct
1079 1880 1172 1933 per
1200 1864 1570 1933 deceptionem
1630 1873 1685 1920 et
1734 1863 1918 1918 dolum
1961 1878 2078 1919 rem
2105 1863 2246 1919 acci-

2357 1858 2457 1928 χὴν
2499 1857 2638 1928 (i5),
2671 1857 2844 1928 αὐτὴν
2894 1857 3281 1926 άνακαλοῦμαι
3315 1856 3660 1920 δεσποτικῶς
3698 1858 3767 1927 τῇ
3825 1855 3935 1925 ἐμῇ

666 1954 830 2008 disse.
853 1954 1193 2024 Quapropter
1218 1956 1420 2009 resedit
1449 1965 1694 2010 mortuus
1720 1964 1775 2010 et
1793 1955 2120 2024 loquebatur
2178 1965 2238 2010 ut

667 2045 736 2099 de
788 2044 1069 2098 communi
1120 2053 1176 2099 et
1219 2045 1515 2100 universali
1613 2056 1955 2101 mortuorum
1998 2059 2250 2102 resurre-

666 2136 847 2190 ctione
904 2135 1062 2191 iidem
1092 2135 1317 2192 iaceret.
1379 2136 1505 2193 Haec
1535 2139 1680 2193 enim
1723 2139 1878 2209 signa
1905 2147 2063 2193 erant
2095 2138 2249 2192 lirma

665 2236 718 2280 et
751 2237 898 2280 certa
921 2226 1361 2281 resurrectionis.
1386 2225 1598 2297 Corpus
1613 2226 1758 2282 enim
1781 2242 1890 2282 non
1925 2228 2249 2290 animatum,

666 2332 844 2386 neque
904 2317 1092 2372 sedere
1123 2333 1300 2388 neque
1325 2319 1472 2389 loqui
1526 2333 1711 2374 revera
1735 2327 1930 2387 potest.
1978 2318 2133 2373 Unde
2201 2327 2249 2370 ον

668 2404 822 2465 dedit
854 2406 1007 2460 illum
1071 2407 1231 2461 matri
1261 2423 1371 2462 suae
1412 2408 1478 2462 ad
1513 2407 1773 2477 majorem
1811 2407 1990 2462 adhuc
2024 2420 2250 2476 persua-

665 2498 876 2552 sionem
911 2507 965 2553 et
1000 2498 1183 2552 ﬁdem.

2354 1949 2584 2019 δυνάμει
2639 1947 3006 2019 ὑποστρέψαι.
3045 1947 3311 2018 Ζωώθητι
3345 1948 3440 2001 καὶ
3491 1947 3775 2019 ἐγέρθητι,
3812 1945 3942 2000 ἐκέσ-

2355 2037 2548 2092 λευσεν
2577 2039 2605 2092 ό
2645 2037 2948 2108 Δεσπότης,
2981 2039 3082 2092 καὶ
3127 2037 3157 2091 ό
3188 2036 3376 2101 δοῦλος
3412 2036 3695 2106 ὑπήκουσε
3729 2033 3809 2105 τῷ
3842 2031 3938 2086 τοῦ

2358 2131 2632 2183 Δεσπότου
2664 2129 3074 2199 προστάγματι,
3105 2127 3203 2182 καὶ
3233 2128 3532 2200 ψυχωθεὶς,
3561 2129 3656 2181 καὶ
3691 2125 3941 2198 κινηθεὶς

2362 2222 2679 2286 ὰνεκάθισε,
2723 2221 2816 2274 καὶ
2854 2220 3061 2292 ῆρξατο
3104 2222 3292 2276 λαλεῖν
3338 2219 3576 2274 ἐνώπιον
3610 2218 3817 2281 παντὸς
3841 2215 3940 2272 τοῦ

2361 2313 2515 2380 λαοῦ,
2540 2313 2627 2365 ἵνα
2657 2313 2732 2382 μή
2762 2329 2845 2374 τις
2872 2311 3147 2383 ὑπολάϐῃ,
3170 2311 3254 2366 δτι
3285 2309 3504 2381 πνεῦμα
3531 2309 3644 2382 (i6)
3670 2306 3943 2377 πονηρίας

2360 2401 2685 2455 ύπεισελθὸν
2719 2400 2781 2454 τὸ
2830 2401 2990 2471 σῶμα
3024 2404 3272 2473 ἐκίνησε,
3314 2404 3411 2456 καὶ
3445 2400 3588 2456 κατὰ
3629 2398 3943 2470 φαντασίαν

2361 2494 2548 2547 λοιπὸν
2585 2495 2681 2547 καὶ
2711 2493 2930 2563 άπάτην
2955 2495 3017 2548 τὸ
3047 2496 3284 2566 πρᾶγμα
3305 2495 3622 2565 γεγένηται.
3651 2491 3755 2546 Διὰ
3783 2491 3942 2545 τοίτο

664 2593 763 2649 καὶ
813 2591 1138 2647 ἀνεκάθισεν
1201 2591 1230 2644 ὁ
1298 2593 1491 2663 νεκρὸς
1556 2591 1650 2644 καὶ
1711 2587 1886 2638 ἐλάλει
1941 2592 2080 2656 πρὸς
2130 2586 2504 2658 πληροφορίαν
2572 2584 2672 2654 τῆς
2753 2586 2942 2655 κοινῆς
2996 2589 3091 2640 καὶ
3157 2585 3453 2658 καθολικῆς
3503 2585 3779 2657 ιγέρσεως
3829 2585 3946 2638 τῶν

664 2685 896 2757 νεκρῶν.
926 2685 1112 2741 Ταῦτα
1140 2686 1249 2758 γάρ
1284 2690 1487 2756 σημεῖα
1522 2688 1621 2759 τῆς
1648 2684 1999 2748 ἀναστάσεως
2025 2683 2219 2754 βέϐαια
2259 2683 2352 2738 καὶ
2377 2681 2632 2751 ἀσφαλῆο
2667 2679 2828 2751 σῶμα
2851 2680 2960 2752 γὰρ
2985 2681 3216 2752 ἄψυχον,
3237 2681 3362 2735 οὔτε
3392 2682 3576 2752 λέγειν
3607 2681 3836 2738 δύναται
3867 2687 3939 2758 τῇ

665 2780 898 2853 ἀληθεία
919 2797 937 2813 ο
969 2781 1094 2836 ὅθεν
1130 2782 1225 2837 καὶ
1293 2781 1496 2837 ἔδωκεν
1524 2781 1688 2838 αὑτὸν
1744 2785 1810 2852 τῇ
1841 2783 2014 2854 μητρὶ
2036 2780 2200 2835 αὑτοῦ
2241 2779 2376 2849 πρὸς
2409 2776 2632 2831 πλείονα
2665 2776 3043 2849 πληροφορίαν
3078 2779 3174 2832 καὶ
3209 2777 3496 2833 πίστωσιν.

740 2876 1038 2945 Postquam
1127 2873 1272 2929 enim
1344 2872 1666 2929 miraculum
1759 2873 1888 2926 illud
1933 2873 2136 2943 grande
2195 2871 2246 2924 in

668 2968 920 3023 timorem
956 2971 1014 3018 et
1043 2970 1320 3032 stuporem
1353 2975 1546 3017 omnes
1581 2963 1674 3033 qui
1708 2963 1969 3018 adderant
1995 2961 2245 3024 adduxit,

2438 2868 2658 2938 Ἐπειδὴ
2701 2869 2760 2923 at
2784 2869 2846 2922 τὸ
2880 2870 3188 2940 παράδοξον
3228 2868 3325 2923 τοῦ
3360 2869 3603 2940 μεγάλου
3656 2871 3944 2944 θαύματος

2354 2959 2545 3012 τούτου
2579 2960 2660 3023 είς
2693 2959 2861 3029 φόϐον
2892 2962 2992 3014 καὶ
3029 2960 3376 3032 κατάπληξιν
3406 2965 3540 3026 τοὺς
3572 2964 3696 3016 τότε
3724 2965 3943 3036 παρόν-

667 3057 1110 3131 ειοτίίίεαινετυηι
1142 3054 1311 3110 Deum
1340 3056 1584 3110 dicentes
1624 3073 1636 3108 :
1667 3075 1684 3106 ε
1724 3057 1993 3127 Propheta
2015 3067 2247 3121 magnus

2357 3068 2449 3115 τας
2488 3051 2702 3120 ἢγαγεν
2752 3053 3027 3116 ἅπαντας,
3077 3053 3173 3106 καὶ
3224 3053 3478 3119 ἐδόξαζον
3527 3054 3622 3108 τὸν
3668 3055 3803 3110 Θεὸν
3850 3055 3946 3110 λέ-

667 3147 901 3206 ειιιτοιὶι
936 3146 990 3202 in
1023 3145 1204 3213 nobis,
1233 3145 1539 3201 etvisitavit
1562 3145 1702 3199 Deus
1725 3145 1982 3215 populum
2011 3157 2196 3200 suum.
2219 3159 2240 3194 ι

2357 3159 2557 3210 γοντες,
2590 3143 2676 3196 ὃτι
2702 3159 2722 3194 ε
2756 3144 3050 3216 Προφήτης
3069 3144 3243 3214 μέγας
3265 3146 3568 3216 ἐγήγερται
3607 3147 3668 3200 δν
3713 3147 3874 3223 ἡμῖν,
3911 3165 3932 3199 ι

668 3237 918 3294 Nondum
979 3235 1125 3292 enim
1179 3233 1429 3290 notitiam
1478 3235 1748 3289 habebant
1802 3235 1868 3289 de
1923 3229 2144 3288 Christo
2187 3239 2248 3286 ut

674 3332 788 3388 Deo
828 3329 1131 3386 Salvatore.
1160 3329 1411 3381 Attamen
1441 3340 1549 3380 non
1583 3341 1806 3394 parvum
1839 3335 2246 3395 erat,magnum

669 3420 990 3493 prophetam
1044 3427 1101 3474 et
1129 3418 1344 3473 ueteris
1402 3417 1681 3486 prophetis
1713 3427 1766 3471 et
1804 3416 2250 3485 ipsolegislatore

677 3513 864 3587 Moyse
891 3512 1152 3583 majorem
1208 3510 1429 3566 credere
1460 3509 1775 3572 Dominum,
1840 3518 1896 3562 ct
1923 3509 2129 3564 sensim
2166 3508 2250 3560 via

668 3604 1028 3678 procedentes
1085 3603 1140 3656 in
1179 3602 1531 3657 excelsiorem
1586 3601 1780 3656 adduci
1820 3600 2169 3662 sententiam,
2201 3609 2250 3652 ct

672 3698 844 3782 Deum
875 3711 1001 3750 esse
1045 3710 1232 3748 verum
1266 3694 1508 3749 credere.
1541 3691 1605 3746 Et
1632 3692 1761 3746 exiit
1789 3690 1933 3746 fama
1959 3691 2121 3760 hujus
2150 3691 2253 3744 lui-

679 3781 850 3843 raculi
920 3787 972 3840 in
1031 3786 1338 3839 universam
1360 3781 1602 3838 Iudaeam
1631 3795 1684 3838 et
1715 3783 1768 3836 in
1820 3796 2036 3836 omnem
2076 3781 2254 3851 regio-

672 3895 796 3936 nem
860 3878 1118 3932 ricinam.
1168 3877 1294 3930 Ideo
1323 3875 1470 3930 enim
1535 3876 1736 3929 multos
1768 3885 1933 3930 testes
1983 3873 2149 3944 hujus
2176 3877 2252 3928 rei

672 3967 951 4031 adhibuit,
995 3980 1060 4021 ne
1116 3963 1283 4018 invidi
1337 3962 1507 4018 Judrei
1539 3964 1860 4032 calumniari
1904 3973 1964 4022 et'
1991 3963 2254 4020 miracula

675 4059 856 4117 celare
877 4058 1159 4130 cupientes
1186 4056 1238 4111 id
1273 4056 1484 4113 edicere
1520 4067 1760 4126 possent.
1809 4059 1957 4113 Adeo
1982 4059 2128 4114 enim
2179 4054 2258 4109 di-

672 4149 890 4223 vulgata
906 4159 991 4206 est
1020 4149 1181 4218 hujus
1203 4150 1404 4203 mortui
1429 4149 1845 4214 resurrectionis
1877 4149 2022 4204 fama
2038 4156 2090 4205 et
2115 4147 2256 4204 ultra

681 4246 996 4298 universam
1048 4240 1248 4296 Judreze
1282 4238 1519 4295 vicinam
1568 4243 1868 4310 regionem,
1901 4250 1958 4294 ut
1988 4257 2160 4312 usque
2188 4241 2255 4296 ad

674 4348 836 4390 aures
871 4331 1098 4388 Joannis
1153 4331 1409 4401 Baptista
1440 4331 1494 4384 in
1521 4330 1737 4385 deserto
1767 4331 2039 4389 versantis
2064 4347 2256 4401 perve-

2349 3236 2445 3288 καὶ
2472 3235 2556 3289 ὅτι
2585 3252 2604 3286 t
2638 3236 2982 3304 ἐπεσκέψατο
3002 3236 3034 3288 ὁ
3061 3236 3193 3300 Θεὸς
3209 3237 3299 3290 τὸν
3335 3235 3466 3292 λαὸν
3501 3237 3690 3294 αὑτοῦ.
3723 3256 3744 3290 ι
3767 3238 3943 3294 Οῦπω

2351 3320 2642 3398 γὰρέῐχον
2675 3326 2884 3381 ἔννοιαν
2920 3327 2995 3390 ὡς
3041 3327 3173 3398 περὶ
3203 3327 3338 3381 Θεοῦ
3377 3327 3473 3382 τοῦ
3507 3329 3760 3400 Σωτῆρος
3794 3332 3943 3403 Χρι-

2355 3420 2514 3471 στοῦ·
2548 3419 2702 3490 ὅμως
2731 3420 2854 3473 οὐδὲ
2887 3420 3048 3473 τοῦτο
3092 3419 3289 3491 μικρὸν
3326 3415 3394 3492 ἦν
3430 3421 3491 3475 τὸ
3518 3422 3694 3492 μέγαν
3725 3425 3948 3494 προφή-

2350 3527 2443 3580 τηι.
2488 3511 2583 3564 καὶ
2631 3510 2860 3581 μείζονα
2888 3510 2998 3565 τῶν
3031 3512 3238 3566 λοιπῶν
3270 3511 3592 3583 προφητῶν,
3627 3512 3724 3568 καὶ
3764 3513 3942 3570 αὑτοῦ

2353 3600 2446 3654 τοῦ
2491 3601 2785 3671 νομοδότου
2836 3602 3081 3666 Μωσὲως
3124 3600 3373 3673 νομίζειν
3422 3602 3516 3657 τὸν
3554 3603 3787 3674 Κύριον,
3843 3605 3944 3660 καὶ

2355 3691 2498 3744 κατὰ
2539 3690 2737 3763 μικρὸν
2776 3690 3307 3762 όδῷπροσαίνοντας
3339 3697 3436 3746 καὶ
3479 3694 3562 3757 είς
3593 3693 3946 3766 ὑψηλοτέραν

2356 3782 2625 3851 ἀναϐῆναι
2675 3783 2776 3853 τὴν
2827 3783 3060 3848 ἔννοιαν,
3113 3784 3208 3837 καὶ
3259 3784 3394 3838 Θεὸν
3444 3781 3583 3838 εἶναι
3644 3785 3945 3840 πιστεῦσαι

2357 3873 2633 3944 ἀληθινόν.
2666 3875 2779 3929 Καὶ
2812 3874 3040 3944 ἐξῆλθεν
3071 3878 3097 3931 ό
3126 3876 3284 3944 λόγος
3314 3876 3408 3930 τοῦ
3437 3877 3719 3946 θαύματος
3746 3879 3808 3932 ιν
3841 3878 3950 3952 ὅλῃ

2356 3966 2426 4036 τῇ
2472 3964 2709 4036 Ἰουδαίᾳ
2744 3966 2841 4020 καὶ
2869 3967 3020 4037 πάσῃ
3052 3967 3120 4038 τῇ
3155 3965 3471 4038 περιχώρῳ.
3498 3968 3597 4020 Διά
3638 3969 3748 4040 γὰρ
3777 3968 3950 4024 τοῦτο

2359 4056 2588 4121 πολλοὺς
2637 4057 2940 4129 impegere
2970 4057 3256 4129 μάρτυρας
3303 4057 3397 4112 τοῦ
3444 4058 3794 4130 πράγματος,
3825 4060 3947 4130 ῖνα,

2361 4149 2456 4202 καὶ
2487 4147 2807 4220 βουλόμενοι
2833 4151 2883 4202 ei
2913 4149 3180 4220 βάσκανοι
3234 4150 3483 4205 Ἰουδαῖοι
3513 4138 3826 4207 διαϐάλλειν
3846 4157 3949 4222 καὶ

2362 4238 2741 4309 ὑποκρύπτειν
2783 4239 2854 4295 τὰ
2900 4239 3182 4312 θαύματα,
3238 4242 3314 4313 μὴ
3368 4242 3618 4314 ίσχύωσι.
3666 4244 3948 4300 Τοσοῦτον

2371 4331 2484 4402 γὰρ
2515 4331 2832 4404 ἐπλατύνθη
2885 4334 2914 4386 ό
2956 4333 3116 4402 λόγος
3164 4335 3264 4405 τῆς
3294 4333 3574 4404 ὲγέρσεως
3600 4334 3695 4390 τοῦ
3740 4337 3948 4408 νεκροῦ

676 4432 844 4490 nerit.
900 4427 1038 4484 Tres
1097 4436 1282 4481 autem
1338 4426 1768 4481 resurrectioncs
1845 4425 2002 4481 facta:
2049 4435 2177 4480 sunt
2226 4441 2250 4478 a

2364 4425 2459 4476 καὶ
2510 4424 2774 4477 ἐπέκεινα
2821 4423 2924 4494 τῆς
2983 4423 3112 4495 ὅλης
3160 4425 3474 4498 περιχώρου
3531 4425 3632 4496 τῆς
3677 4427 3950 4492 Ἰουδαίας

675 4521 955 4592 prophetis
1014 4528 1140 4573 ante
1205 4516 1409 4573 Christi
1465 4516 1776 4580 adventum,
1831 4525 1886 4570 et
1930 4516 2254 4587 quatuorab

676 4619 795 4680 ipso
847 4612 1060 4666 Ωιιίμιη.
1141 4611 1218 4666 Ac
1279 4608 1458 4679 prima
1511 4607 1731 4676 quidem
1789 4608 2121 4663 resurrectio
2153 4606 2256 4662 fuit

674 4707 763 4758 liii
819 4702 1123 4772 Sarcplitize
1183 4700 1449 4765 mulieris,
1508 4714 1670 4770 quem
1733 4699 1878 4755 Elias
1929 4700 2252 4765 suscitavit;

673 4793 914 4851 scunda
973 4795 1065 4848 lilii
1093 4792 1471 4854 Suuamitizlis,
1523 4807 1686 4859 quam
1745 4801 2003 4860 operatus
2033 4793 2252 4846 cstEli.

674 4900 853 4947 «τιτιιες
888 4884 1067 4950 tertia,
1099 4898 1263 4953 quam
1293 4883 1472 4938 eii'ccit
1504 4893 1776 4938 mortuum
1833 4883 2006 4938 Elisaei
2031 4899 2253 4953 corpus.

677 4976 956 5044 iinplicem
1005 4976 1150 5029 enim
1211 4974 1450 5030 obtinuit
1522 4975 1748 5043 gratiam
1815 4973 2064 5039 Elismus,
2139 4974 2254 5029 Elia

678 5068 916 5122 sublato.
942 5067 1067 5122 Ideo
1111 5077 1167 5122 et
1202 5076 1451 5124 mortuus
1493 5076 1767 5122 mortuum
1815 5067 2100 5122 suscitavit
2131 5082 2255 5122 cor-

680 5157 799 5224 pori
855 5169 959 5211 suo
1007 5155 1573 5226 impositum.Quarta
1615 5158 1944 5212 resurrectio
1975 5159 2257 5227 prasentis

680 5245 1043 5302 adolescentis
1102 5255 1208 5310 est,
1261 5261 1382 5316 qua:
1424 5249 1596 5317 prima
1657 5263 1684 5301 a
1720 5247 1938 5303 Christo
1987 5247 2128 5304 facta
2152 5257 2254 5303 est.

761 5429 875 5499 uti)
915 5428 1068 5484 Οὐδὲ
1093 5429 1173 5493 τῷ
1221 5428 1364 5499 Θεῷ.
1400 5429 1680 5484 Sententia
1709 5431 1924 5484 videtur
1960 5431 2255 5498 postulare,

687 5498 907 5572 υύγᾲρ
939 5499 1096 5572 μόνον
1124 5516 1204 5572 τω
1237 5498 1357 5567 Θεῷ
1384 5499 1703 5572 τμεῠκολον
1729 5501 2035 5564 ζωοποιεῖν.

761 5567 1122 5635 (15))1ὐτήγ.
1164 5567 1324 5622 Forte
1355 5568 1488 5622 ἀλλὰ
1518 5569 1613 5635 τὴν
1638 5571 1830 5639 αὐτην.

684 5709 711 5758 δ
761 5641 873 5720 iiii)
904 5639 1148 5706 Πνεῦμα
1172 5640 1482 5706 πονηρίας.
1532 5639 1750 5706 Πνεῦμα
1795 5640 2047 5708 πονηρὸν,
2093 5644 2257 5709 ἤγουν

720 5733 727 5756 ε
782 5727 949 5758 ττι-ος.

721 5733 727 5756 1
782 5727 949 5762 'r'I'OT.

760 5784 869 5846 ιιι-1)
914 5778 1003 5844 Ὠς
1026 5781 1122 5834 καὶ
1164 5779 1676 5848 -ἔιαξγΐειτςςκ
1718 5777 1811 5834 llic
1859 5780 2056 5836 \‘idetm
2107 5784 2254 5839 exci-

2364 4518 2599 4582 ἐγένετο,
2639 4517 2714 4578 ὡς
2742 4517 2854 4588 (17)
2888 4516 2982 4570 καὶ
3026 4517 3189 4588 μέχρι
3218 4517 3318 4583 τῆς
3349 4517 3524 4586 ἀκοῆς
3567 4518 3816 4572 Ἰωάννου
3843 4522 3948 4573 τοῦ

2364 4607 2674 4661 Βαπτιστοῦ
2732 4610 2813 4671 εἰς
2851 4608 2952 4677 τὴν
2997 4609 3205 4681 ἔρημον
3252 4609 3642 4678 διατρίϐοντος.
3692 4609 3859 4678 Τρεῖς
3891 4613 3949 4666 δὶ

2366 4699 2695 4764 ἀναστάσεις
2745 4701 2998 4768 ἐγένοντο
3041 4704 3196 4770 παρὰ
3227 4700 3335 4753 τῶν
3366 4701 3664 4769 προφητῶν
3703 4701 3813 4769 πρὸ
3844 4701 3951 4771 τῆς

2367 4789 2602 4856 Χριστοῦ
2646 4791 2976 4859 παρουσίας,
3010 4790 3108 4845 καὶ
3157 4791 3420 4860 τέσσαρες
3473 4791 3603 4861 παρ’
3646 4790 3817 4844 αὑτοῦ
3851 4792 3950 4846 τοῦ

2364 4880 2627 4949 Χριστοῦ.
2684 4883 2795 4936 Καὶ
2847 4881 3039 4954 πρώτη
3095 4883 3199 4954 μὲν
3246 4883 3549 4948 ἀνάστασις
3597 4882 3694 4936 τοῦ
3748 4885 3948 4946 παιδὸς

2363 4969 2464 5039 τῆς
2488 4971 2600 5043 (18)
2633 4972 2973 5043 Σαραφθίας,
3011 4973 3074 5027 ὃν
3118 4973 3310 5038 Ἠλίας
3351 4973 3622 5043 ἀνέστησε
3649 4988 3665 5004 ’
3715 4973 3950 5044 δευτέρα

2365 5065 2398 5134 ή
2438 5064 2533 5118 τοῦ
2584 5067 2776 5129 παιδὸς
2819 5067 2921 5136 τῆς
2951 5067 3337 5138 Σουμανίτιδος
3369 5066 3483 5136 (i9)
3525 5068 3593 5138 ἢν
3635 5066 3950 5131 Ἐλισσαῖος

2365 5155 2858 5228 ὲθαυματούργησε
2883 5174 2897 5188 ο
2931 5160 3092 5229 τρίτη
3114 5158 3195 5224 δὲ,
3227 5160 3294 5228 ἢν
3318 5159 3379 5211 τὸ
3411 5160 3604 5228 νεκρὸν
3633 5157 3749 5229 (9.0)
3779 5160 3953 5230 σῶμα

2365 5247 2461 5303 τοῦ
2499 5250 2804 5305 Ἐλισσαίου
2855 5252 3103 5323 ἐποίησε.
3140 5249 3376 5306 Διπλοῦν
3417 5251 3525 5320 γάρ
3553 5249 3716 5306 ἔλασε
3752 5250 3818 5305 τὸ
3846 5252 3947 5323 χά-

2365 5436 2514 5491 disse
2567 5435 2794 5505 φθάσαι.
2835 5437 3193 5506 Occasionem
3241 5434 3412 5506 hujus
3448 5434 3732 5491 sententiae
3779 5434 3951 5492 dede-

2364 5515 2494 5628 runt
2513 5503 2599 5572 ea,
2623 5521 2746 5576 quae
2771 5507 2913 5576 apud
2939 5505 3142 5562 Lucam
3184 5505 3256 5561 ibi
3288 5503 3356 5562 de
3383 5503 3596 5561 Joanne
3630 5505 3948 5576 subjiciuno

2393 5591 2474 5628 ιη’.

2393 5591 2474 5628 111⁵.

2436 5646 2548 5712 (l8)
2584 5647 2940 5714 Zapapﬂlac.
2977 5646 3045 5700 Ill
3078 5648 3209 5716 Reg.
3246 5661 3376 5706 xvii,
3401 5646 3491 5698 22.

2440 5717 2552 5779 (l9)
2583 5717 3026 5784 Σουμανίτιὸος.
3062 5717 3126 5772 IV
3154 5717 3299 5784 Reg.
3321 5732 3392 5774 ιγ.
3435 5716 3502 5769 32
3527 5731 3672 5783 seqq.

2443 5785 2552 5857 (‘20)
2595 5788 2659 5840 Tt)
2697 5783 2909 5853 νεκρὸν
2942 5786 3046 5849 σῶι
3080 5803 3110 5820 ὀ
3163 5785 3228 5822 ‘V
3271 5783 3406 5856 Reg,
3437 5801 3532 5852 xu,
3568 5785 3656 5840 ξι,
