  <div class='ocr_page' id='page_1' title='image "/cluster/home/n/w/nwhite01/storage/ocr_20150623/120/pst.000005714353/613.png"; bbox 0 0 4118 6328; ppageno 0'>
   <div class='ocr_carea' id='block_1_1' title="bbox 611 307 744 376">
    <p class='ocr_par' dir='ltr' id='par_1_1' title="bbox 611 307 744 376">
     <span class='ocr_line' id='line_1_1' title="bbox 611 307 744 376; baseline -0.008 0"><span class='ocrx_word' id='word_1_1' title='bbox 611 307 744 376; x_wconf 68' lang='grc' dir='ltr'>ιςιι</span> 
     </span>
    </p>
   </div>
   <div class='ocr_carea' id='block_1_2' title="bbox 1631 312 2823 378">
    <p class='ocr_par' dir='ltr' id='par_1_2' title="bbox 1631 312 2823 378">
     <span class='ocr_line' id='line_1_2' title="bbox 1631 312 2823 378; baseline -0.002 -2"><span class='ocrx_word' id='word_1_2' title='bbox 1631 315 1685 376; x_wconf 80' lang='lat' dir='ltr'><strong>J.</strong></span> <span class='ocrx_word' id='word_1_3' title='bbox 1730 314 2121 378; x_wconf 77' lang='lat' dir='ltr'><strong>XIPHILINI</strong></span> <span class='ocrx_word' id='word_1_4' title='bbox 2154 313 2266 374; x_wconf 67' lang='grc' dir='ltr'><strong>(ΞΡ.</strong></span> <span class='ocrx_word' id='word_1_5' title='bbox 2311 312 2823 374; x_wconf 66' lang='grc' dir='ltr'><strong>ΡΑΤΒΙΑΒίῖΗίΕ</strong></span> 
     </span>
    </p>
   </div>
   <div class='ocr_carea' id='block_1_3' title="bbox 3726 302 3864 369">
    <p class='ocr_par' dir='ltr' id='par_1_3' title="bbox 3726 302 3864 369">
     <span class='ocr_line' id='line_1_3' title="bbox 3726 302 3864 369; baseline 0 0"><span class='ocrx_word' id='word_1_6' title='bbox 3726 302 3864 369; x_wconf 71' lang='grc'><strong>1212</strong></span> 
     </span>
    </p>
   </div>
   <div class='ocr_carea' id='block_1_4' title="bbox 611 419 2190 499">
    <p class='ocr_par' dir='ltr' id='par_1_4' title="bbox 611 427 2190 498">
     <span class='ocr_line' id='line_1_4' title="bbox 611 427 2190 498; baseline 0.003 -18"><span class='ocrx_word' id='word_1_7' title='bbox 611 440 741 481; x_wconf 70' lang='lat' dir='ltr'><strong>nam</strong></span> <span class='ocrx_word' id='word_1_8' title='bbox 797 433 1063 492; x_wconf 84' lang='lat' dir='ltr'><strong>mentem,</strong></span> <span class='ocrx_word' id='word_1_9' title='bbox 1127 433 1188 481; x_wconf 86' lang='lat' dir='ltr'><strong>ut</strong></span> <span class='ocrx_word' id='word_1_10' title='bbox 1237 427 1462 483; x_wconf 83' lang='lat' dir='ltr'><strong>omnino</strong></span> <span class='ocrx_word' id='word_1_11' title='bbox 1493 429 1856 498; x_wconf 63' lang='lat' dir='ltr'><strong>prasentibus</strong></span> <span class='ocrx_word' id='word_1_12' title='bbox 1908 430 2069 486; x_wconf 84' lang='lat' dir='ltr'><strong>rebus</strong></span> <span class='ocrx_word' id='word_1_13' title='bbox 2100 444 2190 484; x_wconf 87' lang='lat' dir='ltr'><strong>oc-</strong></span> 
     </span>
    </p>
   </div>
   <div class='ocr_carea' id='block_1_5' title="bbox 2295 419 3861 499">
    <p class='ocr_par' dir='ltr' id='par_1_5' title="bbox 2297 419 3861 499">
     <span class='ocr_line' id='line_1_5' title="bbox 2297 419 3861 499; baseline -0.003 -20"><span class='ocrx_word' id='word_1_14' title='bbox 2297 424 2566 491; x_wconf 76' lang='grc' dir='ltr'>σκοτίζειν</span> <span class='ocrx_word' id='word_1_15' title='bbox 2601 424 2952 499; x_wconf 80' lang='grc' dir='ltr'><strong>ἀνθρωπίνην</strong></span> <span class='ocrx_word' id='word_1_16' title='bbox 2997 425 3260 490; x_wconf 78' lang='grc' dir='ltr'>διάνοιαν,</span> <span class='ocrx_word' id='word_1_17' title='bbox 3294 421 3370 486; x_wconf 84' lang='grc' dir='ltr'><strong>ὡς</strong></span> <span class='ocrx_word' id='word_1_18' title='bbox 3417 420 3477 475; x_wconf 86' lang='grc' dir='ltr'><strong>τὸ</strong></span> <span class='ocrx_word' id='word_1_19' title='bbox 3518 420 3626 475; x_wconf 83' lang='grc' dir='ltr'><strong>τῶν</strong></span> <span class='ocrx_word' id='word_1_20' title='bbox 3661 419 3861 492; x_wconf 74' lang='grc' dir='ltr'>παρόν-</span> 
     </span>
    </p>
   </div>
   <div class='ocr_carea' id='block_1_6' title="bbox 607 515 2192 592">
    <p class='ocr_par' dir='ltr' id='par_1_6' title="bbox 607 515 2192 592">
     <span class='ocr_line' id='line_1_6' title="bbox 607 515 2192 592; baseline 0.003 -20"><span class='ocrx_word' id='word_1_21' title='bbox 607 516 798 583; x_wconf 83' lang='lat' dir='ltr'><strong>cupari</strong></span> <span class='ocrx_word' id='word_1_22' title='bbox 816 525 872 570; x_wconf 84' lang='lat' dir='ltr'><strong>et</strong></span> <span class='ocrx_word' id='word_1_23' title='bbox 890 515 1203 572; x_wconf 71' lang='lat' dir='ltr'><strong>divitiarum</strong></span> <span class='ocrx_word' id='word_1_24' title='bbox 1227 518 1524 588; x_wconf 77' lang='lat' dir='ltr'><strong>cupiditate</strong></span> <span class='ocrx_word' id='word_1_25' title='bbox 1541 519 1808 591; x_wconf 75' lang='lat' dir='ltr'><strong>possideri</strong></span> <span class='ocrx_word' id='word_1_26' title='bbox 1843 522 2032 592; x_wconf 80' lang='lat' dir='ltr'><strong>possit.</strong></span> <span class='ocrx_word' id='word_1_27' title='bbox 2064 521 2192 576; x_wconf 90' lang='lat' dir='ltr'><strong>Inde</strong></span> 
     </span>
    </p>
   </div>
   <div class='ocr_carea' id='block_1_7' title="bbox 607 607 2192 682">
    <p class='ocr_par' dir='ltr' id='par_1_7' title="bbox 607 607 2192 682">
     <span class='ocr_line' id='line_1_7' title="bbox 607 607 2192 682; baseline 0.003 -20"><span class='ocrx_word' id='word_1_28' title='bbox 607 607 757 663; x_wconf 83' lang='lat' dir='ltr'><strong>enim</strong></span> <span class='ocrx_word' id='word_1_29' title='bbox 807 608 1098 666; x_wconf 81' lang='lat' dir='ltr'><strong>innumera</strong></span> <span class='ocrx_word' id='word_1_30' title='bbox 1151 620 1483 680; x_wconf 74' lang='lat' dir='ltr'><strong>generantur</strong></span> <span class='ocrx_word' id='word_1_31' title='bbox 1528 611 1671 665; x_wconf 77' lang='lat' dir='ltr'><strong>maia</strong></span> <span class='ocrx_word' id='word_1_32' title='bbox 1710 628 1722 664; x_wconf 91' lang='lat'><strong>:</strong></span> <span class='ocrx_word' id='word_1_33' title='bbox 1763 612 1948 666; x_wconf 82' lang='lat' dir='ltr'><strong>odium</strong></span> <span class='ocrx_word' id='word_1_34' title='bbox 1975 613 2027 666; x_wconf 90' lang='lat' dir='ltr'><strong>in</strong></span> <span class='ocrx_word' id='word_1_35' title='bbox 2065 627 2192 682; x_wconf 83' lang='lat' dir='ltr'><strong>pro-</strong></span> 
     </span>
    </p>
   </div>
   <div class='ocr_carea' id='block_1_8' title="bbox 607 701 2192 775">
    <p class='ocr_par' dir='ltr' id='par_1_8' title="bbox 607 701 2192 775">
     <span class='ocr_line' id='line_1_8' title="bbox 607 701 2192 775; baseline 0.002 -18"><span class='ocrx_word' id='word_1_36' title='bbox 607 701 839 766; x_wconf 75' lang='lat' dir='ltr'><strong>ximum,</strong></span> <span class='ocrx_word' id='word_1_37' title='bbox 904 702 1044 758; x_wconf 81' lang='lat' dir='ltr'><strong>mala</strong></span> <span class='ocrx_word' id='word_1_38' title='bbox 1105 717 1232 773; x_wconf 74' lang='lat' dir='ltr'><strong>erga</strong></span> <span class='ocrx_word' id='word_1_39' title='bbox 1285 703 1491 758; x_wconf 72' lang='lat' dir='ltr'><strong>amicos</strong></span> <span class='ocrx_word' id='word_1_40' title='bbox 1541 705 1694 766; x_wconf 78' lang='lat' dir='ltr'><strong>ﬁdes,</strong></span> <span class='ocrx_word' id='word_1_41' title='bbox 1750 720 1876 775; x_wconf 81' lang='lat' dir='ltr'><strong>erga</strong></span> <span class='ocrx_word' id='word_1_42' title='bbox 1939 707 2192 760; x_wconf 87' lang='lat' dir='ltr'><strong>inimicos</strong></span> 
     </span>
    </p>
   </div>
   <div class='ocr_carea' id='block_1_9' title="bbox 611 793 2181 866">
    <p class='ocr_par' dir='ltr' id='par_1_9' title="bbox 611 793 2181 866">
     <span class='ocr_line' id='line_1_9' title="bbox 611 793 2181 866; baseline 0.003 -17"><span class='ocrx_word' id='word_1_43' title='bbox 611 793 861 858; x_wconf 80' lang='lat' dir='ltr'><strong>fallacia,</strong></span> <span class='ocrx_word' id='word_1_44' title='bbox 944 805 1156 852; x_wconf 71' lang='lat' dir='ltr'><strong>natura:</strong></span> <span class='ocrx_word' id='word_1_45' title='bbox 1209 797 1378 866; x_wconf 48' lang='lat' dir='ltr'><strong>ipsius</strong></span> <span class='ocrx_word' id='word_1_46' title='bbox 1427 796 1656 863; x_wconf 76' lang='lat' dir='ltr'><strong>oblivio,</strong></span> <span class='ocrx_word' id='word_1_47' title='bbox 1710 808 1977 854; x_wconf 70' lang='lat' dir='ltr'><strong>sexcenta:</strong></span> <span class='ocrx_word' id='word_1_48' title='bbox 2005 813 2181 861; x_wconf 58' lang='lat' dir='ltr'><strong>cura,</strong></span> 
     </span>
    </p>
   </div>
   <div class='ocr_carea' id='block_1_10' title="bbox 611 887 2190 961">
    <p class='ocr_par' dir='ltr' id='par_1_10' title="bbox 611 887 2190 961">
     <span class='ocr_line' id='line_1_10' title="bbox 611 887 2190 961; baseline 0.003 -22"><span class='ocrx_word' id='word_1_49' title='bbox 611 887 1065 955; x_wconf 71' lang='lat' dir='ltr'><strong>desperationes,</strong></span> <span class='ocrx_word' id='word_1_50' title='bbox 1120 889 1350 958; x_wconf 88' lang='lat' dir='ltr'><strong>denique</strong></span> <span class='ocrx_word' id='word_1_51' title='bbox 1410 888 1608 944; x_wconf 68' lang='lat' dir='ltr'><strong>anima:</strong></span> <span class='ocrx_word' id='word_1_52' title='bbox 1667 890 1898 958; x_wconf 86' lang='lat' dir='ltr'><strong>perditio</strong></span> <span class='ocrx_word' id='word_1_53' title='bbox 1958 891 2190 961; x_wconf 84' lang='lat' dir='ltr'><strong>etregni</strong></span> 
     </span>
    </p>
   </div>
   <div class='ocr_carea' id='block_1_11' title="bbox 608 978 2188 1052">
    <p class='ocr_par' dir='ltr' id='par_1_11' title="bbox 608 978 2188 1052">
     <span class='ocr_line' id='line_1_11' title="bbox 608 978 2188 1052; baseline 0.003 -20"><span class='ocrx_word' id='word_1_54' title='bbox 608 979 876 1033; x_wconf 85' lang='lat' dir='ltr'><strong>coelurum</strong></span> <span class='ocrx_word' id='word_1_55' title='bbox 929 978 1164 1048; x_wconf 75' lang='lat' dir='ltr'><strong>jactura.</strong></span> <span class='ocrx_word' id='word_1_56' title='bbox 1204 979 1373 1034; x_wconf 80' lang='lat' dir='ltr'><strong>Nemo</strong></span> <span class='ocrx_word' id='word_1_57' title='bbox 1403 982 1546 1035; x_wconf 82' lang='lat' dir='ltr'><strong>enim</strong></span> <span class='ocrx_word' id='word_1_58' title='bbox 1592 996 1778 1036; x_wconf 88' lang='lat' dir='ltr'><strong>eorum</strong></span> <span class='ocrx_word' id='word_1_59' title='bbox 1817 983 1908 1052; x_wconf 90' lang='lat' dir='ltr'><strong>qui</strong></span> <span class='ocrx_word' id='word_1_60' title='bbox 1949 982 2053 1037; x_wconf 87' lang='lat' dir='ltr'><strong>hac</strong></span> <span class='ocrx_word' id='word_1_61' title='bbox 2083 983 2188 1037; x_wconf 86' lang='lat' dir='ltr'><strong>vita</strong></span> 
     </span>
    </p>
   </div>
   <div class='ocr_carea' id='block_1_12' title="bbox 609 1071 2191 1141">
    <p class='ocr_par' dir='ltr' id='par_1_12' title="bbox 609 1071 2191 1141">
     <span class='ocr_line' id='line_1_12' title="bbox 609 1071 2191 1141; baseline 0.003 -17"><span class='ocrx_word' id='word_1_62' title='bbox 609 1071 835 1124; x_wconf 72' lang='lat' dir='ltr'><strong>delicias</strong></span> <span class='ocrx_word' id='word_1_63' title='bbox 859 1079 913 1124; x_wconf 78' lang='lat' dir='ltr'><strong>et</strong></span> <span class='ocrx_word' id='word_1_64' title='bbox 940 1071 1246 1141; x_wconf 77' lang='lat' dir='ltr'><strong>voluptates</strong></span> <span class='ocrx_word' id='word_1_65' title='bbox 1279 1076 1436 1141; x_wconf 84' lang='lat' dir='ltr'><strong>plene</strong></span> <span class='ocrx_word' id='word_1_66' title='bbox 1455 1075 1860 1141; x_wconf 65' lang='lat' dir='ltr'><strong>amplectuntur</strong></span> <span class='ocrx_word' id='word_1_67' title='bbox 1904 1085 1957 1129; x_wconf 88' lang='lat' dir='ltr'><strong>et</strong></span> <span class='ocrx_word' id='word_1_68' title='bbox 1986 1074 2191 1129; x_wconf 80' lang='lat' dir='ltr'><strong>divitiis</strong></span> 
     </span>
    </p>
   </div>
   <div class='ocr_carea' id='block_1_13' title="bbox 608 1162 2189 1233">
    <p class='ocr_par' dir='ltr' id='par_1_13' title="bbox 608 1162 2189 1233">
     <span class='ocr_line' id='line_1_13' title="bbox 608 1162 2189 1233; baseline 0.003 -18"><span class='ocrx_word' id='word_1_69' title='bbox 608 1162 876 1227; x_wconf 77' lang='lat' dir='ltr'><strong>serviunt,</strong></span> <span class='ocrx_word' id='word_1_70' title='bbox 944 1177 1184 1230; x_wconf 90' lang='lat' dir='ltr'><strong>unquam</strong></span> <span class='ocrx_word' id='word_1_71' title='bbox 1234 1163 1436 1232; x_wconf 86' lang='lat' dir='ltr'><strong>poterit</strong></span> <span class='ocrx_word' id='word_1_72' title='bbox 1489 1182 1507 1209; x_wconf 76' lang='grc' dir='ltr'><strong>ι</strong></span> <span class='ocrx_word' id='word_1_73' title='bbox 1580 1165 1821 1233; x_wconf 71' lang='lat' dir='ltr'><strong>legitime</strong></span> <span class='ocrx_word' id='word_1_74' title='bbox 1879 1185 1897 1217; x_wconf 76' lang='grc' dir='ltr'><strong>ι</strong></span> <span class='ocrx_word' id='word_1_75' title='bbox 1947 1166 2189 1220; x_wconf 72' lang='grc' dir='ltr'>εωιοειίσ</span> 
     </span>
    </p>
   </div>
   <div class='ocr_carea' id='block_1_14' title="bbox 608 1254 2188 1324">
    <p class='ocr_par' dir='ltr' id='par_1_14' title="bbox 608 1254 2188 1324">
     <span class='ocr_line' id='line_1_14' title="bbox 608 1254 2188 1324; baseline 0.001 -16"><span class='ocrx_word' id='word_1_76' title='bbox 608 1254 751 1308; x_wconf 86' lang='lat' dir='ltr'><strong>bona</strong></span> <span class='ocrx_word' id='word_1_77' title='bbox 779 1254 1046 1323; x_wconf 87' lang='lat' dir='ltr'><strong>suscipirc</strong></span> <span class='ocrx_word' id='word_1_78' title='bbox 1097 1269 1395 1323; x_wconf 87' lang='lat' dir='ltr'><strong>eorumque</strong></span> <span class='ocrx_word' id='word_1_79' title='bbox 1431 1255 1772 1324; x_wconf 79' lang='lat' dir='ltr'><strong>Splendorem</strong></span> <span class='ocrx_word' id='word_1_80' title='bbox 1804 1256 2048 1324; x_wconf 80' lang='lat' dir='ltr'><strong>assequi,</strong></span> <span class='ocrx_word' id='word_1_81' title='bbox 2097 1257 2188 1310; x_wconf 86' lang='lat' dir='ltr'><strong>sed</strong></span> 
     </span>
    </p>
   </div>
   <div class='ocr_carea' id='block_1_15' title="bbox 609 1344 2192 1420">
    <p class='ocr_par' dir='ltr' id='par_1_15' title="bbox 609 1344 2192 1420">
     <span class='ocr_line' id='line_1_15' title="bbox 609 1344 2192 1420; baseline -0.001 -19"><span class='ocrx_word' id='word_1_82' title='bbox 609 1361 835 1402; x_wconf 88' lang='lat' dir='ltr'><strong>necesse</strong></span> <span class='ocrx_word' id='word_1_83' title='bbox 881 1357 963 1401; x_wconf 84' lang='lat' dir='ltr'><strong>est</strong></span> <span class='ocrx_word' id='word_1_84' title='bbox 1010 1357 1068 1401; x_wconf 92' lang='lat' dir='ltr'><strong>ut</strong></span> <span class='ocrx_word' id='word_1_85' title='bbox 1128 1349 1221 1415; x_wconf 87' lang='lat' dir='ltr'><strong>qui</strong></span> <span class='ocrx_word' id='word_1_86' title='bbox 1289 1347 1586 1414; x_wconf 73' lang='lat' dir='ltr'><strong>przesentia</strong></span> <span class='ocrx_word' id='word_1_87' title='bbox 1665 1356 1989 1416; x_wconf 84' lang='lat' dir='ltr'><strong>prosecutus</strong></span> <span class='ocrx_word' id='word_1_88' title='bbox 2028 1344 2192 1420; x_wconf 74' lang='lat' dir='ltr'><strong>fuerit</strong></span> 
     </span>
    </p>
   </div>
   <div class='ocr_carea' id='block_1_16' title="bbox 611 1436 2192 1506">
    <p class='ocr_par' dir='ltr' id='par_1_16' title="bbox 611 1436 2192 1506">
     <span class='ocr_line' id='line_1_16' title="bbox 611 1436 2192 1506; baseline 0 -16"><span class='ocrx_word' id='word_1_89' title='bbox 611 1436 850 1491; x_wconf 84' lang='lat' dir='ltr'><strong>labentia</strong></span> <span class='ocrx_word' id='word_1_90' title='bbox 901 1448 956 1491; x_wconf 88' lang='lat' dir='ltr'><strong>et</strong></span> <span class='ocrx_word' id='word_1_91' title='bbox 1017 1436 1392 1506; x_wconf 71' lang='lat' dir='ltr'><strong>corruptibilis</strong></span> <span class='ocrx_word' id='word_1_92' title='bbox 1445 1453 1474 1491; x_wconf 88' lang='lat' dir='ltr'><strong>e</strong></span> <span class='ocrx_word' id='word_1_93' title='bbox 1519 1436 1802 1492; x_wconf 83' lang='lat' dir='ltr'><strong>stabilihus</strong></span> <span class='ocrx_word' id='word_1_94' title='bbox 1857 1444 1912 1491; x_wconf 85' lang='lat' dir='ltr'><strong>et</strong></span> <span class='ocrx_word' id='word_1_95' title='bbox 1971 1436 2192 1490; x_wconf 69' lang='lat' dir='ltr'><strong>aeternis</strong></span> 
     </span>
    </p>
   </div>
   <div class='ocr_carea' id='block_1_17' title="bbox 610 1526 2191 1598">
    <p class='ocr_par' dir='ltr' id='par_1_17' title="bbox 610 1526 2191 1598">
     <span class='ocr_line' id='line_1_17' title="bbox 610 1526 2191 1598; baseline 0.001 -17"><span class='ocrx_word' id='word_1_96' title='bbox 610 1527 830 1582; x_wconf 88' lang='lat' dir='ltr'><strong>decidat</strong></span> <span class='ocrx_word' id='word_1_97' title='bbox 855 1545 868 1581; x_wconf 91' lang='lat'>:</span> <span class='ocrx_word' id='word_1_98' title='bbox 912 1546 930 1580; x_wconf 80' lang='grc' dir='ltr'><strong>ι</strong></span> <span class='ocrx_word' id='word_1_99' title='bbox 955 1527 1069 1581; x_wconf 81' lang='lat' dir='ltr'><strong>Non</strong></span> <span class='ocrx_word' id='word_1_100' title='bbox 1097 1527 1322 1598; x_wconf 72' lang='lat' dir='ltr'><strong>potestis</strong></span> <span class='ocrx_word' id='word_1_101' title='bbox 1345 1527 1511 1592; x_wconf 89' lang='lat' dir='ltr'><strong>enim,</strong></span> <span class='ocrx_word' id='word_1_102' title='bbox 1543 1529 1737 1596; x_wconf 83' lang='lat' dir='ltr'><strong>inquit,</strong></span> <span class='ocrx_word' id='word_1_103' title='bbox 1770 1526 1878 1582; x_wconf 89' lang='lat' dir='ltr'><strong>Deo</strong></span> <span class='ocrx_word' id='word_1_104' title='bbox 1910 1526 2113 1582; x_wconf 74' lang='lat' dir='ltr'><strong>servire</strong></span> <span class='ocrx_word' id='word_1_105' title='bbox 2137 1537 2191 1582; x_wconf 90' lang='lat' dir='ltr'><strong>et</strong></span> 
     </span>
    </p>
   </div>
   <div class='ocr_carea' id='block_1_18' title="bbox 611 1620 2192 1691">
    <p class='ocr_par' dir='ltr' id='par_1_18' title="bbox 611 1620 2192 1691">
     <span class='ocr_line' id='line_1_18' title="bbox 611 1620 2192 1691; baseline 0.003 -19"><span class='ocrx_word' id='word_1_106' title='bbox 611 1634 959 1686; x_wconf 68' lang='lat' dir='ltr'><strong>mammonae,</strong></span> <span class='ocrx_word' id='word_1_107' title='bbox 1001 1639 1020 1672; x_wconf 73' lang='grc' dir='ltr'><strong>ι</strong></span> <span class='ocrx_word' id='word_1_108' title='bbox 1057 1620 1110 1675; x_wconf 88' lang='lat' dir='ltr'><strong>id</strong></span> <span class='ocrx_word' id='word_1_109' title='bbox 1161 1633 1262 1683; x_wconf 81' lang='lat' dir='ltr'><strong>est,</strong></span> <span class='ocrx_word' id='word_1_110' title='bbox 1302 1637 1410 1674; x_wconf 88' lang='lat' dir='ltr'><strong>non</strong></span> <span class='ocrx_word' id='word_1_111' title='bbox 1465 1623 1690 1691; x_wconf 84' lang='lat' dir='ltr'><strong>potestis</strong></span> <span class='ocrx_word' id='word_1_112' title='bbox 1749 1621 1855 1676; x_wconf 84' lang='lat' dir='ltr'><strong>Deo</strong></span> <span class='ocrx_word' id='word_1_113' title='bbox 1883 1623 2102 1677; x_wconf 76' lang='lat' dir='ltr'><strong>servire</strong></span> <span class='ocrx_word' id='word_1_114' title='bbox 2139 1631 2192 1676; x_wconf 88' lang='lat' dir='ltr'><strong>et</strong></span> 
     </span>
    </p>
   </div>
   <div class='ocr_carea' id='block_1_19' title="bbox 613 1711 2189 1782">
    <p class='ocr_par' dir='ltr' id='par_1_19' title="bbox 613 1711 2189 1782">
     <span class='ocr_line' id='line_1_19' title="bbox 613 1711 2189 1782; baseline -0.003 -15"><span class='ocrx_word' id='word_1_115' title='bbox 613 1711 943 1782; x_wconf 65' lang='lat' dir='ltr'><strong>injttstitite;</strong></span> <span class='ocrx_word' id='word_1_116' title='bbox 990 1713 1082 1781; x_wconf 88' lang='lat' dir='ltr'><strong>qui</strong></span> <span class='ocrx_word' id='word_1_117' title='bbox 1140 1714 1284 1766; x_wconf 86' lang='lat' dir='ltr'><strong>enim</strong></span> <span class='ocrx_word' id='word_1_118' title='bbox 1336 1716 1560 1767; x_wconf 86' lang='lat' dir='ltr'><strong>alterum</strong></span> <span class='ocrx_word' id='word_1_119' title='bbox 1621 1713 1899 1768; x_wconf 86' lang='lat' dir='ltr'><strong>dominum</strong></span> <span class='ocrx_word' id='word_1_120' title='bbox 1943 1714 2189 1768; x_wconf 77' lang='lat' dir='ltr'><strong>dilexerit</strong></span> 
     </span>
    </p>
   </div>
   <div class='ocr_carea' id='block_1_20' title="bbox 612 1802 2192 1875">
    <p class='ocr_par' dir='ltr' id='par_1_20' title="bbox 612 1802 2192 1875">
     <span class='ocr_line' id='line_1_20' title="bbox 612 1802 2192 1875; baseline 0.003 -19"><span class='ocrx_word' id='word_1_121' title='bbox 612 1802 838 1857; x_wconf 88' lang='lat' dir='ltr'><strong>omnino</strong></span> <span class='ocrx_word' id='word_1_122' title='bbox 887 1804 1114 1858; x_wconf 84' lang='lat' dir='ltr'><strong>alterum</strong></span> <span class='ocrx_word' id='word_1_123' title='bbox 1144 1805 1269 1860; x_wconf 85' lang='lat' dir='ltr'><strong>odio</strong></span> <span class='ocrx_word' id='word_1_124' title='bbox 1295 1806 1552 1871; x_wconf 84' lang='lat' dir='ltr'><strong>habebit;</strong></span> <span class='ocrx_word' id='word_1_125' title='bbox 1599 1815 1654 1859; x_wconf 89' lang='lat' dir='ltr'><strong>et</strong></span> <span class='ocrx_word' id='word_1_126' title='bbox 1685 1807 1778 1875; x_wconf 86' lang='lat' dir='ltr'><strong>qui</strong></span> <span class='ocrx_word' id='word_1_127' title='bbox 1818 1806 1974 1860; x_wconf 86' lang='lat' dir='ltr'><strong>alteri</strong></span> <span class='ocrx_word' id='word_1_128' title='bbox 2009 1806 2192 1860; x_wconf 72' lang='lat' dir='ltr'><strong>adlue-</strong></span> 
     </span>
    </p>
   </div>
   <div class='ocr_carea' id='block_1_21' title="bbox 615 1896 2194 1969">
    <p class='ocr_par' dir='ltr' id='par_1_21' title="bbox 615 1896 2194 1969">
     <span class='ocr_line' id='line_1_21' title="bbox 615 1896 2194 1969; baseline 0.001 -19"><span class='ocrx_word' id='word_1_129' title='bbox 615 1896 769 1957; x_wconf 86' lang='lat' dir='ltr'><strong>serit.</strong></span> <span class='ocrx_word' id='word_1_130' title='bbox 823 1896 1054 1950; x_wconf 60' lang='lat' dir='ltr'><strong>alterum</strong></span> <span class='ocrx_word' id='word_1_131' title='bbox 1102 1905 1435 1952; x_wconf 77' lang='lat' dir='ltr'><strong>contemnet.</strong></span> <span class='ocrx_word' id='word_1_132' title='bbox 1486 1898 1620 1951; x_wconf 85' lang='lat' dir='ltr'><strong>ldet</strong></span> <span class='ocrx_word' id='word_1_133' title='bbox 1669 1899 1782 1967; x_wconf 88' lang='lat' dir='ltr'><strong>ipsa</strong></span> <span class='ocrx_word' id='word_1_134' title='bbox 1815 1914 1996 1953; x_wconf 83' lang='lat' dir='ltr'><strong>rerum</strong></span> <span class='ocrx_word' id='word_1_135' title='bbox 2028 1913 2194 1969; x_wconf 51' lang='lat' dir='ltr'><strong>expc.</strong></span> 
     </span>
    </p>
   </div>
   <div class='ocr_carea' id='block_1_22' title="bbox 612 1987 2192 2060">
    <p class='ocr_par' dir='ltr' id='par_1_22' title="bbox 612 1987 2192 2060">
     <span class='ocr_line' id='line_1_22' title="bbox 612 1987 2192 2060; baseline 0.004 -21"><span class='ocrx_word' id='word_1_136' title='bbox 612 1987 808 2040; x_wconf 86' lang='lat' dir='ltr'><strong>rientia</strong></span> <span class='ocrx_word' id='word_1_137' title='bbox 835 1987 1052 2043; x_wconf 81' lang='lat' dir='ltr'><strong>clamat.</strong></span> <span class='ocrx_word' id='word_1_138' title='bbox 1091 1987 1191 2053; x_wconf 86' lang='lat' dir='ltr'><strong>Qui</strong></span> <span class='ocrx_word' id='word_1_139' title='bbox 1225 1990 1368 2042; x_wconf 88' lang='lat' dir='ltr'><strong>enim</strong></span> <span class='ocrx_word' id='word_1_140' title='bbox 1399 1990 1710 2044; x_wconf 87' lang='lat' dir='ltr'><strong>divitiarum</strong></span> <span class='ocrx_word' id='word_1_141' title='bbox 1757 1991 2058 2060; x_wconf 73' lang='lat' dir='ltr'><strong>cupiditate</strong></span> <span class='ocrx_word' id='word_1_142' title='bbox 2085 2006 2192 2048; x_wconf 91' lang='lat' dir='ltr'><strong>nou</strong></span> 
     </span>
    </p>
   </div>
   <div class='ocr_carea' id='block_1_23' title="bbox 613 2079 2196 2153">
    <p class='ocr_par' dir='ltr' id='par_1_23' title="bbox 613 2079 2196 2153">
     <span class='ocr_line' id='line_1_23' title="bbox 613 2079 2196 2153; baseline 0.006 -24"><span class='ocrx_word' id='word_1_143' title='bbox 613 2079 911 2132; x_wconf 81' lang='lat' dir='ltr'><strong>vincuntur</strong></span> <span class='ocrx_word' id='word_1_144' title='bbox 968 2080 1235 2149; x_wconf 86' lang='lat' dir='ltr'><strong>imprimis</strong></span> <span class='ocrx_word' id='word_1_145' title='bbox 1298 2080 1465 2134; x_wconf 87' lang='lat' dir='ltr'><strong>Deum</strong></span> <span class='ocrx_word' id='word_1_146' title='bbox 1523 2081 1795 2150; x_wconf 85' lang='lat' dir='ltr'><strong>diligunt;</strong></span> <span class='ocrx_word' id='word_1_147' title='bbox 1830 2083 1922 2153; x_wconf 89' lang='lat' dir='ltr'><strong>qui</strong></span> <span class='ocrx_word' id='word_1_148' title='bbox 1965 2098 2094 2137; x_wconf 76' lang='lat' dir='ltr'><strong>vero</strong></span> <span class='ocrx_word' id='word_1_149' title='bbox 2129 2085 2196 2140; x_wconf 86' lang='lat' dir='ltr'><strong>iis</strong></span> 
     </span>
    </p>
   </div>
   <div class='ocr_carea' id='block_1_24' title="bbox 615 2173 2193 2244">
    <p class='ocr_par' dir='ltr' id='par_1_24' title="bbox 615 2173 2193 2244">
     <span class='ocr_line' id='line_1_24' title="bbox 615 2173 2193 2244; baseline 0.003 -17"><span class='ocrx_word' id='word_1_150' title='bbox 615 2174 758 2227; x_wconf 82' lang='lat' dir='ltr'><strong>servi</strong></span> <span class='ocrx_word' id='word_1_151' title='bbox 817 2182 945 2227; x_wconf 87' lang='lat' dir='ltr'><strong>sunt</strong></span> <span class='ocrx_word' id='word_1_152' title='bbox 1007 2173 1184 2242; x_wconf 80' lang='lat' dir='ltr'><strong>neglig</strong></span> <span class='ocrx_word' id='word_1_153' title='bbox 1222 2175 1368 2226; x_wconf 84' lang='lat' dir='ltr'><strong>ntius</strong></span> <span class='ocrx_word' id='word_1_154' title='bbox 1417 2189 1476 2228; x_wconf 91' lang='lat' dir='ltr'><strong>se</strong></span> <span class='ocrx_word' id='word_1_155' title='bbox 1534 2189 1664 2244; x_wconf 85' lang='lat' dir='ltr'><strong>erga</strong></span> <span class='ocrx_word' id='word_1_156' title='bbox 1733 2174 1900 2230; x_wconf 88' lang='lat' dir='ltr'><strong>Deum</strong></span> <span class='ocrx_word' id='word_1_157' title='bbox 1971 2176 2193 2231; x_wconf 83' lang='lat' dir='ltr'><strong>habent.</strong></span> 
     </span>
    </p>
   </div>
   <div class='ocr_carea' id='block_1_25' title="bbox 614 2265 2196 2337">
    <p class='ocr_par' dir='ltr' id='par_1_25' title="bbox 614 2265 2196 2337">
     <span class='ocr_line' id='line_1_25' title="bbox 614 2265 2196 2337; baseline 0.003 -19"><span class='ocrx_word' id='word_1_158' title='bbox 614 2265 809 2318; x_wconf 83' lang='lat' dir='ltr'><strong>Anima</strong></span> <span class='ocrx_word' id='word_1_159' title='bbox 870 2265 1013 2319; x_wconf 85' lang='lat' dir='ltr'><strong>enim</strong></span> <span class='ocrx_word' id='word_1_160' title='bbox 1083 2266 1287 2319; x_wconf 85' lang='lat' dir='ltr'><strong>divitiis</strong></span> <span class='ocrx_word' id='word_1_161' title='bbox 1353 2267 1521 2321; x_wconf 86' lang='lat' dir='ltr'><strong>semel</strong></span> <span class='ocrx_word' id='word_1_162' title='bbox 1581 2268 1790 2321; x_wconf 86' lang='lat' dir='ltr'><strong>devicta</strong></span> <span class='ocrx_word' id='word_1_163' title='bbox 1844 2283 1952 2322; x_wconf 84' lang='lat' dir='ltr'><strong>non</strong></span> <span class='ocrx_word' id='word_1_164' title='bbox 1981 2269 2196 2337; x_wconf 80' lang='lat' dir='ltr'><strong>negabit</strong></span> 
     </span>
    </p>
   </div>
   <div class='ocr_carea' id='block_1_26' title="bbox 614 2357 2196 2426">
    <p class='ocr_par' dir='ltr' id='par_1_26' title="bbox 614 2357 2196 2426">
     <span class='ocr_line' id='line_1_26' title="bbox 614 2357 2196 2426; baseline 0.002 -13"><span class='ocrx_word' id='word_1_165' title='bbox 614 2357 797 2413; x_wconf 76' lang='lat' dir='ltr'><strong>facere</strong></span> <span class='ocrx_word' id='word_1_166' title='bbox 849 2367 902 2412; x_wconf 85' lang='lat' dir='ltr'><strong>et</strong></span> <span class='ocrx_word' id='word_1_167' title='bbox 950 2358 1131 2412; x_wconf 87' lang='lat' dir='ltr'><strong>dicere</strong></span> <span class='ocrx_word' id='word_1_168' title='bbox 1190 2359 1331 2426; x_wconf 85' lang='lat' dir='ltr'><strong>quod</strong></span> <span class='ocrx_word' id='word_1_169' title='bbox 1403 2358 1569 2412; x_wconf 87' lang='lat' dir='ltr'><strong>Deum</strong></span> <span class='ocrx_word' id='word_1_170' title='bbox 1640 2358 1893 2412; x_wconf 79' lang='lat' dir='ltr'><strong>oﬂ‘endat.</strong></span> <span class='ocrx_word' id='word_1_171' title='bbox 1955 2360 2196 2416; x_wconf 79' lang='lat' dir='ltr'><strong>Alterius</strong></span> 
     </span>
    </p>
   </div>
   <div class='ocr_carea' id='block_1_27' title="bbox 614 2448 2196 2522">
    <p class='ocr_par' dir='ltr' id='par_1_27' title="bbox 614 2448 2196 2522">
     <span class='ocr_line' id='line_1_27' title="bbox 614 2448 2196 2522; baseline 0.002 -18"><span class='ocrx_word' id='word_1_172' title='bbox 614 2448 759 2504; x_wconf 81' lang='lat' dir='ltr'><strong>enim</strong></span> <span class='ocrx_word' id='word_1_173' title='bbox 812 2448 1015 2504; x_wconf 88' lang='lat' dir='ltr'><strong>domini</strong></span> <span class='ocrx_word' id='word_1_174' title='bbox 1080 2450 1169 2503; x_wconf 87' lang='lat' dir='ltr'><strong>lict</strong></span> <span class='ocrx_word' id='word_1_175' title='bbox 1229 2465 1421 2515; x_wconf 85' lang='lat' dir='ltr'><strong>serva,</strong></span> <span class='ocrx_word' id='word_1_176' title='bbox 1481 2465 1804 2505; x_wconf 83' lang='lat' dir='ltr'><strong>mammonae</strong></span> <span class='ocrx_word' id='word_1_177' title='bbox 1837 2450 2064 2519; x_wconf 66' lang='lat' dir='ltr'><strong>“scilicet</strong></span> <span class='ocrx_word' id='word_1_178' title='bbox 2103 2454 2196 2522; x_wconf 90' lang='lat' dir='ltr'><strong>qui</strong></span> 
     </span>
    </p>
   </div>
   <div class='ocr_carea' id='block_1_28' title="bbox 614 2540 2194 2612">
    <p class='ocr_par' dir='ltr' id='par_1_28' title="bbox 614 2540 2194 2612">
     <span class='ocr_line' id='line_1_28' title="bbox 614 2540 2194 2612; baseline 0.003 -18"><span class='ocrx_word' id='word_1_179' title='bbox 614 2541 796 2594; x_wconf 87' lang='lat' dir='ltr'><strong>omnia</strong></span> <span class='ocrx_word' id='word_1_180' title='bbox 822 2541 1047 2594; x_wconf 89' lang='lat' dir='ltr'><strong>omnino</strong></span> <span class='ocrx_word' id='word_1_181' title='bbox 1074 2542 1231 2595; x_wconf 87' lang='lat' dir='ltr'><strong>aliter</strong></span> <span class='ocrx_word' id='word_1_182' title='bbox 1265 2557 1424 2610; x_wconf 88' lang='lat' dir='ltr'><strong>quam</strong></span> <span class='ocrx_word' id='word_1_183' title='bbox 1450 2540 1593 2596; x_wconf 88' lang='lat' dir='ltr'><strong>Deus</strong></span> <span class='ocrx_word' id='word_1_184' title='bbox 1631 2542 1837 2612; x_wconf 80' lang='lat' dir='ltr'><strong>dirigit.</strong></span> <span class='ocrx_word' id='word_1_185' title='bbox 1883 2541 2027 2598; x_wconf 81' lang='lat' dir='ltr'><strong>Deus</strong></span> <span class='ocrx_word' id='word_1_186' title='bbox 2051 2543 2194 2601; x_wconf 84' lang='lat' dir='ltr'><strong>enim</strong></span> 
     </span>
    </p>
   </div>
   <div class='ocr_carea' id='block_1_29' title="bbox 608 2634 2192 2705">
    <p class='ocr_par' dir='ltr' id='par_1_29' title="bbox 608 2634 2192 2705">
     <span class='ocr_line' id='line_1_29' title="bbox 608 2634 2192 2705; baseline 0.004 -23"><span class='ocrx_word' id='word_1_187' title='bbox 608 2634 764 2702; x_wconf 81' lang='lat' dir='ltr'><strong>jubet</strong></span> <span class='ocrx_word' id='word_1_188' title='bbox 789 2634 1259 2698; x_wconf 41' lang='lat' dir='ltr'><strong>outnes‘homiues</strong></span> <span class='ocrx_word' id='word_1_189' title='bbox 1292 2651 1348 2687; x_wconf 90' lang='lat' dir='ltr'><strong>se</strong></span> <span class='ocrx_word' id='word_1_190' title='bbox 1387 2635 1617 2689; x_wconf 76' lang='lat' dir='ltr'><strong>invicem</strong></span> <span class='ocrx_word' id='word_1_191' title='bbox 1648 2635 1871 2705; x_wconf 82' lang='lat' dir='ltr'><strong>diligere</strong></span> <span class='ocrx_word' id='word_1_192' title='bbox 1897 2645 1950 2690; x_wconf 88' lang='lat' dir='ltr'><strong>et</strong></span> <span class='ocrx_word' id='word_1_193' title='bbox 1980 2636 2192 2700; x_wconf 77' lang='lat' dir='ltr'><strong>fovere;</strong></span> 
     </span>
    </p>
   </div>
   <div class='ocr_carea' id='block_1_30' title="bbox 611 2725 2194 2793">
    <p class='ocr_par' dir='ltr' id='par_1_30' title="bbox 611 2725 2194 2793">
     <span class='ocr_line' id='line_1_30' title="bbox 611 2725 2194 2793; baseline 0 -15"><span class='ocrx_word' id='word_1_194' title='bbox 611 2735 922 2787; x_wconf 78' lang='lat' dir='ltr'><strong>mammona</strong></span> <span class='ocrx_word' id='word_1_195' title='bbox 969 2733 1150 2779; x_wconf 85' lang='lat' dir='ltr'><strong>autem</strong></span> <span class='ocrx_word' id='word_1_196' title='bbox 1208 2725 1322 2778; x_wconf 74' lang='lat' dir='ltr'><strong>vult</strong></span> <span class='ocrx_word' id='word_1_197' title='bbox 1352 2740 1445 2778; x_wconf 82' lang='lat' dir='ltr'><strong>eos</strong></span> <span class='ocrx_word' id='word_1_198' title='bbox 1485 2725 1575 2793; x_wconf 87' lang='lat' dir='ltr'><strong>qui</strong></span> <span class='ocrx_word' id='word_1_199' title='bbox 1628 2725 1730 2778; x_wconf 85' lang='lat' dir='ltr'><strong>sibi</strong></span> <span class='ocrx_word' id='word_1_200' title='bbox 1772 2725 2048 2779; x_wconf 74' lang='lat' dir='ltr'><strong>adhaerent</strong></span> <span class='ocrx_word' id='word_1_201' title='bbox 2077 2740 2194 2780; x_wconf 90' lang='lat' dir='ltr'><strong>om-</strong></span> 
     </span>
    </p>
   </div>
   <div class='ocr_carea' id='block_1_31' title="bbox 612 2816 2193 2888">
    <p class='ocr_par' dir='ltr' id='par_1_31' title="bbox 612 2816 2193 2888">
     <span class='ocr_line' id='line_1_31' title="bbox 612 2816 2193 2888; baseline 0.001 -16"><span class='ocrx_word' id='word_1_202' title='bbox 612 2816 780 2872; x_wconf 83' lang='lat' dir='ltr'><strong>nibus</strong></span> <span class='ocrx_word' id='word_1_203' title='bbox 856 2817 1109 2876; x_wconf 84' lang='lat' dir='ltr'><strong>inimicos</strong></span> <span class='ocrx_word' id='word_1_204' title='bbox 1173 2819 1310 2872; x_wconf 82' lang='lat' dir='ltr'><strong>ﬂeri.</strong></span> <span class='ocrx_word' id='word_1_205' title='bbox 1348 2817 1719 2880; x_wconf 35' lang='lat' dir='ltr'><strong>.Mammonas</strong></span> <span class='ocrx_word' id='word_1_206' title='bbox 1752 2834 1845 2873; x_wconf 88' lang='lat' dir='ltr'><strong>eos</strong></span> <span class='ocrx_word' id='word_1_207' title='bbox 1890 2820 1980 2888; x_wconf 93' lang='lat' dir='ltr'><strong>qui</strong></span> <span class='ocrx_word' id='word_1_208' title='bbox 2014 2818 2193 2886; x_wconf 88' lang='lat' dir='ltr'><strong>ipsum</strong></span> 
     </span>
    </p>
   </div>
   <div class='ocr_carea' id='block_1_32' title="bbox 612 2909 2191 2982">
    <p class='ocr_par' dir='ltr' id='par_1_32' title="bbox 612 2909 2191 2982">
     <span class='ocr_line' id='line_1_32' title="bbox 612 2909 2191 2982; baseline 0.001 -19"><span class='ocrx_word' id='word_1_209' title='bbox 612 2909 845 2981; x_wconf 87' lang='lat' dir='ltr'><strong>diligunt</strong></span> <span class='ocrx_word' id='word_1_210' title='bbox 901 2910 1017 2966; x_wconf 88' lang='lat' dir='ltr'><strong>luto</strong></span> <span class='ocrx_word' id='word_1_211' title='bbox 1071 2920 1124 2965; x_wconf 89' lang='lat' dir='ltr'><strong>et</strong></span> <span class='ocrx_word' id='word_1_212' title='bbox 1182 2911 1314 2966; x_wconf 88' lang='lat' dir='ltr'><strong>limo</strong></span> <span class='ocrx_word' id='word_1_213' title='bbox 1350 2910 1726 2982; x_wconf 81' lang='lat' dir='ltr'><strong>afﬁgens(hoc</strong></span> <span class='ocrx_word' id='word_1_214' title='bbox 1759 2913 1902 2966; x_wconf 88' lang='lat' dir='ltr'><strong>enim</strong></span> <span class='ocrx_word' id='word_1_215' title='bbox 1943 2915 2191 2982; x_wconf 87' lang='lat' dir='ltr'><strong>aurum),</strong></span> 
     </span>
    </p>
   </div>
   <div class='ocr_carea' id='block_1_33' title="bbox 612 3004 2191 3074">
    <p class='ocr_par' dir='ltr' id='par_1_33' title="bbox 612 3004 2191 3074">
     <span class='ocr_line' id='line_1_33' title="bbox 612 3004 2191 3074; baseline 0.001 -15"><span class='ocrx_word' id='word_1_216' title='bbox 612 3019 683 3059; x_wconf 89' lang='lat' dir='ltr'><strong>ne</strong></span> <span class='ocrx_word' id='word_1_217' title='bbox 747 3016 937 3060; x_wconf 86' lang='lat' dir='ltr'><strong>noctes</strong></span> <span class='ocrx_word' id='word_1_218' title='bbox 985 3004 1204 3073; x_wconf 83' lang='lat' dir='ltr'><strong>quidem</strong></span> <span class='ocrx_word' id='word_1_219' title='bbox 1239 3005 1362 3059; x_wconf 84' lang='lat' dir='ltr'><strong>sinit</strong></span> <span class='ocrx_word' id='word_1_220' title='bbox 1416 3006 1780 3074; x_wconf 84' lang='lat' dir='ltr'><strong>requiescere.</strong></span> <span class='ocrx_word' id='word_1_221' title='bbox 1836 3005 1978 3060; x_wconf 88' lang='lat' dir='ltr'><strong>Dens</strong></span> <span class='ocrx_word' id='word_1_222' title='bbox 2013 3015 2191 3060; x_wconf 86' lang='lat' dir='ltr'><strong>autem</strong></span> 
     </span>
    </p>
   </div>
   <div class='ocr_carea' id='block_1_34' title="bbox 2295 513 3863 591">
    <p class='ocr_par' dir='ltr' id='par_1_34' title="bbox 2295 513 3863 591">
     <span class='ocr_line' id='line_1_34' title="bbox 2295 513 3863 591; baseline -0.002 -20"><span class='ocrx_word' id='word_1_223' title='bbox 2295 537 2405 573; x_wconf 87' lang='grc' dir='ltr'><strong>των</strong></span> <span class='ocrx_word' id='word_1_224' title='bbox 2432 518 2712 591; x_wconf 83' lang='grc' dir='ltr'>ὀλοψύχως</span> <span class='ocrx_word' id='word_1_225' title='bbox 2741 517 3048 590; x_wconf 77' lang='grc' dir='ltr'>ἐξέχεσθαι,</span> <span class='ocrx_word' id='word_1_226' title='bbox 3075 517 3170 572; x_wconf 74' lang='grc' dir='ltr'>καὶ</span> <span class='ocrx_word' id='word_1_227' title='bbox 3197 519 3264 588; x_wconf 79' lang='grc' dir='ltr'>τῇ</span> <span class='ocrx_word' id='word_1_228' title='bbox 3291 515 3401 575; x_wconf 79' lang='grc' dir='ltr'>τῶν</span> <span class='ocrx_word' id='word_1_229' title='bbox 3424 513 3536 587; x_wconf 73' lang='grc'><strong>(52)</strong></span> <span class='ocrx_word' id='word_1_230' title='bbox 3561 515 3863 585; x_wconf 81' lang='grc' dir='ltr'>χρημάτων</span> 
     </span>
    </p>
   </div>
   <div class='ocr_carea' id='block_1_35' title="bbox 2294 605 3859 684">
    <p class='ocr_par' dir='ltr' id='par_1_35' title="bbox 2294 605 3859 684">
     <span class='ocr_line' id='line_1_35' title="bbox 2294 605 3859 684; baseline -0.003 -19"><span class='ocrx_word' id='word_1_231' title='bbox 2294 612 2564 684; x_wconf 67' lang='grc' dir='ltr'>ἐπιθυμίᾳ</span> <span class='ocrx_word' id='word_1_232' title='bbox 2600 611 2922 682; x_wconf 76' lang='grc' dir='ltr'><strong>συνέχεσθαι</strong></span> <span class='ocrx_word' id='word_1_233' title='bbox 2959 609 3072 683; x_wconf 75' lang='lat'><strong>(&#39;53)</strong></span> <span class='ocrx_word' id='word_1_234' title='bbox 3106 607 3133 642; x_wconf 80' lang='grc'><strong>·’</strong></span> <span class='ocrx_word' id='word_1_235' title='bbox 3161 609 3270 664; x_wconf 81' lang='grc' dir='ltr'><strong>ἀπὸ</strong></span> <span class='ocrx_word' id='word_1_236' title='bbox 3301 608 3491 663; x_wconf 81' lang='grc' dir='ltr'>τούτου</span> <span class='ocrx_word' id='word_1_237' title='bbox 3517 609 3626 680; x_wconf 76' lang='grc' dir='ltr'>γὰρ</span> <span class='ocrx_word' id='word_1_238' title='bbox 3656 605 3725 660; x_wconf 76' lang='grc' dir='ltr'>τὰ</span> <span class='ocrx_word' id='word_1_239' title='bbox 3758 624 3859 675; x_wconf 80' lang='grc' dir='ltr'>μυ-</span> 
     </span>
    </p>
   </div>
   <div class='ocr_carea' id='block_1_36' title="bbox 2297 699 3862 777">
    <p class='ocr_par' dir='ltr' id='par_1_36' title="bbox 2297 699 3862 777">
     <span class='ocr_line' id='line_1_36' title="bbox 2297 699 3862 777; baseline -0.006 -19"><span class='ocrx_word' id='word_1_240' title='bbox 2297 707 2386 777; x_wconf 88' lang='grc' dir='ltr'><strong>ρία</strong></span> <span class='ocrx_word' id='word_1_241' title='bbox 2423 707 2700 760; x_wconf 83' lang='grc' dir='ltr'>τίκτονται</span> <span class='ocrx_word' id='word_1_242' title='bbox 2721 705 2870 759; x_wconf 82' lang='grc' dir='ltr'>δεινά</span> <span class='ocrx_word' id='word_1_243' title='bbox 2897 719 2909 733; x_wconf 84' lang='grc'><em>’</em></span> <span class='ocrx_word' id='word_1_244' title='bbox 2951 707 2981 772; x_wconf 78' lang='grc' dir='ltr'>ἡ</span> <span class='ocrx_word' id='word_1_245' title='bbox 3011 702 3150 774; x_wconf 88' lang='grc' dir='ltr'>πρὸς</span> <span class='ocrx_word' id='word_1_246' title='bbox 3181 702 3273 755; x_wconf 79' lang='grc' dir='ltr'><strong>τὸν</strong></span> <span class='ocrx_word' id='word_1_247' title='bbox 3310 700 3540 771; x_wconf 81' lang='grc' dir='ltr'>πλησίον</span> <span class='ocrx_word' id='word_1_248' title='bbox 3574 699 3862 768; x_wconf 83' lang='grc' dir='ltr'>ἀπέχθεια,</span> 
     </span>
    </p>
   </div>
   <div class='ocr_carea' id='block_1_37' title="bbox 2291 790 3863 869">
    <p class='ocr_par' dir='ltr' id='par_1_37' title="bbox 2291 790 3863 869">
     <span class='ocr_line' id='line_1_37' title="bbox 2291 790 3863 869; baseline -0.004 -18"><span class='ocrx_word' id='word_1_249' title='bbox 2291 799 2352 851; x_wconf 87' lang='grc' dir='ltr'><strong>τὸ</strong></span> <span class='ocrx_word' id='word_1_250' title='bbox 2380 797 2519 869; x_wconf 82' lang='grc' dir='ltr'>πρὸς</span> <span class='ocrx_word' id='word_1_251' title='bbox 2547 799 2673 860; x_wconf 76' lang='grc' dir='ltr'><strong>τούς</strong></span> <span class='ocrx_word' id='word_1_252' title='bbox 2705 795 2895 866; x_wconf 79' lang='grc' dir='ltr'>φίλους</span> <span class='ocrx_word' id='word_1_253' title='bbox 2931 796 3187 860; x_wconf 78' lang='grc' dir='ltr'>ἄπιστον,</span> <span class='ocrx_word' id='word_1_254' title='bbox 3218 795 3281 849; x_wconf 88' lang='grc' dir='ltr'><strong>τὸ</strong></span> <span class='ocrx_word' id='word_1_255' title='bbox 3315 795 3448 864; x_wconf 87' lang='grc' dir='ltr'>πρὸς</span> <span class='ocrx_word' id='word_1_256' title='bbox 3476 795 3601 857; x_wconf 81' lang='grc' dir='ltr'>τοὺς</span> <span class='ocrx_word' id='word_1_257' title='bbox 3634 790 3863 864; x_wconf 74' lang='grc' dir='ltr'>ἐχθροὺς</span> 
     </span>
    </p>
   </div>
   <div class='ocr_carea' id='block_1_38' title="bbox 2293 887 3864 961">
    <p class='ocr_par' dir='ltr' id='par_1_38' title="bbox 2293 887 3864 961">
     <span class='ocr_line' id='line_1_38' title="bbox 2293 887 3864 961; baseline -0.006 -14"><span class='ocrx_word' id='word_1_258' title='bbox 2293 890 2580 956; x_wconf 75' lang='grc' dir='ltr'>ἄσπονδον,</span> <span class='ocrx_word' id='word_1_259' title='bbox 2607 891 2668 944; x_wconf 81' lang='grc' dir='ltr'><strong>τὸ</strong></span> <span class='ocrx_word' id='word_1_260' title='bbox 2703 889 2797 943; x_wconf 78' lang='grc' dir='ltr'>καὶ</span> <span class='ocrx_word' id='word_1_261' title='bbox 2844 889 2944 961; x_wconf 77' lang='grc' dir='ltr'>τὴν</span> <span class='ocrx_word' id='word_1_262' title='bbox 2983 889 3148 958; x_wconf 83' lang='grc' dir='ltr'>φύσιν</span> <span class='ocrx_word' id='word_1_263' title='bbox 3181 887 3353 958; x_wconf 81' lang='grc' dir='ltr'>αὐτὴν</span> <span class='ocrx_word' id='word_1_264' title='bbox 3388 888 3625 955; x_wconf 78' lang='grc' dir='ltr'><strong>ἀγνοεῖν,</strong></span> <span class='ocrx_word' id='word_1_265' title='bbox 3659 887 3721 948; x_wconf 67' lang='lat' dir='ltr'><strong>gi</strong></span> <span class='ocrx_word' id='word_1_266' title='bbox 3758 898 3864 954; x_wconf 80' lang='grc' dir='ltr'>μυ-</span> 
     </span>
    </p>
   </div>
   <div class='ocr_carea' id='block_1_39' title="bbox 2295 976 3864 1052">
    <p class='ocr_par' dir='ltr' id='par_1_39' title="bbox 2295 976 3864 1052">
     <span class='ocr_line' id='line_1_39' title="bbox 2295 976 3864 1052; baseline -0.002 -19"><span class='ocrx_word' id='word_1_267' title='bbox 2295 983 2409 1052; x_wconf 86' lang='grc' dir='ltr'>ρίαι</span> <span class='ocrx_word' id='word_1_268' title='bbox 2444 981 2750 1051; x_wconf 74' lang='grc' dir='ltr'><strong>φροντίδες,</strong></span> <span class='ocrx_word' id='word_1_269' title='bbox 2782 984 2837 1034; x_wconf 85' lang='grc' dir='ltr'><strong>αί</strong></span> <span class='ocrx_word' id='word_1_270' title='bbox 2869 979 3121 1051; x_wconf 85' lang='grc' dir='ltr'>ἀθυμίαι,</span> <span class='ocrx_word' id='word_1_271' title='bbox 3147 979 3462 1033; x_wconf 84' lang='grc' dir='ltr'>τελευταῖον</span> <span class='ocrx_word' id='word_1_272' title='bbox 3489 979 3522 1048; x_wconf 85' lang='grc' dir='ltr'><strong>ή</strong></span> <span class='ocrx_word' id='word_1_273' title='bbox 3557 980 3656 1045; x_wconf 77' lang='grc' dir='ltr'>τῆς</span> <span class='ocrx_word' id='word_1_274' title='bbox 3687 976 3864 1047; x_wconf 75' lang='grc' dir='ltr'>ψυχῆς</span> 
     </span>
    </p>
   </div>
   <div class='ocr_carea' id='block_1_40' title="bbox 2292 1069 3863 1144">
    <p class='ocr_par' dir='ltr' id='par_1_40' title="bbox 2292 1069 3863 1144">
     <span class='ocr_line' id='line_1_40' title="bbox 2292 1069 3863 1144; baseline -0.003 -16"><span class='ocrx_word' id='word_1_275' title='bbox 2292 1074 2562 1140; x_wconf 79' lang='grc' dir='ltr'>ἀπώλεια,</span> <span class='ocrx_word' id='word_1_276' title='bbox 2596 1075 2690 1127; x_wconf 77' lang='grc' dir='ltr'>καὶ</span> <span class='ocrx_word' id='word_1_277' title='bbox 2717 1076 2750 1144; x_wconf 84' lang='grc' dir='ltr'><strong>ή</strong></span> <span class='ocrx_word' id='word_1_278' title='bbox 2782 1073 2882 1144; x_wconf 82' lang='grc' dir='ltr'>τῆς</span> <span class='ocrx_word' id='word_1_279' title='bbox 2911 1074 3193 1144; x_wconf 78' lang='grc' dir='ltr'><strong>βασιλείας</strong></span> <span class='ocrx_word' id='word_1_280' title='bbox 3224 1073 3333 1136; x_wconf 66' lang='grc' dir='ltr'><strong>⁸ιιῶν</strong></span> <span class='ocrx_word' id='word_1_281' title='bbox 3353 1081 3355 1083; x_wconf 81' lang='grc'><strong>’</strong></span> <span class='ocrx_word' id='word_1_282' title='bbox 3374 1069 3623 1142; x_wconf 81' lang='grc' dir='ltr'>οὐρανῶν</span> <span class='ocrx_word' id='word_1_283' title='bbox 3651 1070 3863 1124; x_wconf 76' lang='grc' dir='ltr'>Εκπτω-</span> 
     </span>
    </p>
   </div>
   <div class='ocr_carea' id='block_1_41' title="bbox 2296 1163 3862 1237">
    <p class='ocr_par' dir='ltr' id='par_1_41' title="bbox 2296 1163 3862 1237">
     <span class='ocr_line' id='line_1_41' title="bbox 2296 1163 3862 1237; baseline -0.001 -18"><span class='ocrx_word' id='word_1_284' title='bbox 2296 1184 2397 1230; x_wconf 85' lang='grc' dir='ltr'>σις.</span> <span class='ocrx_word' id='word_1_285' title='bbox 2433 1168 2623 1232; x_wconf 74' lang='grc' dir='ltr'>Οὐδεὶς</span> <span class='ocrx_word' id='word_1_286' title='bbox 2651 1167 2761 1236; x_wconf 77' lang='grc' dir='ltr'><strong>γὰρ</strong></span> <span class='ocrx_word' id='word_1_287' title='bbox 2792 1168 2900 1222; x_wconf 82' lang='grc' dir='ltr'><strong>τῶν</strong></span> <span class='ocrx_word' id='word_1_288' title='bbox 2927 1168 3067 1221; x_wconf 82' lang='grc' dir='ltr'>κατὰ</span> <span class='ocrx_word' id='word_1_289' title='bbox 3097 1167 3186 1220; x_wconf 70' lang='grc' dir='ltr'><strong>τὸν</strong></span> <span class='ocrx_word' id='word_1_290' title='bbox 3211 1166 3454 1237; x_wconf 82' lang='grc' dir='ltr'>παρόντα</span> <span class='ocrx_word' id='word_1_291' title='bbox 3480 1163 3595 1236; x_wconf 74' lang='grc' dir='ltr'>βίον</span> <span class='ocrx_word' id='word_1_292' title='bbox 3615 1163 3862 1233; x_wconf 82' lang='grc' dir='ltr'>τερπνῶν</span> 
     </span>
    </p>
   </div>
   <div class='ocr_carea' id='block_1_42' title="bbox 2293 1256 3862 1330">
    <p class='ocr_par' dir='ltr' id='par_1_42' title="bbox 2293 1256 3862 1330">
     <span class='ocr_line' id='line_1_42' title="bbox 2293 1256 3862 1330; baseline -0.002 -20"><span class='ocrx_word' id='word_1_293' title='bbox 2293 1261 2386 1311; x_wconf 76' lang='grc' dir='ltr'>καὶ</span> <span class='ocrx_word' id='word_1_294' title='bbox 2418 1257 2589 1325; x_wconf 83' lang='grc' dir='ltr'>ἡδέων</span> <span class='ocrx_word' id='word_1_295' title='bbox 2614 1259 2918 1330; x_wconf 77' lang='grc' dir='ltr'><strong>ὁλοσχερῶς</strong></span> <span class='ocrx_word' id='word_1_296' title='bbox 2940 1258 3326 1328; x_wconf 83' lang='grc' dir='ltr'>ἀντεχόμενος,</span> <span class='ocrx_word' id='word_1_297' title='bbox 3352 1258 3448 1312; x_wconf 75' lang='grc' dir='ltr'>καὶ</span> <span class='ocrx_word' id='word_1_298' title='bbox 3471 1256 3716 1327; x_wconf 80' lang='grc' dir='ltr'>χρήματι</span> <span class='ocrx_word' id='word_1_299' title='bbox 3741 1256 3862 1308; x_wconf 68' lang='lat' dir='ltr'><strong>Gou-</strong></span> 
     </span>
    </p>
   </div>
   <div class='ocr_carea' id='block_1_43' title="bbox 2291 1348 3863 1422">
    <p class='ocr_par' dir='ltr' id='par_1_43' title="bbox 2291 1348 3863 1422">
     <span class='ocr_line' id='line_1_43' title="bbox 2291 1348 3863 1422; baseline 0.001 -21"><span class='ocrx_word' id='word_1_300' title='bbox 2291 1348 2488 1412; x_wconf 91' lang='grc' dir='ltr'>λεύων,</span> <span class='ocrx_word' id='word_1_301' title='bbox 2515 1350 2807 1422; x_wconf 85' lang='grc' dir='ltr'>δυνήσεταί</span> <span class='ocrx_word' id='word_1_302' title='bbox 2836 1367 2968 1405; x_wconf 85' lang='grc' dir='ltr'>ποτε</span> <span class='ocrx_word' id='word_1_303' title='bbox 2998 1351 3242 1422; x_wconf 78' lang='grc' dir='ltr'><strong>γνησίως</strong></span> <span class='ocrx_word' id='word_1_304' title='bbox 3270 1349 3629 1404; x_wconf 77' lang='grc' dir='ltr'>ἐπιλαϐέσθαι</span> <span class='ocrx_word' id='word_1_305' title='bbox 3662 1349 3776 1402; x_wconf 66' lang='grc' dir='ltr'><strong>ἶτῶν</strong></span> <span class='ocrx_word' id='word_1_306' title='bbox 3803 1350 3863 1403; x_wconf 76' lang='grc' dir='ltr'><strong>ἐν</strong></span> 
     </span>
    </p>
   </div>
   <div class='ocr_carea' id='block_1_44' title="bbox 2291 1441 3863 1514">
    <p class='ocr_par' dir='ltr' id='par_1_44' title="bbox 2291 1441 3863 1514">
     <span class='ocr_line' id='line_1_44' title="bbox 2291 1441 3863 1514; baseline 0.001 -21"><span class='ocrx_word' id='word_1_307' title='bbox 2291 1441 2541 1513; x_wconf 79' lang='grc' dir='ltr'>οὐρανοῖς</span> <span class='ocrx_word' id='word_1_308' title='bbox 2571 1442 2812 1511; x_wconf 81' lang='grc' dir='ltr'>ἀγαθῶν,</span> <span class='ocrx_word' id='word_1_309' title='bbox 2848 1444 2942 1496; x_wconf 75' lang='grc' dir='ltr'>καὶ</span> <span class='ocrx_word' id='word_1_310' title='bbox 2969 1445 3069 1514; x_wconf 82' lang='grc' dir='ltr'>τῆς</span> <span class='ocrx_word' id='word_1_311' title='bbox 3094 1444 3272 1496; x_wconf 84' lang='grc' dir='ltr'>ἐκεῖσε</span> <span class='ocrx_word' id='word_1_312' title='bbox 3308 1441 3697 1513; x_wconf 82' lang='grc' dir='ltr'>λαμπρότητος</span> <span class='ocrx_word' id='word_1_313' title='bbox 3735 1442 3863 1494; x_wconf 75' lang='grc' dir='ltr'><strong>ἐπι⁹</strong></span> 
     </span>
    </p>
   </div>
   <div class='ocr_carea' id='block_1_45' title="bbox 2293 1534 3862 1608">
    <p class='ocr_par' dir='ltr' id='par_1_45' title="bbox 2293 1534 3862 1608">
     <span class='ocr_line' id='line_1_45' title="bbox 2293 1534 3862 1608; baseline 0.003 -23"><span class='ocrx_word' id='word_1_314' title='bbox 2293 1536 2496 1604; x_wconf 79' lang='grc' dir='ltr'>τυχεῖν,</span> <span class='ocrx_word' id='word_1_315' title='bbox 2535 1534 2650 1587; x_wconf 79' lang='grc' dir='ltr'>ἀλλ’</span> <span class='ocrx_word' id='word_1_316' title='bbox 2679 1535 2896 1606; x_wconf 84' lang='grc' dir='ltr'>ἀνάγκη</span> <span class='ocrx_word' id='word_1_317' title='bbox 2936 1537 3030 1590; x_wconf 85' lang='grc' dir='ltr'><strong>τὸν</strong></span> <span class='ocrx_word' id='word_1_318' title='bbox 3063 1538 3190 1607; x_wconf 84' lang='grc' dir='ltr'>περὶ</span> <span class='ocrx_word' id='word_1_319' title='bbox 3219 1536 3285 1588; x_wconf 79' lang='grc' dir='ltr'><strong>τὰ</strong></span> <span class='ocrx_word' id='word_1_320' title='bbox 3318 1535 3566 1608; x_wconf 81' lang='grc' dir='ltr'>παρόντα</span> <span class='ocrx_word' id='word_1_321' title='bbox 3596 1535 3862 1590; x_wconf 83' lang='grc' dir='ltr'>ἐσπουδα-</span> 
     </span>
    </p>
   </div>
   <div class='ocr_carea' id='block_1_46' title="bbox 2292 1627 3862 1699">
    <p class='ocr_par' dir='ltr' id='par_1_46' title="bbox 2292 1627 3862 1699">
     <span class='ocr_line' id='line_1_46' title="bbox 2292 1627 3862 1699; baseline 0.001 -21"><span class='ocrx_word' id='word_1_322' title='bbox 2292 1627 2448 1691; x_wconf 88' lang='grc' dir='ltr'>κότα,</span> <span class='ocrx_word' id='word_1_323' title='bbox 2483 1627 2552 1680; x_wconf 90' lang='grc' dir='ltr'><strong>τά</strong></span> <span class='ocrx_word' id='word_1_324' title='bbox 2597 1628 2786 1697; x_wconf 78' lang='grc' dir='ltr'>ῥέοντα</span> <span class='ocrx_word' id='word_1_325' title='bbox 2817 1630 2912 1682; x_wconf 74' lang='grc' dir='ltr'><strong>καὶ</strong></span> <span class='ocrx_word' id='word_1_326' title='bbox 2957 1628 3308 1699; x_wconf 78' lang='grc' dir='ltr'>φθειρόμενα,</span> <span class='ocrx_word' id='word_1_327' title='bbox 3355 1629 3579 1682; x_wconf 76' lang='grc' dir='ltr'>ἐκείνων</span> <span class='ocrx_word' id='word_1_328' title='bbox 3605 1629 3862 1681; x_wconf 77' lang='grc' dir='ltr'>ἐκπεσεῖν</span> 
     </span>
    </p>
   </div>
   <div class='ocr_carea' id='block_1_47' title="bbox 2295 1720 3860 1792">
    <p class='ocr_par' dir='ltr' id='par_1_47' title="bbox 2295 1720 3860 1792">
     <span class='ocr_line' id='line_1_47' title="bbox 2295 1720 3860 1792; baseline -0.001 -19"><span class='ocrx_word' id='word_1_329' title='bbox 2295 1721 2405 1774; x_wconf 86' lang='grc' dir='ltr'><strong>τῶν</strong></span> <span class='ocrx_word' id='word_1_330' title='bbox 2440 1722 2717 1792; x_wconf 82' lang='grc' dir='ltr'>μενόντων</span> <span class='ocrx_word' id='word_1_331' title='bbox 2751 1723 2845 1776; x_wconf 77' lang='grc' dir='ltr'>καὶ</span> <span class='ocrx_word' id='word_1_332' title='bbox 2865 1723 3076 1776; x_wconf 82' lang='grc' dir='ltr'>ἀϊδίων.</span> <span class='ocrx_word' id='word_1_333' title='bbox 3111 1741 3128 1772; x_wconf 80' lang='grc' dir='ltr'><strong>ι</strong></span> <span class='ocrx_word' id='word_1_334' title='bbox 3162 1722 3235 1773; x_wconf 84' lang='grc' dir='ltr'>Οὐ</span> <span class='ocrx_word' id='word_1_335' title='bbox 3260 1720 3493 1774; x_wconf 79' lang='grc' dir='ltr'>δύνασθε</span> <span class='ocrx_word' id='word_1_336' title='bbox 3526 1720 3657 1790; x_wconf 71' lang='grc' dir='ltr'>γὰρ,</span> <span class='ocrx_word' id='word_1_337' title='bbox 3707 1720 3860 1789; x_wconf 68' lang='grc' dir='ltr'>φησὶ,</span> 
     </span>
    </p>
   </div>
   <div class='ocr_carea' id='block_1_48' title="bbox 2296 1811 3863 1886">
    <p class='ocr_par' dir='ltr' id='par_1_48' title="bbox 2296 1811 3863 1886">
     <span class='ocr_line' id='line_1_48' title="bbox 2296 1811 3863 1886; baseline -0.003 -20"><span class='ocrx_word' id='word_1_338' title='bbox 2296 1814 2415 1883; x_wconf 84' lang='grc' dir='ltr'>Θεῷ</span> <span class='ocrx_word' id='word_1_339' title='bbox 2441 1813 2714 1867; x_wconf 83' lang='grc' dir='ltr'>δουλεύειν</span> <span class='ocrx_word' id='word_1_340' title='bbox 2746 1815 2840 1868; x_wconf 82' lang='grc' dir='ltr'>καὶ</span> <span class='ocrx_word' id='word_1_341' title='bbox 2876 1816 3175 1886; x_wconf 80' lang='grc' dir='ltr'>μαμμωνᾷ,</span> <span class='ocrx_word' id='word_1_342' title='bbox 3209 1833 3226 1864; x_wconf 81' lang='grc' dir='ltr'><strong>ι</strong></span> <span class='ocrx_word' id='word_1_343' title='bbox 3260 1815 3380 1868; x_wconf 77' lang='grc' dir='ltr'>ἀντὶ</span> <span class='ocrx_word' id='word_1_344' title='bbox 3405 1813 3520 1877; x_wconf 76' lang='grc' dir='ltr'>τοῦ,</span> <span class='ocrx_word' id='word_1_345' title='bbox 3548 1812 3606 1864; x_wconf 90' lang='grc' dir='ltr'><strong>οὐ</strong></span> <span class='ocrx_word' id='word_1_346' title='bbox 3635 1811 3863 1864; x_wconf 77' lang='grc' dir='ltr'>δύνασθε</span> 
     </span>
    </p>
   </div>
   <div class='ocr_carea' id='block_1_49' title="bbox 2296 1901 3866 1975">
    <p class='ocr_par' dir='ltr' id='par_1_49' title="bbox 2296 1901 3866 1975">
     <span class='ocr_line' id='line_1_49' title="bbox 2296 1901 3866 1975; baseline 0 -21"><span class='ocrx_word' id='word_1_347' title='bbox 2296 1901 2415 1971; x_wconf 84' lang='grc' dir='ltr'>Θεῷ</span> <span class='ocrx_word' id='word_1_348' title='bbox 2454 1902 2727 1956; x_wconf 78' lang='grc' dir='ltr'>δουλεύειν</span> <span class='ocrx_word' id='word_1_349' title='bbox 2770 1903 2866 1956; x_wconf 77' lang='grc' dir='ltr'><strong>καὶ</strong></span> <span class='ocrx_word' id='word_1_350' title='bbox 2895 1904 3100 1975; x_wconf 71' lang='grc' dir='ltr'>ἀδικίᾳ.</span> <span class='ocrx_word' id='word_1_351' title='bbox 3145 1905 3203 1956; x_wconf 89' lang='lat'><strong>&#39;0</strong></span> <span class='ocrx_word' id='word_1_352' title='bbox 3239 1904 3346 1971; x_wconf 86' lang='grc' dir='ltr'>γὰρ</span> <span class='ocrx_word' id='word_1_353' title='bbox 3392 1903 3483 1956; x_wconf 84' lang='grc' dir='ltr'><strong>τὸν</strong></span> <span class='ocrx_word' id='word_1_354' title='bbox 3511 1903 3604 1956; x_wconf 73' lang='grc' dir='ltr'><strong>ενα</strong></span> <span class='ocrx_word' id='word_1_355' title='bbox 3645 1903 3866 1972; x_wconf 73' lang='grc' dir='ltr'>ἀγαπήο</span> 
     </span>
    </p>
   </div>
   <div class='ocr_carea' id='block_1_50' title="bbox 2299 1993 3866 2064">
    <p class='ocr_par' dir='ltr' id='par_1_50' title="bbox 2299 1993 3866 2064">
     <span class='ocr_line' id='line_1_50' title="bbox 2299 1993 3866 2064; baseline -0.002 -18"><span class='ocrx_word' id='word_1_356' title='bbox 2299 2012 2396 2057; x_wconf 84' lang='grc' dir='ltr'><strong>σας</strong></span> <span class='ocrx_word' id='word_1_357' title='bbox 2439 1993 2732 2063; x_wconf 76' lang='grc' dir='ltr'>δεσπότην,</span> <span class='ocrx_word' id='word_1_358' title='bbox 2769 1995 2992 2064; x_wconf 80' lang='grc' dir='ltr'>μισήσει</span> <span class='ocrx_word' id='word_1_359' title='bbox 3037 1995 3256 2057; x_wconf 84' lang='grc' dir='ltr'>πάντως</span> <span class='ocrx_word' id='word_1_360' title='bbox 3299 1996 3393 2046; x_wconf 87' lang='grc' dir='ltr'><strong>τὸν</strong></span> <span class='ocrx_word' id='word_1_361' title='bbox 3443 1994 3653 2064; x_wconf 78' lang='grc' dir='ltr'>ἕτερον,</span> <span class='ocrx_word' id='word_1_362' title='bbox 3708 1993 3801 2045; x_wconf 73' lang='grc' dir='ltr'><strong>καὶ</strong></span> <span class='ocrx_word' id='word_1_363' title='bbox 3838 1994 3866 2044; x_wconf 87' lang='grc' dir='ltr'>ὁ</span> 
     </span>
    </p>
   </div>
   <div class='ocr_carea' id='block_1_51' title="bbox 2296 2083 3862 2156">
    <p class='ocr_par' dir='ltr' id='par_1_51' title="bbox 2296 2083 3862 2156">
     <span class='ocr_line' id='line_1_51' title="bbox 2296 2083 3862 2156; baseline 0 -18"><span class='ocrx_word' id='word_1_364' title='bbox 2296 2086 2389 2139; x_wconf 83' lang='grc' dir='ltr'>τοῦ</span> <span class='ocrx_word' id='word_1_365' title='bbox 2442 2086 2562 2149; x_wconf 83' lang='grc' dir='ltr'>ἐνὸς</span> <span class='ocrx_word' id='word_1_366' title='bbox 2613 2086 2999 2156; x_wconf 82' lang='grc' dir='ltr'>ἀντεχόμενος,</span> <span class='ocrx_word' id='word_1_367' title='bbox 3034 2085 3128 2138; x_wconf 78' lang='grc' dir='ltr'>τοῦ</span> <span class='ocrx_word' id='word_1_368' title='bbox 3186 2085 3378 2156; x_wconf 81' lang='grc' dir='ltr'>ἑτέρου</span> <span class='ocrx_word' id='word_1_369' title='bbox 3428 2083 3862 2154; x_wconf 69' lang='grc' dir='ltr'>καταφρονήσει.</span> 
     </span>
    </p>
   </div>
   <div class='ocr_carea' id='block_1_52' title="bbox 2297 2175 3867 2251">
    <p class='ocr_par' dir='ltr' id='par_1_52' title="bbox 2297 2175 3867 2251">
     <span class='ocr_line' id='line_1_52' title="bbox 2297 2175 3867 2251; baseline -0.002 -21"><span class='ocrx_word' id='word_1_370' title='bbox 2297 2178 2466 2232; x_wconf 82' lang='grc' dir='ltr'>Τοῦτο</span> <span class='ocrx_word' id='word_1_371' title='bbox 2493 2178 2586 2233; x_wconf 71' lang='grc' dir='ltr'><strong>καὶ</strong></span> <span class='ocrx_word' id='word_1_372' title='bbox 2616 2178 2753 2251; x_wconf 78' lang='grc' dir='ltr'>αὐτὴ</span> <span class='ocrx_word' id='word_1_373' title='bbox 2781 2180 2815 2251; x_wconf 89' lang='grc' dir='ltr'><strong>ή</strong></span> <span class='ocrx_word' id='word_1_374' title='bbox 2838 2179 2947 2232; x_wconf 85' lang='grc' dir='ltr'>τῶν</span> <span class='ocrx_word' id='word_1_375' title='bbox 2967 2178 3307 2248; x_wconf 80' lang='grc' dir='ltr'>πραγμάτων</span> <span class='ocrx_word' id='word_1_376' title='bbox 3331 2178 3498 2246; x_wconf 85' lang='grc' dir='ltr'>πεῖρα</span> <span class='ocrx_word' id='word_1_377' title='bbox 3521 2177 3640 2247; x_wconf 80' lang='grc' dir='ltr'>βοᾷ.</span> <span class='ocrx_word' id='word_1_378' title='bbox 3666 2177 3729 2228; x_wconf 81' lang='grc' dir='ltr'><strong>Οἱ</strong></span> <span class='ocrx_word' id='word_1_379' title='bbox 3757 2175 3867 2244; x_wconf 85' lang='grc' dir='ltr'><strong>γὰρ</strong></span> 
     </span>
    </p>
   </div>
   <div class='ocr_carea' id='block_1_53' title="bbox 2295 2262 3868 2341">
    <p class='ocr_par' dir='ltr' id='par_1_53' title="bbox 2295 2262 3868 2341">
     <span class='ocr_line' id='line_1_53' title="bbox 2295 2262 3868 2341; baseline -0.003 -19"><span class='ocrx_word' id='word_1_380' title='bbox 2295 2271 2394 2341; x_wconf 83' lang='grc' dir='ltr'>τῆς</span> <span class='ocrx_word' id='word_1_381' title='bbox 2421 2271 2527 2324; x_wconf 86' lang='grc' dir='ltr'><strong>τῶν</strong></span> <span class='ocrx_word' id='word_1_382' title='bbox 2550 2270 2852 2341; x_wconf 81' lang='grc' dir='ltr'>χρημάτων</span> <span class='ocrx_word' id='word_1_383' title='bbox 2877 2270 3174 2339; x_wconf 74' lang='grc' dir='ltr'>ἐπιθυμίας</span> <span class='ocrx_word' id='word_1_384' title='bbox 3198 2268 3697 2336; x_wconf 76' lang='grc' dir='ltr'>καταγελάσαντες,</span> <span class='ocrx_word' id='word_1_385' title='bbox 3719 2262 3868 2321; x_wconf 75' lang='grc' dir='ltr'>οὗτοί</span> 
     </span>
    </p>
   </div>
   <div class='ocr_carea' id='block_1_54' title="bbox 2296 2358 3873 2433">
    <p class='ocr_par' dir='ltr' id='par_1_54' title="bbox 2296 2358 3873 2433">
     <span class='ocr_line' id='line_1_54' title="bbox 2296 2358 3873 2433; baseline -0.003 -15"><span class='ocrx_word' id='word_1_386' title='bbox 2296 2366 2434 2418; x_wconf 75' lang='grc' dir='ltr'>εἰσιν</span> <span class='ocrx_word' id='word_1_387' title='bbox 2447 2365 2496 2417; x_wconf 77' lang='lat' dir='ltr'><strong>oi</strong></span> <span class='ocrx_word' id='word_1_388' title='bbox 2513 2363 2746 2433; x_wconf 87' lang='grc' dir='ltr'>μάλιστα</span> <span class='ocrx_word' id='word_1_389' title='bbox 2764 2362 2852 2417; x_wconf 90' lang='grc' dir='ltr'><strong>τὸν</strong></span> <span class='ocrx_word' id='word_1_390' title='bbox 2869 2363 2999 2417; x_wconf 88' lang='grc' dir='ltr'>Θεὸν</span> <span class='ocrx_word' id='word_1_391' title='bbox 3020 2364 3428 2431; x_wconf 84' lang='grc' dir='ltr'>ἀγαπήσαντες’</span> <span class='ocrx_word' id='word_1_392' title='bbox 3450 2360 3564 2413; x_wconf 82' lang='grc' dir='ltr'>οίδὲ</span> <span class='ocrx_word' id='word_1_393' title='bbox 3580 2358 3873 2413; x_wconf 84' lang='grc' dir='ltr'>δουλωθέν-</span> 
     </span>
    </p>
   </div>
   <div class='ocr_carea' id='block_1_55' title="bbox 2297 2452 3870 2526">
    <p class='ocr_par' dir='ltr' id='par_1_55' title="bbox 2297 2452 3870 2526">
     <span class='ocr_line' id='line_1_55' title="bbox 2297 2452 3870 2526; baseline -0.003 -15"><span class='ocrx_word' id='word_1_394' title='bbox 2297 2476 2386 2522; x_wconf 86' lang='grc' dir='ltr'><strong>τες</strong></span> <span class='ocrx_word' id='word_1_395' title='bbox 2415 2459 2618 2523; x_wconf 83' lang='grc' dir='ltr'>αὐτοῖς,</span> <span class='ocrx_word' id='word_1_396' title='bbox 2649 2452 2794 2511; x_wconf 68' lang='grc' dir='ltr'>οὗτοι</span> <span class='ocrx_word' id='word_1_397' title='bbox 2826 2457 3061 2526; x_wconf 88' lang='grc' dir='ltr'>μάλιστά</span> <span class='ocrx_word' id='word_1_398' title='bbox 3093 2457 3232 2510; x_wconf 73' lang='grc' dir='ltr'>εἰσιν</span> <span class='ocrx_word' id='word_1_399' title='bbox 3263 2458 3309 2508; x_wconf 82' lang='grc' dir='ltr'>οἱ</span> <span class='ocrx_word' id='word_1_400' title='bbox 3344 2454 3727 2526; x_wconf 76' lang='grc' dir='ltr'>ρᾳθυμοτέραν</span> <span class='ocrx_word' id='word_1_401' title='bbox 3768 2454 3870 2522; x_wconf 75' lang='grc' dir='ltr'>τὴν</span> 
     </span>
    </p>
   </div>
   <div class='ocr_carea' id='block_1_56' title="bbox 2297 2544 3866 2616">
    <p class='ocr_par' dir='ltr' id='par_1_56' title="bbox 2297 2544 3866 2616">
     <span class='ocr_line' id='line_1_56' title="bbox 2297 2544 3866 2616; baseline -0.001 -18"><span class='ocrx_word' id='word_1_402' title='bbox 2297 2547 2436 2616; x_wconf 90' lang='grc' dir='ltr'>πρὸς</span> <span class='ocrx_word' id='word_1_403' title='bbox 2465 2544 2598 2598; x_wconf 85' lang='grc' dir='ltr'>Θεὸν</span> <span class='ocrx_word' id='word_1_404' title='bbox 2626 2544 2864 2599; x_wconf 87' lang='grc' dir='ltr'>διάθεσιν</span> <span class='ocrx_word' id='word_1_405' title='bbox 2886 2547 3119 2616; x_wconf 72' lang='grc' dir='ltr'>ἔχοντες.</span> <span class='ocrx_word' id='word_1_406' title='bbox 3141 2546 3302 2616; x_wconf 81' lang='grc' dir='ltr'>Ψυχὴ</span> <span class='ocrx_word' id='word_1_407' title='bbox 3334 2548 3444 2616; x_wconf 76' lang='grc' dir='ltr'><strong>γάρ</strong></span> <span class='ocrx_word' id='word_1_408' title='bbox 3469 2545 3575 2598; x_wconf 84' lang='grc' dir='ltr'>ὑπὸ</span> <span class='ocrx_word' id='word_1_409' title='bbox 3598 2544 3866 2614; x_wconf 85' lang='grc' dir='ltr'>φιλοχρη-</span> 
     </span>
    </p>
   </div>
   <div class='ocr_carea' id='block_1_57' title="bbox 2300 2635 3872 2708">
    <p class='ocr_par' dir='ltr' id='par_1_57' title="bbox 2300 2635 3872 2708">
     <span class='ocr_line' id='line_1_57' title="bbox 2300 2635 3872 2708; baseline -0.001 -19"><span class='ocrx_word' id='word_1_410' title='bbox 2300 2638 2496 2706; x_wconf 78' lang='grc' dir='ltr'>ματίας</span> <span class='ocrx_word' id='word_1_411' title='bbox 2536 2638 2871 2708; x_wconf 83' lang='grc' dir='ltr'>κρατηθεῖσα</span> <span class='ocrx_word' id='word_1_412' title='bbox 2901 2638 3177 2702; x_wconf 77' lang='grc' dir='ltr'>καθάπαξ,</span> <span class='ocrx_word' id='word_1_413' title='bbox 3214 2637 3275 2690; x_wconf 89' lang='grc' dir='ltr'><strong>οὐ</strong></span> <span class='ocrx_word' id='word_1_414' title='bbox 3324 2637 3726 2705; x_wconf 79' lang='grc' dir='ltr'>παραιτήσεται</span> <span class='ocrx_word' id='word_1_415' title='bbox 3774 2635 3872 2688; x_wconf 81' lang='grc' dir='ltr'>καὶ</span> 
     </span>
    </p>
   </div>
   <div class='ocr_carea' id='block_1_58' title="bbox 2297 2725 3870 2801">
    <p class='ocr_par' dir='ltr' id='par_1_58' title="bbox 2297 2725 3870 2801">
     <span class='ocr_line' id='line_1_58' title="bbox 2297 2725 3870 2801; baseline -0.001 -21"><span class='ocrx_word' id='word_1_416' title='bbox 2297 2727 2501 2799; x_wconf 80' lang='grc' dir='ltr'>πρᾶξαί</span> <span class='ocrx_word' id='word_1_417' title='bbox 2522 2747 2572 2782; x_wconf 88' lang='grc' dir='ltr'><strong>τι</strong></span> <span class='ocrx_word' id='word_1_418' title='bbox 2598 2731 2689 2783; x_wconf 79' lang='grc' dir='ltr'>καὶ</span> <span class='ocrx_word' id='word_1_419' title='bbox 2710 2731 2884 2784; x_wconf 84' lang='grc' dir='ltr'>εἰπεῖν</span> <span class='ocrx_word' id='word_1_420' title='bbox 2909 2725 3017 2783; x_wconf 69' lang='grc' dir='ltr'><strong>τῶν</strong></span> <span class='ocrx_word' id='word_1_421' title='bbox 3046 2729 3460 2801; x_wconf 78' lang='grc' dir='ltr'>παροξυνόντων</span> <span class='ocrx_word' id='word_1_422' title='bbox 3477 2729 3610 2782; x_wconf 79' lang='grc' dir='ltr'>Θεόν</span> <span class='ocrx_word' id='word_1_423' title='bbox 3633 2746 3648 2760; x_wconf 79' lang='grc'><em>’</em></span> <span class='ocrx_word' id='word_1_424' title='bbox 3681 2727 3870 2797; x_wconf 74' lang='grc' dir='ltr'>ἐτέρου</span> 
     </span>
    </p>
   </div>
   <div class='ocr_carea' id='block_1_59' title="bbox 2297 2820 3870 2894">
    <p class='ocr_par' dir='ltr' id='par_1_59' title="bbox 2297 2820 3870 2894">
     <span class='ocr_line' id='line_1_59' title="bbox 2297 2820 3870 2894; baseline -0.001 -20"><span class='ocrx_word' id='word_1_425' title='bbox 2297 2823 2406 2891; x_wconf 87' lang='grc' dir='ltr'>γὰρ</span> <span class='ocrx_word' id='word_1_426' title='bbox 2431 2822 2692 2876; x_wconf 85' lang='grc' dir='ltr'>δεσπότου</span> <span class='ocrx_word' id='word_1_427' title='bbox 2727 2822 2937 2891; x_wconf 83' lang='grc' dir='ltr'>γίνεται</span> <span class='ocrx_word' id='word_1_428' title='bbox 2965 2823 3148 2894; x_wconf 77' lang='grc' dir='ltr'>δούλη,</span> <span class='ocrx_word' id='word_1_429' title='bbox 3169 2823 3262 2876; x_wconf 82' lang='grc' dir='ltr'>τοῦ</span> <span class='ocrx_word' id='word_1_430' title='bbox 3281 2823 3563 2892; x_wconf 77' lang='grc' dir='ltr'>μαμμωνᾶ</span> <span class='ocrx_word' id='word_1_431' title='bbox 3601 2820 3870 2893; x_wconf 79' lang='grc' dir='ltr'>δηλονότι.</span> 
     </span>
    </p>
   </div>
   <div class='ocr_carea' id='block_1_60' title="bbox 2295 2914 3870 2986">
    <p class='ocr_par' dir='ltr' id='par_1_60' title="bbox 2295 2914 3870 2986">
     <span class='ocr_line' id='line_1_60' title="bbox 2295 2914 3870 2986; baseline 0 -18"><span class='ocrx_word' id='word_1_432' title='bbox 2295 2917 2386 2969; x_wconf 80' lang='grc' dir='ltr'>τοῦ</span> <span class='ocrx_word' id='word_1_433' title='bbox 2408 2916 2582 2972; x_wconf 82' lang='grc' dir='ltr'>πάντα</span> <span class='ocrx_word' id='word_1_434' title='bbox 2595 2915 2922 2980; x_wconf 87' lang='grc' dir='ltr'>ἀπεναντίας</span> <span class='ocrx_word' id='word_1_435' title='bbox 2943 2917 3321 2979; x_wconf 78' lang='grc' dir='ltr'>ἐπιτάττοντος</span> <span class='ocrx_word' id='word_1_436' title='bbox 3343 2914 3420 2986; x_wconf 83' lang='grc' dir='ltr'>τῷ</span> <span class='ocrx_word' id='word_1_437' title='bbox 3432 2914 3570 2984; x_wconf 66' lang='grc' dir='ltr'>Θειῖν</span> <span class='ocrx_word' id='word_1_438' title='bbox 3594 2917 3620 2968; x_wconf 85' lang='grc' dir='ltr'>ὁ</span> <span class='ocrx_word' id='word_1_439' title='bbox 3643 2914 3741 2985; x_wconf 80' lang='grc' dir='ltr'>μὲν</span> <span class='ocrx_word' id='word_1_440' title='bbox 3761 2915 3870 2983; x_wconf 78' lang='grc' dir='ltr'>γὰρ</span> 
     </span>
    </p>
   </div>
   <div class='ocr_carea' id='block_1_61' title="bbox 2298 3005 3869 3082">
    <p class='ocr_par' dir='ltr' id='par_1_61' title="bbox 2298 3005 3869 3082">
     <span class='ocr_line' id='line_1_61' title="bbox 2298 3005 3869 3082; baseline -0.002 -21"><span class='ocrx_word' id='word_1_441' title='bbox 2298 3009 2507 3072; x_wconf 79' lang='grc' dir='ltr'>πάντας</span> <span class='ocrx_word' id='word_1_442' title='bbox 2529 3007 2853 3077; x_wconf 76' lang='grc' dir='ltr'>ἀνθρώπους</span> <span class='ocrx_word' id='word_1_443' title='bbox 2878 3009 3211 3082; x_wconf 78' lang='grc' dir='ltr'>προστάσσει</span> <span class='ocrx_word' id='word_1_444' title='bbox 3238 3008 3503 3077; x_wconf 78' lang='grc' dir='ltr'>ἀλλήλους</span> <span class='ocrx_word' id='word_1_445' title='bbox 3519 3005 3869 3070; x_wconf 78' lang='grc' dir='ltr'>ἀσπάζεσθαι</span> 
     </span>
    </p>
   </div>
   <div class='ocr_carea' id='block_1_62' title="bbox 610 3096 2190 3182">
    <p class='ocr_par' dir='ltr' id='par_1_62' title="bbox 610 3096 2190 3169">
     <span class='ocr_line' id='line_1_62' title="bbox 610 3096 2190 3169; baseline 0.001 -17"><span class='ocrx_word' id='word_1_446' title='bbox 610 3111 706 3153; x_wconf 84' lang='lat' dir='ltr'><strong>eos</strong></span> <span class='ocrx_word' id='word_1_447' title='bbox 756 3096 920 3150; x_wconf 87' lang='lat' dir='ltr'><strong>nimia</strong></span> <span class='ocrx_word' id='word_1_448' title='bbox 989 3112 1047 3151; x_wconf 88' lang='lat' dir='ltr'><strong>se</strong></span> <span class='ocrx_word' id='word_1_449' title='bbox 1105 3107 1158 3151; x_wconf 86' lang='lat' dir='ltr'><strong>et</strong></span> <span class='ocrx_word' id='word_1_450' title='bbox 1203 3097 1380 3151; x_wconf 88' lang='lat' dir='ltr'><strong>inutili</strong></span> <span class='ocrx_word' id='word_1_451' title='bbox 1435 3099 1766 3167; x_wconf 83' lang='lat' dir='ltr'><strong>cogitatione</strong></span> <span class='ocrx_word' id='word_1_452' title='bbox 1832 3099 2090 3169; x_wconf 81' lang='lat' dir='ltr'><strong>expedire</strong></span> <span class='ocrx_word' id='word_1_453' title='bbox 2141 3107 2190 3154; x_wconf 88' lang='lat' dir='ltr'><strong>et</strong></span> 
     </span>
    </p>
   </div>
   <div class='ocr_carea' id='block_1_63' title="bbox 2295 3096 3872 3182">
    <p class='ocr_par' dir='ltr' id='par_1_63' title="bbox 2297 3097 3872 3172">
     <span class='ocr_line' id='line_1_63' title="bbox 2297 3097 3872 3172; baseline -0.002 -19"><span class='ocrx_word' id='word_1_454' title='bbox 2297 3099 2391 3153; x_wconf 72' lang='grc' dir='ltr'>καὶ</span> <span class='ocrx_word' id='word_1_455' title='bbox 2442 3099 2647 3167; x_wconf 75' lang='grc' dir='ltr'>φιλεῖνο</span> <span class='ocrx_word' id='word_1_456' title='bbox 2677 3101 2705 3153; x_wconf 82' lang='grc' dir='ltr'><strong>ό</strong></span> <span class='ocrx_word' id='word_1_457' title='bbox 2754 3100 2812 3153; x_wconf 82' lang='grc' dir='ltr'>δὲ</span> <span class='ocrx_word' id='word_1_458' title='bbox 2845 3103 3156 3171; x_wconf 76' lang='grc' dir='ltr'>μαμμωνᾶς</span> <span class='ocrx_word' id='word_1_459' title='bbox 3205 3100 3432 3172; x_wconf 77' lang='grc' dir='ltr'>ἐχθροὺς</span> <span class='ocrx_word' id='word_1_460' title='bbox 3479 3097 3689 3152; x_wconf 83' lang='grc' dir='ltr'>κελεύει</span> <span class='ocrx_word' id='word_1_461' title='bbox 3745 3099 3872 3161; x_wconf 75' lang='grc' dir='ltr'>τοὺς</span> 
     </span>
    </p>
   </div>
   <div class='ocr_carea' id='block_1_64' title="bbox 609 3190 2189 3261">
    <p class='ocr_par' dir='ltr' id='par_1_64' title="bbox 609 3190 2189 3261">
     <span class='ocr_line' id='line_1_64' title="bbox 609 3190 2189 3261; baseline 0 -15"><span class='ocrx_word' id='word_1_462' title='bbox 609 3190 844 3246; x_wconf 83' lang='lat' dir='ltr'><strong>liberare</strong></span> <span class='ocrx_word' id='word_1_463' title='bbox 881 3191 1052 3260; x_wconf 81' lang='lat' dir='ltr'><strong>jubet,</strong></span> <span class='ocrx_word' id='word_1_464' title='bbox 1111 3205 1208 3245; x_wconf 88' lang='lat' dir='ltr'><strong>eos</strong></span> <span class='ocrx_word' id='word_1_465' title='bbox 1257 3202 1434 3242; x_wconf 81' lang='lat' dir='ltr'><strong>autem</strong></span> <span class='ocrx_word' id='word_1_466' title='bbox 1467 3191 1578 3244; x_wconf 89' lang='lat' dir='ltr'><strong>vult</strong></span> <span class='ocrx_word' id='word_1_467' title='bbox 1609 3191 1866 3261; x_wconf 83' lang='lat' dir='ltr'><strong>colligere</strong></span> <span class='ocrx_word' id='word_1_468' title='bbox 1902 3191 2189 3246; x_wconf 85' lang='lat' dir='ltr'><strong>thesauros</strong></span> 
     </span>
    </p>
   </div>
   <div class='ocr_carea' id='block_1_65' title="bbox 609 3281 2186 3354">
    <p class='ocr_par' dir='ltr' id='par_1_65' title="bbox 609 3281 2186 3354">
     <span class='ocr_line' id='line_1_65' title="bbox 609 3281 2186 3354; baseline -0.001 -16"><span class='ocrx_word' id='word_1_469' title='bbox 609 3282 664 3338; x_wconf 88' lang='lat' dir='ltr'><strong>in</strong></span> <span class='ocrx_word' id='word_1_470' title='bbox 729 3284 898 3350; x_wconf 75' lang='lat' dir='ltr'><strong>cmiis,</strong></span> <span class='ocrx_word' id='word_1_471' title='bbox 956 3299 1063 3338; x_wconf 92' lang='lat' dir='ltr'><strong>non</strong></span> <span class='ocrx_word' id='word_1_472' title='bbox 1133 3299 1206 3339; x_wconf 70' lang='lat' dir='ltr'><strong>ex</strong></span> <span class='ocrx_word' id='word_1_473' title='bbox 1255 3285 1518 3353; x_wconf 65' lang='lat' dir='ltr'><strong>injustitia</strong></span> <span class='ocrx_word' id='word_1_474' title='bbox 1591 3298 1716 3354; x_wconf 88' lang='lat' dir='ltr'><strong>erga</strong></span> <span class='ocrx_word' id='word_1_475' title='bbox 1793 3281 1947 3348; x_wconf 89' lang='lat' dir='ltr'><strong>alios,</strong></span> <span class='ocrx_word' id='word_1_476' title='bbox 2005 3282 2096 3338; x_wconf 84' lang='lat' dir='ltr'><strong>sed</strong></span> <span class='ocrx_word' id='word_1_477' title='bbox 2120 3298 2186 3338; x_wconf 74' lang='lat' dir='ltr'><strong>ex</strong></span> 
     </span>
    </p>
   </div>
   <div class='ocr_carea' id='block_1_66' title="bbox 607 3378 1096 3448">
    <p class='ocr_par' dir='ltr' id='par_1_66' title="bbox 607 3378 1096 3448">
     <span class='ocr_line' id='line_1_66' title="bbox 607 3378 1096 3448; baseline 0.006 -17"><span class='ocrx_word' id='word_1_478' title='bbox 607 3378 826 3448; x_wconf 82' lang='lat' dir='ltr'><strong>propria</strong></span> <span class='ocrx_word' id='word_1_479' title='bbox 863 3379 1096 3445; x_wconf 85' lang='lat' dir='ltr'><strong>justitia.</strong></span> 
     </span>
    </p>
   </div>
   <div class='ocr_carea' id='block_1_67' title="bbox 2297 3190 3872 3264">
    <p class='ocr_par' dir='ltr' id='par_1_67' title="bbox 2297 3190 3872 3264">
     <span class='ocr_line' id='line_1_67' title="bbox 2297 3190 3872 3264; baseline 0.003 -17"><span class='ocrx_word' id='word_1_480' title='bbox 2297 3193 2444 3261; x_wconf 81' lang='grc' dir='ltr'>αὐτῷ</span> <span class='ocrx_word' id='word_1_481' title='bbox 2494 3193 2928 3264; x_wconf 82' lang='grc' dir='ltr'>προσκειμένους</span> <span class='ocrx_word' id='word_1_482' title='bbox 2963 3193 3096 3246; x_wconf 79' lang='grc' dir='ltr'>πᾶσι</span> <span class='ocrx_word' id='word_1_483' title='bbox 3148 3192 3414 3260; x_wconf 81' lang='grc' dir='ltr'>γίνεσθαι.</span> <span class='ocrx_word' id='word_1_484' title='bbox 3465 3190 3523 3244; x_wconf 89' lang='grc' dir='ltr'><strong>Ὀ</strong></span> <span class='ocrx_word' id='word_1_485' title='bbox 3556 3190 3872 3260; x_wconf 75' lang='grc' dir='ltr'>μαμμωνᾶς</span> 
     </span>
    </p>
   </div>
   <div class='ocr_carea' id='block_1_68' title="bbox 2292 3282 3872 3354">
    <p class='ocr_par' dir='ltr' id='par_1_68' title="bbox 2292 3282 3872 3354">
     <span class='ocr_line' id='line_1_68' title="bbox 2292 3282 3872 3354; baseline -0.003 -16"><span class='ocrx_word' id='word_1_486' title='bbox 2292 3286 2419 3348; x_wconf 82' lang='grc' dir='ltr'>τοὺς</span> <span class='ocrx_word' id='word_1_487' title='bbox 2458 3285 2621 3338; x_wconf 86' lang='grc' dir='ltr'>αὐτὸν</span> <span class='ocrx_word' id='word_1_488' title='bbox 2656 3284 2989 3352; x_wconf 84' lang='grc' dir='ltr'>ἀγαπῶντας</span> <span class='ocrx_word' id='word_1_489' title='bbox 3016 3282 3094 3354; x_wconf 80' lang='grc' dir='ltr'>τῷ</span> <span class='ocrx_word' id='word_1_490' title='bbox 3135 3285 3311 3354; x_wconf 84' lang='grc' dir='ltr'>πηλῷ.</span> <span class='ocrx_word' id='word_1_491' title='bbox 3334 3285 3425 3336; x_wconf 66' lang='grc' dir='ltr'>καὶ</span> <span class='ocrx_word' id='word_1_492' title='bbox 3473 3286 3540 3353; x_wconf 83' lang='grc' dir='ltr'>τῇ</span> <span class='ocrx_word' id='word_1_493' title='bbox 3572 3282 3872 3352; x_wconf 72' lang='grc' dir='ltr'>(54)στλιν-</span> 
     </span>
    </p>
   </div>
   <div class='ocr_carea' id='block_1_69' title="bbox 2294 3373 3872 3449">
    <p class='ocr_par' dir='ltr' id='par_1_69' title="bbox 2294 3373 3872 3449">
     <span class='ocr_line' id='line_1_69' title="bbox 2294 3373 3872 3449; baseline -0.003 -18"><span class='ocrx_word' id='word_1_494' title='bbox 2294 3377 2415 3447; x_wconf 81' lang='grc' dir='ltr'>θείᾳ</span> <span class='ocrx_word' id='word_1_495' title='bbox 2458 3378 2823 3448; x_wconf 82' lang='grc' dir='ltr'>προσηλώσας</span> <span class='ocrx_word' id='word_1_496' title='bbox 2855 3377 3040 3448; x_wconf 80' lang='grc' dir='ltr'>(τοῦτο</span> <span class='ocrx_word' id='word_1_497' title='bbox 3075 3377 3185 3449; x_wconf 86' lang='grc' dir='ltr'><strong>γάρ</strong></span> <span class='ocrx_word' id='word_1_498' title='bbox 3215 3379 3362 3443; x_wconf 79' lang='grc' dir='ltr'>ἐστιν</span> <span class='ocrx_word' id='word_1_499' title='bbox 3390 3381 3417 3430; x_wconf 88' lang='grc' dir='ltr'>ὀ</span> <span class='ocrx_word' id='word_1_500' title='bbox 3453 3375 3676 3446; x_wconf 82' lang='grc' dir='ltr'>χρυσὸς)</span> <span class='ocrx_word' id='word_1_501' title='bbox 3707 3393 3719 3405; x_wconf 92' lang='grc'><strong>·</strong></span> <span class='ocrx_word' id='word_1_502' title='bbox 3748 3373 3872 3427; x_wconf 81' lang='grc' dir='ltr'>οὐδὲ</span> 
     </span>
    </p>
   </div>
   <div class='ocr_carea' id='block_1_70' title="bbox 608 3468 3873 3547">
    <p class='ocr_par' dir='ltr' id='par_1_70' title="bbox 608 3468 3873 3547">
     <span class='ocr_line' id='line_1_70' title="bbox 608 3468 3873 3547; baseline -0.003 -18"><span class='ocrx_word' id='word_1_503' title='bbox 608 3475 708 3537; x_wconf 73' lang='grc' dir='ltr'><strong>τὰς</strong></span> <span class='ocrx_word' id='word_1_504' title='bbox 739 3476 942 3538; x_wconf 73' lang='grc' dir='ltr'>νύκτας</span> <span class='ocrx_word' id='word_1_505' title='bbox 987 3475 1215 3544; x_wconf 73' lang='grc' dir='ltr'>ἀφίησιν</span> <span class='ocrx_word' id='word_1_506' title='bbox 1262 3475 1662 3528; x_wconf 76' lang='grc' dir='ltr'>ἀναπαύεσθαι.</span> <span class='ocrx_word' id='word_1_507' title='bbox 1708 3475 1769 3530; x_wconf 87' lang='grc' dir='ltr'>Ὀ</span> <span class='ocrx_word' id='word_1_508' title='bbox 1817 3475 1874 3526; x_wconf 69' lang='grc' dir='ltr'>δὲ</span> <span class='ocrx_word' id='word_1_509' title='bbox 1917 3476 2050 3540; x_wconf 89' lang='grc' dir='ltr'>Θεὸς</span> <span class='ocrx_word' id='word_1_510' title='bbox 2087 3477 2184 3547; x_wconf 84' lang='grc' dir='ltr'>τῆς</span> <span class='ocrx_word' id='word_1_511' title='bbox 2229 3475 2331 3546; x_wconf 83' lang='grc' dir='ltr'>μὲν</span> <span class='ocrx_word' id='word_1_512' title='bbox 2383 3475 2646 3544; x_wconf 79' lang='grc' dir='ltr'>περιττῆς</span> <span class='ocrx_word' id='word_1_513' title='bbox 2665 3475 2760 3528; x_wconf 73' lang='grc' dir='ltr'>καὶ</span> <span class='ocrx_word' id='word_1_514' title='bbox 2826 3475 3088 3545; x_wconf 79' lang='grc' dir='ltr'>ἀνονήτου</span> <span class='ocrx_word' id='word_1_515' title='bbox 3121 3473 3399 3545; x_wconf 71' lang='grc' dir='ltr'>φροντίδος</span> <span class='ocrx_word' id='word_1_516' title='bbox 3428 3468 3873 3525; x_wconf 75' lang='grc' dir='ltr'>ἀπαλλάττεσθαι</span> 
     </span>
    </p>
   </div>
   <div class='ocr_carea' id='block_1_71' title="bbox 611 3566 3874 3641">
    <p class='ocr_par' dir='ltr' id='par_1_71' title="bbox 611 3566 3874 3641">
     <span class='ocr_line' id='line_1_71' title="bbox 611 3566 3874 3641; baseline -0.002 -18"><span class='ocrx_word' id='word_1_517' title='bbox 611 3570 707 3623; x_wconf 77' lang='grc' dir='ltr'>καὶ</span> <span class='ocrx_word' id='word_1_518' title='bbox 768 3570 1188 3639; x_wconf 81' lang='grc' dir='ltr'>ἐλευθεροῦσθαι</span> <span class='ocrx_word' id='word_1_519' title='bbox 1241 3570 1476 3634; x_wconf 80' lang='grc' dir='ltr'>κελεύει,</span> <span class='ocrx_word' id='word_1_520' title='bbox 1529 3571 1784 3639; x_wconf 82' lang='grc' dir='ltr'>συνάγειν</span> <span class='ocrx_word' id='word_1_521' title='bbox 1832 3570 1888 3623; x_wconf 84' lang='grc' dir='ltr'>δὲ</span> <span class='ocrx_word' id='word_1_522' title='bbox 1938 3569 2189 3641; x_wconf 84' lang='grc' dir='ltr'>βούλεται</span> <span class='ocrx_word' id='word_1_523' title='bbox 2260 3570 2570 3641; x_wconf 74' lang='grc' dir='ltr'>θησαυροὺς</span> <span class='ocrx_word' id='word_1_524' title='bbox 2628 3572 2687 3622; x_wconf 87' lang='grc' dir='ltr'>ὲν</span> <span class='ocrx_word' id='word_1_525' title='bbox 2739 3570 3015 3640; x_wconf 77' lang='grc' dir='ltr'>οὐρανοῖς,</span> <span class='ocrx_word' id='word_1_526' title='bbox 3070 3571 3169 3622; x_wconf 81' lang='grc' dir='ltr'><strong>οὐκ</strong></span> <span class='ocrx_word' id='word_1_527' title='bbox 3227 3571 3288 3622; x_wconf 78' lang='grc' dir='ltr'><strong>ἐκ</strong></span> <span class='ocrx_word' id='word_1_528' title='bbox 3339 3569 3435 3638; x_wconf 78' lang='grc' dir='ltr'>τῆς</span> <span class='ocrx_word' id='word_1_529' title='bbox 3494 3570 3576 3630; x_wconf 85' lang='grc' dir='ltr'><strong>είς</strong></span> <span class='ocrx_word' id='word_1_530' title='bbox 3647 3566 3874 3636; x_wconf 82' lang='grc' dir='ltr'>ἑτέρους</span> 
     </span>
    </p>
   </div>
   <div class='ocr_carea' id='block_1_72' title="bbox 611 3664 1876 3737">
    <p class='ocr_par' dir='ltr' id='par_1_72' title="bbox 611 3664 1876 3737">
     <span class='ocr_line' id='line_1_72' title="bbox 611 3664 1876 3737; baseline 0.004 -20"><span class='ocrx_word' id='word_1_531' title='bbox 611 3664 852 3728; x_wconf 81' lang='grc' dir='ltr'>ἀδικίας,</span> <span class='ocrx_word' id='word_1_532' title='bbox 891 3665 1005 3720; x_wconf 82' lang='grc' dir='ltr'>ἀλλ’</span> <span class='ocrx_word' id='word_1_533' title='bbox 1036 3667 1100 3719; x_wconf 80' lang='grc' dir='ltr'><strong>ἐκ</strong></span> <span class='ocrx_word' id='word_1_534' title='bbox 1136 3667 1234 3735; x_wconf 74' lang='grc' dir='ltr'>τῆς</span> <span class='ocrx_word' id='word_1_535' title='bbox 1267 3668 1475 3729; x_wconf 69' lang='grc' dir='ltr'>οἰκείας</span> <span class='ocrx_word' id='word_1_536' title='bbox 1506 3667 1876 3737; x_wconf 74' lang='grc' dir='ltr'>δικαιοσύνης.</span> 
     </span>
    </p>
   </div>
   <div class='ocr_carea' id='block_1_73' title="bbox 685 3763 2195 3830">
    <p class='ocr_par' dir='ltr' id='par_1_73' title="bbox 685 3763 2195 3830">
     <span class='ocr_line' id='line_1_73' title="bbox 685 3763 2195 3830; baseline 0.003 -14"><span class='ocrx_word' id='word_1_537' title='bbox 685 3763 750 3816; x_wconf 88' lang='lat' dir='ltr'><strong>Et</strong></span> <span class='ocrx_word' id='word_1_538' title='bbox 790 3765 1049 3826; x_wconf 84' lang='lat' dir='ltr'><strong>quoniam.</strong></span> <span class='ocrx_word' id='word_1_539' title='bbox 1088 3765 1200 3819; x_wconf 69' lang='lat' dir='ltr'><strong>haec.</strong></span> <span class='ocrx_word' id='word_1_540' title='bbox 1232 3765 1304 3818; x_wconf 89' lang='lat' dir='ltr'><strong>ita</strong></span> <span class='ocrx_word' id='word_1_541' title='bbox 1337 3781 1394 3817; x_wconf 80' lang='lat' dir='ltr'><strong>se</strong></span> <span class='ocrx_word' id='word_1_542' title='bbox 1428 3765 1647 3830; x_wconf 78' lang='lat' dir='ltr'><strong>habent,</strong></span> <span class='ocrx_word' id='word_1_543' title='bbox 1677 3765 1891 3830; x_wconf 72' lang='lat' dir='ltr'><strong>fratres,</strong></span> <span class='ocrx_word' id='word_1_544' title='bbox 1920 3768 2195 3820; x_wconf 83' lang='lat' dir='ltr'><strong>abrenun-</strong></span> 
     </span>
    </p>
   </div>
   <div class='ocr_carea' id='block_1_74' title="bbox 616 3855 2193 3926">
    <p class='ocr_par' dir='ltr' id='par_1_74' title="bbox 616 3855 2193 3926">
     <span class='ocr_line' id='line_1_74' title="bbox 616 3855 2193 3926; baseline 0.003 -19"><span class='ocrx_word' id='word_1_545' title='bbox 616 3855 814 3910; x_wconf 90' lang='lat' dir='ltr'><strong>ticmus</strong></span> <span class='ocrx_word' id='word_1_546' title='bbox 861 3856 1170 3910; x_wconf 79' lang='lat' dir='ltr'><strong>divitiarum</strong></span> <span class='ocrx_word' id='word_1_547' title='bbox 1201 3857 1499 3924; x_wconf 78' lang='lat' dir='ltr'><strong>cupiditati.</strong></span> <span class='ocrx_word' id='word_1_548' title='bbox 1551 3857 1873 3926; x_wconf 81' lang='lat' dir='ltr'><strong>Quicunque</strong></span> <span class='ocrx_word' id='word_1_549' title='bbox 1920 3860 2063 3913; x_wconf 87' lang='lat' dir='ltr'><strong>enim</strong></span> <span class='ocrx_word' id='word_1_550' title='bbox 2105 3859 2193 3912; x_wconf 88' lang='lat' dir='ltr'><strong>illa</strong></span> 
     </span>
    </p>
   </div>
   <div class='ocr_carea' id='block_1_75' title="bbox 615 3948 2200 4020">
    <p class='ocr_par' dir='ltr' id='par_1_75' title="bbox 615 3948 2200 4020">
     <span class='ocr_line' id='line_1_75' title="bbox 615 3948 2200 4020; baseline 0.001 -19"><span class='ocrx_word' id='word_1_551' title='bbox 615 3948 823 4002; x_wconf 84' lang='lat' dir='ltr'><strong>subacti</strong></span> <span class='ocrx_word' id='word_1_552' title='bbox 885 3958 1033 4011; x_wconf 89' lang='lat' dir='ltr'><strong>sunt,</strong></span> <span class='ocrx_word' id='word_1_553' title='bbox 1097 3964 1192 4002; x_wconf 88' lang='lat' dir='ltr'><strong>eos</strong></span> <span class='ocrx_word' id='word_1_554' title='bbox 1233 3949 1301 4002; x_wconf 89' lang='lat' dir='ltr'><strong>ab</strong></span> <span class='ocrx_word' id='word_1_555' title='bbox 1365 3951 1616 4004; x_wconf 84' lang='lat' dir='ltr'><strong>omnibus</strong></span> <span class='ocrx_word' id='word_1_556' title='bbox 1663 3950 1782 4006; x_wconf 82' lang='lat' dir='ltr'><strong>aliis</strong></span> <span class='ocrx_word' id='word_1_557' title='bbox 1841 3949 2094 4020; x_wconf 83' lang='lat' dir='ltr'><strong>sejungit,</strong></span> <span class='ocrx_word' id='word_1_558' title='bbox 2146 3961 2200 4003; x_wconf 82' lang='lat' dir='ltr'><strong>et</strong></span> 
     </span>
    </p>
   </div>
   <div class='ocr_carea' id='block_1_76' title="bbox 616 4037 2199 4111">
    <p class='ocr_par' dir='ltr' id='par_1_76' title="bbox 616 4037 2199 4111">
     <span class='ocr_line' id='line_1_76' title="bbox 616 4037 2199 4111; baseline 0.004 -22"><span class='ocrx_word' id='word_1_559' title='bbox 616 4037 718 4089; x_wconf 91' lang='lat' dir='ltr'><strong>sibi</strong></span> <span class='ocrx_word' id='word_1_560' title='bbox 756 4038 855 4105; x_wconf 90' lang='lat' dir='ltr'><strong>ipsi</strong></span> <span class='ocrx_word' id='word_1_561' title='bbox 885 4053 1070 4093; x_wconf 84' lang='lat' dir='ltr'><strong>servos</strong></span> <span class='ocrx_word' id='word_1_562' title='bbox 1105 4039 1250 4094; x_wconf 71' lang='lat' dir='ltr'><strong>facit.</strong></span> <span class='ocrx_word' id='word_1_563' title='bbox 1277 4038 1393 4107; x_wconf 85' lang='lat' dir='ltr'><strong>Ipsa</strong></span> <span class='ocrx_word' id='word_1_564' title='bbox 1437 4044 1578 4096; x_wconf 82' lang='lat' dir='ltr'><strong>enim</strong></span> <span class='ocrx_word' id='word_1_565' title='bbox 1614 4041 1760 4095; x_wconf 80' lang='lat' dir='ltr'><strong>Giczi</strong></span> <span class='ocrx_word' id='word_1_566' title='bbox 1799 4042 2069 4110; x_wconf 83' lang='lat' dir='ltr'><strong>leprosum</strong></span> <span class='ocrx_word' id='word_1_567' title='bbox 2101 4057 2199 4111; x_wconf 90' lang='lat' dir='ltr'><strong>pro</strong></span> 
     </span>
    </p>
   </div>
   <div class='ocr_carea' id='block_1_77' title="bbox 617 4131 2190 4202">
    <p class='ocr_par' dir='ltr' id='par_1_77' title="bbox 617 4131 2190 4202">
     <span class='ocr_line' id='line_1_77' title="bbox 617 4131 2190 4202; baseline 0.007 -24"><span class='ocrx_word' id='word_1_568' title='bbox 617 4131 884 4200; x_wconf 89' lang='lat' dir='ltr'><strong>discipulo</strong></span> <span class='ocrx_word' id='word_1_569' title='bbox 933 4141 987 4185; x_wconf 89' lang='lat' dir='ltr'><strong>et</strong></span> <span class='ocrx_word' id='word_1_570' title='bbox 1036 4132 1300 4200; x_wconf 87' lang='lat' dir='ltr'><strong>pr0pheta</strong></span> <span class='ocrx_word' id='word_1_571' title='bbox 1348 4133 1616 4196; x_wconf 78' lang='lat' dir='ltr'><strong>ostendit;</strong></span> <span class='ocrx_word' id='word_1_572' title='bbox 1673 4135 1787 4202; x_wconf 84' lang='lat' dir='ltr'><strong>ipsa</strong></span> <span class='ocrx_word' id='word_1_573' title='bbox 1823 4135 2090 4188; x_wconf 83' lang='lat' dir='ltr'><strong>Ananiam</strong></span> <span class='ocrx_word' id='word_1_574' title='bbox 2135 4145 2190 4189; x_wconf 88' lang='lat' dir='ltr'><strong>et</strong></span> 
     </span>
    </p>
   </div>
   <div class='ocr_carea' id='block_1_78' title="bbox 620 4223 2186 4294">
    <p class='ocr_par' dir='ltr' id='par_1_78' title="bbox 620 4223 2186 4294">
     <span class='ocr_line' id='line_1_78' title="bbox 620 4223 2186 4294; baseline 0.002 -18"><span class='ocrx_word' id='word_1_575' title='bbox 620 4223 920 4293; x_wconf 82' lang='lat' dir='ltr'><strong>Saphyram</strong></span> <span class='ocrx_word' id='word_1_576' title='bbox 939 4225 1099 4278; x_wconf 82' lang='lat' dir='ltr'><strong>morti</strong></span> <span class='ocrx_word' id='word_1_577' title='bbox 1132 4225 1386 4290; x_wconf 77' lang='lat' dir='ltr'><strong>tradidit;</strong></span> <span class='ocrx_word' id='word_1_578' title='bbox 1420 4225 1962 4294; x_wconf 58' lang='lat' dir='ltr'><strong>Judantfpruditorem</strong></span> <span class='ocrx_word' id='word_1_579' title='bbox 1985 4227 2186 4293; x_wconf 72' lang='lat' dir='ltr'><strong>effecit,</strong></span> 
     </span>
    </p>
   </div>
   <div class='ocr_carea' id='block_1_79' title="bbox 622 4316 2188 4384">
    <p class='ocr_par' dir='ltr' id='par_1_79' title="bbox 622 4316 2188 4384">
     <span class='ocr_line' id='line_1_79' title="bbox 622 4316 2188 4384; baseline 0.003 -16"><span class='ocrx_word' id='word_1_580' title='bbox 622 4324 675 4368; x_wconf 89' lang='lat' dir='ltr'><strong>et</strong></span> <span class='ocrx_word' id='word_1_581' title='bbox 705 4316 1022 4384; x_wconf 78' lang='lat' dir='ltr'><strong>perditionis</strong></span> <span class='ocrx_word' id='word_1_582' title='bbox 1057 4317 1327 4374; x_wconf 72' lang='lat' dir='ltr'><strong>hzeredem</strong></span> <span class='ocrx_word' id='word_1_583' title='bbox 1361 4319 1576 4381; x_wconf 73' lang='lat' dir='ltr'><strong>Slalltil,</strong></span> <span class='ocrx_word' id='word_1_584' title='bbox 1609 4328 1660 4372; x_wconf 91' lang='lat' dir='ltr'><strong>et</strong></span> <span class='ocrx_word' id='word_1_585' title='bbox 1686 4318 1994 4372; x_wconf 64' lang='lat' dir='ltr'><strong>Iudaeorum</strong></span> <span class='ocrx_word' id='word_1_586' title='bbox 2021 4320 2188 4374; x_wconf 84' lang='lat' dir='ltr'><strong>duces</strong></span> 
     </span>
    </p>
   </div>
   <div class='ocr_carea' id='block_1_80' title="bbox 616 4408 2186 4480">
    <p class='ocr_par' dir='ltr' id='par_1_80' title="bbox 616 4408 2186 4480">
     <span class='ocr_line' id='line_1_80' title="bbox 616 4408 2186 4480; baseline 0.003 -19"><span class='ocrx_word' id='word_1_587' title='bbox 616 4408 861 4478; x_wconf 85' lang='lat' dir='ltr'><strong>corrupit</strong></span> <span class='ocrx_word' id='word_1_588' title='bbox 906 4416 958 4462; x_wconf 86' lang='lat' dir='ltr'><strong>et</strong></span> <span class='ocrx_word' id='word_1_589' title='bbox 996 4408 1178 4462; x_wconf 77' lang='lat' dir='ltr'><strong>furum</strong></span> <span class='ocrx_word' id='word_1_590' title='bbox 1215 4409 1460 4462; x_wconf 77' lang='lat' dir='ltr'><strong>exhibuit</strong></span> <span class='ocrx_word' id='word_1_591' title='bbox 1492 4410 1689 4464; x_wconf 86' lang='lat' dir='ltr'><strong>socius.</strong></span> <span class='ocrx_word' id='word_1_592' title='bbox 1724 4411 1842 4480; x_wconf 90' lang='lat' dir='ltr'><strong>Ipsa</strong></span> <span class='ocrx_word' id='word_1_593' title='bbox 1902 4411 2186 4465; x_wconf 82' lang='lat' dir='ltr'><strong>innumera</strong></span> 
     </span>
    </p>
   </div>
   <div class='ocr_carea' id='block_1_81' title="bbox 2369 3757 3871 3828">
    <p class='ocr_par' dir='ltr' id='par_1_81' title="bbox 2369 3757 3871 3828">
     <span class='ocr_line' id='line_1_81' title="bbox 2369 3757 3871 3828; baseline -0.003 -13"><span class='ocrx_word' id='word_1_594' title='bbox 2369 3760 2479 3814; x_wconf 74' lang='grc' dir='ltr'><strong>Καὶ</strong></span> <span class='ocrx_word' id='word_1_595' title='bbox 2510 3760 2626 3812; x_wconf 74' lang='grc' dir='ltr'>ἐπεὶ</span> <span class='ocrx_word' id='word_1_596' title='bbox 2661 3759 2835 3812; x_wconf 75' lang='grc' dir='ltr'>ταῦτα</span> <span class='ocrx_word' id='word_1_597' title='bbox 2885 3758 3054 3820; x_wconf 80' lang='grc' dir='ltr'>οὕτως</span> <span class='ocrx_word' id='word_1_598' title='bbox 3105 3758 3237 3828; x_wconf 80' lang='grc' dir='ltr'>ἔχει,</span> <span class='ocrx_word' id='word_1_599' title='bbox 3289 3757 3690 3825; x_wconf 81' lang='grc' dir='ltr'>άποστήσωμεν</span> <span class='ocrx_word' id='word_1_600' title='bbox 3741 3759 3871 3811; x_wconf 78' lang='grc' dir='ltr'>ἑαυ-</span> 
     </span>
    </p>
   </div>
   <div class='ocr_carea' id='block_1_82' title="bbox 2295 3838 3868 3921">
    <p class='ocr_par' dir='ltr' id='par_1_82' title="bbox 2295 3838 3868 3921">
     <span class='ocr_line' id='line_1_82' title="bbox 2295 3838 3868 3921; baseline -0.003 -15"><span class='ocrx_word' id='word_1_601' title='bbox 2295 3853 2442 3915; x_wconf 73' lang='grc' dir='ltr'><strong>τούς,</strong></span> <span class='ocrx_word' id='word_1_602' title='bbox 2476 3850 2695 3920; x_wconf 83' lang='grc' dir='ltr'>ἀδελφοί</span> <span class='ocrx_word' id='word_1_603' title='bbox 2748 3868 2872 3921; x_wconf 89' lang='grc' dir='ltr'>μου,</span> <span class='ocrx_word' id='word_1_604' title='bbox 2905 3838 3004 3919; x_wconf 79' lang='grc' dir='ltr'>τῆς</span> <span class='ocrx_word' id='word_1_605' title='bbox 3048 3850 3157 3902; x_wconf 82' lang='grc' dir='ltr'>τῶν</span> <span class='ocrx_word' id='word_1_606' title='bbox 3201 3849 3501 3918; x_wconf 81' lang='grc' dir='ltr'>χρημάτων</span> <span class='ocrx_word' id='word_1_607' title='bbox 3546 3848 3868 3918; x_wconf 83' lang='grc' dir='ltr'>ἐπιθυμίας.</span> 
     </span>
    </p>
   </div>
   <div class='ocr_carea' id='block_1_83' title="bbox 2295 3939 3871 4016">
    <p class='ocr_par' dir='ltr' id='par_1_83' title="bbox 2295 3939 3871 4016">
     <span class='ocr_line' id='line_1_83' title="bbox 2295 3939 3871 4016; baseline -0.004 -16"><span class='ocrx_word' id='word_1_608' title='bbox 2295 3945 2439 4015; x_wconf 73' lang='grc' dir='ltr'>Αὕτη</span> <span class='ocrx_word' id='word_1_609' title='bbox 2469 3945 2578 4016; x_wconf 76' lang='grc' dir='ltr'><strong>γὰρ</strong></span> <span class='ocrx_word' id='word_1_610' title='bbox 2611 3945 2736 4006; x_wconf 65' lang='grc' dir='ltr'>τοὺς</span> <span class='ocrx_word' id='word_1_611' title='bbox 2767 3943 2860 3995; x_wconf 77' lang='grc' dir='ltr'><strong>ὑπ’</strong></span> <span class='ocrx_word' id='word_1_612' title='bbox 2892 3941 3062 4010; x_wconf 81' lang='grc' dir='ltr'>αὐτῆς</span> <span class='ocrx_word' id='word_1_613' title='bbox 3100 3939 3472 4011; x_wconf 79' lang='grc' dir='ltr'>κρατηθέντας</span> <span class='ocrx_word' id='word_1_614' title='bbox 3499 3941 3718 3993; x_wconf 67' lang='grc' dir='ltr'>πάντων</span> <span class='ocrx_word' id='word_1_615' title='bbox 3757 3941 3871 3993; x_wconf 84' lang='grc' dir='ltr'><strong>τῶν</strong></span> 
     </span>
    </p>
   </div>
   <div class='ocr_carea' id='block_1_84' title="bbox 2296 4021 3870 4108">
    <p class='ocr_par' dir='ltr' id='par_1_84' title="bbox 2296 4021 3870 4108">
     <span class='ocr_line' id='line_1_84' title="bbox 2296 4021 3870 4108; baseline -0.004 -16"><span class='ocrx_word' id='word_1_616' title='bbox 2296 4039 2472 4094; x_wconf 80' lang='grc' dir='ltr'>ἄλλων</span> <span class='ocrx_word' id='word_1_617' title='bbox 2517 4021 2911 4108; x_wconf 73' lang='grc' dir='ltr'>ἀποστήσασα,</span> <span class='ocrx_word' id='word_1_618' title='bbox 2965 4035 3185 4099; x_wconf 83' lang='grc' dir='ltr'>δούλους</span> <span class='ocrx_word' id='word_1_619' title='bbox 3235 4038 3382 4088; x_wconf 82' lang='grc' dir='ltr'>ποιεῖ</span> <span class='ocrx_word' id='word_1_620' title='bbox 3433 4036 3668 4104; x_wconf 79' lang='grc' dir='ltr'>ἑαυτῆς·</span> <span class='ocrx_word' id='word_1_621' title='bbox 3727 4035 3870 4104; x_wconf 78' lang='grc' dir='ltr'>αὕτη</span> 
     </span>
    </p>
   </div>
   <div class='ocr_carea' id='block_1_85' title="bbox 2296 4129 3872 4202">
    <p class='ocr_par' dir='ltr' id='par_1_85' title="bbox 2296 4129 3872 4202">
     <span class='ocr_line' id='line_1_85' title="bbox 2296 4129 3872 4202; baseline 0.001 -18"><span class='ocrx_word' id='word_1_622' title='bbox 2296 4132 2387 4184; x_wconf 71' lang='grc' dir='ltr'><strong>τὸν</strong></span> <span class='ocrx_word' id='word_1_623' title='bbox 2421 4132 2532 4202; x_wconf 66' lang='lat'><strong>(55)</strong></span> <span class='ocrx_word' id='word_1_624' title='bbox 2567 4130 2733 4200; x_wconf 81' lang='grc' dir='ltr'>Γιεζῆ</span> <span class='ocrx_word' id='word_1_625' title='bbox 2766 4130 2966 4201; x_wconf 84' lang='grc' dir='ltr'>λεπρὸν</span> <span class='ocrx_word' id='word_1_626' title='bbox 2996 4129 3282 4193; x_wconf 81' lang='grc' dir='ltr'>ἀπέδειξεν</span> <span class='ocrx_word' id='word_1_627' title='bbox 3328 4130 3450 4183; x_wconf 79' lang='grc' dir='ltr'>ἀντὶ</span> <span class='ocrx_word' id='word_1_628' title='bbox 3488 4130 3736 4199; x_wconf 77' lang='grc' dir='ltr'>μαθητοῦ</span> <span class='ocrx_word' id='word_1_629' title='bbox 3771 4131 3872 4185; x_wconf 74' lang='grc' dir='ltr'>καὶ</span> 
     </span>
    </p>
   </div>
   <div class='ocr_carea' id='block_1_86' title="bbox 2297 4221 3869 4294">
    <p class='ocr_par' dir='ltr' id='par_1_86' title="bbox 2297 4221 3869 4294">
     <span class='ocr_line' id='line_1_86' title="bbox 2297 4221 3869 4294; baseline -0.001 -19"><span class='ocrx_word' id='word_1_630' title='bbox 2297 4223 2600 4292; x_wconf 73' lang='grc' dir='ltr'>προφήτου·</span> <span class='ocrx_word' id='word_1_631' title='bbox 2635 4223 2772 4292; x_wconf 83' lang='grc' dir='ltr'>αὐτη</span> <span class='ocrx_word' id='word_1_632' title='bbox 2798 4224 2888 4276; x_wconf 82' lang='grc' dir='ltr'><strong>τὸν</strong></span> <span class='ocrx_word' id='word_1_633' title='bbox 2936 4223 3181 4276; x_wconf 67' lang='grc' dir='ltr'>Ἁνανίαν</span> <span class='ocrx_word' id='word_1_634' title='bbox 3209 4221 3343 4294; x_wconf 81' lang='grc'>(56),</span> <span class='ocrx_word' id='word_1_635' title='bbox 3381 4221 3476 4275; x_wconf 76' lang='grc' dir='ltr'>καὶ</span> <span class='ocrx_word' id='word_1_636' title='bbox 3500 4221 3596 4290; x_wconf 73' lang='grc' dir='ltr'>τὴν</span> <span class='ocrx_word' id='word_1_637' title='bbox 3625 4223 3869 4289; x_wconf 69' lang='grc' dir='ltr'>Σάπφεια</span> 
     </span>
    </p>
   </div>
   <div class='ocr_carea' id='block_1_87' title="bbox 2297 4312 3870 4384">
    <p class='ocr_par' dir='ltr' id='par_1_87' title="bbox 2297 4312 3870 4384">
     <span class='ocr_line' id='line_1_87' title="bbox 2297 4312 3870 4384; baseline -0.002 -18"><span class='ocrx_word' id='word_1_638' title='bbox 2297 4331 2398 4384; x_wconf 84' lang='grc' dir='ltr'><strong>ραν</strong></span> <span class='ocrx_word' id='word_1_639' title='bbox 2429 4315 2646 4384; x_wconf 81' lang='grc' dir='ltr'>θανάτῳ</span> <span class='ocrx_word' id='word_1_640' title='bbox 2672 4315 2988 4384; x_wconf 79' lang='grc' dir='ltr'>παρέδωκεν</span> <span class='ocrx_word' id='word_1_641' title='bbox 3009 4329 3022 4342; x_wconf 88' lang='grc'><strong>·</strong></span> <span class='ocrx_word' id='word_1_642' title='bbox 3053 4312 3191 4382; x_wconf 78' lang='grc' dir='ltr'>αὕτη</span> <span class='ocrx_word' id='word_1_643' title='bbox 3223 4314 3316 4366; x_wconf 87' lang='grc' dir='ltr'><strong>τὸν</strong></span> <span class='ocrx_word' id='word_1_644' title='bbox 3359 4312 3561 4384; x_wconf 75' lang='grc' dir='ltr'>Ἰούδαν</span> <span class='ocrx_word' id='word_1_645' title='bbox 3601 4313 3870 4384; x_wconf 72' lang='grc' dir='ltr'>προδότην</span> 
     </span>
    </p>
   </div>
   <div class='ocr_carea' id='block_1_88' title="bbox 2296 4407 3869 4479">
    <p class='ocr_par' dir='ltr' id='par_1_88' title="bbox 2296 4407 3869 4479">
     <span class='ocr_line' id='line_1_88' title="bbox 2296 4407 3869 4479; baseline -0.002 -19"><span class='ocrx_word' id='word_1_646' title='bbox 2296 4409 2608 4478; x_wconf 73' lang='grc' dir='ltr'>εἰργάσατο,</span> <span class='ocrx_word' id='word_1_647' title='bbox 2639 4410 2731 4462; x_wconf 74' lang='grc' dir='ltr'>καὶ</span> <span class='ocrx_word' id='word_1_648' title='bbox 2767 4409 2866 4478; x_wconf 77' lang='grc' dir='ltr'>τῆς</span> <span class='ocrx_word' id='word_1_649' title='bbox 2908 4407 3182 4469; x_wconf 82' lang='grc' dir='ltr'>ἀπωλείας</span> <span class='ocrx_word' id='word_1_650' title='bbox 3205 4407 3558 4479; x_wconf 72' lang='grc' dir='ltr'>πκληρονόμον</span> <span class='ocrx_word' id='word_1_651' title='bbox 3597 4407 3869 4476; x_wconf 78' lang='grc' dir='ltr'>κατέστη-</span> 
     </span>
    </p>
   </div>
   <div class='ocr_carea' id='block_1_89' title="bbox 620 4499 2190 4572">
    <p class='ocr_par' dir='ltr' id='par_1_89' title="bbox 620 4500 2182 4566">
     <span class='ocr_line' id='line_1_89' title="bbox 620 4500 2182 4566; baseline 0.002 -12"><span class='ocrx_word' id='word_1_652' title='bbox 620 4501 673 4554; x_wconf 90' lang='lat' dir='ltr'><strong>iu</strong></span> <span class='ocrx_word' id='word_1_653' title='bbox 697 4500 954 4554; x_wconf 89' lang='lat' dir='ltr'><strong>mundum</strong></span> <span class='ocrx_word' id='word_1_654' title='bbox 997 4500 1132 4555; x_wconf 87' lang='lat' dir='ltr'><strong>bella</strong></span> <span class='ocrx_word' id='word_1_655' title='bbox 1166 4501 1484 4566; x_wconf 75' lang='lat' dir='ltr'><strong>introduxit,</strong></span> <span class='ocrx_word' id='word_1_656' title='bbox 1524 4504 1638 4556; x_wconf 86' lang='lat' dir='ltr'><strong>vias</strong></span> <span class='ocrx_word' id='word_1_657' title='bbox 1666 4518 1880 4566; x_wconf 81' lang='lat' dir='ltr'><strong>cruore,</strong></span> <span class='ocrx_word' id='word_1_658' title='bbox 1920 4505 2081 4557; x_wconf 85' lang='lat' dir='ltr'><strong>urbes</strong></span> <span class='ocrx_word' id='word_1_659' title='bbox 2115 4507 2182 4558; x_wconf 82' lang='lat' dir='ltr'><strong>la-</strong></span> 
     </span>
    </p>
   </div>
   <div class='ocr_carea' id='block_1_90' title="bbox 2295 4499 3864 4572">
    <p class='ocr_par' dir='ltr' id='par_1_90' title="bbox 2295 4499 3864 4572">
     <span class='ocr_line' id='line_1_90' title="bbox 2295 4499 3864 4572; baseline -0.002 -19"><span class='ocrx_word' id='word_1_660' title='bbox 2295 4519 2404 4566; x_wconf 88' lang='grc' dir='ltr'>σεν,</span> <span class='ocrx_word' id='word_1_661' title='bbox 2454 4503 2547 4555; x_wconf 74' lang='grc' dir='ltr'>καὶ</span> <span class='ocrx_word' id='word_1_662' title='bbox 2597 4501 2705 4554; x_wconf 87' lang='grc' dir='ltr'><strong>τῶν</strong></span> <span class='ocrx_word' id='word_1_663' title='bbox 2752 4502 3023 4555; x_wconf 83' lang='grc' dir='ltr'>Ἰουδαίων</span> <span class='ocrx_word' id='word_1_664' title='bbox 3071 4501 3198 4565; x_wconf 80' lang='grc' dir='ltr'>τοὺς</span> <span class='ocrx_word' id='word_1_665' title='bbox 3248 4502 3514 4572; x_wconf 82' lang='grc' dir='ltr'>ἄρχοντας</span> <span class='ocrx_word' id='word_1_666' title='bbox 3566 4499 3864 4570; x_wconf 76' lang='grc' dir='ltr'>διέφθειρε,</span> 
     </span>
    </p>
   </div>
   <div class='ocr_carea' id='block_1_91' title="bbox 621 4591 2188 4663">
    <p class='ocr_par' dir='ltr' id='par_1_91' title="bbox 621 4591 2188 4663">
     <span class='ocr_line' id='line_1_91' title="bbox 621 4591 2188 4663; baseline 0.003 -20"><span class='ocrx_word' id='word_1_667' title='bbox 621 4593 818 4646; x_wconf 56' lang='lat' dir='ltr'><strong>mentis</strong></span> <span class='ocrx_word' id='word_1_668' title='bbox 884 4602 935 4643; x_wconf 87' lang='lat' dir='ltr'><strong>et</strong></span> <span class='ocrx_word' id='word_1_669' title='bbox 991 4591 1277 4658; x_wconf 85' lang='lat' dir='ltr'><strong>gemitibus</strong></span> <span class='ocrx_word' id='word_1_670' title='bbox 1328 4593 1575 4660; x_wconf 89' lang='lat' dir='ltr'><strong>implens.</strong></span> <span class='ocrx_word' id='word_1_671' title='bbox 1611 4592 1726 4662; x_wconf 90' lang='lat' dir='ltr'><strong>Ipsa</strong></span> <span class='ocrx_word' id='word_1_672' title='bbox 1763 4593 2014 4663; x_wconf 85' lang='lat' dir='ltr'><strong>juvenem</strong></span> <span class='ocrx_word' id='word_1_673' title='bbox 2044 4596 2188 4648; x_wconf 87' lang='lat' dir='ltr'><strong>illtuu</strong></span> 
     </span>
    </p>
   </div>
   <div class='ocr_carea' id='block_1_92' title="bbox 622 4680 2192 4753">
    <p class='ocr_par' dir='ltr' id='par_1_92' title="bbox 622 4680 2192 4753">
     <span class='ocr_line' id='line_1_92' title="bbox 622 4680 2192 4753; baseline 0.005 -20"><span class='ocrx_word' id='word_1_674' title='bbox 622 4683 714 4750; x_wconf 87' lang='lat' dir='ltr'><strong>qui</strong></span> <span class='ocrx_word' id='word_1_675' title='bbox 767 4683 832 4737; x_wconf 91' lang='lat' dir='ltr'><strong>ad</strong></span> <span class='ocrx_word' id='word_1_676' title='bbox 887 4680 1162 4737; x_wconf 86' lang='lat' dir='ltr'><strong>Christum</strong></span> <span class='ocrx_word' id='word_1_677' title='bbox 1198 4695 1523 4752; x_wconf 66' lang='lat' dir='ltr'><strong>arcesserat,</strong></span> <span class='ocrx_word' id='word_1_678' title='bbox 1556 4696 1608 4739; x_wconf 89' lang='lat' dir='ltr'><strong>et</strong></span> <span class='ocrx_word' id='word_1_679' title='bbox 1665 4687 1844 4739; x_wconf 85' lang='lat' dir='ltr'><strong>omnia</strong></span> <span class='ocrx_word' id='word_1_680' title='bbox 1872 4687 2000 4753; x_wconf 81' lang='lat' dir='ltr'><strong>legis</strong></span> <span class='ocrx_word' id='word_1_681' title='bbox 2036 4703 2192 4741; x_wconf 86' lang='lat' dir='ltr'><strong>man-</strong></span> 
     </span>
    </p>
   </div>
   <div class='ocr_carea' id='block_1_93' title="bbox 619 4774 2193 4847">
    <p class='ocr_par' dir='ltr' id='par_1_93' title="bbox 619 4774 2193 4847">
     <span class='ocr_line' id='line_1_93' title="bbox 619 4774 2193 4847; baseline 0.005 -23"><span class='ocrx_word' id='word_1_682' title='bbox 619 4775 744 4825; x_wconf 88' lang='lat' dir='ltr'><strong>data</strong></span> <span class='ocrx_word' id='word_1_683' title='bbox 786 4775 1004 4840; x_wconf 72' lang='lat' dir='ltr'><strong>exsequi</strong></span> <span class='ocrx_word' id='word_1_684' title='bbox 1066 4774 1299 4837; x_wconf 71' lang='lat' dir='ltr'><strong>volebat,</strong></span> <span class='ocrx_word' id='word_1_685' title='bbox 1343 4776 1936 4844; x_wconf 85' lang='lat' dir='ltr'><strong>prohibuitquominus</strong></span> <span class='ocrx_word' id='word_1_686' title='bbox 1963 4794 2193 4847; x_wconf 80' lang='lat' dir='ltr'><strong>evange-</strong></span> 
     </span>
    </p>
   </div>
   <div class='ocr_carea' id='block_1_94' title="bbox 618 4865 2180 4933">
    <p class='ocr_par' dir='ltr' id='par_1_94' title="bbox 618 4865 2180 4933">
     <span class='ocr_line' id='line_1_94' title="bbox 618 4865 2180 4933; baseline 0.003 -15"><span class='ocrx_word' id='word_1_687' title='bbox 618 4866 737 4918; x_wconf 68' lang='lat' dir='ltr'><strong>l‘ene</strong></span> <span class='ocrx_word' id='word_1_688' title='bbox 803 4866 922 4916; x_wconf 71' lang='lat' dir='ltr'><strong>vita:</strong></span> <span class='ocrx_word' id='word_1_689' title='bbox 984 4865 1370 4933; x_wconf 77' lang='lat' dir='ltr'><strong>perfectionem</strong></span> <span class='ocrx_word' id='word_1_690' title='bbox 1423 4866 1771 4921; x_wconf 72' lang='lat' dir='ltr'><strong>:t-mularetur</strong></span> <span class='ocrx_word' id='word_1_691' title='bbox 1817 4876 1870 4920; x_wconf 88' lang='lat' dir='ltr'><strong>et</strong></span> <span class='ocrx_word' id='word_1_692' title='bbox 1902 4867 2180 4922; x_wconf 82' lang='lat' dir='ltr'><strong>Christum</strong></span> 
     </span>
    </p>
   </div>
   <div class='ocr_carea' id='block_1_95' title="bbox 619 4956 2183 5026">
    <p class='ocr_par' dir='ltr' id='par_1_95' title="bbox 619 4956 2183 5026">
     <span class='ocr_line' id='line_1_95' title="bbox 619 4956 2183 5026; baseline 0.003 -19"><span class='ocrx_word' id='word_1_693' title='bbox 619 4965 958 5022; x_wconf 77' lang='lat' dir='ltr'><strong>sequeretur,</strong></span> <span class='ocrx_word' id='word_1_694' title='bbox 995 4967 1050 5008; x_wconf 83' lang='lat' dir='ltr'><strong>ut</strong></span> <span class='ocrx_word' id='word_1_695' title='bbox 1112 4957 1398 5011; x_wconf 71' lang='lat' dir='ltr'><strong>Itordit-rna</strong></span> <span class='ocrx_word' id='word_1_696' title='bbox 1437 4956 1704 5026; x_wconf 74' lang='lat' dir='ltr'><strong>Evangelii</strong></span> <span class='ocrx_word' id='word_1_697' title='bbox 1735 4960 1890 5013; x_wconf 81' lang='lat' dir='ltr'><strong>leCtiu</strong></span> <span class='ocrx_word' id='word_1_698' title='bbox 1929 4961 2183 5022; x_wconf 75' lang='lat' dir='ltr'><strong>oswndit,</strong></span> 
     </span>
    </p>
   </div>
   <div class='ocr_carea' id='block_1_96' title="bbox 618 5048 2184 5118">
    <p class='ocr_par' dir='ltr' id='par_1_96' title="bbox 618 5048 2184 5118">
     <span class='ocr_line' id='line_1_96' title="bbox 618 5048 2184 5118; baseline 0.003 -18"><span class='ocrx_word' id='word_1_699' title='bbox 618 5052 696 5101; x_wconf 76' lang='lat' dir='ltr'><strong>sic</strong></span> <span class='ocrx_word' id='word_1_700' title='bbox 729 5049 930 5100; x_wconf 82' lang='lat' dir='ltr'><strong>habens</strong></span> <span class='ocrx_word' id='word_1_701' title='bbox 962 5067 974 5102; x_wconf 93' lang='lat'>:</span> <span class='ocrx_word' id='word_1_702' title='bbox 1020 5067 1036 5099; x_wconf 77' lang='grc' dir='ltr'><strong>ι</strong></span> <span class='ocrx_word' id='word_1_703' title='bbox 1087 5049 1141 5101; x_wconf 91' lang='lat' dir='ltr'><strong>In</strong></span> <span class='ocrx_word' id='word_1_704' title='bbox 1191 5048 1281 5101; x_wconf 85' lang='lat' dir='ltr'><strong>illo</strong></span> <span class='ocrx_word' id='word_1_705' title='bbox 1314 5059 1553 5118; x_wconf 86' lang='lat' dir='ltr'><strong>tempore</strong></span> <span class='ocrx_word' id='word_1_706' title='bbox 1587 5052 1900 5110; x_wconf 76' lang='lat' dir='ltr'><strong>adolescens</strong></span> <span class='ocrx_word' id='word_1_707' title='bbox 1925 5053 1988 5105; x_wconf 90' lang='lat' dir='ltr'><strong>ad</strong></span> <span class='ocrx_word' id='word_1_708' title='bbox 2021 5053 2184 5106; x_wconf 82' lang='lat' dir='ltr'><strong>Chri-</strong></span> 
     </span>
    </p>
   </div>
   <div class='ocr_carea' id='block_1_97' title="bbox 617 5140 2186 5211">
    <p class='ocr_par' dir='ltr' id='par_1_97' title="bbox 617 5140 2186 5211">
     <span class='ocr_line' id='line_1_97' title="bbox 617 5140 2186 5211; baseline 0.003 -20"><span class='ocrx_word' id='word_1_709' title='bbox 617 5149 760 5191; x_wconf 87' lang='lat' dir='ltr'><strong>stum</strong></span> <span class='ocrx_word' id='word_1_710' title='bbox 803 5153 899 5191; x_wconf 74' lang='lat' dir='ltr'><strong>acc</strong></span> <span class='ocrx_word' id='word_1_711' title='bbox 935 5141 1032 5192; x_wconf 70' lang='lat' dir='ltr'><strong>Ssit</strong></span> <span class='ocrx_word' id='word_1_712' title='bbox 1069 5141 1350 5205; x_wconf 70' lang='lat' dir='ltr'><strong>pzoeidens</strong></span> <span class='ocrx_word' id='word_1_713' title='bbox 1381 5150 1431 5193; x_wconf 90' lang='lat' dir='ltr'><strong>et</strong></span> <span class='ocrx_word' id='word_1_714' title='bbox 1473 5140 1658 5195; x_wconf 86' lang='lat' dir='ltr'><strong>dicens</strong></span> <span class='ocrx_word' id='word_1_715' title='bbox 1688 5159 1700 5194; x_wconf 90' lang='lat'>:</span> <span class='ocrx_word' id='word_1_716' title='bbox 1741 5141 1992 5211; x_wconf 76' lang='lat' dir='ltr'><strong>Magister</strong></span> <span class='ocrx_word' id='word_1_717' title='bbox 2026 5146 2186 5207; x_wconf 87' lang='lat' dir='ltr'><strong>boue,</strong></span> 
     </span>
    </p>
   </div>
   <div class='ocr_carea' id='block_1_98' title="bbox 620 5345 2183 5415">
    <p class='ocr_par' dir='ltr' id='par_1_98' title="bbox 620 5345 2183 5415">
     <span class='ocr_line' id='line_1_98' title="bbox 620 5345 2183 5415; baseline 0.003 -18"><span class='ocrx_word' id='word_1_718' title='bbox 620 5345 833 5409; x_wconf 76' lang='lat' dir='ltr'><strong>legitur,</strong></span> <span class='ocrx_word' id='word_1_719' title='bbox 862 5355 914 5399; x_wconf 89' lang='lat' dir='ltr'><strong>et</strong></span> <span class='ocrx_word' id='word_1_720' title='bbox 958 5356 1104 5402; x_wconf 85' lang='lat' dir='ltr'><strong>tanta</strong></span> <span class='ocrx_word' id='word_1_721' title='bbox 1134 5348 1349 5415; x_wconf 82' lang='lat' dir='ltr'><strong>quidem</strong></span> <span class='ocrx_word' id='word_1_722' title='bbox 1382 5364 1505 5402; x_wconf 89' lang='lat' dir='ltr'><strong>cum</strong></span> <span class='ocrx_word' id='word_1_723' title='bbox 1541 5348 1818 5412; x_wconf 86' lang='lat' dir='ltr'><strong>varietate,</strong></span> <span class='ocrx_word' id='word_1_724' title='bbox 1852 5357 1908 5400; x_wconf 89' lang='lat' dir='ltr'><strong>ut</strong></span> <span class='ocrx_word' id='word_1_725' title='bbox 1940 5349 2183 5404; x_wconf 71' lang='lat' dir='ltr'><strong>rideatur</strong></span> 
     </span>
    </p>
   </div>
   <div class='ocr_carea' id='block_1_99' title="bbox 623 5417 1363 5483">
    <p class='ocr_par' dir='ltr' id='par_1_99' title="bbox 623 5417 1363 5483">
     <span class='ocr_line' id='line_1_99' title="bbox 623 5417 1363 5483; baseline 0.004 -17"><span class='ocrx_word' id='word_1_726' title='bbox 623 5417 781 5483; x_wconf 87' lang='lat' dir='ltr'><strong>plane</strong></span> <span class='ocrx_word' id='word_1_727' title='bbox 814 5418 915 5468; x_wconf 85' lang='lat' dir='ltr'><strong>alia</strong></span> <span class='ocrx_word' id='word_1_728' title='bbox 953 5433 1072 5470; x_wconf 81' lang='lat' dir='ltr'><strong>esse</strong></span> <span class='ocrx_word' id='word_1_729' title='bbox 1107 5420 1363 5472; x_wconf 62' lang='lat' dir='ltr'><strong>reteusio.</strong></span> 
     </span>
    </p>
   </div>
   <div class='ocr_carea' id='block_1_100' title="bbox 695 5485 2180 5558">
    <p class='ocr_par' dir='ltr' id='par_1_100' title="bbox 695 5485 2180 5558">
     <span class='ocr_line' id='line_1_100' title="bbox 695 5485 2180 5558; baseline 0.004 -22"><span class='ocrx_word' id='word_1_730' title='bbox 695 5485 939 5558; x_wconf 17' lang='lat' dir='ltr'><strong>(5&#39;2)7Kai</strong></span> <span class='ocrx_word' id='word_1_731' title='bbox 966 5486 1036 5551; x_wconf 72' lang='grc' dir='ltr'>τῇ</span> <span class='ocrx_word' id='word_1_732' title='bbox 1063 5487 1182 5539; x_wconf 84' lang='grc' dir='ltr'><strong>τῶν</strong></span> <span class='ocrx_word' id='word_1_733' title='bbox 1215 5486 1549 5555; x_wconf 80' lang='grc' dir='ltr'>χρημάτων.</span> <span class='ocrx_word' id='word_1_734' title='bbox 1587 5490 1722 5541; x_wconf 81' lang='lat' dir='ltr'><strong>Ante</strong></span> <span class='ocrx_word' id='word_1_735' title='bbox 1757 5492 1820 5558; x_wconf 77' lang='grc' dir='ltr'>τῇ</span> <span class='ocrx_word' id='word_1_736' title='bbox 1852 5489 2017 5543; x_wconf 80' lang='lat' dir='ltr'><strong>addit.</strong></span> <span class='ocrx_word' id='word_1_737' title='bbox 2050 5489 2180 5543; x_wconf 84' lang='lat' dir='ltr'><strong>Cod.</strong></span> 
     </span>
    </p>
   </div>
   <div class='ocr_carea' id='block_1_101' title="bbox 625 5553 1841 5625">
    <p class='ocr_par' dir='ltr' id='par_1_101' title="bbox 625 5553 1841 5625">
     <span class='ocr_line' id='line_1_101' title="bbox 625 5553 1841 5625; baseline 0.006 -20"><span class='ocrx_word' id='word_1_738' title='bbox 625 5553 688 5606; x_wconf 80' lang='grc' dir='ltr'><strong>Β.</strong></span> <span class='ocrx_word' id='word_1_739' title='bbox 722 5557 976 5625; x_wconf 77' lang='grc' dir='ltr'>καθάπερ</span> <span class='ocrx_word' id='word_1_740' title='bbox 1007 5557 1117 5607; x_wconf 77' lang='grc' dir='ltr'>τισὶ</span> <span class='ocrx_word' id='word_1_741' title='bbox 1153 5553 1399 5625; x_wconf 75' lang='grc' dir='ltr'>σιδηραῖς</span> <span class='ocrx_word' id='word_1_742' title='bbox 1429 5553 1841 5619; x_wconf 73' lang='grc' dir='ltr'>άλυκτοπέδαιξ.</span> 
     </span>
    </p>
   </div>
   <div class='ocr_carea' id='block_1_102' title="bbox 702 5624 2186 5693">
    <p class='ocr_par' dir='ltr' id='par_1_102' title="bbox 702 5624 2186 5693">
     <span class='ocr_line' id='line_1_102' title="bbox 702 5624 2186 5693; baseline 0.007 -19"><span class='ocrx_word' id='word_1_743' title='bbox 702 5624 811 5691; x_wconf 72' lang='lat'><strong>(&#39;55)</strong></span> <span class='ocrx_word' id='word_1_744' title='bbox 835 5626 1224 5692; x_wconf 77' lang='grc' dir='ltr'>Συνέχεσθίιι.</span> <span class='ocrx_word' id='word_1_745' title='bbox 1254 5624 1508 5693; x_wconf 76' lang='lat' dir='ltr'><strong>Displicet</strong></span> <span class='ocrx_word' id='word_1_746' title='bbox 1540 5630 1638 5681; x_wconf 87' lang='lat' dir='ltr'><strong>hoc</strong></span> <span class='ocrx_word' id='word_1_747' title='bbox 1669 5628 1786 5681; x_wconf 88' lang='lat' dir='ltr'><strong>loco</strong></span> <span class='ocrx_word' id='word_1_748' title='bbox 1811 5629 1960 5683; x_wconf 84' lang='lat' dir='ltr'><strong>lusus</strong></span> <span class='ocrx_word' id='word_1_749' title='bbox 1987 5631 2037 5683; x_wconf 89' lang='lat' dir='ltr'><strong>in</strong></span> <span class='ocrx_word' id='word_1_750' title='bbox 2067 5646 2186 5684; x_wconf 73' lang='lat' dir='ltr'><strong>ver-</strong></span> 
     </span>
    </p>
   </div>
   <div class='ocr_carea' id='block_1_103' title="bbox 630 5693 2183 5764">
    <p class='ocr_par' dir='ltr' id='par_1_103' title="bbox 630 5693 2183 5764">
     <span class='ocr_line' id='line_1_103' title="bbox 630 5693 2183 5764; baseline 0.005 -16"><span class='ocrx_word' id='word_1_751' title='bbox 630 5693 1020 5764; x_wconf 63' lang='lat' dir='ltr'><strong>bis.£§izeoOat</strong></span> <span class='ocrx_word' id='word_1_752' title='bbox 1061 5706 1116 5748; x_wconf 88' lang='lat' dir='ltr'><strong>et</strong></span> <span class='ocrx_word' id='word_1_753' title='bbox 1151 5695 1491 5763; x_wconf 81' lang='grc' dir='ltr'>συνέχεσθαι,</span> <span class='ocrx_word' id='word_1_754' title='bbox 1528 5699 1827 5764; x_wconf 80' lang='lat' dir='ltr'><strong>pr.rsertim</strong></span> <span class='ocrx_word' id='word_1_755' title='bbox 1861 5714 1983 5752; x_wconf 90' lang='lat' dir='ltr'><strong>eum</strong></span> <span class='ocrx_word' id='word_1_756' title='bbox 2027 5715 2183 5755; x_wconf 87' lang='lat' dir='ltr'><strong>aures</strong></span> 
     </span>
    </p>
   </div>
   <div class='ocr_carea' id='block_1_104' title="bbox 633 5763 2203 5838">
    <p class='ocr_par' dir='ltr' id='par_1_104' title="bbox 633 5763 2203 5838">
     <span class='ocr_line' id='line_1_104' title="bbox 633 5763 2203 5838; baseline 0.003 -22"><span class='ocrx_word' id='word_1_757' title='bbox 633 5763 980 5820; x_wconf 80' lang='lat' dir='ltr'><strong>vehementer</strong></span> <span class='ocrx_word' id='word_1_758' title='bbox 1002 5765 1231 5821; x_wconf 81' lang='lat' dir='ltr'><strong>oiTendat</strong></span> <span class='ocrx_word' id='word_1_759' title='bbox 1267 5767 1317 5820; x_wconf 92' lang='lat' dir='ltr'><strong>iu</strong></span> <span class='ocrx_word' id='word_1_760' title='bbox 1344 5763 1698 5821; x_wconf 72' lang='lat' dir='ltr'><strong>similitudine</strong></span> <span class='ocrx_word' id='word_1_761' title='bbox 1724 5769 1838 5822; x_wconf 72' lang='lat' dir='ltr'><strong>snni</strong></span> <span class='ocrx_word' id='word_1_762' title='bbox 1869 5767 2203 5838; x_wconf 68' lang='grc' dir='ltr'>;ἐξξχῖοθιι,</span> 
     </span>
    </p>
   </div>
   <div class='ocr_carea' id='block_1_105' title="bbox 2294 4592 3870 4663">
    <p class='ocr_par' dir='ltr' id='par_1_105' title="bbox 2294 4592 3870 4663">
     <span class='ocr_line' id='line_1_105' title="bbox 2294 4592 3870 4663; baseline -0.003 -16"><span class='ocrx_word' id='word_1_763' title='bbox 2294 4597 2389 4647; x_wconf 75' lang='grc' dir='ltr'>καὶ</span> <span class='ocrx_word' id='word_1_764' title='bbox 2440 4596 2694 4648; x_wconf 84' lang='grc' dir='ltr'>κλεπτῶν</span> <span class='ocrx_word' id='word_1_765' title='bbox 2756 4595 2996 4661; x_wconf 80' lang='grc' dir='ltr'>ἀνέδειξε</span> <span class='ocrx_word' id='word_1_766' title='bbox 3047 4595 3377 4657; x_wconf 86' lang='grc' dir='ltr'>κοινωνούς·</span> <span class='ocrx_word' id='word_1_767' title='bbox 3433 4592 3572 4661; x_wconf 79' lang='grc' dir='ltr'>αὓτη</span> <span class='ocrx_word' id='word_1_768' title='bbox 3637 4592 3870 4663; x_wconf 86' lang='grc' dir='ltr'>μυρίους</span> 
     </span>
    </p>
   </div>
   <div class='ocr_carea' id='block_1_106' title="bbox 2292 4686 3868 4760">
    <p class='ocr_par' dir='ltr' id='par_1_106' title="bbox 2292 4686 3868 4760">
     <span class='ocr_line' id='line_1_106' title="bbox 2292 4686 3868 4760; baseline -0.004 -19"><span class='ocrx_word' id='word_1_769' title='bbox 2292 4689 2566 4758; x_wconf 84' lang='grc' dir='ltr'>πολέμους</span> <span class='ocrx_word' id='word_1_770' title='bbox 2602 4692 2681 4753; x_wconf 85' lang='grc' dir='ltr'><strong>εἰς</strong></span> <span class='ocrx_word' id='word_1_771' title='bbox 2709 4689 2800 4743; x_wconf 87' lang='grc' dir='ltr'><strong>τὸν</strong></span> <span class='ocrx_word' id='word_1_772' title='bbox 2847 4689 3055 4760; x_wconf 86' lang='grc' dir='ltr'>κόσμον</span> <span class='ocrx_word' id='word_1_773' title='bbox 3088 4688 3431 4760; x_wconf 78' lang='grc' dir='ltr'>εἰσήνεγκεν,</span> <span class='ocrx_word' id='word_1_774' title='bbox 3472 4687 3722 4756; x_wconf 84' lang='grc' dir='ltr'>αἱμάτων</span> <span class='ocrx_word' id='word_1_775' title='bbox 3767 4686 3868 4755; x_wconf 88' lang='grc' dir='ltr'><strong>μέν</strong></span> 
     </span>
    </p>
   </div>
   <div class='ocr_carea' id='block_1_107' title="bbox 2299 4778 3872 4853">
    <p class='ocr_par' dir='ltr' id='par_1_107' title="bbox 2299 4778 3872 4853">
     <span class='ocr_line' id='line_1_107' title="bbox 2299 4778 3872 4853; baseline -0.003 -19"><span class='ocrx_word' id='word_1_776' title='bbox 2299 4782 2388 4844; x_wconf 78' lang='grc' dir='ltr'><strong>τὰς</strong></span> <span class='ocrx_word' id='word_1_777' title='bbox 2420 4782 2592 4848; x_wconf 76' lang='grc' dir='ltr'>ὁδοὺς,</span> <span class='ocrx_word' id='word_1_778' title='bbox 2620 4783 2834 4852; x_wconf 86' lang='grc' dir='ltr'>θρήνων</span> <span class='ocrx_word' id='word_1_779' title='bbox 2861 4781 2915 4834; x_wconf 88' lang='grc' dir='ltr'><strong>δέ</strong></span> <span class='ocrx_word' id='word_1_780' title='bbox 2954 4780 3331 4853; x_wconf 54' lang='grc' dir='ltr'>καζοίμωγῶν</span> <span class='ocrx_word' id='word_1_781' title='bbox 3363 4780 3462 4842; x_wconf 71' lang='grc' dir='ltr'><strong>τὰς</strong></span> <span class='ocrx_word' id='word_1_782' title='bbox 3511 4780 3696 4841; x_wconf 78' lang='grc' dir='ltr'>πόλεις</span> <span class='ocrx_word' id='word_1_783' title='bbox 3730 4778 3872 4848; x_wconf 84' lang='grc' dir='ltr'>πλη-</span> 
     </span>
    </p>
   </div>
   <div class='ocr_carea' id='block_1_108' title="bbox 2294 4871 3864 4944">
    <p class='ocr_par' dir='ltr' id='par_1_108' title="bbox 2294 4871 3864 4944">
     <span class='ocr_line' id='line_1_108' title="bbox 2294 4871 3864 4944; baseline 0 -20"><span class='ocrx_word' id='word_1_784' title='bbox 2294 4873 2553 4943; x_wconf 80' lang='grc' dir='ltr'>ρώσασα·</span> <span class='ocrx_word' id='word_1_785' title='bbox 2604 4875 2743 4942; x_wconf 77' lang='grc' dir='ltr'>αὕτη</span> <span class='ocrx_word' id='word_1_786' title='bbox 2800 4875 2893 4925; x_wconf 81' lang='grc' dir='ltr'>καὶ</span> <span class='ocrx_word' id='word_1_787' title='bbox 2949 4875 3038 4925; x_wconf 87' lang='grc' dir='ltr'><strong>τὸν</strong></span> <span class='ocrx_word' id='word_1_788' title='bbox 3087 4871 3456 4944; x_wconf 83' lang='grc' dir='ltr'>προσελθόντα</span> <span class='ocrx_word' id='word_1_789' title='bbox 3513 4873 3589 4942; x_wconf 77' lang='grc' dir='ltr'>τῷ</span> <span class='ocrx_word' id='word_1_790' title='bbox 3639 4873 3864 4943; x_wconf 79' lang='grc' dir='ltr'>Χριστῷ</span> 
     </span>
    </p>
   </div>
   <div class='ocr_carea' id='block_1_109' title="bbox 2293 4963 3868 5033">
    <p class='ocr_par' dir='ltr' id='par_1_109' title="bbox 2293 4963 3868 5033">
     <span class='ocr_line' id='line_1_109' title="bbox 2293 4963 3868 5033; baseline 0.003 -19"><span class='ocrx_word' id='word_1_791' title='bbox 2293 4966 2595 5027; x_wconf 86' lang='grc' dir='ltr'>νεανίσκον,</span> <span class='ocrx_word' id='word_1_792' title='bbox 2628 4966 2722 5017; x_wconf 60' lang='grc' dir='ltr'><strong>καὶ⁹</strong></span> <span class='ocrx_word' id='word_1_793' title='bbox 2767 4965 2944 5026; x_wconf 75' lang='grc' dir='ltr'>πάσας</span> <span class='ocrx_word' id='word_1_794' title='bbox 2985 4966 3082 5027; x_wconf 72' lang='grc' dir='ltr'>τὰς</span> <span class='ocrx_word' id='word_1_795' title='bbox 3118 4963 3212 5016; x_wconf 79' lang='grc' dir='ltr'>τοῦ</span> <span class='ocrx_word' id='word_1_796' title='bbox 3254 4965 3421 5033; x_wconf 84' lang='grc' dir='ltr'>νόμου</span> <span class='ocrx_word' id='word_1_797' title='bbox 3463 4963 3868 5018; x_wconf 74' lang='grc' dir='ltr'>διαϐεϐαιωσά-</span> 
     </span>
    </p>
   </div>
   <div class='ocr_carea' id='block_1_110' title="bbox 2299 5054 3867 5125">
    <p class='ocr_par' dir='ltr' id='par_1_110' title="bbox 2299 5054 3867 5125">
     <span class='ocr_line' id='line_1_110' title="bbox 2299 5054 3867 5125; baseline 0.001 -20"><span class='ocrx_word' id='word_1_798' title='bbox 2299 5072 2458 5125; x_wconf 88' lang='grc' dir='ltr'>μενον</span> <span class='ocrx_word' id='word_1_799' title='bbox 2483 5055 2701 5118; x_wconf 76' lang='grc' dir='ltr'>ἐντολὰς</span> <span class='ocrx_word' id='word_1_800' title='bbox 2730 5055 3097 5124; x_wconf 83' lang='grc' dir='ltr'>κατορθῶσαι,</span> <span class='ocrx_word' id='word_1_801' title='bbox 3129 5055 3208 5116; x_wconf 78' lang='grc' dir='ltr'><strong>εἰς</strong></span> <span class='ocrx_word' id='word_1_802' title='bbox 3239 5055 3297 5106; x_wconf 87' lang='grc' dir='ltr'><strong>τὸ</strong></span> <span class='ocrx_word' id='word_1_803' title='bbox 3329 5054 3536 5107; x_wconf 84' lang='grc' dir='ltr'>τέλειον</span> <span class='ocrx_word' id='word_1_804' title='bbox 3569 5058 3668 5125; x_wconf 81' lang='grc' dir='ltr'>τῆς</span> <span class='ocrx_word' id='word_1_805' title='bbox 3699 5056 3867 5122; x_wconf 74' lang='grc' dir='ltr'>εὐαγο</span> 
     </span>
    </p>
   </div>
   <div class='ocr_carea' id='block_1_111' title="bbox 2295 5146 3865 5219">
    <p class='ocr_par' dir='ltr' id='par_1_111' title="bbox 2295 5146 3865 5219">
     <span class='ocr_line' id='line_1_111' title="bbox 2295 5146 3865 5219; baseline 0.001 -21"><span class='ocrx_word' id='word_1_806' title='bbox 2295 5146 2522 5216; x_wconf 83' lang='grc' dir='ltr'>γελικῆς</span> <span class='ocrx_word' id='word_1_807' title='bbox 2564 5149 2841 5211; x_wconf 80' lang='grc' dir='ltr'>πολιτείας</span> <span class='ocrx_word' id='word_1_808' title='bbox 2882 5147 3106 5216; x_wconf 77' lang='grc' dir='ltr'>φθάσαι,</span> <span class='ocrx_word' id='word_1_809' title='bbox 3142 5146 3233 5199; x_wconf 81' lang='grc' dir='ltr'>καὶ</span> <span class='ocrx_word' id='word_1_810' title='bbox 3273 5147 3348 5216; x_wconf 72' lang='grc' dir='ltr'>τῷ</span> <span class='ocrx_word' id='word_1_811' title='bbox 3380 5147 3606 5219; x_wconf 83' lang='grc' dir='ltr'>Χριστῷ</span> <span class='ocrx_word' id='word_1_812' title='bbox 3637 5147 3865 5200; x_wconf 84' lang='grc' dir='ltr'>ἀκολου-</span> 
     </span>
    </p>
   </div>
   <div class='ocr_carea' id='block_1_112' title="bbox 2291 5351 3861 5424">
    <p class='ocr_par' dir='ltr' id='par_1_112' title="bbox 2291 5351 3861 5424">
     <span class='ocr_line' id='line_1_112' title="bbox 2291 5351 3861 5424; baseline 0 -20"><span class='ocrx_word' id='word_1_813' title='bbox 2291 5352 2392 5408; x_wconf 88' lang='lat' dir='ltr'><strong>hoc</strong></span> <span class='ocrx_word' id='word_1_814' title='bbox 2422 5368 2584 5408; x_wconf 90' lang='lat' dir='ltr'><strong>sensu</strong></span> <span class='ocrx_word' id='word_1_815' title='bbox 2614 5355 2748 5407; x_wconf 80' lang='lat' dir='ltr'><strong>dixit</strong></span> <span class='ocrx_word' id='word_1_816' title='bbox 2782 5354 2997 5424; x_wconf 84' lang='lat' dir='ltr'><strong>Syn_e_s.,</strong></span> <span class='ocrx_word' id='word_1_817' title='bbox 3018 5365 3055 5408; x_wconf 88' lang='lat' dir='ltr'><strong>t.</strong></span> <span class='ocrx_word' id='word_1_818' title='bbox 3083 5356 3125 5418; x_wconf 89' lang='lat' dir='ltr'><strong>l,</strong></span> <span class='ocrx_word' id='word_1_819' title='bbox 3166 5370 3217 5424; x_wconf 91' lang='lat' dir='ltr'><strong>p.</strong></span> <span class='ocrx_word' id='word_1_820' title='bbox 3240 5353 3330 5416; x_wconf 74' lang='grc'>74,</span> <span class='ocrx_word' id='word_1_821' title='bbox 3356 5354 3488 5408; x_wconf 89' lang='lat' dir='ltr'><strong>edit.</strong></span> <span class='ocrx_word' id='word_1_822' title='bbox 3521 5351 3674 5424; x_wconf 76' lang='lat' dir='ltr'><strong>Paris</strong></span> <span class='ocrx_word' id='word_1_823' title='bbox 3703 5352 3861 5424; x_wconf 70' lang='lat' dir='ltr'><strong>i553.</strong></span> 
     </span>
    </p>
   </div>
   <div class='ocr_carea' id='block_1_113' title="bbox 2360 5421 3864 5492">
    <p class='ocr_par' dir='ltr' id='par_1_113' title="bbox 2360 5421 3864 5492">
     <span class='ocr_line' id='line_1_113' title="bbox 2360 5421 3864 5492; baseline -0.001 -16"><span class='ocrx_word' id='word_1_824' title='bbox 2360 5424 2472 5492; x_wconf 72' lang='grc' dir='ltr'>(δι)</span> <span class='ocrx_word' id='word_1_825' title='bbox 2512 5424 2815 5492; x_wconf 57' lang='lat' dir='ltr'><strong>&quot;limata.</strong></span> <span class='ocrx_word' id='word_1_826' title='bbox 2882 5422 3103 5492; x_wconf 76' lang='lat' dir='ltr'><strong>Videtur</strong></span> <span class='ocrx_word' id='word_1_827' title='bbox 3149 5421 3453 5490; x_wconf 77' lang='lat' dir='ltr'><strong>respexisse</strong></span> <span class='ocrx_word' id='word_1_828' title='bbox 3495 5426 3568 5492; x_wconf 14' lang='lat' dir='ltr'><strong>ad,</strong></span> <span class='ocrx_word' id='word_1_829' title='bbox 3613 5421 3784 5475; x_wconf 74' lang='lat' dir='ltr'><strong>Exod.</strong></span> <span class='ocrx_word' id='word_1_830' title='bbox 3820 5438 3864 5486; x_wconf 78' lang='grc' dir='ltr'><strong>ι,</strong></span> 
     </span>
    </p>
   </div>
   <div class='ocr_carea' id='block_1_114' title="bbox 2290 5491 3862 5616">
    <p class='ocr_par' dir='ltr' id='par_1_114' title="bbox 2290 5491 3862 5616">
     <span class='ocr_line' id='line_1_114' title="bbox 2290 5491 3862 5616; baseline -0.001 -71"><span class='ocrx_word' id='word_1_831' title='bbox 2290 5491 2827 5616; x_wconf 47' lang='grc' dir='ltr'>ἶῖζέηεορὲὲὲτοςυτ.</span> <span class='ocrx_word' id='word_1_832' title='bbox 2881 5491 3140 5548; x_wconf 83' lang='lat' dir='ltr'><strong>Nazianz.</strong></span> <span class='ocrx_word' id='word_1_833' title='bbox 3179 5494 3346 5565; x_wconf 84' lang='lat' dir='ltr'><strong>p.77,</strong></span> <span class='ocrx_word' id='word_1_834' title='bbox 3394 5492 3517 5559; x_wconf 80' lang='grc'>180,</span> <span class='ocrx_word' id='word_1_835' title='bbox 3547 5491 3676 5559; x_wconf 68' lang='grc' dir='ltr'>εδδ,</span> <span class='ocrx_word' id='word_1_836' title='bbox 3724 5493 3862 5547; x_wconf 80' lang='lat' dir='ltr'><strong>edit.</strong></span> 
     </span>
    </p>
   </div>
   <div class='ocr_carea' id='block_1_115' title="bbox 2311 5592 3167 5702">
    <p class='ocr_par' dir='ltr' id='par_1_115' title="bbox 2311 5592 3167 5702">
     <span class='ocr_line' id='line_1_115' title="bbox 2311 5592 2646 5626; baseline 0 -11"><span class='ocrx_word' id='word_1_837' title='bbox 2311 5592 2450 5617; x_wconf 71' lang='lat' dir='ltr'><strong>man.</strong></span> <span class='ocrx_word' id='word_1_838' title='bbox 2494 5592 2646 5626; x_wconf 69' lang='grc' dir='ltr'>ιιιιιυ,</span> 
     </span>
     <span class='ocr_line' id='line_1_116' title="bbox 2361 5630 3167 5702; baseline 0 -15"><span class='ocrx_word' id='word_1_839' title='bbox 2361 5634 2472 5701; x_wconf 79' lang='grc'>(55)</span> <span class='ocrx_word' id='word_1_840' title='bbox 2532 5630 2722 5701; x_wconf 70' lang='grc' dir='ltr'><strong>Γιεζῆ.</strong></span> <span class='ocrx_word' id='word_1_841' title='bbox 2753 5632 2790 5684; x_wconf 89' lang='grc' dir='ltr'><strong>ΙΙ</strong></span> <span class='ocrx_word' id='word_1_842' title='bbox 2825 5631 2957 5702; x_wconf 72' lang='lat' dir='ltr'><strong>Reg.</strong></span> <span class='ocrx_word' id='word_1_843' title='bbox 2993 5649 3045 5696; x_wconf 68' lang='grc' dir='ltr'>ι’,</span> <span class='ocrx_word' id='word_1_844' title='bbox 3069 5635 3167 5694; x_wconf 69' lang='lat'><strong>27.</strong></span> 
     </span>
    </p>
   </div>
   <div class='ocr_carea' id='block_1_116' title="bbox 2360 5703 3032 5772">
    <p class='ocr_par' dir='ltr' id='par_1_116' title="bbox 2360 5703 3032 5772">
     <span class='ocr_line' id='line_1_117' title="bbox 2360 5703 3032 5772; baseline 0 -16"><span class='ocrx_word' id='word_1_845' title='bbox 2360 5704 2468 5772; x_wconf 76' lang='grc'><strong>(56)</strong></span> <span class='ocrx_word' id='word_1_846' title='bbox 2519 5703 2816 5756; x_wconf 77' lang='grc' dir='ltr'>Ἀνανίαν.</span> <span class='ocrx_word' id='word_1_847' title='bbox 2854 5703 2971 5757; x_wconf 81' lang='lat' dir='ltr'><strong>Act.</strong></span> <span class='ocrx_word' id='word_1_848' title='bbox 3004 5720 3032 5756; x_wconf 76' lang='grc' dir='ltr'><strong>ν</strong></span> 
     </span>
    </p>
   </div>
  </div>
