4118 6328
283 404 420 473 1217

1690 401 2028 469 ΟΒᾹΤΙΟΝ
2030 406 2141 475 ES.

3400 427 3534 494 1218

291 520 448 576 Ἐπεὶ
496 523 603 594 γὰρ
656 522 756 576 οὐκ
783 522 1024 593 ἠδυνήθη
1084 521 1466 593 ἀκολουθῆσαι,
1504 519 1713 595 ἀπῆλθε
1757 524 1844 579 λυ-

1955 525 2137 593 vobis,
2178 527 2305 598 quia
2345 527 2566 586 difﬁcile
2590 530 2739 589 dives
2770 532 2988 591 intrabit
3019 535 3072 592 in
3108 551 3333 609 regnum
3363 543 3533 597 cado-

279 611 574 683 πούμενος.
615 629 633 664 ι
668 612 730 665 '0
775 613 831 665 δὲ
880 612 1088 684 Ἰησοῦς
1121 609 1245 667 εἷπε
1286 615 1401 676 τοῖς
1447 615 1721 684 μαθηταῖς
1751 617 1850 669 αὐ-

278 703 397 767 τοῦ,
434 704 610 776 Ἀμὴν
658 704 801 773 λέγω
835 705 985 776 ὑμῖν,
1020 707 1102 759 ὅτι
1146 706 1421 771 δυσκόλως
1461 708 1715 774 πλούσιος
1738 709 1851 762 εἰσ-

281 794 566 849 ελεύσεται
636 797 717 861 εἰς
765 798 865 869 τὴν
925 798 1203 868 βασιλείαν
1255 801 1363 857 τῶν
1414 801 1701 873 οὐρανῶν·
1740 819 1761 855 ι
1800 803 1850 856 εἰ

275 884 336 941 δὲ
371 889 397 941 6
422 887 678 953 πλούσιος
722 889 1019 958 δυσκόλως,
1050 893 1079 946 6
1118 894 1456 965 πλεονέκτης
1502 895 1731 961 οὐδόλως
1753 912 1767 927 ·
1799 897 1849 949 εἰ

277 978 390 1049 γὰρ
420 980 448 1031 6
481 980 556 1051 μὴ
592 980 717 1045 δοὺς
749 983 817 1037 τὰ
842 984 1038 1039 ἑαυτοῦ
1067 986 1481 1057 κατακρίνεται,
1518 988 1697 1058 πολλῷ
1724 988 1855 1059 μᾶλ-

275 1068 370 1123 λον
395 1072 428 1143 _6
484 1074 577 1126 καὶ
627 1072 697 1127 τὰ
745 1075 951 1147 ἐτέρων
979 1078 1267 1148 ἁρπάζων.
1309 1097 1328 1131 ε
1371 1080 1539 1133 Πάλιν
1596 1079 1651 1133 δὲ
1708 1080 1851 1149 λέγω

277 1160 431 1232 ὑμῖν,
466 1161 861 1237 Εὑκοπώτερόν
904 1168 1021 1221 ἐστι
1074 1168 1322 1240 κάμηλον
1368 1170 1459 1223 διὰ
1492 1170 1851 1241 τρυπήματος

279 1251 507 1322 ῥαφίδος
532 1253 785 1322 διελθεῖν,
822 1258 855 1327 ἢ
899 1256 1157 1311 πλούσιον
1189 1260 1269 1323 εἰς
1308 1259 1407 1329 τὴν
1436 1260 1716 1331 βασιλείαν
1750 1258 1844 1313 τοῦ

274 1339 417 1396 Θεοῦ
466 1343 767 1400 εἰσελθεῖν·
810 1364 831 1400 ι
868 1347 1039 1403 εἰπὼν
1090 1350 1153 1402 τὺ
1212 1352 1447 1422 πρᾶγμα
1509 1351 1771 1405 δύσκολον
1818 1352 1847 1405 6

276 1434 539 1506 Χριστὸς,
567 1436 760 1491 ἔπειτα
787 1436 941 1507 λέγει
969 1439 1130 1494 τοῦτο
1164 1441 1263 1494 καὶ
1303 1441 1591 1509 ἀδύνατον,
1623 1446 1718 1497 καὶ
1750 1442 1848 1514 οὐχ

278 1525 470 1592 ἁπλῶς
500 1526 785 1597 ἀδύνατον,
836 1528 973 1584 ἀλλὰ
1011 1531 1105 1584 καὶ
1135 1530 1230 1585 τοῦ
1262 1531 1527 1588 ἀδυνάτου
1577 1534 1848 1589 ἀδυνατὼ-

274 1634 457 1691 τερον.
496 1619 786 1675 Ἀδύνατον
836 1621 937 1692 μὲν
964 1622 1073 1694 γὰρ
1102 1623 1202 1693 τὴν
1232 1625 1482 1697 κάμηλον
1503 1626 1564 1679 τὺ
1598 1627 1735 1689 ζῶον
1760 1626 1849 1681 διὰ

272 1710 639 1781 τρυπήματος
691 1710 918 1783 βελόνης
972 1712 1240 1768 διελθεῖν·
1310 1706 1719 1784 ἀδυνατώτερον
1789 1715 1848 1770 δὲ

274 1801 467 1857 τούτου
508 1804 589 1871 τὸ,
625 1803 891 1859 εἰσελθεῖν
922 1805 1177 1860 πλούσιον
1200 1808 1281 1871 είς
1311 1807 1409 1878 τὴν
1432 1806 1712 1878 βασιλείαν
1739 1808 1849 1865 τῶν

1965 633 2105 674 rum.
2144 637 2162 672 ι
2199 618 2255 674 Si
2284 635 2409 677 vero
2436 620 2655 677 difﬁcile
2700 624 2868 693 dives,
2893 628 3043 683 nullo
3078 630 3240 685 modo
3273 631 3532 685 ambitio-

1960 721 2077 763 sus.
2133 708 2190 764 Si
2214 711 2354 764 enim
2392 712 2479 781 qui
2504 727 2609 767 non
2635 713 2725 767 dat
2758 729 2880 781 sua,
2903 719 3319 789 condemnatur,
3350 721 3524 776 multo

1953 800 2126 871 magis
2152 801 2243 871 qui
2273 804 2410 857 bona
2462 803 2693 860 aliorum
2722 806 2938 877 abripit.
2966 839 3037 851 —
3064 829 3083 862 ι
3127 812 3326 869 lterum
3350 820 3531 867 autem

1951 894 2074 950 dico
2092 894 2249 951 vobis
2280 912 2292 947 :
2332 894 2566 952 Facilius
2589 907 2672 953 est
2702 900 2968 954 camclum
2997 916 3093 971 per
3134 902 3376 959 foramen
3402 921 3534 961 acus

1953 986 2187 1043 transire
2258 1002 2422 1058 quam
2485 987 2707 1044 divitem
2792 990 2848 1046 in
2947 1006 3172 1062 regnum
3232 997 3523 1062 ccelorum,

1952 1077 2207 1143 introire.
2268 1077 2563 1148 Postquam
2616 1080 2667 1135 id
2693 1080 2914 1136 difﬁcile
2938 1096 3058 1138 esse
3093 1082 3525 1151 dixithristus,

1951 1169 2149 1225 deinde
2202 1170 2254 1227 id
2283 1172 2417 1228 dicit
2465 1188 2585 1229 esse
2612 1174 2967 1245 impéssibile,
2999 1186 3190 1234 etnon
3222 1180 3383 1234 modo
3414 1181 3521 1235 im-

1948 1260 2227 1329 possibile,
2279 1262 2374 1317 sed
2430 1264 2652 1321 omnino
2678 1264 3031 1335 impossibile.
3072 1267 3409 1337 lmpossibile
3441 1277 3525 1342 est

1950 1349 2097 1403 enim
2125 1349 2393 1405 camelum
2450 1352 2654 1408 animal
2683 1368 2780 1425 per
2810 1353 3055 1411 foramen
3096 1370 3226 1413 acus
3266 1358 3521 1423 transire,

1954 1434 2345 1507 impossibilius
2376 1448 2553 1495 autem
2594 1451 2678 1498 est
2715 1442 2932 1498 divitem
2956 1443 3167 1517 intrare
3196 1443 3249 1498 in
3288 1459 3515 1515 regnum

1950 1527 2235 1584 caelorum.
2255 1527 2484 1595 Quidam
2536 1540 2719 1587 autem
2748 1532 2936 1588 dicunt
2979 1534 3245 1588 camelum
3279 1548 3400 1591 esse
3426 1551 3521 1591 va-

1949 1619 2115 1675 lidum
2152 1621 2348 1692 navigii
2394 1620 2601 1688 funem,
2626 1637 2735 1694 quo
2764 1623 3028 1679 anchoras
3063 1633 3241 1681 nauta
3269 1626 3514 1696 alligant.

1951 1708 2067 1767 Hoc
2124 1712 2309 1768 dicens
2353 1711 2602 1769 Christus
2648 1713 2865 1770 divitias
2903 1729 3012 1770 non
3043 1724 3284 1780 accusat,
3305 1717 3400 1772 sed
3432 1717 3520 1772 di-

1949 1803 2200 1859 vitiarum
2228 1804 2477 1860 servilem
2513 1820 2775 1861 amorem.
2804 1804 3079 1875 Optimum
3126 1815 3179 1862 et
3202 1806 3522 1862 admirabile

274 1893 556 1963 οὐρανῶν·
612 1895 757 1959 τινὲς
790 1894 848 1949 δὲ
899 1896 1147 1969 κάμηλον
1183 1896 1295 1972 (44)
1347 1899 1563 1967 λέγουσι
1616 1902 1844 1972 σχοινίον

1949 1896 2283 1966 exemplum.
2338 1894 2804 1962 Quemadmodum
2859 1894 3004 1951 enim
3076 1911 3209 1953 acus
3272 1895 3518 1951 foramen

274 1986 428 2058 παχὺ
455 1984 552 2041 τοῦ
604 1985 820 2054 πλοίου,
852 1982 897 2057 ᾧ
931 1989 1193 2060 δεσμοῦσι
1221 1991 1321 2053 τὰς
1349 1990 1597 2061 ἀγκύρας
1625 1992 1677 2044 οἰ
1716 1992 1848 2046 ναῦ-

273 2092 391 2131 ται.
450 2077 637 2133 Ταῦτα
686 2078 862 2149 λέγων
908 2081 935 2133 6
985 2080 1245 2150 Χριστὸς,
1298 2081 1361 2136 οὐ
1420 2082 1702 2136 διαϐάλλει
1756 2082 1850 2139 τὸν

274 2167 531 2236 πλοῦτον,
565 2170 702 2225 ἀλλὰ
751 2171 813 2227 τδ
838 2170 1163 2227 δουλοῦσθαι
1189 2171 1268 2243 τῷ
1312 2172 1550 2244 πλούτῳ.
1586 2175 1847 2246 Ἀριστον

272 2259 333 2315 δὲ
358 2262 456 2317 καὶ
490 2265 795 2335 θαυμάσιον
822 2266 884 2319 τὸ
933 2264 1318 2337 παράδειγμα.
1349 2266 1617 2337 Καθάπερ
1650 2266 1758 2339 γὰρ
1786 2266 1849 2321 τὸ

272 2350 539 2424 τρύπημα
570 2357 670 2426 τῆς
700 2353 928 2426 βελόνης
964 2355 1026 2409 οὺ
1062 2356 1236 2427 χωρεῖ
1259 2355 1357 2427 τὴν
1398 2355 1646 2427 κάμηλον
1678 2356 1768 2412 διά
1788 2374 1847 2411 τε

272 2441 376 2515 τὴν
431 2444 636 2518 πολλὴν
677 2445 843 2501 αὐτοῦ
881 2446 1196 2518 στενότητα,
1250 2446 1347 2501 καὶ
1398 2446 1485 2501 διὰ
1532 2448 1624 2501 τὸν
1679 2448 1847 2502 πολὺν

270 2533 439 2606 ὄγκον
469 2538 571 2609 τῆς
620 2539 895 2613 καμήλου,
926 2538 1069 2595 οὕτω
1113 2540 1205 2595 καὶ
1249 2540 1286 2613 ἡ
1330 2539 1449 2606 ὁδὸς
1478 2542 1511 2610 ή
1554 2540 1847 2613 ἀπάγουσα

272 2630 358 2695 εἰς
385 2630 486 2703 τὴν
516 2632 663 2704 ζωὴν
706 2633 807 2705 τὴν
854 2634 1095 2701 αἰώνιον,
1134 2634 1196 2688 ού
1232 2636 1401 2706 χωρεῖ
1432 2634 1523 2687 τὸν
1568 2634 1843 2701 πλούσιον,

270 2719 365 2777 διά
419 2739 480 2776 τε
530 2724 631 2793 τὴν
678 2725 881 2796 ἑαυτῆς
914 2726 1229 2796 στενότητα,
1261 2726 1356 2780 καί
1401 2726 1488 2780 διὰ
1534 2724 1629 2781 τὸν
1678 2726 1846 2782 πολὺν

271 2810 442 2882 ὄγκον
461 2813 556 2867 τοῦ
579 2813 864 2871 πλουσίου.
887 2817 1097 2887 Πρέπει
1116 2813 1230 2883 οὖν,
1266 2816 1487 2885 ἀδελφοί
1508 2833 1637 2888 μου,
1665 2817 1846 2872 πάντα

271 2901 438 2973 ὄγκον
465 2904 577 2977 (45)
601 2904 900 2963 ἀποθέσθαι
926 2907 1071 2962 κατὰ
1095 2907 1186 2962 τὸν
1205 2906 1348 2961 θεῖον
1383 2906 1727 2975 ’Δπόστολον,
1751 2908 1847 2963 καὶ

270 2994 640 3068 λεπτυνθῆναι
687 2998 759 3053 δι’
806 2998 1059 3053 ἑκουσίου
1091 2999 1304 3064 πενίας,
1357 2997 1499 3052 ὥστε
1552 2998 1845 3070 δυνηθῆναι

271 3087 361 3143 διὰ
391 3091 491 3161 τῆς
521 3090 718 3163 στενῆς
755 3090 876 3145 ὀδοῦ
899 3090 1163 3145 εἰσελθεῖν
1190 3092 1273 3155 εἰς
1298 3092 1400 3162 την
1430 3089 1713 3162 βασιλείαν
1734 3092 1845 3146 τῶν

1949 2000 2057 2041 non
2107 1986 2303 2055 accipit
2345 1987 2638 2054 camelum,
2695 1985 2821 2058 quia
2856 1986 3146 2043 admodum
3195 1996 3407 2043 arctum
3436 1994 3521 2041 est

1948 2077 2103 2143 illud,
2168 2076 2406 2133 camelus
2434 2086 2613 2134 autem
2645 2078 3045 2149 corpulentum,
3080 2078 3153 2133 ita
3205 2088 3259 2133 et
3287 2079 3374 2131 via
3397 2090 3519 2147 qua:

1949 2168 2100 2226 ducit
2174 2170 2241 2225 ad
2295 2169 2460 2223 vitam
2519 2179 2779 2223 aeternam
2829 2183 2935 2224 non
2984 2168 3182 2238 accipit
3251 2167 3517 2235 divitem,

1947 2262 2076 2334 quia
2144 2262 2235 2318 illa
2284 2261 2504 2331 quidem
2564 2270 2795 2331 angusta
2819 2267 2923 2326 est,
2962 2258 3112 2315 dives
3154 2269 3333 2315 autem
3360 2259 3522 2314 valde

1947 2360 2140 2410 tumet.
2232 2352 2395 2410 Decet
2443 2351 2643 2422 igitur,
2693 2350 2913 2418 fratres,
2950 2366 3164 2407 omnem
3212 2350 3517 2422 superbiam

1948 2445 2181 2514 abjicere
2239 2445 2396 2515 juxta
2444 2444 2684 2499 divinum
2727 2443 3047 2513 Apostolum
3074 2452 3166 2512 ,et
3206 2442 3376 2498 minui
3421 2455 3520 2512 per

1944 2538 2308 2599 voluntariam
2356 2543 2747 2609 paupertatem,
2787 2536 2861 2591 ita
2892 2546 2951 2591 ut
2975 2535 3245 2605 possimus
3297 2550 3392 2605 per
3420 2548 3521 2589 an-

1942 2638 2160 2705 gustam
2193 2629 2337 2685 viam
2370 2626 2595 2682 introire
2620 2628 2672 2680 in
2706 2640 2933 2697 regnum
2956 2625 3242 2681 calorum.
3275 2626 3521 2696 Angusta

1951 2722 2095 2779 enim
2122 2728 2204 2775 est
2232 2726 2286 2774 et
2314 2728 2463 2773 arcta
2493 2718 2580 2774 via
2615 2726 2737 2787 qua:
2770 2717 2918 2772 ductt
2954 2715 3022 2770 ad
3050 2716 3210 2770 vitam
3241 2722 3335 2783 ;et
3354 2718 3516 2786 pauci

1944 2820 2072 2868 sunt
2110 2810 2203 2880 qui
2238 2809 2522 2865 inveniunt
2573 2822 2715 2864 eam.
2754 2826 2772 2859 ι
2806 2807 3100 2863 Audientes
3147 2816 3327 2863 autem
3352 2807 3519 2864 disci<

1943 2902 2057 2971 puli
2114 2900 2419 2955 timuerunt
2467 2898 2622 2955 valde
2676 2898 2964 2955 dicentes:
2998 2898 3131 2965 Quis
3185 2914 3315 2970 ergo
3342 2909 3520 2969 potest

1944 2990 2189 3069 salvari?
2221 3007 2241 3043 ›
2276 2988 2623 3054 Timuerunt,
2652 3004 2748 3058 pro
2774 2989 2974 3045 turbati
3010 2997 3172 3055 sunt;
3207 3004 3315 3044 non
3336 3000 3518 3047 tamen

1944 3087 2012 3143 de
2057 3085 2275 3157 seipsis,
2300 3098 2564 3156 pauperes
2616 3084 2756 3139 enim
2780 3092 2955 3147 erant,
2983 3086 3076 3139 sed
3117 3084 3184 3140 de
3230 3083 3517 3141 divitibus.

270 3181 539 3254 οὐρανῶν.
573 3176 745 3254 Στενὴ
790 3182 901 3257 γάρ
947 3187 1043 3238 καὶ
1101 3183 1441 3256 τεθλιμμένη
1468 3186 1501 3256 ὴ
1533 3184 1709 3254 όδδςή
1739 3185 1842 3240 άπ-

1944 3166 2279 3249 lncipiebant
2328 3177 2473 3234 enim
2530 3176 2739 3233 viscera
2802 3175 3191 3231 misericordias
3239 3177 3519 3246 suscipere

274 3272 486 3344 άγουσα
516 3275 596 3340 είς
623 3275 722 3346 τὴν
745 3275 911 3348 ζωὴν,
943 3275 1229 3345 καίνόλίγοι
1250 3274 1393 3332 εἰσὶν
1424 3277 1473 3329 οἰ
1501 3276 1846 3346 εὑρίσκοντες

273 3366 475 3437 αὐτήν.
510 3383 533 3419 ε
574 3364 935 3431 ’Δκούσαντες
955 3366 1011 3421 δὲ
1029 3366 1079 3421 οἰ
1114 3365 1359 3439 μαθηταὶ
1387 3366 1555 3421 αὑτοῦ
1579 3365 1845 3437 ἐξεπλήσ-

274 3474 433 3514 σοντο
457 3458 685 3531 σφόδρα,
706 3458 981 3529 λέγοντες,
1008 3459 1115 3522 Τίς
1127 3458 1236 3530 ἄρα
1269 3452 1499 3513 δύναται
1526 3458 1767 3529 σωθῆναι
1786 3474 1839 3527 ς»

285 3549 735 3623 Ἕξεπλήσσοντο,
787 3551 910 3607 ἀντί
968 3548 1065 3605 τοῦ
1117 3548 1492 3621 ἐθορυϐοῦντο.
1544 3550 1691 3622 Πλὴν
1745 3550 1844 3623 οὐχ

274 3641 417 3714 ΰπδρ
457 3641 667 3697 ἑαυτῶν
692 3648 695 3651 ’
720 3641 973 3715 (πένητες
1006 3643 1116 3713 γὰρ
1173 3636 1358 3713 ἦσαν),
1404 3641 1518 3695 ἀλλ’
1568 3642 1709 3713 ὑπὲρ
1735 3642 1844 3695 τῶν

275 3734 552 3790 πλουσίων
572 3752 587 3769 ·
646 3734 884 3806 ἤρξαντο
909 3733 1019 3805 γὰρ
1052 3730 1338 3803 σπλάγχνα
1375 3731 1677 3807 οἰκτιρμῶν
1712 3732 1845 3787 ἀνα-

274 3827 468 3884 λαϐεῖν
499 3816 892 3894 οἰάπόστολοι,
938 3827 1033 3881 καὶ
1057 3825 1391 3897 ύπεραλγετν
1420 3824 1524 3895 τῆς
1564 3823 1844 3888 ἀπωλείας

272 3918 388 3974 τῶν
418 3916 744 3989 ἀνθρώπων,
787 3914 1072 3985 λέγοντες·
1101 3914 1200 3984 Τίς
1245 3914 1355 3985 ἄρα
1390 3912 1617 3969 δύναται
1660 3912 1845 3984 σωθῆ-

274 4029 408 4082 ναι;
438 4029 459 4067 ι
506 4008 809 4081 Ἐμϐλέψας
848 4007 905 4062 δδ
935 4008 967 4062 6
1005 4005 1215 4080 Ἰησοῦς
1260 4002 1414 4062 εἶπεν
1457 4005 1673 4069 αὐτοῖς·
1706 4003 1842 4076 Παρ⁹

273 4103 589 4178 ἀνθρώποις
642 4101 803 4157 τοῦτο
853 4100 1151 4156 ἀδύνατον·
1186 4099 1342 4172 Παρὰ
1360 4098 1443 4153 πει
1500 4097 1620 4169 Θεῷ
1638 4098 1843 4152 ηπάντα

274 4176 501 4251 δυνατά.
547 4212 567 4247 ι
608 4191 836 4265 Πρῶτον
888 4192 1083 4264 ἡμέρῳ
1132 4189 1408 4261 βλέμματι
1458 4188 1560 4260 τὴν
1603 4176 1842 4242 διάνοιαν

274 4284 387 4341 τῶν
421 4283 678 4355 μαθητῶν
712 4283 1058 4356 νφρίττουσαν
1096 4281 1192 4335 καὶ
1230 4278 1638 4350 θορυϐουμένην
1702 4292 1845 4349 παρ-

273 4378 551 4453 ηγόρησεν
578 4378 607 4431 6
632 4376 885 4448 Χριστὸς,
909 4371 1027 4430 εἶτα
1046 4363 1222 4441 εἶπεν,
1249 4375 1330 4429 ὅτι
1362 4375 1513 4445 παρὰ
1535 4372 1843 4444 ἀνθρώποις

246 4472 557 4536 .πλουσίοις
601 4470 760 4525 τοῦτο
796 4469 997 4541 δηλαδὴ
1049 4470 1112 4523 τὸ
1157 4468 1394 4540 σωθῆναι
1440 4466 1704 4521 ἀδύνατόν
1727 4464 1839 4539 (66)

275 4566 421 4631 ιστι,
456 4563 733 4635 δεδεμένοι
770 4562 1005 4634 ἰσχυρῶς
1039 4563 1159 4625 ταῖς
1194 4562 1402 4631 σειραῖς
1433 4559 1534 4629 τῆς
1568 4559 1840 4630 φιλαργυ-

280 4655 406 4729 ρίας
433 4652 787 4708 ἀδυνατοῦσιν
816 4652 910 4722 ἀφ’
943 4651 1156 4707 ἑαυτῶν
1187 4652 1350 4721 μόνον
1383 4650 1494 4721 (47)
1536 4648 1838 4720 ὲλευθερω·

278 4743 444 4815 θῆναι
472 4746 572 4815 τῆς
592 4743 851 4814 τοιαύτης
875 4741 1209 4814 τυραννίδος.
1252 4741 1311 4794 '0
1334 4740 1391 4794 δὲ
1419 4740 1551 4803 Θεὸς
1572 4738 1635 4793 οὐ
1677 4740 1841 4809 μόνον

279 4838 454 4892 σῶσαι
476 4836 727 4901 δύναται,
760 4834 898 4889 ἀλλὰ
928 4835 1024 4889 καὶ
1049 4836 1157 4888 πᾶν
1184 4833 1373 4903 ἕτερον
1393 4832 1637 4889 δύναται.
1669 4830 1839 4885 Σώσει

277 4927 337 4981 δὲ
366 4926 489 4989 τοὺς
512 4924 797 4989 πλουσίους
817 4927 846 4979 6
869 4924 1023 4989 Θεὸς,
1049 4924 1144 4977 ἐὰν
1167 4924 1267 4993 τὴν
1290 4924 1416 4992 παρ’
1442 4922 1649 4976 ἑαυτῶν
1677 4938 1841 4975 σπου-

274 5021 373 5092 δὴν
405 5018 746 5090 εἰσφέροντες
783 5013 1213 5070 ἐπικαλέσωνται
1249 5014 1345 5066 καὶ
1394 5012 1581 5067 τοῦτον
1606 5012 1834 5067 ὶπίκου-

279 5126 374 5181 ρον
404 5109 497 5161 καὶ
533 5106 880 5177 συλλήπτορα
919 5105 1018 5175 τῆς
1048 5101 1388 5173 ἐλευθερίας,
1436 5100 1721 5165 κενοῦντες
1746 5101 1839 5156 τὸν

275 5182 509 5249 πλοῦτον
541 5196 621 5258 εἰς
648 5194 774 5256 τοὺς
821 5194 1064 5262 πένητας
1101 5191 1199 5245 καὶ
1250 5189 1594 5255 σϐεννύοντες
1624 5191 1685 5244 τδ
1728 5191 1839 5262 πῦρ

278 5288 386 5356 τῆς
430 5286 537 5341 τῶν
586 5286 886 5357 χρημάτων
940 5284 1255 5352 ἐπιθυμίας.
1300 5280 1429 5337 Ἰδοὺ
1482 5283 1840 5353 ἐδιδάχθημεν

282 5379 378 5433 καὶ
408 5375 708 5447 ἐμάθομεν,
760 5373 978 5442 ἀδελφοί
1010 5390 1137 5443 μου,
1177 5374 1259 5425 ὅτι
1306 5370 1567 5426 ἀδύνατον
1600 5368 1839 5439 σωθῆναι

280 5469 636 5542 φιλάργυρον,
666 5469 762 5523 ἐὰν
794 5467 871 5536 μὴ
891 5465 992 5536 τὴν
1017 5464 1147 5534 παρ’
1171 5463 1370 5519 ἑαυτοῦ
1398 5463 1631 5533 σπουδὴν
1662 5462 1842 5531 εἰσφέ-

362 5602 468 5680 ιιι)
518 5602 803 5680 Κάμηλον
850 5600 1117 5680 λέγουσι.
1150 5598 1348 5680 Catena
1406 5598 1629 5680 inedita,
1659 5596 1841 5680 'cujus

282 5668 379 5735 εει
414 5668 783 5744 apograpbum
817 5668 959 5738 apud
986 5685 1092 5735 nte,
1120 5670 1186 5723 ad
1234 5669 1381 5723 hunc
1413 5670 1591 5723 locum
1627 5671 1705 5723 sic
1734 5668 1836 5721 ha-

282 5750 376 5805 bet
405 5762 421 5801 :
446 5742 734 5823 ,Κάμίηλρν
782 5738 995 5823 δὲ-ῶδε,
1020 5739 1091 5823 οὐ.
1113 5738 1173 5795 τὸ
1192 5738 1361 5823 ’ζῶσι
1383 5738 1548 5823 ,ἀλλά
1581 5740 1641 5790 τὸ
1692 5737 1836 5808 παχὺ

286 5816 543 5889 σχοινίον,
658 5811 914 5882 δεσμοῦσι
941 5815 1037 5874 τὰς
1067 5809 1316 5878 ἀγκύρας
1346 5808 1397 5861 οἱ
1437 5808 1649 5864 ναῦται.

1948 3270 2201 3343 apostoli,
2224 3281 2279 3326 ct
2298 3270 2478 3326 dolere
2496 3269 2563 3324 de
2600 3268 2877 3331 hominum
2902 3268 3204 3338 perditione
3224 3269 3470 3325 dicentes
3497 3283 3513 3323 :

1954 3378 1975 3415 ε
2014 3360 2149 3428 Quis
2222 3374 2352 3430 ergo
2420 3367 2593 3430 potest
2666 3357 2918 3413 salvari?
2979 3376 2999 3411 ι
3046 3360 3267 3415 intuens
3332 3368 3515 3414 autem

1943 3452 2122 3521 Iesus,
2151 3452 2282 3509 dicit
2311 3450 2417 3508 ill-is
2448 3466 2465 3505 :
2506 3469 2527 3503 ε
2562 3449 2716 3521 Apud
2762 3450 3013 3504 homines
3046 3449 3150 3504 hoc
3180 3449 3518 3519 impossibile

1941 3554 2060 3613 est;
2092 3545 2238 3617 apud
2280 3543 2448 3601 Deum
2475 3551 2660 3599 autem
2692 3542 2872 3598 omnia
2901 3541 3183 3613 possibilia
3218 3548 3366 3597 sunt.
3394 3557 3416 3594 ι
3442 3567 3515 3583 -

1943 3638 2096 3694 Dulci
2157 3638 2391 3710 primum
2443 3634 2637 3691 intuitu
2693 3641 2931 3689 mentem
2974 3631 3364 3701 discipulorum
3404 3640 3515 3686 tre-

1942 3733 2313 3795 mentemlet
2386 3724 2656 3781 turbatam
2732 3723 3042 3780 consolatus
3085 3728 3172 3777 est
3240 3722 3509 3790 Christus,

1938 3817 2144 3873 deinde
2174 3816 2334 3882 dixit,
2368 3815 2537 3886 apud
2575 3814 2770 3869 divites
2807 3812 3092 3868 manifeste
3118 3811 3350 3868 salutem
3381 3826 3507 3869 esse

1942 3906 2337 3979 impossibilem
2369 3922 2386 3961 :
2422 3905 2595 3962 valide
2649 3904 2889 3959 avaritia:
2943 3902 3174 3959 vinculis
3218 3903 3369 3975 ligati
3412 3918 3511 3974 per

1942 4000 2151 4072 seipsos
2175 4006 2450 4069 nequeunt
2508 3996 2577 4051 ab
2648 3996 2751 4051 ista
2778 3993 3063 4066 tyrannide
3090 3992 3331 4049 liberari.
3363 3992 3508 4050 Deus

1942 4101 2126 4147 autem
2151 4104 2263 4146 non
2303 4089 2464 4144 modo
2509 4095 2685 4159 potest
2707 4085 2937 4151 salvare,
2965 4084 3063 4140 sed
3090 4082 3324 4154 quodvis
3361 4082 3510 4137 aliud

1942 4184 2143 4256 potest.
2205 4180 2448 4237 Salvabit
2506 4194 2673 4252 porro
2732 4179 2930 4234 divites
2958 4176 3117 4241 Deus,
3144 4176 3190 4232 si
3227 4190 3327 4246 pro
3370 4174 3510 4231 virili

1943 4284 2100 4348 parte
2160 4282 2486 4345 operantes,
2535 4274 2712 4342 ipsum
2770 4270 3148 4326 invocaverint
3209 4269 3507 4337 adjutorem

1942 4376 1998 4422 et
2016 4367 2279 4423 libertatis
2294 4364 2559 4428 datorem,
2582 4362 2793 4417 divitias
2815 4360 3147 4432 pauperibus
3172 4359 3507 4415 distribuen-

1945 4469 2050 4525 tes,
2101 4465 2155 4513 et
2183 4454 2491 4511 divitiarum
2522 4452 2831 4522 cupiditatis
2859 4453 3038 4521 ignem
3067 4452 3497 4520 exstinguentes.

1869 4540 1913 4596 Ι)
1942 4549 2083 4605 Ecce
2131 4546 2307 4603 edocti
2359 4548 2551 4600 sumus
2586 4554 2653 4599 et
2683 4544 2991 4609 didicimus,
3017 4542 3236 4607 fratres,
3258 4542 3508 4612 impossi-

1941 4640 2051 4695 bile
2078 4653 2199 4695 esse
2244 4636 2443 4692 salvari
2474 4634 2716 4705 pecunia:
2762 4635 3065 4689 studiosum
3102 4633 3206 4687 nisi
3231 4632 3504 4702 propriam

1942 4744 2130 4787 curam
2194 4726 2480 4791 adhibens,
2541 4724 2710 4781 Deum
2763 4724 3061 4793 adjutorem
3113 4723 3381 4785 habuerit,
3412 4724 3503 4790 qui

1939 4822 2111 4893 ipsum
2178 4821 2246 4874 ab
2305 4818 2602 4874 istiusmodi
2644 4815 2938 4885 cupiditate
3024 4813 3237 4868 liberet.
3310 4813 3507 4866 Dicunt

1940 4921 2119 4967 autem
2147 4928 2160 4965 :
2193 4909 2251 4965 Si
2298 4910 2481 4965 omnia
2519 4907 2797 4979 possibilia
2834 4915 2959 4962 sunt
2978 4904 3107 4968 De’o,
3149 4904 3220 4958 illi
3251 4902 3506 4973 possibile

1938 5019 2059 5062 esse
2084 5013 2140 5059 et
2182 5007 2408 5059 malum.
2460 5002 2541 5056 Ad
2589 5000 2707 5055 illos
2731 5006 2907 5053 autem
2936 4995 3269 5066 respondent
3301 4995 3500 5049 malum

1938 5111 2060 5153 esse
2104 5111 2212 5150 non
2278 5092 2580 5164 potestatis,
2641 5090 2733 5145 sed
2793 5089 3145 5145 inﬁrmitatis.
3174 5086 3301 5142 Ideo
3332 5084 3502 5141 David

1938 5196 2159 5260 peccata
2203 5185 2500 5240 nominavit
2553 5179 2893 5236 inﬁrmitates
2948 5178 3139 5233 dicens
3198 5193 3213 5231 :
3268 5194 3287 5227 ε
3339 5176 3504 5231 Com-

1941 5284 2094 5350 pletze
2115 5286 2241 5333 sunt
2272 5274 2611 5329 inﬁrmitates
2642 5285 2852 5325 eorum.
2897 5288 2916 5321 ι
2945 5267 3012 5323 Ει
3043 5268 3259 5323 divinus
3298 5265 3498 5322 Paulus

1939 5370 2068 5428 dicit
2126 5386 2142 5429 ;
2184 5387 2203 5421 ι
2240 5366 2375 5421 Cum
2436 5380 2535 5420 nos
2581 5363 2777 5419 infirmi
2838 5374 3105 5424 essemus,
3142 5356 3201 5412 id
3248 5368 3332 5412 est
3379 5371 3505 5427 pec-

1937 5451 2149 5515 catores
2170 5455 2422 5513 Christus
2442 5467 2540 5523 pro
2557 5451 2739 5522 impiis
2761 5457 3010 5505 mortuus
3032 5455 3168 5503 est.»
3194 5447 3259 5502 Et
3284 5446 3500 5500 aliunde

2011 5594 2126 5665 (65)
2149 5591 2347 5665 Πάντα
2384 5591 2561 5665 ὄγκον
2583 5589 2927 5665 ἀποθέσθαι.
2957 5586 3120 5665 Hebr.
3148 5601 3244 5664 ιιι,
3278 5585 3330 5665 1.

2010 5652 2119 5749 (ιδ)
2153 5652 3287 5749 ,Ἀιξιένατιέτέφῖιρ,δξξξμέῖξξέςείυρῶς-
3319 5652 3497 5709 “alim

1939 5727 2200 5791 ἀδύνατόν
2238 5732 2375 5795 ἐστι,
2408 5728 2684 5797 δεδεμένοι
2713 5727 3109 5797 γὰργίσχυρῶς.

2010 5802 2120 5875 (Π)
2159 5797 2283 5870 Ἀφ’
2303 5796 2533 5855 ἑαυτῶν
2558 5798 2768 5868 μόνον.
2794 5796 2982 5852 Malttn
3014 5798 3217 5868 μόνων.
