4138 6334
310 419 452 488 ῙΞΞΙ

1725 419 2179 482 ORATIONES.

3408 425 3549 494 1222

298 534 436 591 πίαν
489 532 866 598 ἀσπάζεσθαιο
901 534 1026 597 τούς
1061 533 1300 605 ἀπόρους
1353 535 1409 587 δὲ
1446 532 1537 585 καὶ
1590 535 1861 603 πτωχοὺς,

1969 532 2263 599 gratiarum
2307 529 2518 584 actione
2579 541 2635 585 ut
2718 529 3146 586 consolationem
3220 529 3547 594 adhibentes

303 625 383 696 μὴ
438 622 800 678 καταπίπτειν
844 623 955 694 (57)
1003 627 1122 686 ταῖς
1168 626 1268 695 τῆς
1297 626 1487 688 πινίας
1545 625 1864 695 ἀνηκέστοις

299 714 1057 786 συμφοραῖς,ὲκδιδάσκουσα,
1086 714 1220 772 ἀλλὰ
1245 717 1433 788 φέρειν
1459 719 1720 786 γενναίως
1745 720 1864 788 μετ’

298 815 675 885 εὐχαριστίας,
708 815 831 877 ταῖς
867 813 1264 885 χρηστοτάταις
1296 814 1477 868 ὲλπίσι
1509 813 1618 868 τῶν
1645 816 1868 884 μελλόν-

295 923 408 961 των
467 897 688 972 ἀγαθῶν
738 905 838 975 τὴν
897 906 1246 980 παράκλησιν
1301 907 1547 978 ἔχοντας.
1591 909 1746 962 Ἔστι
1808 908 1867 964 δὲ

299 994 555 1058 ὑπόθεσις
579 991 833 1052 πλοΰσίου
863 997 957 1050 καὶ
979 997 1212 1069 πένητος
1237 998 1512 1052 πολιτείαν
1535 998 1864 1069 διηγουμένη

286 1085 576 1159 διάφορον,
609 1090 706 1145 τοῦ
738 1090 838 1160 μὲν
873 1091 939 1160 τῇ
971 1091 1148 1160 τρυφῇ
1192 1089 1652 1160 βεϐαπτισμένου,
1686 1089 1781 1146 τοῦ
1810 1091 1866 1145 δὲ

299 1179 368 1249 τῇ
402 1178 518 1251 (58)
549 1181 710 1251 πενίᾳ
752 1182 1210 1254 κατεστιγμένου,
1247 1181 1341 1235 καὶ
1368 1183 1629 1253 ἐκατέρου
1661 1184 1866 1238 τούτων

301 1271 556 1338 ἀντάξιον
609 1273 710 1343 τῆς
765 1273 1046 1337 πολιτείας
1091 1275 1465 1340 ἀντιλαϐόντος
1517 1278 1865 1350 ἀντάμειψιν,

300 1359 382 1425 ὡς
439 1363 578 1418 αὐτά
612 1364 846 1435 δηλώσει
898 1366 969 1422 τὰ
1029 1368 1360 1439 εὐαγγελικά
1417 1372 1638 1443 ῥήματα
1694 1372 1867 1439 οὕτως

303 1452 512 1526 ἔχοντα.
548 1473 571 1506 s
619 1453 786 1511 Εῐπεν
826 1459 855 1512 ὁ
897 1459 1102 1530 Κύριος
1129 1461 1230 1532 τὴν
1268 1462 1585 1535 παραϐολὴν
1629 1463 1862 1535 ταύτηνο

304 1544 630 1615 Ἄνθρωπός
681 1548 904 1619 τιςν(59)
930 1545 998 1621 ἦν
1051 1550 1306 1616 πλούσιος
1358 1554 1450 1608 καὶ
1501 1554 1866 1612 ἐνεδιδύσκετο

302 1638 594 1707 πορφύραν
639 1639 732 1692 καὶ
785 1640 1010 1710 βύσσον,
1062 1643 1492 1716 εὐφραινόμενος
1544 1648 1867 1719 καθημέραν

298 1726 588 1798 λαμπρῶς.
644 1730 862 1800 Πτωχὸς
901 1731 957 1784 δέ
1006 1750 1089 1796 τις
1122 1731 1192 1806 ἦν
1225 1736 1450 1806 ὀνόματι
1504 1738 1776 1809 Λάζαρος,
1808 1739 1866 1803 ὃς

295 1819 559 1890 ἐϐέϐλητο
587 1825 665 1887 εἰς
695 1825 785 1877 τὸν
828 1825 1052 1880 πυλῶνα
1085 1829 1249 1882 αὐτοῦ
1275 1828 1596 1900 -ήλκωμένος
1616 1833 1717 1884 ικαὶ
1747 1834 1868 1885 ὲπι-

1976 623 2285 678 luturorum
2300 621 2565 676 bonorum
2594 622 2847 691 optimam
2867 639 3038 694 spem.
3068 622 3341 696 Evangelii
3364 634 3546 686 autem

1975 715 2253 784 proposita
2309 715 2469 769 lectio
2498 714 2683 770 divitis
2717 725 2767 768 et
2791 716 3043 786 pauperis
3079 718 3244 772 vitam
3297 719 3537 776 dissimi-

1977 807 2080 860 lem
2133 815 2341 872 narrat,
2384 805 2543 860 unius
2609 804 2824 875 quidem
2895 807 2948 861 in
3017 808 3224 865 deliciis
3275 811 3539 879 immersi,

1973 896 2194 952 alterius
2250 905 2433 952 autem
2499 895 2682 966 inopia
2734 906 2786 952 et
2841 907 3076 968 egestate
3140 901 3433 970 notabilis,
3487 912 3544 958 et

1977 979 2259 1058 utriusque
2315 985 2534 1059 dignam
2596 987 2718 1042 vitae
2738 1003 2852 1044 suae
2878 992 3367 1047 remunerationem
3401 995 3545 1049 acci-

1973 1079 2190 1149 pientis,
2240 1090 2300 1136 ut
2329 1079 2621 1136 ostendunt
2645 1081 2952 1150 evangelica
2992 1083 3150 1136 verba
3180 1083 3258 1138 sic
3287 1085 3488 1155 digesta
3528 1100 3544 1140 :

1981 1188 1998 1222 ι
2037 1169 2178 1226 Dixit
2231 1171 2495 1229 Dominus
2527 1171 2842 1242 parabolam
2874 1173 3032 1227 istam
3063 1192 3077 1227 :
3114 1172 3286 1229 Hmno
3322 1176 3545 1244 quidam

1971 1271 2089 1316 erat
2121 1263 2286 1328 dives
2318 1272 2371 1318 et
2401 1264 2728 1319 induebatur
2755 1279 2989 1334 purpura
3012 1273 3063 1318 et
3111 1266 3291 1336 bysso,
3321 1268 3544 1336 epulans

1976 1352 2223 1422 quotidie
2257 1355 2553 1423 splendide.
2613 1353 2679 1408 Et
2732 1367 2847 1409 erat
2872 1357 3089 1426 quidam
3119 1356 3400 1412 utendicus
3448 1374 3544 1412 no-

1978 1441 2126 1496 mine
2189 1441 2427 1498 Lazarus
2456 1444 2547 1513 qui
2576 1444 2789 1514 jacebat
2831 1445 2897 1500 ad
2926 1446 3143 1515 januaut
3175 1446 3314 1513 ejus,
3350 1447 3545 1502 ulceri-

1986 1537 2090 1592 bus
2125 1522 2348 1609 plenus,
2415 1549 2468 1594 et
2502 1542 2728 1610 cupiens
2767 1542 3079 1596 saturaride
3114 1543 3271 1598 micis
3306 1533 3423 1612 qua:
3455 1559 3544 1599 ca-

1971 1628 2174 1682 debant
2232 1630 2299 1684 de
2365 1644 2552 1684 mensa
2591 1630 2796 1685 divitis.
2840 1650 2858 1682 ›
2914 1629 3107 1686 Veiens
3136 1633 3402 1688 Dominus
3439 1650 3540 1691 nos

1972 1717 2114 1773 inter
2173 1734 2274 1774 nos
2329 1720 2736 1776 communicare
2792 1730 2845 1775 et
2891 1723 3108 1791 diligere
3127 1733 3178 1776 et
3215 1740 3459 1793 erogare,
3489 1736 3544 1780 et

1975 1810 2424 1877 immisericordﬁes
2476 1812 2693 1879 docere,
2744 1829 2866 1883 quae
2897 1813 2964 1869 iis
3007 1817 3252 1871 accidere
3291 1818 3541 1884 delzeant,

300 1911 491 1984 θυμῶν
519 1916 884 1989 χορτασθῆναι
910 1918 1018 1973 ἀπὸ
1042 1920 1150 1975 τῶν
1177 1894 1389 1992 ψυχίων
1416 1894 1526 1976 τῶν
1558 1924 1866 1978 πιπτόντων

1970 1911 2026 1955 et
2074 1917 2269 1957 rursus
2290 1903 2502 1959 miseris
2558 1907 2848 1962 ostendere
2877 1908 3004 1977 quid
3038 1908 3164 1977 boni
3204 1924 3298 1964 eos
3328 1919 3542 1965 maneat

295 2004 408 2059 ἀπὸ
434 2007 536 2077 τῆς
574 2007 852 2078 τραπέζης
883 2009 978 2064 τοῦ
1006 2011 1289 2066 πλουσίου.
1327 2030 1347 2064 ι
1388 2012 1568 2068 θέλων
1596 2015 1622 2068 δ
1663 2013 1864 2086 Κύριος

296 2101 837 2171 κοινωίλικοῦςήμᾶς
868 2097 1010 2156 εἶναι
1042 2103 1138 2157 καὶ
1173 2104 1529 2176 φιλαλλήλους
1572 2109 1666 2161 καὶ
1697 2124 1865 2178 μετα-

293 2189 562 2256 δοτικοὺς,
598 2193 693 2246 καὶ
734 2194 1019 2249 παιδεῦσαι
1052 2197 1179 2261 τοὺς
1209 2196 1596 2270 ἀνελεήμονας,
1627 2197 1716 2255 οἷα
1766 2201 1867 2254 αὐ-

295 2283 413 2344 τοῖς
440 2285 834 2356 ὰποϐήσονται,
871 2289 965 2342 καὶ
996 2289 1202 2357 διδάξαι
1233 2292 1419 2359 πάλιν,
1455 2294 1583 2360 τούς
1614 2312 1865 2352 κακοπα-

296 2372 546 2442 θοῦντας,
577 2373 665 2430 οἷα
715 2379 1141 2452 εὐπαθήσουσιν,
1176 2385 1318 2456 ὑπὲρ
1343 2380 1418 2443 ὧν
1461 2389 1695 2447 ἐνταῦθα
1734 2393 1866 2445 ὐπο-

298 2469 669 2536 its/ouante?)
699 2473 956 2528 πλούσιον
988 2479 1054 2547 τῇ
1085 2479 1433 2552 ἀσπλαγχνίᾳ.
1464 2485 1557 2537 καὶ
1596 2483 1764 2556 πολλῇ
1797 2488 1862 2558 τῇ

288 2561 685 2636 ’ἁπανθριυπίᾳ,
732 2566 828 2620 καὶ
858 2567 949 2622 τὸν
981 2570 1196 2642 πτωχὸν
1223 2575 1291 2645 τῇ
1322 2575 1530 2646 ἀπορίᾳ
1555 2578 1650 2632 καὶ
1692 2578 1861 2650 πολλῇ

295 2658 366 2726 τῇ
397 2657 661 2730 καρτερίᾳ
683 2661 1067 2729 παραϐολικῶς
1089 2664 1223 2735 ἡμῖν
1253 2667 1332 2730 είς
1357 2669 1523 2722 τύπον
1548 2671 1748 2742 ἀρετῆς
1771 2674 1867 2727 καὶ

295 2749 500 2815 κακίας
525 2753 815 2822 πανσόφως
837 2755 1311 2828 ὐπεζωγράφησετ
1341 2761 1433 2815 καὶ
1455 2761 1549 2815 τὸν
1574 2763 1673 2833 μὲν
1704 2765 1868 2819 πλού-

281 2858 418 2898 σιον
470 2844 767 2915 ἀνωνύμως
819 2847 1148 2915 παρέλαϐεν,
1197 2850 1272 2914 ὡς
1329 2853 1463 2923 μηδὲ
1515 2854 1666 2921 ἄξιον
1715 2859 1867 2929 παρὰ

296 2931 436 2986 Θεοῦ
471 2934 856 3004 ὀνομάζεσθαι,
896 2937 1040 2992 καθὰ
1089 2941 1183 2994 καὶ
1216 2941 1304 2995 διὰ
1328 2942 1421 2996 τοῦ
1453 2944 1742 3016 Προφήτου
1782 2949 1868 3002 λέο

299 3042 411 3094 γει·
449 3045 468 3078 ι
500 3029 574 3081 Οὐ
616 3029 690 3100 μὴ
738 3029 846 3102 (60)
882 3031 1105 3101 μνησθῶ
1134 3033 1246 3087 τῶν
1277 3034 1555 3105 ὀνομάτων
1582 3039 1761 3095 αὐτῶν
1779 3040 1867 3097 διὰ

298 3122 526 3194 χειλέων
557 3141 681 3193 μου,
716 3126 809 3178 καὶ
835 3125 1084 3181 ἀπώλετο
1111 3129 1170 3180 τὸ
1198 3133 1542 3200 μνημόσυνον
1564 3132 1674 3204 (61)
1700 3133 1865 3188 αὐτοῦ

301 3214 424 3285 μετ’
453 3217 608 3288 ἤχου.
645 3235 664 3268 ι
700 3216 804 3271 Τοῦ
828 3217 886 3270 δὲ
917 3218 1182 3288 ὀνόματος
1217 3224 1544 3292 μνημονεύει
1574 3225 1668 3278 τοῦ
1699 3226 1934 3298 πίνη-(ι

298 3322 414 3372 τος,
445 3305 634 3370 ἐπειδὴ
677 3307 784 3361 τῶν
822 3308 1046 3363 δικαίων
1073 3311 1140 3364 τὰ
1167 3311 1407 3382 ὀνόματα
1443 3315 1498 3366 ὲν
1525 3314 1692 3384 βίϐλῳ
1722 3316 1866 3386 ζωῆς

297 3399 732 3470 ἀπογράφονται.
770 3402 922 3472 Ἔχει
950 3402 1005 3455 δὲ
1032 3403 1127 3456 καὶ
1167 3405 1199 3472 ἡ
1248 3404 1510 3476 Ἐϐραῖκὴ
1546 3407 1860 3476 παράδοσις,

297 3491 547 3561 Λάζαρον
581 3489 718 3546 εῐναί
748 3509 870 3546 τινα
909 3495 967 3547 ὲν
1016 3493 1410 3566 Ἰεροσολύμοις
1456 3499 1600 3552 κατὰ·
1626 3501 1715 3554 τὸν
1745 3502 1866 3556 καισ

301 3585 395 3655 ρὸν
423 3585 522 3654 τῆς
562 3585 1029 3654 ὲνανθρωπήσεως
1072 3587 1167 3640 τοῦ
1202 3589 1408 3660 Κυρίου
1443 3591 1500 3644 ὲν
1532 3592 1734 3665 ἐσχάτῃ
1768 3612 1864 3647 πε-

296 3675 389 3745 νίᾳ
420 3674 697 3743 διάγοντα,
731 3693 791 3732 ου
822 3677 913 3729 καὶ
956 3679 1282 3748 μνημονεύει
1312 3680 1425 3752 (6'2)
1456 3685 1483 3735 ό
1533 3683 1757 3754 Κύριος,
1792 3686 1867 3750 ὡς

298 3769 750 3849 εὐχαρίστουκαὶ
793 3771 1266 3841 καρτερικούικαὶ
1307 3774 1678 3847 μακροθύμως
1698 3779 1864 3849 ἐργα-

296 3847 529 3934 ζομένου
564 3865 745 3918 πᾶσαν
789 3865 1137 3936 δικαιοσύνην
1170 3867 1264 3921 καὶ
1294 3869 1517 3940 ἀρετήν.
1547 3889 1568 3922 ι
1589 3847 1864 3943 Μακάριοι

299 3956 412 4025 γὰρ
440 3956 626 4025 φησὶν,
656 3957 704 4008 oi
737 3955 1059 4028 φοϐούμενοι
1081 3957 1171 4011 τὸν
1197 3959 1422 4030 Κύριον,
1450 3963 1540 4015 καὶ
1564 3961 1625 4015 τὸ
1654 3966 1866 4043 μνημό-

295 4062 459 4100 συνον
490 4046 668 4102 αὐτῶν
704 4051 856 4117 μένει
899 4050 981 4110 εἰς
1025 4049 1116 4102 τὸν
1162 4051 1356 4117 αἰῶνα,
1396 4054 1488 4106 καὶ
1520 4053 1640 4126 ’(65)
1677 4058 1865 4127 μνήμη

293 4139 510 4197 δικαίου
544 4145 664 4212 μετ’
713 4145 1025 4214 ἐγκωμίων,
1075 4147 1190 4213 καὶ,
1244 4151 1323 4211 είς
1360 4148 1471 4220 (64)
1520 4152 1866 4223 μνημόσυνον

299 4235 520 4298 αἰώνιον
549 4236 702 4290 ἔσται
732 4235 961 4300 δίκαιος.
987 4256 1006 4290 ι
1032 4238 1089 4291 '0
1117 4240 1215 4308 μὲν
1246 4236 1339 4294 οὖν
1370 4242 1620 4307 πλούσιος
1652 4246 1865 4317 πορφύ-

299 4346 404 4398 ραν
433 4330 526 4382 καὶ
549 4329 745 4399 βύσσον
769 4330 1158 4398 ἐνεδιδύσκετο,
1188 4333 1397 4389 πολλῶν
1428 4337 1630 4407 ἐτέρων
1657 4355 1865 4411 γυμνη-

293 4421 569 4476 τευόντων
599 4423 692 4476 καὶ
734 4423 1040 4494 ρυγούντων
1072 4426 1165 4478 καὶ
1198 4426 1357 4497 ψύχει
1427 4431 1519 4482 καὶ
1554 4430 1710 4500 κρύει
1757 4447 1865 4501 πη-

296 4515 610 4586 γνυμένων,
648 4514 742 4568 καὶ
769 4515 934 4568 αὐτοῦ
979 4517 1043 4588 δὴ
1073 4517 1167 4571 τοῦ
1202 4519 1416 4590 πτωχοῦ
1441 4521 1690 4594 Λαζάρου
1731 4524 1864 4594 πρὸς

296 4608 394 4660 τὸν
438 4607 662 4660 πυλῶνα
691 4607 882 4660 τούτου
913 4608 1006 4661 τοῦ
1039 4609 1224 4664 ἀδίκου
1268 4613 1360 4665 καὶ
1392 4615 1734 4684 κακοτρόπου
1772 4618 1864 4669 καὶ

303 4699 666 4770 ἁνελεήμονος
698 4703 791 4755 καὶ
820 4701 1170 4774 ἀσπλάγχνου
1201 4705 1533 4776 βεϐλημένου
1561 4709 1653 4762 καὶ
1680 4727 1863 4762 στενο-

288 4793 654 4862 χωρουμένου
685 4794 779 4846 καὶ
809 4795 1270 4865 γυμνητεύοντος.
1297 4799 1405 4851 Καὶ
1433 4800 1459 4850 ό
1487 4801 1585 4867 μὶν
1613 4802 1866 4865 πλούσιος

299 4879 456 4948 οὗτος
486 4885 606 4937 καθ’
635 4886 847 4955 ἡμέραν
877 4886 1130 4957 λαμπρὸς
1171 4884 1260 4960 ἦν,
1299 4890 1743 4962 εὐφραινόμενος,
1774 4895 1867 4947 καὶ

302 4977 528 5040 ἀσώτως
583 4978 676 5029 καὶ
718 4977 1024 5040 πολυτελῶς
1076 4981 1182 5032 τῶν
1227 4980 1326 5050 τῆς
1365 4985 1466 5051 γῆς
1516 4981 1613 5036 καὶ
1665 4983 1865 5038 θαλάσ-

301 5085 404 5138 σης
447 5068 721 5138 προσόδων
769 5070 1152 5137 κατατρυφῶν,
1205 5072 1448 5125 πλουτῶν
1490 5076 1584 5126 καὶ
1625 5091 1867 5128 καταπο-

297 5160 501 5214 λαύων.
527 5161 660 5231 Περὶ
683 5159 848 5213 ταῦτα
873 5161 978 5231 γὰρ
1001 5163 1032 5231 ἡ
1070 5164 1219 5215 πᾶσα
1239 5162 1332 5215 τοῦ
1359 5164 1611 5218 πλουσίου
1640 5167 1860 5238 σπουδὴ,

299 5251 430 5322 περί
457 5267 515 5303 τε
549 5249 848 5319 ἱματισμοῦ
905 5251 1256 5305 πολυτέλειαν
1305 5253 1400 5305 καὶ
1449 5253 1725 5324 τραπέζας
1768 5254 1864 5307 καὶ

297 5339 538 5410 κώμους.
584 5341 644 5396 Ὀ
674 5342 730 5394 δὲ
764 5339 1016 5412 Λάζαρος
1042 5342 1202 5411 πενίᾳ
1231 5345 1324 5396 καὶ
1358 5344 1495 5415 νόσῳ
1521 5345 1864 5416 τετρυχωμέ-

513 5565 933 5639 ιξαταπίπτειν.
968 5568 1220 5622 Animum
1257 5570 1511 5639 alijieere.

397 5635 700 5719 ὄβξμενίᾳ
753 5640 1237 5707 κατεστιγμένου,
1287 5635 1473 5708 Inopia
1521 5657 1572 5701 et
1623 5659 1862 5719 egestate

295 5705 578 5761 notabilis.
1008 5705 1041 5707 ⁷“
1389 5705 1401 5708 “

371 5772 482 5844 (59)
513 5775 855 5843 Ἄνθρωπός
875 5792 965 5840 τις
991 5773 1087 5844 ἦν.
1128 5777 1255 5834 Luc.
1297 5797 1406 5842 xw,
1444 5785 1526 5839 l9.

371 5775 461 5838 (59
513 5775 855 5843 Ἄνθρωπός
875 5792 965 5840 τις
991 5775 1087 5844 ἦν.
1128 5777 1255 5834 Luc.
1297 5797 1406 5842 ῐςί,

368 5775 482 5916 (6οζ
519 5846 601 5898 Οὐ
627 5844 712 5917 μὴ
737 5846 1006 5916 μνησθιῖ).
1050 5846 1190 5903 Psal.
1232 5868 1316 5917 xv,
1357 5856 1408 5907 ἐ.

1968 2003 2066 2059 pro
2113 1991 2272 2047 malis
2298 2008 2417 2062 qua:
2449 1994 2532 2064 his
2567 1994 2624 2048 in
2675 1996 2834 2052 terris
2862 1998 3118 2064 subeunt,
3179 1999 3397 2054 divitem
3417 2001 3540 2070 qui—

1967 2080 2092 2136 dem
2154 2083 2310 2138 valde
2366 2085 2852 2142 immisericordem
2897 2099 2952 2144 et
2999 2090 3378 2158 inhumanum,
3410 2109 3543 2161 pauo

1970 2186 2154 2241 perem
2185 2187 2312 2230 vero
2364 2175 2517 2245 valde
2574 2177 2791 2248 inopem
2823 2189 2874 2234 et
2911 2181 3202 2250 patientem
3234 2186 3544 2250 parabolice

1968 2262 2126 2319 nobis
2173 2264 2230 2320 in
2274 2267 2582 2336 exemplum
2642 2268 2863 2344 virtutis
2907 2279 2961 2326 et
2995 2272 3211 2328 malitiae
3258 2277 3543 2345 sapientis-

1976 2356 2113 2414 sime
2157 2356 2416 2427 depinxit.
2459 2357 2535 2414 Et
2571 2360 2791 2418 divitem
2830 2361 3047 2432 quidem
3078 2363 3289 2435 absque
3320 2369 3543 2422 nomine

1971 2450 2284 2520 assumpsit,
2342 2460 2396 2506 et
2432 2452 2714 2522 indignum
2779 2456 2878 2524 qui
2939 2472 2970 2510 st
3029 2455 3140 2512 Deo
3205 2460 3537 2525 nominetur,

1968 2541 2125 2607 juxta
2171 2544 2317 2611 quod
2368 2559 2465 2613 per
2534 2546 2853 2615 prophetam
2882 2548 3012 2612 dicit
3045 2567 3059 2602 :
3096 2569 3115 2601 s
3144 2550 3299 2608 Haud
3327 2568 3537 2610 memor

1970 2645 2065 2686 ero
2131 2633 2413 2688 nominum
2467 2649 2656 2690 eorum
2674 2651 2767 2706 per
2809 2637 2949 2694 labia
2977 2643 3118 2708 mea,
3146 2651 3219 2710 et,
3254 2645 3546 2714 periitme-

1967 2723 2141 2776 moria
2191 2723 2310 2792 ejus
2337 2739 2459 2781 cum
2506 2728 2757 2785 sonitu.)
2789 2727 2995 2788 Nomen
3044 2743 3225 2789 autem
3291 2737 3541 2806 pauperis

1971 2824 2253 2882 memorat,
2300 2817 2856 2887 quonismjustorum
2910 2822 3133 2879 nomina
3176 2824 3230 2882 in
3258 2825 3395 2882 libre
3417 2828 3542 2884 vitm

1972 2907 2226 2976 inscripta
2322 2917 2466 2962 sunt.
2536 2909 2797 2967 Hebraica
2880 2921 3061 2971 autem
3109 2916 3326 2970 traditio
3379 2919 3544 2974 liabet

1968 2999 2229 3055 Lazarum
2256 3002 2542 3070 quemdam
2565 3018 2686 3059 esse
2737 3002 3112 3077 JerOsolymis,
3153 3007 3543 3069 incarnationis

1974 3087 2188 3165 Domini
2245 3090 2418 3144 nostri
2475 3098 2732 3160 tempore,
2766 3093 2821 3148 in
2856 3104 3094 3153 extrema
3124 3099 3303 3169 inopia
3344 3099 3540 3168 degen-

1969 3187 2094 3244 tem,
2153 3180 2309 3248 cujus
2353 3188 2408 3234 et
2471 3181 2712 3235 meminit
2737 3182 2997 3244 Dominus
3042 3198 3099 3243 ut
3127 3172 3347 3257 gratiosi
3371 3202 3424 3245 et
3445 3207 3540 3261 pa-

1971 3270 2154 3325 tientis
2181 3281 2234 3325 et
2256 3271 2642 3343 longamiuiter
2666 3290 2882 3346 omnem
2912 3277 3174 3345 justitiam
3204 3291 3257 3337 et
3286 3283 3536 3339 virtutem

1971 3364 2242 3432 operantis
2267 3363 2472 3420 :tBeati
2493 3366 2658 3435 enim,
2682 3367 2879 3438 inquit,
2904 3370 2994 3440 qui
3014 3373 3201 3428 timent
3223 3375 3535 3444 Dominum,

1973 3463 2026 3507 et
2054 3455 2317 3510 memoria
2349 3471 2534 3512 eorum
2588 3468 2772 3513 manet
2805 3459 2861 3514 in
2906 3470 3195 3530 aeternum,
3226 3475 3305 3533 et,
3341 3483 3542 3526 memo-

1969 3545 2049 3597 ria
2076 3544 2209 3612 justi
2239 3561 2362 3599 cum
2396 3546 2665 3615 laudibus,
2704 3558 2776 3614 et,
2811 3551 2866 3604 in
2896 3556 3157 3610 memoria
3204 3567 3403 3613 aeterna
3435 3561 3545 3630 erit

1964 3634 2167 3703 justus.
2197 3651 2225 3689 ι,
2249 3633 2406 3691 Dives
2459 3636 2621 3707 igitur
2647 3654 2884 3708 purpura
2915 3650 2970 3706 et
2999 3644 3160 3720 bysso
3190 3645 3538 3716 induebatur,

1969 3741 2092 3779 cum
2154 3726 2309 3802 multi
2363 3727 2453 3782 alii
2495 3728 2623 3783 nudi
2670 3741 2852 3786 essent
2882 3742 2939 3787 et
2971 3736 3228 3805 rigerent,
3257 3748 3310 3792 ct
3340 3741 3538 3810 frigore

1966 3826 2018 3872 et
2039 3817 2160 3888 gelu
2187 3818 2471 3885 haererent,
2500 3827 2553 3874 ct
2583 3820 2697 3890 ipse
2717 3823 2998 3881 mendicus
3032 3824 3270 3883 Lazarus
3314 3831 3380 3886 ad
3412 3847 3539 3900 por-

1975 3919 2084 3962 tam
2134 3909 2298 3978 bujus
2338 3910 2570 3980 improbi
2611 3921 2666 3966 et
2711 3915 2906 3983 perditi
2934 3924 2986 3970 et
3017 3915 3303 3976 inhumani
3341 3928 3396 3974 et
3428 3922 3535 3975 im-

1969 3999 2340 4067 misericordis
2385 4001 2574 4071 jacens
2641 4012 2693 4058 et
2758 4005 3101 4075 angustiatus.
3129 4017 3183 4062 et
3227 4008 3427 4066 nudus.
3470 4011 3536 4068 Et

1967 4091 2186 4162 quidem
2219 4091 2368 4150 dives
2394 4093 2496 4147 iste
2529 4094 2767 4163 quotidie
2798 4097 3107 4166 splendidus
3142 4101 3278 4168 erat,
3307 4105 3532 4172 epulans

1967 4193 2021 4238 et
2048 4184 2326 4240 luxuriose
2359 4193 2410 4240 ct
2460 4198 2777 4256 sumptuose
2802 4197 2958 4244 terra:
2986 4199 3039 4244 et
3067 4193 3233 4248 maris
3265 4195 3531 4250 reditibus

1969 4275 2172 4338 fruens.
2209 4275 2358 4331 dives
2397 4285 2450 4330 et
2474 4277 2683 4333 deliciis
2711 4279 2951 4361 aﬂuens.
2985 4281 3118 4338 Tota
3143 4284 3304 4352 igitur
3351 4287 3530 4342 divitis

1967 4361 2097 4423 cura
2153 4369 2296 4424 circa
2349 4370 2650 4425 vestimenti
2703 4373 3155 4439 magniﬁcentiam
3214 4389 3264 4432 et
3315 4394 3530 4435 mensas

1967 4473 2019 4516 et
2040 4461 2226 4530 epulas
2259 4462 2595 4518 versabatur.
2640 4455 2878 4522 Lazarus
2903 4483 3029 4522 vero
3065 4470 3243 4539 inopia
3266 4481 3317 4525 et
3339 4475 3528 4527 morbo

1890 4569 1943 4629 Β
1970 4552 2247 4607 coniectus
2293 4554 2358 4607 ad
2409 4554 2569 4611 istius
2605 4555 2822 4625 jacebat
2875 4558 3119 4628 januam,
3154 4571 3207 4615 et
3232 4566 3411 4617 omnia
3436 4581 3527 4618 su-

1968 4644 2136 4708 bibat,
2189 4659 2298 4699 non
2344 4646 2648 4717 modoquae
2707 4651 3062 4718 paupertatis,
3099 4653 3190 4708 sed
3220 4663 3271 4709 et
3301 4671 3420 4724 quae
3445 4658 3528 4711 in-

1967 4735 2238 4789 ﬁrmitatis
2284 4745 2458 4792 erant.
2488 4737 2550 4792 Et
2582 4738 2834 4808 cupiebat
2855 4743 3088 4797 saturari
3127 4745 3192 4797 de
3219 4747 3373 4801 micis
3406 4765 3525 4816 quae

1967 4827 2233 4882 cadebant
2274 4829 2340 4883 de
2392 4844 2574 4884 mensa
2628 4831 2830 4886 divitis.
2894 4831 3062 4888 Nemo
3113 4836 3256 4890 enim
3287 4854 3317 4892 e
3348 4843 3524 4908 atqui

1967 4917 2257 4998 quidquam
2302 4920 2406 4977 cibi
2434 4921 2506 4973 illi
2553 4922 2837 4990 praeberet,
2867 4924 3196 4992 sedjacebat
3229 4932 3411 4984 multis
3447 4933 3525 4984 ul-

1967 5011 2182 5066 ceribus
2233 5011 2483 5079 refertus,
2536 5023 2590 5069 et
2645 5016 3067 5073 consolationem
3097 5019 3260 5075 multa
3289 5037 3352 5075 ex
3375 5034 3526 5092 parte

1966 5103 2236 5172 accipiens
2282 5119 2456 5174 neque
2501 5106 2606 5160 ullo
2643 5123 2673 5162 a
2732 5109 2978 5176 quolibet
3028 5126 3276 5168 sermone
3330 5114 3524 5184 dignus

1966 5189 2205 5254 habitus,
2241 5191 2430 5247 morbo
2460 5194 2816 5264 detinebatur,
2857 5199 3080 5255 etiame
3119 5202 3524 5272 absumebatur,

1966 5279 2124 5336 Dives
2158 5295 2337 5336 autem
2390 5285 2762 5342 delectabatur
2787 5291 3026 5360 quotidie
3072 5295 3202 5348 etin
3237 5295 3523 5354 luxuriae:

1964 5375 2222 5431 ebrietate
2266 5378 2557 5435 otiubatur.
2628 5383 2802 5438 Tanta
2846 5384 2990 5441 enim
3034 5400 3150 5443 erat
3199 5392 3381 5450 divitis
3401 5408 3522 5449 cru-

2187 5595 2564 5682 ‘ﬁzdxlsto'rd
2586 5605 2999 5682 ιινημέσυνοῂ.
3030 5607 3285 5682 Psal.~tx,
3323 5613 3376 5669 7.

2035 5665 2145 5734 (ᾗὲ)
2185 5665 2837 5732 Μνημονεύει-’ἐνταῦθα
2870 5665 3098 5733 scilicet.

2035 5733 2147 5860 $.65;
2179 5736 2393 5803 Μνήμη
2421 5737 2675 5794 δικαίου.
2706 5744 2963 5799 Proverb.
2999 5764 3052 5813 κ,
3082 5750 3132 5805 7.

2059 5804 2124 5854 (ii
2181 5806 2278 5860 Εἰς
2313 5813 2719 5860 μνημόσυνον.
2758 5812 2899 5860 Psal-
2943 5833 3029 5860 cu
3084 5821 3117 5860 lt

2059 5804 2147 5874 iii)
2181 5806 2278 5870 Εἰς
2306 5813 2719 5876 μνημόσυνον.
2757 5812 2899 5868 Psal.
2943 5804 3051 5885 cu,
3084 5804 3134 5876 6.
