4138 6334
313 402 452 468 12Ἱ3

1719 402 2173 465 ΟΠΛΤΙΟΝΕΞ.

3425 399 3560 466 123i

306 523 339 573 ὁ
374 519 651 584 πλούσιος,
694 518 790 574 καὶ
819 521 848 573 ό
875 521 969 575 τοῦ
1002 521 1253 594 Λαζάρου
1279 520 1409 593 πρὶν
1432 522 1789 593 καταφρονῶν
1830 526 1886 576 ἐν

1992 524 2229 589 fuerant,
2264 524 2297 579 ii
2322 533 2374 578 et
2415 523 2601 595 gloriae
2649 531 2981 595 spectatores
3019 521 3167 577 fiant.
3220 520 3358 588 Quid
3394 522 3557 593 igitur

306 611 390 681 τῷ
423 613 628 665 πυλῶνι
680 612 847 667 αὐτοῦ
903 616 1156 685 κειμένου
1219 616 1314 670 καὶ
1360 615 1743 686 λιμώττοντος,
1794 616 1890 670 νῦν

306 704 517 772 ἐτέρων
548 704 797 758 ἀπόντων
830 706 1109 776 φροντίζει
1149 708 1241 760 καὶ
1289 706 1601 777 παρακαλεί
1632 708 1887 777 πεμφθῆ-

304 814 398 851 ναι
450 798 542 851 τὸν
584 795 837 867 Λάζαρον
871 799 934 851 ἐκ
974 800 1082 851 τῶν
1114 800 1324 867 νεκρῶν
1366 802 1446 862 είς
1478 799 1569 852 τὸν
1610 794 1761 852 οἷκον
1794 800 1888 853 τοῦ

303 887 517 958 πατρὸς
578 888 763 946 αὐτοῦ.
812 890 919 943 Καὶ
972 891 1068 961 οὐχ
1127 890 1310 955 ἁπλῶς
1339 891 1434 944 ἕνα
1495 890 1605 944 τῶν
1654 892 1887 961 νεκρῶν,

303 978 445 1031 ἀλλὰ
512 984 604 1033 τὸν
679 981 954 1052 Λάζαρον,
993 983 1142 1047 ὅπως
1200 984 1268 1037 ἂν
1319 982 1503 1038 ἴδωσιν
1551 984 1713 1037 αὑτὸν
1768 1001 1891 1037 στε-

310 1070 636 1136 φανωθέντα
668 1074 765 1126 καὶ
801 1075 859 1126 ὲν
888 1074 1013 1145 δόξῃ
1044 1074 1139 1128 καὶ
1180 1075 1363 1146 ὑγεία,
1399 1074 1449 1129 οί
1490 1075 1689 1139 ίδόντες
1722 1075 1888 1129 αὑτὸν

304 1160 369 1214 ὲν
398 1163 593 1233 ἀτιμίᾳ
626 1165 721 1218 καὶ
751 1165 1053 1238 ἀρρωστία,
1087 1166 1182 1221 καὶ
1210 1167 1261 1221 oi
1290 1168 1391 1239 τῆς
1422 1169 1615 1233 πενίας
1655 1169 1885 1239 γενόμε-

304 1269 388 1307 νοι
430 1254 730 1327 μάρτυρες,
765 1258 919 1312 αὐτοὶ
948 1261 1040 1315 καὶ
1065 1263 1160 1331 τῆς
1184 1261 1341 1333 δόξης
1375 1264 1640 1331 γένωνται
1669 1261 1878 1318 θεαταί.

305 1344 376 1397 Τί
406 1342 499 1399 οὖν
528 1348 555 1400 δ
597 1349 885 1421 Ἀϐραάμ;
926 1373 943 1406 ‹
987 1354 1210 1424 Ἔχουσι
1238 1355 1444 1410 Μωσέα
1474 1356 1569 1410 καὶ
1598 1357 1724 1420 τοὺς
1753 1372 1887 1428 προ-

303 1439 504 1510 φήτας.
543 1460 562 1493 ι
594 1443 797 1497 Μωσέα
830 1446 941 1518 (96)
976 1448 1071 1501 xui.
1103 1450 1230 1511 τοὺς
1264 1448 1550 1517 προφήτας
1592 1448 1785 1516 λέγων,
1817 1449 1887 1503 τά

304 1533 566 1600 μωσαῖκά
584 1534 679 1590 καὶ
697 1540 1011 1609 προφητικά
1032 1540 1441 1609 συγγράμματα
1454 1540 1883 1610 καὶδιδάγματα.

300 1624 417 1693 Οὐχ
443 1626 605 1693 οὕτω,
666 1629 802 1700 φησι
838 1629 972 1702 (97),
1016 1632 1106 1697 σὺ,
1144 1631 1388 1698 πλούσιε,
1421 1632 1730 1702 φροντίζεις
1772 1633 1883 1688 τῶν

1994 616 2302 673 Abraham?
2325 637 2341 668 ‹
2364 616 2575 671 [labent
2598 616 2830 685 Moyscm
2848 627 2901 672 et
2920 616 3212 687 prophetas
3236 631 3279 679 ;›
3316 613 3553 683 Moysem

1994 720 2049 767 et
2081 711 2379 782 prophetas
2415 711 2604 768 dicens
2637 710 2868 765 Mosaica
2905 722 2956 763 et
2989 708 3308 779 prophetica
3354 707 3553 773 scripta

1994 813 2047 858 et
2090 805 2363 872 dogmata.
2395 803 2511 857 Non
2546 813 2779 860 tantum.
2818 800 3010 870 inquit,
3036 812 3114 862 tu,
3150 799 3325 860 dives,
3363 795 3559 849 fratres

1998 906 2118 952 tuos
2173 913 2358 962 curas,
2419 908 2680 966 quantum
2738 894 2830 965 qui
2883 892 3009 947 fecit
3055 906 3149 946 eos
3198 890 3362 944 Dens.
3415 886 3561 941 Mille

1995 990 2139 1045 enim
2166 990 2402 1045 instituit
2430 990 2536 1043 illis
2568 989 2877 1059 magistros.
2907 984 3068 1039 Dives
3105 992 3284 1038 autem
3317 1000 3332 1036 :
3368 1000 3385 1032 ι
3416 980 3558 1039 Νυιι.

1996 1091 2149 1151 pater
2191 1083 2491 1147 Abraham,
2534 1102 2551 1135 ι
2602 1082 2755 1137 dicit.
2795 1080 2929 1136 Cum
2978 1078 3122 1133 enim
3169 1077 3283 1147 ipse
3331 1077 3558 1131 audiens

1996 1169 2307 1243 Scripturas
2348 1173 2557 1230 diflisus
2611 1182 2759 1229 esset
2804 1182 2859 1227 et
2899 1171 3111 1226 fabulas
3162 1184 3285 1224 esse
3329 1181 3559 1237 ea-qua:

1989 1264 2244 1321 dicebant
2273 1266 2615 1332 credidisset,
2648 1265 2856 1323 similes
2896 1264 3001 1321 sibi
3037 1278 3157 1319 esse
3194 1261 3394 1317 fratres
3428 1275 3557 1315 suos

1985 1359 2219 1431 putavit,
2271 1370 2324 1414 et
2382 1375 2448 1414 ex
2507 1358 2986 1430 seipsojudicans,
3037 1356 3248 1412 dicebat
3304 1369 3400 1411 eos
3439 1368 3544 1406 non

1982 1451 2267 1507 audituros
2306 1465 2430 1507 esse
2470 1449 2803 1521 Seripturas,
2834 1448 3293 1518 quemadmodum
3343 1454 3396 1501 et
3430 1445 3546 1514 ipse

1984 1558 2093 1598 non
2125 1543 2398 1611 audierat;
2439 1560 2457 1594 ι
2492 1540 2596 1597 Sed
2619 1542 2663 1596 si
2687 1541 2809 1612 quis
2830 1556 2893 1596 ex
2920 1540 3150 1595 mortuis
3181 1536 3562 1599 resurrcxerit,

1984 1635 2225 1691 credent.
2261 1653 2281 1688 ι

298 1714 574 1784 ἀδελφῶν,
610 1720 686 1782 ὡς
719 1723 747 1776 ὁ
796 1722 1030 1793 ποιήσας
1071 1724 1270 1789 αὐτοὺς
1298 1722 1464 1788 Θεός·
1514 1724 1743 1797 μυρίους
1767 1723 1878 1796 γὰρ
1916 1723 2219 1795 ἐπέστησεν
2241 1724 2424 1789 αὐτοῖς
2473 1725 2848 1788 διδασκάλους.
2883 1723 2941 1778 '0
2983 1723 3041 1777 δὲ
3081 1721 3353 1788 πλούσιος,
3383 1739 3401 1773 ι
3432 1702 3583 1799 Οὐχὶ,

300 1809 480 1883 πάτερ
526 1815 801 1887 Ἀϐραὰμ,
837 1817 1007 1888 λέγει.
1048 1837 1067 1871 ι
1119 1820 1333 1893 Ἐπειδὴ
1361 1821 1470 1891 γὰρ
1500 1821 1662 1884 αὐτὸς
1708 1820 1923 1875 ἀκούων
1960 1820 2070 1876 τῶν
2100 1822 2335 1894 Γραφῶν
2363 1823 2603 1895 ὴπίστει,
2649 1822 2849 1893 μύθους
2896 1816 3035 1875 εῖναι
3074 1820 3291 1891 ἐνόμιζε
3322 1819 3390 1873 τὰ
3412 1817 3564 1885 λεγό-

303 1924 464 1975 μενα,
496 1910 694 1979 ὁμοίως
732 1913 876 1983 ἔχειν
910 1914 1005 1968 καὶ
1058 1916 1183 1979 τοὺς
1248 1915 1511 1984 ἀδελφοὺς
1564 1916 1972 1987 ὑπελάμϐανεν,
2005 1920 2099 1973 καὶ
2150 1918 2245 1990 ἀφ’
2275 1919 2471 1973 ἑαυτοῦ
2517 1918 2742 1990 κρίνων,
2792 1918 2998 1985 ἔλεγεν,
3037 1916 3121 1970 ὅτι
3159 1915 3261 1969 οὐκ
3309 1914 3565 1970 ἀκούουσι

296 2007 411 2060 τῶν
465 2006 722 2076 Γραφῶν,
790 2007 980 2079 ὥσπερ
1035 2010 1128 2065 οὖν
1162 2010 1281 2065 οὐδὲ
1319 2010 1482 2075 αὑτός
1521 2027 1537 2044 ο
1569 2031 1587 2063 ι
1642 2011 1783 2066 Ἀλλ’
1821 2012 1917 2067 ἐάν
1954 2032 2037 2079 τις
2077 2015 2143 2069 ἐκ
2175 2015 2383 2087 νεκρῶν
2415 2017 2647 2086 ἀναστῇ,
2684 2015 3084 2070 πιστεύσουσιν.
3115 2034 3133 2069 ι

372 2100 617 2155 Τοιοῦτοι
649 2104 743 2155 καὶ
772 2102 868 2159 νῦν
893 2106 1051 2169 εἰσιν,
1086 2103 1136 2158 οἳ
1181 2105 1402 2173 λέγουσι
1424 2120 1439 2137 ·
1464 2105 1558 2169 Τίς
1590 2100 1699 2159 εἶδε
1724 2107 1795 2160 τά
1824 2109 1882 2161 ὲν

2058 2107 2264 2165 llevera
2307 2117 2361 2165 et
2391 2125 2537 2164 nunc
2586 2118 2714 2164 sunt
2738 2109 2833 2178 qui
2888 2108 3073 2163 dicant
3106 2125 3119 2163 :
3148 2106 3286 2173 Quis
3315 2106 3452 2161 vidit
3500 2103 3566 2161 οε

301 2196 460 2267 ᾅδου,
514 2195 595 2260 τίς
650 2198 860 2252 ἐκεῖθεν
908 2197 1077 2252 ἐλθὼν
1109 2197 1448 2269 ἀπήγγειλεν
1504 2199 1671 2268 ἡμῖν;
1716 2197 1884 2255 ’Λλλά

296 2288 698 2344 ἀκουσάτωσαν
730 2292 823 2344 τοῦ
867 2291 1123 2363 Ἀϐραάμ
1142 2308 1158 2324 ο
1190 2292 1275 2345 ὅτι
1308 2294 1356 2345 ei
1384 2292 1493 2345 τῶν
1522 2293 1760 2363 Γραφῶν
1786 2294 1888 2347 οὐκ

299 2381 598 2452 ἀκούομεν,
624 2382 744 2436 οὐδὲ
770 2386 883 2447 τοῖς
906 2382 965 2451 ἐξ
991 2383 1119 2455 ᾅδου
1145 2383 1461 2455 ἐρχομένοις
1487 2383 1879 2455 πιστεύσομεν,

302 2475 416 2528 Καὶ
459 2474 622 2528 τοῦτο
671 2477 952 2546 ἐδήλωσαν
982 2479 1030 2530 oi
1081 2476 1354 2544 Ἰουδαῖοι,
1391 2479 1589 2541 οἵτινες
1622 2479 1743 2532 ἐπεὶ
1775 2478 1889 2551 (98)

302 2565 417 2618 τῶν
442 2565 677 2635 Γραφῶν
711 2565 812 2620 οὑκ
842 2568 1059 2636 ἤκουον,
1093 2567 1216 2621 οὐδὲ
1261 2568 1491 2638 νεκροὺς
1532 2569 1731 2631 ἰδόντες
1761 2572 1891 2623 ἀνα-

300 2656 539 2720 στάντας
598 2658 947 2725 ὲπίστευσαν,
995 2659 1131 2713 άλλά
1184 2660 1279 2714 καὶ
1323 2660 1415 2713 τὸν
1466 2660 1718 2729 Λάζαρον
1757 2660 1890 2715 ἀνε-

299 2750 415 2803 λεῖν
450 2750 772 2822 ἐπεχείρουν
802 2752 941 2822 (99),
976 2752 1072 2807 καὶ
1120 2751 1178 2804 ἐν
1218 2751 1295 2823 τῷ
1327 2753 1547 2823 σταυρῷ
1565 2752 1776 2806 πολλῶν
1806 2770 1889 2805 νε-

301 2842 454 2914 κρῶν
480 2844 851 2907 ἀναστάντων,
908 2844 1059 2915 ὅμως
1098 2845 1211 2905 τοῖς
1254 2845 1571 2909 ἀποστόλοις
1610 2844 1887 2899 ἐπετίθεν-

302 2952 367 2990 το
416 2936 493 3007 (1)
525 2936 910 3007 φονικώτερον.
939 2937 1000 2989 Ei
1028 2936 1084 2989 δὲ
1122 2936 1322 3006 ὠφέλει
1361 2938 1509 3007 ἡμᾶς
1542 2938 1623 3000 είς
1671 2935 1884 3002 πίστιν,

304 3028 402 3080 καὶ
428 3028 587 3081 τοῦτο
625 3029 798 3082 ἐποίει
832 3028 900 3083 ἂν
934 3028 1195 3098 συχνάκις
1225 3030 1253 3083 ὁ
1283 3028 1505 3099 Κύριος,
1536 3028 1629 3082 νῦν
1651 3029 1708 3083 δὲ
1731 3030 1887 3085 οὐδὲν

299 3116 477 3183 οὕτως
523 3120 743 3190 ὠφελεῖ,
791 3122 868 3183 ὡς
905 3121 1080 3193 ἡτῶν
1122 3121 1357 3192 Γραφῶν
1406 3121 1642 3194 ἀκριόὴς
1690 3120 1889 3192 ἔρευνα

300 3218 398 3270 καὶ
446 3215 713 3282 ἐξέτασις.
752 3217 999 3288 Νεκροὺς
1036 3218 1093 3272 δὲ
1145 3220 1371 3290 ἀνιστᾷν
1416 3218 1709 3288 ὲσοφίσατο
1757 3218 1823 3272 ἂν
1859 3219 1887 3272 ό

302 3306 576 3374 διάϐολος,
611 3310 706 3364 κα)⁵
751 3310 840 3363 διὰ
881 3310 1090 3365 τούτων
1121 3310 1428 3384 ἐπλάνησεν
1458 3312 1526 3366 ἂν
1563 3312 1691 3375 τοὺς
1720 3312 1886 3383 ἀνοή-

295 3414 449 3467 τους,
485 3401 616 3471 περὶ
658 3401 766 3455 τῶν
799 3403 858 3455 ἒν
891 3402 1021 3473 ᾅδου
1065 3402 1313 3473 δόγματα
1366 3402 1493 3469 ἄξια
1534 3404 1633 3474 τῆς
1680 3403 1887 3467 οίκείας
1914 3432 1957 3490 C

296 3495 693 3566 κατασπείρων
724 3495 947 3558 κακίας.
975 3496 1103 3548 Τῶν
1138 3495 1194 3548 δὲ
1241 3496 1474 3566 Γραφῶν
1509 3497 1679 3564 ὑγιῶς
1720 3499 1881 3567 ὲρευ-

298 3586 584 3654 νωμένων,
618 3584 774 3639 οὐδὲν
825 3584 1000 3655 ίσχύει
1045 3586 1290 3639 τοιοῦτον
1332 3586 1679 3655 σοφίσασθαι.
1714 3584 1885 3643 Αὗται

296 3677 409 3749 γάρ
467 3679 574 3731 είσι
625 3677 819 3749 λύχνος
871 3680 965 3732 καὶ
997 3678 1134 3747 φῶς,
1186 3681 1281 3733 καὶ
1341 3679 1539 3734 τούτου
1599 3681 1885 3750 φαίνοντας

298 3768 331 3822 ὁ
382 3768 626 3838 κλέπτης
678 3768 757 3839 (2)
790 3769 1043 3838 φαίνεται
1092 3772 1204 3844 καὶ,
1237 3770 1577 3842 εὑρίσκεται.
1620 3771 1885 3841 Φύγωμεν

298 3857 417 3925 οὖν,
440 3862 674 3931 ’ἀδελφοί
700 3880 828 3930 μου,
854 3861 949 3917 τοῦ
974 3863 1229 3917 πλουσίου
1254 3861 1355 3934 τὴν
1380 3864 1636 3934 μίμησιν,
1669 3866 1763 3918 καὶ
1788 3865 1887 3935 τὴν

300 3952 513 4007 ἑκείνου
568 3952 973 4022 ἀπανθρωπίαν
1022 3953 1386 4024 μισήσωμεν·
1449 3951 1782 4022 ζηλώσωμεν
1829 3953 1886 4006 δὲ

296 4043 401 4113 τὴν
460 4042 555 4095 τοῦ
606 4043 862 4114 Λαζάρου
910 4044 1234 4113 φιλοσοφίαν
1268 4046 1367 4098 καὶ
1418 4044 1737 4115 καρτερίαν.
1784 4043 1885 4097 Διά

298 4135 411 4206 γὰρ
462 4135 622 4190 τοῦτο
682 4137 856 4190 ταῦτα
890 4136 1245 4208 προείρηται,
1280 4137 1370 4189 ἵνα
1412 4136 1484 4207 μὴ
1528 4137 1596 4189 τά
1623 4134 1762 4190 αύτά
1804 4134 1884 4206 τῷ

300 4227 547 4298 πλουσίῳ
576 4227 861 4298 πάθωμεν.
901 4228 963 4281 Εί
993 4227 1101 4299 γὰρ
1133 4228 1384 4282 ἐϐούλετο
1407 4227 1653 4293 κολάσαι,
1687 4226 1788 4279 οὐκ
1818 4227 1885 4280 ἂν

298 4322 476 4374 ταῦτα
512 4323 778 4389 προεῖπεν
807 4338 822 4355 ο
856 4320 1043 4391 ἐπειδὴ
1073 4321 1132 4395 δε
1166 4321 1323 4375 τοῦτο
1356 4321 1415 4375 οὐ
1454 4320 1729 4391 βούλεται,
1759 4318 1887 4374 τού-

300 4430 399 4467 του
432 4414 595 4485 χάριν
628 4414 907 4483 προλέγει,
942 4414 1030 4468 ἵνα
1059 4418 1124 4487 τῇ
1152 4416 1458 4488 προρρήσει
1484 4412 1884 4487 σωφρονισθένο

304 4522 397 4568 τες
447 4507 548 4575 τὴν
602 4507 690 4560 διὰ
732 4506 825 4562 τοῦ
883 4509 1211 4579 πράγματος
1263 4510 1458 4579 πεῖραν
1517 4506 1880 4577 ὲκκλίνωμεν.

315 4600 709 4671 Ἀνανήψωμεν
728 4603 937 4667 τοίνυν,
973 4603 1275 4673 ἀγαπητοὶ,
1307 4603 1403 4657 καὶ
1421 4601 1526 4667 ἓως
1551 4603 1744 4673 καιρός
1768 4604 1883 4657 ἐστι

307 4696 623 4766 μετανοίας,
658 4699 755 4760 τὰς
792 4696 1070 4768 ἁμαρτίας
1103 4696 1523 4768 ἀπονιψώμεθα,
1562 4698 1657 4751 καὶ
1684 4698 1759 4768 μὴ
1782 4698 1883 4770 τὴν

1996 2212 2117 2269 qua:
2144 2206 2275 2254 sunt
2303 2199 2357 2253 in
2388 2198 2637 2255 inferno?
2659 2198 2789 2267 Quis
2815 2198 2938 2255 inde
2968 2199 3182 2255 rediens
3216 2198 3565 2253 annuntiat-it

1994 2289 2198 2347 nobis?
2244 2292 2348 2347 Sed
2410 2293 2637 2347 audiant
2693 2294 3067 2349 Abrahamum
3099 2309 3114 2347 :
3152 2292 3199 2349 si
3256 2291 3566 2361 Scripturas

1994 2399 2103 2439 non
2134 2384 2451 2445 audiamus.
2486 2400 2667 2455 neque
2700 2400 2761 2440 ex
2812 2384 3024 2441 inferno
3072 2385 3414 2441 venientibus
3451 2400 3567 2439 cre—

1992 2474 2205 2532 demus.
2237 2475 2351 2531 Hoc
2382 2486 2435 2530 et
2458 2476 2818 2532 ostenderunt
2838 2474 3008 2530 ιιιθωί
3037 2491 3276 2546 quoque,
3313 2476 3406 2546 qui
3439 2492 3561 2531 cum

1995 2564 2315 2636 Scripturas
2353 2582 2463 2621 non
2495 2566 2854 2633 audivissent,
2890 2581 3064 2636 neque
3104 2576 3393 2636 postquam
3426 2582 3570 2622 mor-

1994 2669 2115 2713 tuos
2150 2668 2497 2728 resurgentes
2528 2657 2731 2723 videre,
2767 2657 3137 2722 crediderunt,
3181 2657 3275 2712 sed
3307 2666 3362 2712 et
3393 2656 3566 2712 Laza-

1992 2768 2112 2807 rum
2149 2753 2459 2808 intcrficcre
2507 2753 2687 2808 conati
2724 2761 2874 2816 sunt,
2917 2759 2969 2806 et
3004 2750 3249 2820 quamvis
3293 2750 3345 2805 in
3381 2750 3561 2805 cruci-

1992 2845 2191 2899 tixione
2217 2844 2372 2900 multi
2401 2845 2603 2900 mortui
2626 2843 3049 2909 resurrexerint,
3078 2852 3257 2897 tamen
3284 2842 3565 2912 apostolos

1987 2934 2266 3007 persecuti
2335 2947 2467 2993 sunt
2513 2939 2682 2995 caedis
2732 2938 3008 2994 avidiores
3051 2937 3201 2993 facti.
3250 2938 3315 2992 Et
3357 2936 3402 2992 si
3436 2937 3564 3007 quid

1990 3047 2091 3087 nos
2131 3033 2417 3102 adiuvaret
2448 3034 2581 3088 illud
2628 3032 2697 3089 ad
2745 3033 2927 3097 fidem,
2958 3031 3163 3088 faceret
3196 3046 3340 3099 saepe
3380 3030 3564 3087 Domi—

1988 3140 2115 3179 nus.
2151 3122 2307 3179 Nunc
2332 3133 2513 3180 autem
2542 3125 2679 3180 nihil
2711 3125 2784 3179 ita
2820 3140 2921 3181 nos
2948 3125 3191 3193 adjuvat,
3229 3132 3287 3178 ut
3314 3122 3560 3193 Scriptu-

1988 3230 2174 3270 rarum
2223 3225 2479 3271 accurata
2528 3217 2877 3287 investigatio
2912 3224 2965 3272 et
2997 3216 3381 3288 perscrutatio.
3416 3215 3560 3270 Mor-

1989 3317 2117 3363 tuos
2167 3307 2435 3363 suscitare
2482 3308 2714 3364 subdole
2746 3315 2979 3364 conatus
3018 3318 3163 3364 esset
3204 3317 3258 3364 et
3290 3309 3559 3380 diabolus,

1989 3413 2054 3456 ac
2075 3413 2171 3469 per
2196 3414 2291 3455 eos
2325 3399 2550 3455 insanos
2582 3400 2637 3454 in
2671 3414 2914 3455 errorem
2946 3401 3224 3468 traxisset,
3256 3401 3323 3455 de
3349 3400 3417 3457 iis
3440 3416 3560 3471 quae

1989 3493 2042 3548 in
2078 3491 2295 3547 inferno
2330 3503 2461 3548 sunt
2504 3491 2714 3547 malitia
2756 3508 2855 3548 sua
2896 3492 3061 3563 digna
3098 3492 3354 3562 dogmata
3390 3492 3557 3548 semi-

1986 3601 2147 3643 nans.
2188 3584 2245 3638 Si
2277 3593 2459 3640 autem
2491 3582 2788 3655 Scripturae
2811 3592 2958 3639 recte
2986 3584 3389 3647 examinentur,
3423 3584 3561 3637 nihil

1987 3677 2303 3747 huiusmodi
2352 3678 2580 3733 subdole
2632 3686 2842 3732 tentare
2870 3678 3033 3732 valet.
3074 3677 3185 3732 illae
3233 3678 3380 3732 enim
3432 3687 3561 3733 sunt

1986 3767 2075 3821 fax
2105 3773 2160 3823 et
2187 3767 2395 3834 lumen,
2428 3780 2537 3838 quo
2575 3776 2870 3839 appareute
2900 3774 3125 3839 apparet
3157 3766 3245 3822 fur
3269 3775 3323 3822 et
3352 3766 3558 3837 detegi-

1990 3865 2099 3914 tur.
2176 3858 2471 3929 Fugiamus
2546 3859 2754 3929 igitur,
2827 3858 3068 3923 fratres,
3131 3858 3317 3913 divitis
3392 3857 3558 3927 huius

1987 3950 2322 4021 exemplum,
2350 3963 2405 4007 et
2434 3950 2553 4020 ejus
2583 3950 3043 4007 inhumanitatem
3078 3950 3204 4006 odio
3235 3951 3554 4006 habeamus.

1991 4041 2339 4097 JEmulemur
2376 4053 2560 4097 autem
2592 4040 2783 4097 Lazari
2810 4041 3219 4113 philosophiam
3255 4050 3310 4095 et
3342 4041 3555 4111 patien—

1989 4132 2142 4188 tiam.
2192 4132 2266 4188 Ea
2318 4134 2465 4188 enim
2501 4132 2758 4203 praedicta
2815 4140 2965 4199 sunt,
3026 4148 3093 4189 ne
3142 4132 3335 4189 eadem
3390 4148 3553 4202 quam

1986 4227 2135 4283 dives
2186 4228 2481 4298 patiamur.
2542 4227 2598 4283 Si
2649 4229 2792 4283 enim
2825 4227 2985 4283 vellet
3023 4227 3237 4299 punire,
3286 4244 3407 4283 non.
3440 4227 3556 4282 haec

1985 4320 2324 4391 prmdiceret,
2358 4318 2496 4375 Cum
2526 4330 2711 4376 autem
2760 4318 2813 4375 id
2861 4333 2968 4376 non
2999 4317 3144 4383 velit,
3181 4318 3384 4373 idcirco
3415 4333 3553 4386 pra:-

1986 4413 2141 4478 dicit,
2199 4423 2256 4469 ut
2294 4414 2652 4484 praedictione
2702 4412 2792 4467 illa
2847 4414 3126 4483 sapientes
3178 4410 3328 4479 facti,
3372 4411 3549 4483 ipsum

1985 4510 2419 4580 experimentum
2467 4509 2828 4566 declinemus.
2883 4498 3319 4581 Resipiscamus§
3366 4510 3551 4579 igitur,

1986 4602 2317 4669 charissimi,
2356 4613 2409 4658 et
2438 4603 2565 4659 dum
2601 4614 2813 4673 tempus
2846 4614 2927 4659 est
2963 4605 3322 4675 poenitentiae,
3353 4604 3546 4674 culpas

1989 4697 2298 4763 abluamus,
2351 4711 2529 4766 neque
2572 4696 2815 4767 patulam
2851 4705 2906 4750 et
2951 4696 3115 4751 latam
3148 4694 3371 4749 malitia:
3412 4696 3551 4748 viam

303 4788 571 4843 πλατεῖαν
606 4790 701 4842 καὶ
736 4788 1054 4860 εὐρύχωρον
1091 4788 1193 4859 τῆς
1224 4788 1423 4852 κακίας
1464 4787 1601 4855 ὁδὸν,
1629 4788 1729 4859 τῆς
1761 4805 1883 4842 στε-

1988 4796 2229 4859 angustae
2290 4796 2343 4842 et
2386 4797 2550 4843 arcta:
2607 4788 2869 4843 Virtutum
2922 4789 3025 4842 via:
3068 4786 3443 4858 prazferamus.
3497 4787 3552 4842 Si

300 4880 403 4951 νῆς
432 4881 526 4934 καὶ
574 4880 949 4952 τεθλιμμένης
1002 4881 1111 4934 τῶν
1158 4881 1372 4953 ἀρετῶν
1429 4883 1880 4955 προτιμήσωμεν.

1982 4880 2127 4935 enim
2174 4892 2226 4934 et
2264 4882 2373 4935 lata
2415 4889 2470 4936 et
2498 4880 2673 4938 facilis
2716 4890 2799 4937 est
2852 4880 3072 4936 malitia:
3114 4881 3221 4944 via,
3276 4881 3553 4935 nihilomh

302 4971 368 5031 Εἰ
399 4974 506 5041 γάρ
538 4971 631 5026 καὶ
658 4971 1013 5044 πλατεῖαῖῶ)
1054 4973 1150 5025 καὶ
1190 4974 1453 5043 ἀνειμένη
1482 4974 1515 5044 ἡ
1548 4973 1648 5041 τῆς
1682 4971 1887 5036 κακίας

1988 4986 2089 5027 nus
2131 4972 2183 5025 in
2219 4978 2432 5026 arctum
2471 4972 2632 5026 finem
2666 4972 2915 5036 vertitur,
2960 4972 3026 5025 ad
3058 4971 3257 5025 aniuue
3290 4972 3551 5041 perditio»

300 5061 443 5128 ὁδὸς,
474 5061 588 5117 ἀλλ’
618 5063 700 5127 είς
731 5061 919 5116 στενὸν
948 5061 1318 5134 καταστρέφει
1340 5063 1518 5129 τέλος,
1543 5062 1638 5117 ἐπὶ
1663 5061 1763 5134 τὴν
1786 5063 1887 5132 τῆς

1988 5078 2111 5119 nem
2172 5064 2380 5119 ducens
2439 5075 2493 5119 et
2542 5063 2608 5119 ad
2668 5063 2915 5120 divinum
2958 5062 3195 5118 tribunal
3245 5077 3548 5118 arcessens.

373 5265 490 5337 (96)
527 5266 747 5323 Μωσέα
776 5266 875 5321 καί
904 5295 975 5306 —
1003 5263 1353 5335 διδάγματα.
1386 5264 1501 5323 Hac
1544 5267 1872 5337 interpreta-

305 5339 477 5401 tione,
510 5338 564 5391 ui
601 5338 777 5399 fallor,
812 5337 1169 5406 supersedere
1192 5345 1425 5403 poterat.

522 5408 699 5489 (ξῃσίε
732 5408 900 5489 Φηησὶν
931 5406 1098 5489 adjeci
1126 5419 1192 5460 ex
1218 5408 1339 5461 cod.

378 5476 491 5547 (98)
538 5478 717 5534 Ἐπεί.
757 5476 848 5532 Sic
867 5476 987 5532 dedi
1010 5477 1077 5532 de
1105 5489 1248 5542 meo,
1283 5492 1381 5547 pro
1406 5478 1522 5544 ἐπί,
1553 5477 1696 5549 quod
1725 5488 1873 5535 utcr-

307 5564 416 5619 que
453 5550 834 5619 codexhhabet.

381 5619 492 5687 (99)
524 5617 788 5686 Λάζαρον
816 5618 1059 5673 ἀνελεῖν
1087 5617 1461 5688 ἐπεχείρουν.
1496 5617 1559 5672 ν.
1588 5617 1746 5675 Joan.
1773 5634 1872 5685 xu,

310 5688 397 5749 10,
429 5689 821 5741 ἐϐουλεύσαντο
845 5690 901 5742 δὲ
934 5693 1004 5751 oi,
1039 5707 1092 5742 κ.
1127 5706 1180 5743 τ.
1202 5690 1252 5743 λ.

378 5757 455 5826 (Ι)
507 5760 890 5813 Ἐπεί-ἔθεντο.
922 5759 1011 5815 Sic
1041 5760 1249 5825 correxi
1290 5775 1385 5827 pro
1419 5760 1739 5813 ὲπιτίΟεντο.
1768 5760 1869 5813 Cu—

296 5828 409 5883 drx
451 5828 508 5880 ll.
554 5830 772 5886 onussis
803 5832 1079 5896 omnibus,
1126 5847 1245 5900 qme
1280 5834 1528 5899 leguntur
1572 5831 1708 5885 inter
1740 5833 1832 5885 ἁνε

1976 5266 2088 5339 λείν
2109 5276 2163 5322 et
2189 5268 2524 5331 ἐπετίθεντο,
2547 5268 2708 5323 habet
2732 5268 3037 5339 ἐπεπήδων,
3068 5267 3209 5336 quod
3235 5283 3341 5322 non
3367 5269 3545 5325 minus

1983 5337 2111 5411 huic
2141 5339 2260 5393 loco
2290 5341 2561 5411 convenit,
2610 5354 2770 5411 quam
2805 5337 3139 5405 ἐπετίθεντο,
3171 5348 3337 5411 atque
3379 5339 3539 5396 etiam

1982 5409 2243 5479 majorem
2272 5412 2378 5464 vim
2408 5409 2587 5465 habet.
2618 5438 2635 5462 ε
2660 5408 2668 5416 ’

2056 5481 2131 5554 (ξ)
2276 5478 2565 5554 κλέπτης.
2611 5481 2912 5554 Ἀπατεὼν,
2942 5482 3221 5554 σοφιστής.

2054 5550 2131 5620 (5)
2157 5551 2223 5601 Εί
2254 5550 2363 5621 γὰρ
2397 5550 2493 5603 καὶ
2547 5551 2820 5604 πλατεῖα.
2860 5550 2968 5603 Καί
3005 5552 3181 5605 addidi
3215 5566 3280 5605 ex
3324 5552 3443 5607 cod.
3481 5552 3538 5605 Β.

1984 5620 2103 5675 Mox
2159 5621 2371 5692 correxi
2406 5636 2620 5692 quoque
2667 5637 2729 5675 cx
2760 5622 2945 5675 eodem
2991 5621 3083 5673 ἐπὶ
3117 5620 3215 5690 τὴν
3240 5622 3337 5692 τῆς
3366 5622 3543 5692 ψυχῆς

1983 5691 2308 5761 καταντῶσα
2354 5690 2649 5746 ἀπώλειαν.
2682 5705 2777 5760 pro
2808 5692 3009 5759 quibus
3039 5691 3232 5745 vitiose
3264 5690 3457 5761 legitur
3487 5694 3537 5743 in

1979 5762 2099 5817 cod.
2129 5760 2192 5815 Λ.
2249 5763 2368 5815 Ἐπὶ
2405 5762 2503 5827 τῆς
2531 5763 2706 5830 ’ζυχῆς
2750 5762 3074 5817 καταντῶσα
3109 5763 3188 5824 είς
3239 5760 3534 5817 ἁπῶλειαν.
