4138 6334
302 298 436 366 1237

1726 329 2060 396 ORATION
2071 337 2162 399 ES

3410 347 3555 415 1238·

298 414 638 526 ὸρφθαλμός
660 436 673 452 ο
701 421 798 480 ἐὰν
831 425 864 497 6
905 426 1182 502 ὀφθαλμός
1215 447 1307 485 σου
1334 431 1535 498 ἁπλοῦς
1565 429 1624 508 ᾗ,
1660 435 1780 491 ὃλσν
1813 439 1853 491 τί

1974 454 2080 512 est,
2103 447 2350 503 tenebrat
2375 459 2524 517 sunt,
2563 451 2690 521 ipsa
2720 454 2953 510 tenebrm
2980 470 3197 526 quantae
3216 462 3407 515 erunt?
3431 481 3447 512 ι
3474 491 3540 503 -

300 505 464 578 σῶμά
509 527 602 565 σου
625 513 886 582 φωτεινδν
917 518 1069 575 ἔσται
1101 539 1113 553 ·
1155 525 1251 577 ἐὰν
1292 520 1349 579 δὲ
1384 527 1411 579 6
1456 505 1732 599 ὀφθαλμός
1779 547 1872 585 σου

299 601 537 673 πονηρὸς
637 607 758 663 ὅλον
787 609 849 664 τὸ
879 612 1037 682 σῶμά
1067 631 1158 668 σου
1188 619 1460 673 σκοτεινὸν
1492 621 1666 676 ἔσται.
1698 623 1760 675 Εἰ
1779 623 1875 678 οῦν

295 690 360 745 τὸ
389 693 522 762 φῶς,
556 698 616 749 τὸ
640 698 698 751 ἐν
730 703 837 766 σοὶ,
889 705 1081 769 σκότος
1110 707 1246 769 ἐστὶ,
1278 709 1340 763 τὸ
1363 710 1554 774 σκότος
1599 712 1763 766 πόσον
1803 733 1814 778 ;
1847 733 1865 766 ι

298 785 483 841 θέλων
511 790 540 841 6
565 789 773 863 Κύριος
817 794 1180 869 ἐλευθερῶσαι
1212 801 1356 871 ἡμᾶς
1395 802 1490 855 τοῦ
1535 802 1741 867 πάθους
1775 803 1873 875 τῆς

298 879 693 953 φιλαργυρίας,
732 889 938 958 μᾶλλον
982 891 1039 946 δὲ
1084 893 1185 963 τῆς
1232 895 1468 960 ἀδικίας,
1517 899 1611 952 καὶ
1654 897 1764 952 τῶν
1808 901 1874 954 ὲκ

293 972 504 1045 ταύτης
536 978 749 1045 παθῶν,
783 981 873 1035 τὸν
905 985 1036 1054 περὶ
1069 984 1167 1054 τῆς
1199 973 1589 1060 ἀκτημοᾶύνης
1626 988 1872 1046 διδάσκει

292 1063 475 1134 λόγον,
538 1073 632 1125 καὶ
688 1072 778 1127 διὰ
829 1073 1041 1129 πολλῶν
1093 1078 1554 1149 παραδειγμάτων
1606 1083 1731 1145 τοὺς
1778 1101 1868 1137 πι-

299 1159 597 1224 στεύοντας
616 1165 780 1235 ’φέρει
805 1167 884 1230 είς
914 1166 1013 1239 τὴν
1037 1169 1144 1222 τῶν
1166 1159 1475 1241 λεγομένων
1507 1165 1754 1242 ὑπακοὴν
1779 1175 1872 1228 καὶ

294 1251 629 1310 εὐπείθειαν.
663 1249 773 1311 Καὶ
820 1257 989 1331 εἰπὼν
1036 1261 1251 1331 πρῶτον
1287 1264 1421 1332 (Η),
1470 1265 1553 1317 ὅτι
1582 1283 1599 1316 ι
1633 1265 1722 1335 Μὴ
1777 1266 1873 1331 θη-

293 1345 584 1413 σαυρίζετε
612 1348 742 1417 ὑμῖν
774 1350 1086 1421 θησαυροὺς
1111 1353 1202 1404 ἐπὶ
1232 1355 1327 1421 τῆς
1357 1355 1482 1422 γῆς,
1511 1355 1870 1427 θησαυρίζετε

287 1433 350 1487 δὲ
391 1427 607 1500 ἑαυτοῖς
643 1439 953 1511 θησαυροὺς
985 1443 1041 1496 ὲν
1079 1444 1194 1509 τοῖς
1239 1445 1490 1516 οὐρανοῖς
1517 1465 1530 1486 ε
1565 1465 1583 1499 ι
1621 1451 1716 1502 καὶ
1764 1449 1872 1504 δεί-

291 1524 393 1592 ξας
442 1529 544 1598 μὲν
589 1527 680 1584 τθν
732 1528 789 1586 ὲν
837 1533 1089 1604 οὐρανοῖς
1119 1535 1391 1610 θησαυρὸν
1428 1537 1732 1610 ἄφθαρτον,
1771 1542 1869 1596 καὶ

290 1617 660 1693 ἀδαπάνητον,
689 1624 786 1678 καὶ
810 1632 814 1635 “
842 1625 1074 1680 πάντοτε
1124 1628 1451 1700 διαμένοντα
1474 1645 1487 1661 ’
1537 1631 1630 1686 τὸν
1681 1631 1739 1687 δὲ
1777 1633 1869 1688 ἐπὶ

288 1709 398 1778 γῆς
432 1706 705 1784 θησαυρὸν
738 1715 874 1786 πρὸς
904 1713 1084 1788 ὀλίγον
1117 1714 1440 1790 φαινόμενον
1473 1721 1570 1776 καὶ
1604 1722 1866 1789 ἀφανιζό-

294 1814 479 1868 μενον,
520 1802 660 1872 μετὰ
709 1805 881 1860 ταῦτα
929 1799 1023 1861 ubi.
1076 1809 1263 1882 ἕτερον
1315 1809 1666 1882 παράδειγμα
1711 1813 1866 1882 φέρει

287 1885 466 1956 λέγων
486 1906 502 1923 ·
534 1910 553 1944 ι
591 1886 662 1946 Ὅ
683 1893 874 1966 λύχνος
895 1897 988 1952 τοῦ
1013 1898 1265 1969 σώματός
1295 1896 1443 1955 ἐστιν
1467 1904 1496 1955 6
1519 1902 1816 1972 ὀφθαλμός.
1843 1923 1860 1956 ι

291 1976 473 2052 Ὅπερ
509 1985 617 2053 γάρ
650 1986 800 2041 ἐστιν
833 1989 862 2040 6
893 1988 1176 2060 ὀφθαλμὸς
1202 1993 1259 2044 ὲν
1288 1990 1521 2062 σώματι,
1557 1994 1717 2047 τοῦτο
1744 1995 1865 2060 νοῦς

287 2073 440 2126 ἐστιν
467 2078 524 2130 ὲν
552 2081 616 2148 τῇ
835 2096 848 2110 ·
891 2082 984 2135 καὶ
1013 2082 1202 2158 ὥσπερ
1225 2086 1252 2138 6
1280 2083 1561 2155 ὀφθαλμὸς
1601 2086 1760 2158 ὑγιὴς
1789 2088 1865 2143 ὢν

287 2170 516 2241 ςιωτίζει
541 2175 602 2225 τὸ
653 2173 835 2246 σῶμα,
877 2179 1114 2250 νοσώδης
1143 2180 1199 2233 δὲ
1237 2181 1496 2248 σκοτίζει,
1542 2181 1684 2236 οὕτω
1716 2185 1808 2236 καὶ
1835 2186 1864 2238 6

284 2260 434 2327 νοῦς,
470 2259 564 2317 ἐὰν
606 2263 704 2334 μὲν
751 2266 991 2339 καθαρὸς
1021 2265 1077 2342 ᾖ,
1121 2270 1215 2325 καὶ
1248 2270 1384 2341 πρὸς
1428 2272 1566 2344 μόνα
1599 2273 1770 2346 βλέπῃ
1797 2273 1863 2327 τὰ

286 2349 411 2406 θεῖα
443 2356 536 2407 καὶ
563 2355 768 2422 δίκαια,
795 2360 888 2414 καὶ
918 2362 1052 2431 πρὸς
1079 2362 1262 2417 ἐκεῖνα
1300 2363 1388 2418 διά
1423 2365 1624 2430 παντὸς
1655 2377 1861 2437 γρηγο-

287 2442 398 2514 ριῖιν
431 2449 589 2518 μένῃ,
635 2449 728 2502 καὶ
758 2451 790 2521 ἡ
825 2450 970 2522 ψυχὴ
998 2453 1092 2516 τὰς
1121 2445 1180 2520 ’ἐξ
1208 2455 1373 2520 αὐτοῦ
1405 2456 1620 2526 δέχεται
1641 2458 1862 2529 λαμπη-

279 2536 442 2598 δόνας
487 2542 583 2594 καὶ
622 2538 916 2611 φωτίζεται
965 2547 1061 2599 καὶ
1116 2549 1439 2619 καθαίρεται
1466 2564 1480 2579 °
1532 2550 1630 2604 ἐὰν
1681 2551 1736 2604 δὲ
1781 2554 1861 2617 είς

284 2628 556 2704 πονηρίαν
613 2637 861 2709 ἐκτραπῇ
899 2639 947 2710 (ὁ
975 2640 1089 2711 (l5)
1146 2640 1313 2712 νοῦς),
1350 2642 1445 2695 καὶ
1495 2643 1560 2715 τῇ
1599 2641 1858 2714 ,φροντίδι

279 2725 391 2778 τῶν
426 2727 724 2798 χρημάτων
757 2729 788 2800 ἢ
829 2732 894 2801 τῇ
935 2732 1200 2803 ἐπιθυμίᾳ
1232 2733 1340 2787 τῶν
1378 2733 1565 2788 παθῶν
1607 2737 1856 2810 κρατηθῇ

283 2817 382 2870 καὶ
432 2815 784 2892 π’ροότιλωθῇ,
821 2823 1118 2893 τυφλοῦται
1150 2825 1241 2878 καὶ
1294 2826 1621 2893 σκοτίζεται.
1661 2830 1769 2884 Τοῦ
1799 2831 1856 2885 δὲ

278 2908 374 2963 νοῦ
420 2910 824 2978 σκοτωθέντος,
857 2915 951 2968 καὶ
983 2915 1015 2986 ὴ
1058 2914 1207 2987 ψυχὴ
1246 2912 1437 2980 σκότος
1475 2918 1705 2987 γίνεται,
1759 2926 1854 2975 καὶ

278 2998 416 3052 πολὺ
448 3000 610 3054 πλέον
639 3003 699 3056 τὸ
735 3002 911 3082 σῶμα.
955 3003 1017 3057 Ὅ
1047 3005 1156 3076 γὰρ
1181 3004 1271 3058 τὸν
1320 3006 1446 3060 νοῦν
1486 3008 1755 3075 ἀφανίσας
1785 3013 1851 3084 τῇ

1977 537 2179 593 Volens
2211 535 2472 595 Dominus
2516 556 2614 598 nos
2671 544 2737 597 ab
2776 546 3019 601 avaritia:
3062 548 3358 616 cupiditate
3403 551 3537 606 lihe-

1977 645 2122 692 rare,
2185 631 2268 685 vel
2321 634 2501 701 potius
2558 635 2626 689 ab
2676 635 2938 705 injustitia
2999 651 3051 694 et
3100 641 3355 697 omnibus
3414 643 3540 698 inde

1977 707 2344 778 nascentibus
2371 723 2538 789 vitiis,
2571 741 2880 782 sermonem
2927 730 3084 786 habet
3134 734 3200 788 de
3246 733 3450 804 inopia,
3487 744 3540 790 et

1979 814 2165 870 multis
2194 816 2456 884 exemplis
2492 816 2675 874 ﬁdeles
2722 821 2788 877 ad
2832 821 3188 879 obedientiam
3234 834 3289 882 et
3315 842 3536 897 persua-

1977 902 2184 959 sionem
2221 907 2463 962 adducit.
2488 907 2699 964 Etdixit
2732 912 2965 982 primum
2998 931 3012 968 :
3047 932 3064 964 ι
3093 913 3267 972 Nolite
3312 919 3536 974 thesau-

1975 995 2148 1052 rizarc
2178 999 2334 1057 vobis
2376 1003 2661 1059 thesauros
2687 1004 2740 1058 in
2792 1015 2975 1073 terra;
3015 1006 3380 1068 thesaurizate
3430 1027 3534 1068 au-

1975 1096 2079 1141 tem
2108 1090 2257 1145 vobis
2282 1091 2564 1150 thesauros
2594 1096 2647 1150 in
2679 1098 2818 1152 coelo
2842 1115 2855 1163 ;
2882 1118 2902 1161 i
2938 1108 2991 1153 et
3021 1091 3264 1155 ostendit
3310 1104 3529 1172 quidem

1973 1180 2224 1235 caelestes
2264 1183 2553 1241 thesauros
2587 1188 3050 1259 incorruptibiles,
3100 1193 3534 1263 inconsumptos,

1971 1277 2025 1324 et
2064 1279 2321 1343 perpetuo
2352 1275 2656 1344 durantes;
2704 1280 2988 1336 thesauros
3031 1293 3211 1338 autem
3250 1293 3540 1342 terrestres

1971 1362 2248 1430 paululum
2303 1370 2564 1437 temporis
2607 1374 2990 1442 conuplibilcs
3025 1387 3078 1431 et
3123 1390 3532 1434 evanescentes.

1974 1457 2176 1514 Deinde
2205 1471 2259 1516 et
2292 1463 2524 1518 alterum
2575 1471 2881 1539 exemplum
2917 1473 3072 1528 affert
3104 1463 3328 1532 dicens:
3367 1495 3385 1528 ι
3424 1477 3534 1532 Lu-

1971 1564 2133 1607 cerna
2158 1557 2404 1624 corporis
2436 1567 2518 1613 est
2552 1561 2766 1619 oculus.
2807 1580 2827 1615 ι
2863 1564 3015 1629 Quod
3042 1565 3184 1619 enim
3213 1567 3268 1620 in
3304 1583 3540 1639 corpore

1970 1652 2051 1696 est
2079 1645 2291 1708 oculus.
2322 1647 2376 1702 id
2422 1665 2573 1705 meus
2615 1660 2698 1706 est
2740 1652 2792 1706 in
2826 1655 3028 1710 anima.
3080 1655 3144 1710 Et
3175 1659 3532 1726 quemadmo-

1897 1780 1940 1835 Β
1972 1734 2100 1790 dum
2156 1739 2370 1803 oculus,
2416 1741 2461 1796 si
2515 1759 2682 1798 sanus
2736 1746 2828 1811 sit,
2879 1763 3079 1818 corpus
3129 1750 3431 1819 illuminat;
3486 1753 3532 1809 si

1967 1833 2130 1898 :eger,
2165 1830 2486 1888 obnubilat:
2528 1835 2599 1889 ita
2629 1846 2682 1891 et
2722 1852 2894 1904 mens,
2930 1841 2972 1894 si
3007 1841 3076 1895 sit
3119 1843 3319 1896 munda
3367 1852 3534 1914 atque

1967 1920 2032 1973 ad
2082 1922 2197 1976 sola
2246 1924 2429 1980 divina
2471 1935 2524 1980 et
2563 1927 2710 1996 justa
2756 1930 3036 1999 respiciat,
3085 1932 3261 2002 iisque
3315 1951 3532 2006 semper

1975 2007 2241 2080 invigilet,
2276 2015 2457 2070 anima
2490 2031 2553 2070 ex
2581 2032 2647 2071 eo
2680 2020 2863 2074 lumen
2896 2023 3096 2090 accipit
3129 2033 3182 2078 et
3216 2025 3526 2085 illuminata

1965 2102 2308 2170 puriﬁcatur.
2347 2102 2402 2160 Si
2436 2118 2614 2163 autem
2659 2125 2717 2165 se
2758 2114 2824 2166 ad
2857 2111 3060 2168 malum
3092 2125 3263 2172 vertat
3304 2129 3358 2174 et
3392 2121 3532 2174 divi-

1965 2188 2165 2249 tiarum
2201 2195 2473 2254 desiderio
2513 2199 2595 2255 vel
2640 2202 3000 2271 cupiditatum
3039 2209 3233 2263 ardore
3282 2210 3530 2266 vincatur

1962 2294 2015 2342 et
2057 2286 2330 2357 domet’ur,
2375 2308 2518 2348 caeca
2568 2293 2627 2348 iit
2669 2304 2726 2351 et
2767 2299 3076 2354 tenebrosa.
3123 2301 3296 2357 Mente
3347 2313 3526 2359 autem

1963 2378 2278 2444 obscurata,
2319 2391 2372 2438 et
2403 2384 2584 2439 anima
2619 2385 2677 2440 lit
2715 2388 3024 2455 tenebrosa,
3056 2400 3110 2445 et
3142 2395 3312 2448 multo
3355 2395 3528 2463 magis

1961 2483 2184 2540 corpus.
2213 2470 2313 2536 Qui
2346 2473 2490 2526 enim
2521 2482 2755 2530 mentem
2788 2476 3095 2547 inquinavit
3127 2481 3556 2552 voluptatibus,.

1959 2574 2191 2632 eamque
2260 2564 2618 2634 cupiditatum
2677 2567 2871 2623 ardore
2929 2571 3286 2638 obscuravit,
3335 2588 3526 2632 omnes

1960 2649 2091 2709 suas
2120 2656 2372 2721 praesenti
2400 2657 2506 2711 vita
2538 2659 2783 2715 actiones
2805 2663 3064 2717 exstinxit
3097 2671 3151 2718 et
3175 2666 3440 2735 corrupit,
3472 2674 3532 2722 et

1957 2745 2086 2829 inde
2116 2743 2331 2802 irritum
2360 2747 2488 2806 fecit
2511 2752 2702 2807 salutis
2731 2768 2845 2808 sua:
2871 2751 3153 2824 iinpetu'm.
3183 2756 3526 2830 Quapropter

1957 2823 2089 2892 dicit
2132 2836 2423 2896 Christus:
2461 2860 2479 2892 ι
2516 2838 2571 2894 Si
2607 2839 2773 2912 igitur
2815 2823 2997 2898 lumen
3046 2823 3322 2915 quodiin-
3347 2823 3526 2905 te-est

1955 2929 2190 2986 tenebrae
2219 2939 2367 2997 sunt,
2417 2933 2651 2989 tenebrae
2681 2944 2904 3005 quantae
2951 2938 3146 2992 erunt?
3187 2958 3204 2991 ι
3247 2941 3298 2995 id
3333 2949 3437 3006 est,
3475 2941 3522 2995 si

1954 3038 2107 3078 mens
2137 3039 2258 3093 quae
2296 3023 2534 3081 animam
2586 3041 2638 3081 et
2667 3043 2865 3099 corpus
2897 3039 3046 3085 tuum
3079 3031 3348 3086 illuminat
3378 3042 3527 3088 tene-

275 3091 389 3146 τῶν
426 3093 627 3148 enim
660 3097 1024 3169 προσπαθεῐᾳ,
1063 3100 1156 3152 καὶ
1185 3102 1270 3178 »τῇ
1303 3100 1571 3172 ἐπιθυμίᾳ
1601 3100 1711 3156 τῶν
1747 3119 1853 3158 πα·-

1957 3115 2067 3170 brm
2103 3091 2194 3170 liat
2227 3114 2540 3173 divitiarum
2583 3121 2949 3178 sollicitudine
2980 3135 3032 3178 et
3068 3125 3331 3179 malarum
3362 3125 3520 3194 cupi-

277 3177 390 3240 θῶν
429 3188 682 3251 σκοτίοας
736 3189 904 3243 αὐτοῦ
941 3189 1076 3261 (16),
1107 3174 1289 3255 πάσας
1341 3192 1508 3246 αὐτοῦ
1556 3194 1656 3258 τὰς
1697 3197 1754 3249 έν
1783 3198 1849 3267 τῇ

279 3277 534 3349 παρούσῃ
569 3278 682 3351 ζωῇ
722 3282 950 3351 πράξεις
980 3282 1171 3336 ἔσϐεσε
1201 3284 1298 3339 καὶ
1321 3284 1576 3352 ἐθόλωσε,
1608 3286 1700 3340 καὶ
1731 3286 1845 3341 λοι-

275 3369 380 3422 πον
413 3371 726 3439 ὲματαίωσε
757 3353 857 3438 τάς
887 3372 988 3446 τῆς
1017 3376 1314 3451 ίσωτηρίας
1352 3377 1517 3431 αὑτοῦ
1571 3381 1846 3451 ἀφορμάς.

277 3459 376 3514 Διὰ
419 3462 578 3516 τοῦτο
606 3464 752 3534 λέγει
787 3465 815 3518 6
841 3461 1108 3542 Χριστόςο
1154 3486 1172 3520 ι
1204 3469 1268 3543 Ei
1290 3503 1292 3505 ›
1315 3464 1406 3523 οὖν
1456 3468 1516 3522 τὸ
1545 3470 1661 3539 φῶς
1704 3469 1766 3524 τὸ
1793 3473 1852 3525 ὲν

270 3553 356 3604 σοὶ
386 3555 576 3619 σκότος
622 3558 759 3622 ἐστὶ,
809 3554 1089 3623 τδσκότος
1133 3561 1333 3627 πόσους
1368 3581 1385 3614 ι
1419 3562 1717 3628 τουτέστιν,
1753 3564 1848 3617 ἐὰν

269 3643 304 3697 ὁ
337 3645 483 3711 νοῦς,
517 3647 769 3715 φωτίζων
801 3663 894 3703 σου
917 3650 1016 3722 τὴν
1037 3651 1214 3723 ψυχὴν
1242 3653 1336 3714 καὶ
1366 3653 1427 3706 τὸ
1454 3654 1635 3724 σῶμα,
1660 3655 1850 3719 σκότος

270 3735 500 3808 γένηται
533 3741 597 3810 τῇ
641 3741 883 3811 φροντίδι
926 3742 1035 3796 τῶν
1086 3746 1384 3815 χρημάτων
1416 3744 1511 3799 καὶ
1541 3748 1606 3816 τῇ
1659 3747 1851 3799 ὲπιθυο

275 3827 378 3899 μία
410 3829 518 3884 τῶν
568 3831 789 3888 ἀτόπων
833 3833 1022 3889 παθῶν
1059 3835 1387 3905 τυφλωθεὶς,
1440 3839 1592 3910 πόσῳ
1647 3839 1849 3909 μᾶλλον

269 3919 688 3992 σκοτισθήσεται
711 3927 743 3996 ή
773 3926 922 3998 ψυχὴ
954 3927 1048 3981 καὶ
1071 3927 1129 3982 τὸ
1157 3929 1316 3999 σῶμα
1343 3931 1356 3983 ι
1389 3929 1560 3986 Ὀταν
1585 3923 1694 4003 γάρ
1720 3929 1847 3986 σόεὲ-

269 4009 375 4084 «of,
406 4008 433 4064 6
467 4012 662 4086 λύχνος
693 4017 792 4094 τῆς
829 4012 1012 4090 ψυχῆς
1039 4021 1134 4074 καὶ
1172 4021 1268 4073 τοῦ
1317 4021 1590 4092 σώματος,
1623 4025 1791 4095 ἤγουν
1820 4027 1847 4079 6

278 4104 418 4171 νοῦς,
451 4109 579 4161 ποία
629 4092 814 4164 λοιπὸν
852 4111 1138 4185 γενήσεται
1189 4116 1464 4186 σωτηρίας
1515 4092 1704 4184 ἐλπίς;
1757 4119 1847 4180 Ὣς

277 4199 393 4267 φῶς
421 4200 478 4254 δὲ
503 4202 595 4281 καλ.
628 4203 750 4268 νοῦς
785 4199 1024 4276 καθαρὸς
1057 4205 1108 4260 οἱ
1147 4202 1205 4260 ἐν
1237 4207 1503 4273 ἐξουσίαις
1529 4213 1623 4264 καὶ
1652 4215 1847 4286 ἀρχαῖς

272 4278 673 4364 πνευματικαῖς
717 4313 775 4351 τε
825 4298 920 4351 καὶ
968 4302 1263 4370 κοσμικαῖς
1301 4303 1630 4380 ,τεταγμένοι
1677 4278 1847 4375 ira;

271 4386 467 4458 κόσμῳ
498 4389 809 4457 ὀφείλουσιν
841 4387 1005 4459 εἶναι,
1030 4391 1172 4446 ὥστε
1201 4382 1459 4463 φωτίζειν
1486 4397 1610 4458 τοὺς
1634 4395 1844 4468 ἀνθρώ-

267 4497 405 4542 πους
445 4473 582 4550 πρὸς
610 4481 678 4535 τὰ
715 4481 855 4537 καλὰ
884 4483 980 4537 καὶ
1007 4487 1274 4556 σωτήρια,
1305 4488 1401 4541 καὶ
1429 4486 1719 4566 φυλάττειν
1748 4493 1842 4542 καὶ

266 4577 559 4647 συντηρεῖν
587 4576 786 4648 αὐτοὺς
816 4577 924 4630 ἀπὸ
941 4575 1120 4649 πάσης
1149 4578 1378 4650 βλάϐης,
1412 4581 1504 4635 καὶ
1523 4580 1834 4651 ἐπιϐουλῆς,

265 4667 362 4721 mi.
411 4665 740 4731 κακώσεως·
782 4670 829 4723 εί
882 4669 939 4721 δὲ
965 4664 1110 4724 οὗτοι
1146 4672 1268 4733 ταῖς
1312 4671 1546 4733 ἀδικίαις
1582 4670 1832 4742 χαίρουσι

263 4759 361 4813 καὶ
394 4754 513 4822 ταῖς
543 4761 819 4830 ἁρπαγαῖς
845 4759 938 4813 καὶ
979 4743 1099 4824 ταῖς
1133 4761 1468 4827 πλεονεξίαις
1495 4761 1829 4829 δουλεύουσι,

264 4852 361 4904 καὶ
424 4849 644 4919 ἀμελῶς
694 4850 790 4904 καὶ
848 4837 1110 4921 ῥᾳθύμως
1143 4852 1280 4924 πρδς
1334 4853 1480 4924 άπερ
1534 4846 1834 4921 ὀφείλουσι,

260 4944 583 5008 διάκεινται,
615 4943 670 4996 τί
698 4944 946 4998 πείσεται
979 4947 1006 4996 6
1024 4946 1234 5010 τούτοις
1265 4947 1623 5017 ὑποκείμενος
1650 4947 1836 5011 λοιπός

259 5035 409 5099 λαὸς.
434 5035 493 5100 ὃς
529 5035 681 5104 μόλις
711 5036 848 5105 πρὸς
871 5040 930 5091 τδ
957 5038 1124 5092 καλὸν
1144 5039 1363 5108 ἔρχεται
1408 5041 1472 5109 τῇ
1504 5038 1613 5094 τῶν
1638 5056 1826 5110 κρειτ-

261 5128 431 5184 τόνων
474 5130 693 5202 όδηγίᾳ,
746 5131 841 5186 καὶ
879 5127 947 5202 τῇ
978 5130 1117 5201 καλῇ
1167 5132 1261 5184 καὶ
1317 5131 1452 5202 ὀρθῇ
1514 5131 1612 5200 τῆς
1659 5131 1835 5201 ἀρχῆς

260 5221 356 5276 καὶ
381 5219 480 5292 τῆς
501 5221 749 5289 ἐξουσίας
777 5223 885 5275 τῶν
903 5221 1176 5292 ποιμένων
1209 5224 1303 5275 καὶ
1326 5222 1663 5277 διδασκάλων
1693 5221 1827 5291 (l7).

263 5312 426 5368 Οὕτω
460 5313 565 5384 γὰρ
594 5315 687 5369 καὶ
712 5317 761 5368 οῖ
788 5315 940 5384 ἅγιοι
969 5315 1060 5369 καὶ
1087 5314 1220 5369 θεῖοι
1247 5313 1534 5368 ἀπόστολοι
1559 5313 1828 5384 ὀφθαλμοὶ

368 5427 452 5502 ίέ)
485 5422 746 5502 Πρῷτον.
787 5430 1105 5502 Ἀνῳτέρω,
1129 5429 1190 5483 Β.
1224 5428 1480 5498 Βθερὶοἰι.
1514 5444 1563 5483 v.
1603 5429 1690 5498 l9.

371 5497 450 5569 l5)
483 5500 700 5569 Omittit
733 5503 856 5556 cod.
894 5501 951 5554 Β.
981 5497 1256 5569 ειίαὺεεεο
1288 5497 1536 5565 pOssunl.

337 5565 448 5638 (16)
478 5567 1006 5648 ξθιοτίρναςρὺτοζ).
1045 5568 1212 5648 [forte
1235 5572 1315 5623 sic
1347 5567 1697 5648 accipiendos
1742 5568 1830 5648 b_ic

266 5639 459 5692 locus:
498 5640 574 5710 ζοί
605 5642 714 5710 γὰρ
752 5641 841 5693 τὸν
887 5642 1011 5710 νοῦν
1047 5640 1340 5710 ἀφανίσας,
1389 5641 1455 5707 τῇ
1486 5639 1594 5710 τῶν
1631 5638 1831 5710 ὑλικῶν

267 5707 616 5794 προρπαθείᾳ
665 5707 760 5762 καὶ
788 5714 854 5777 τῇ
887 5709 1154 5794 ἐπιθυμίᾳ
1197 5709 1307 5794 τιῦν
1344 5707 1831 5794 ’παοῶνὶσκοτίρας

269 5776 450 5844 αὐτὸν,
496 5779 692 5845 πάσας,
731 5795 784 5836 κ.
818 5796 865 5833 τ.
899 5777 951 5834 λ.
1013 5776 1297 5853 (ἷυιίυκυ.
1344 5779 1428 5834 bic
1486 5780 1691 5834 nulintn
1728 5776 1834 5832 icit

1955 3207 2184 3264 ditatum
2219 3208 2416 3266 ardore
2451 3205 2720 3268 obcaecata
2747 3252 2762 3276 ,
2798 3224 3002 3283 quanto
3054 3214 3226 3286 magis
3262 3217 3522 3272 obscurae

1954 3299 2158 3354 buntur
2221 3301 2400 3355 anima
2448 3312 2502 3357 et
2543 3306 2777 3374 corpus!
2836 3305 2890 3361 Si
2937 3306 3082 3361 enim
3132 3309 3414 3364 exstincta
3449 3311 3528 3365 sit

1952 3391 2172 3447 lucerna
2213 3393 2410 3462 animae
2437 3404 2489 3448 et
2517 3381 2784 3464 ecrporis,
2819 3398 3028 3453 scilicet
3061 3414 3240 3459 mens.
3268 3415 3516 3469 quamam

1951 3483 2046 3539 fiet
2076 3483 2141 3538 de
2174 3495 2372 3541 caetero
2416 3487 2607 3542 salutis
2655 3487 2910 3556 spesiUt
2938 3489 3027 3543 lux
3073 3501 3124 3545 et
3160 3491 3313 3546 mens
3353 3506 3516 3559 pura,

1951 3580 2044 3650 qui
2076 3579 2129 3632 in
2171 3577 2528 3656 dignitatibus
2560 3589 2616 3634 et
2670 3582 3080 3650 magistratibus
3129 3581 3519 3653 spirituaiibns

1950 3681 2004 3729 et
2033 3673 2289 3729 civilibus
2318 3674 2601 3730 constituti
2634 3670 2762 3730 sunt
2799 3670 2852 3729 in
2901 3675 3107 3730 mundo
3145 3689 3265 3729 esse
3295 3674 3527 3738 debent,

1950 3774 2008 3824 ut
2043 3763 2108 3819 ad
2138 3765 2278 3819 bona
2321 3773 2374 3820 et
2405 3765 2662 3820 salutaria
2708 3767 2954 3820 homines
2991 3765 3300 3819 illuminent
3328 3775 3383 3818 ct
3421 3780 3516 3819 eos

1950 3857 2018 3911 ab
2062 3855 2208 3911 omni
2261 3856 2382 3912 labe
2416 3865 2470 3913 et
2511 3855 2751 3927 periculo
2799 3865 2854 3911 et
2904 3856 3109 3910 malitia
3159 3865 3397 3910 servent.
3452 3853 3511 3908 Si

1948 3937 2131 4002 autem
2190 3949 2264 4003 illi
2316 3949 2602 4018 injustitiis
2657 3948 3006 4003 delectantur
3065 3962 3129 4001 ac
3193 3947 3397 4019 rapinis
3457 3954 3513 4001 et

1949 4039 2191 4100 aviditati
2227 4041 2550 4105 inserviunt,
2602 4052 2655 4094 ct
2713 4037 3050 4109 negligenter
3098 4037 3512 4105 indolenterque

1950 4129 2016 4183 iis
2052 4146 2173 4200 quae
2219 4129 2353 4199 ipsis
2405 4130 2645 4186 curanda
2696 4137 2825 4184 sunt
2855 4138 3071 4193 vacant,
3114 4128 3238 4194 quid
3279 4128 3509 4196 patietur

1947 4222 2054 4278 illis
2099 4223 2377 4291 subjectus
2419 4222 2669 4292 populus,
2716 4220 2808 4290 qui
2849 4220 2938 4273 vix
2988 4219 3056 4272 ad
3111 4219 3313 4272 bonum
3356 4220 3506 4273 venit

1946 4312 2311 4386 potentiorum
2346 4313 2641 4368 directione
2675 4319 2730 4365 et
2759 4310 2896 4364 bona
2931 4317 3188 4378 rectaque
3229 4306 3508 4377 pastorum

1949 4406 2439 4474 magistrorumque
2472 4404 2725 4472 potentia:
2773 4409 2827 4454 et
2877 4401 3228 4470 magistratus
3273 4399 3510 4452 admini-

1947 4496 2263 4554 stratione?
2319 4496 2409 4549 Sic
2456 4494 2598 4548 enim
2646 4503 2700 4548 et
2746 4493 2919 4546 sancti
2955 4500 3008 4545 et
3054 4490 3222 4543 divini
3276 4490 3508 4559 apostoli

1947 4590 2090 4646 oculi
2121 4597 2174 4642 et
2204 4589 2386 4642 lumen
2415 4585 2582 4640 totius
2607 4584 2756 4640 orbis
2790 4581 3081 4639 constituti
3113 4590 3260 4634 sunt.
3300 4577 3422 4635 Ideo
3455 4592 3507 4635 et

1943 4684 2156 4739 dicebat
2188 4681 2308 4736 illos
2358 4694 2585 4733 monens
2619 4676 2880 4732 Dominus
2910 4693 2922 4729 :
2957 4671 3014 4728 Si
3067 4672 3221 4728 stetis
3254 4687 3366 4736 vos,
3408 4688 3507 4727 ncc

1941 4763 2251 4836 vertamini,
2282 4787 2405 4826 cum
2437 4771 2558 4825 sitis
2600 4765 2847 4838 corporis
2877 4767 3081 4830 lumen,
3120 4779 3247 4819 ecce
3282 4765 3505 4817 univer-

1935 4882 2062 4931 sum
2099 4864 2286 4921 mundi
2309 4879 2508 4932 corpus
2538 4861 2904 4916 illuminatum
2936 4866 3056 4922 est;
3089 4857 3134 4911 si
3165 4863 3347 4914 autem
3379 4871 3500 4919 vos,

1941 4959 2034 5028 qui
2065 4958 2197 5013 estis
2227 4957 2328 5020 sal,
2360 4955 2506 5010 stulti
2542 4954 2717 5016 ﬁatis;
2753 4952 2796 5007 si
2829 4965 2946 5015 vos,
2991 4949 3085 5018 qui
3117 4949 3300 5002 lumen
3346 4947 3499 5009 estis.

1941 5045 2349 5109 obseurcmini,
2397 5042 2632 5099 tenebrae
2683 5050 2902 5111 quantae
2973 5039 3139 5101 ﬁent,
3197 5053 3317 5108 qua:
3373 5045 3503 5091 sunt

1943 5139 2220 5193 mundus!
2280 5135 2504 5205 Magnus
2549 5144 2731 5189 autem
2765 5131 3052 5200 theologus
3094 5129 3412 5199 Gregorius,
3447 5139 3502 5182 et

1938 5229 2154 5284 divinus
2196 5225 2353 5280 Pater
2403 5233 2590 5279 noster
2641 5223 2754 5276 hac
2807 5216 2914 5275 Deo
2957 5221 3293 5274 consecratis
3323 5217 3496 5272 dicit:

1943 5317 2106 5374 Vobis
2171 5318 2445 5389 imprimis
2486 5315 2608 5370 dico
2653 5315 2746 5385 qui
2798 5312 3111 5370 cathedram
3167 5302 3495 5376 ascenditis,

1933 5433 2216 5486 auxilium.
2254 5432 2446 5488 Omnia
2473 5432 2645 5496 enim,
2673 5445 2792 5498 quat
2821 5427 3077 5498 leguntur
3119 5423 3258 5478 inter
3299 5421 3496 5490 ἀφανε-

1933 5519 2032 5565 σας
2060 5512 2112 5575 et
2139 5503 2320 5575 πάσας
2349 5501 2537 5575 αὐτοῦ,
2577 5501 2813 5575 omittit;
3143 5563 3154 5575 .
3179 5563 3191 5575 _
3233 5564 3245 5575 Δ
3391 5573 3396 5575 _
3433 5562 3462 5575 ν,

2007 5563 2117 5639 (l7)
2155 5574 2263 5626 Καὶ
2297 5563 2703 5626 διδασκάλων.
2755 5566 2851 5639 ilic
2885 5575 3075 5639 rursus
3106 5563 3316 5639 videtur
3346 5563 3495 5639 excit

1932 5629 2187 5697 disse'vel
2217 5644 2501 5710 διοικήσει,
2533 5640 2615 5695 vel
2643 5637 2909 5708 πολιτείᾳ,
2942 5637 3024 5690 vel
3050 5630 3375 5704 προστασίᾳ,
3414 5629 3506 5683 vel;

1936 5713 2077 5768 aliud
2107 5714 2233 5782 quid
2263 5714 2381 5768 tale.
