4138 6334
718 393 850 459 ῙΞΠ

1737 401 1793 463 J.
1837 400 2225 462 XlPIllLINl
2269 399 2377 461 ΕΡ.
2421 400 2931 464 ΡΛΤΗΙΑΗΟΙῘΕ

3828 394 3969 460 ιλιι

712 514 816 567 lem
850 510 1151 578 profectum
1189 514 1395 569 tendat.
1429 512 1695 579 Quoniam
1745 512 1907 582 igitur
1945 514 2061 567 lucc
2111 514 2183 566 ita
2236 527 2287 566 sc

2398 512 2586 565 ἄλλοτε
2620 514 2697 576 δὲ,
2738 517 2867 583 περὶ
2894 513 3061 583 ἄλλης
3112 511 3560 583 παραινούμενοι,
3597 512 3689 565 καὶ
3728 525 3969 578 συνεχως

714 604 934 669 habent,
953 623 1014 660 ex
1032 606 1358 675 cvangelieis
1374 608 1552 661 verbis
1571 606 1726 659 hodie
1740 600 2015 660 discamus
2032 613 2291 673 quantum

719 694 921 747 malum
958 694 1029 747 sit
1063 704 1367 763 peccatum,
1398 696 1637 763 illudque
1667 695 1900 747 animam
1935 693 2163 746 multum
2196 691 2294 745 fm-

715 782 846 837 dare
874 794 926 835 rt
950 782 1315 851 corporalium
1345 784 1657 837 morborum
1675 782 1992 851 plerumque
2020 795 2141 835 esse
2168 794 2296 836 cau-

718 888 854 927 sam.
892 871 963 926 Ita
1000 888 1161 941 porro
1215 888 1275 927 se
1310 873 1471 927 habet
1513 874 1773 928 hodierna
1810 870 1992 927 lectio.
2044 890 2061 921 ι
2108 868 2165 923 1η
2200 869 2293 922 illo

714 974 959 1034 tempore
980 964 1283 1019 ascendens
1296 964 1457 1020 Jesus
1484 963 1534 1018 in
1566 966 1866 1020 naviculam
1892 961 2287 1025 transfretavit;

713 1066 767 1110 ct
789 1056 931 1109 venit
963 1056 1014 1109 in
1043 1056 1316 1111 ctvitatem
1359 1072 1535 1113 suam.
1562 1054 1626 1112 Et
1647 1072 1771 1113 ecce
1801 1056 2095 1112 offerebant
2121 1051 2165 1111 ei
2201 1068 2293 1122 pu-

713 1146 997 1217 ratyticum
1018 1147 1286 1215 jacentcm
1320 1150 1373 1203 in
1403 1148 1562 1203 lecto.
1607 1167 1625 1199 ι
1678 1148 1968 1218 Egreditur
1998 1150 2210 1217 quidem
2261 1163 2293 1204 e

717 1236 1115 1291 Gerasenorum
1148 1239 1349 1295 linibus
1381 1240 1642 1295 Dominus
1670 1241 1737 1294 ab
1771 1240 1875 1294 illis
1898 1241 2170 1295 invitatus.
2203 1238 2292 1295 Ti-

717 1337 973 1381 muerant
1002 1329 1144 1381 enim
1179 1330 1465 1395 Geraseni,
1506 1333 1650 1400 quod
1688 1347 1881 1401 porcos
1922 1348 2052 1387 suos
2091 1333 2291 1388 amise-

720 1429 861 1483 rant,
898 1435 964 1473 ne
994 1421 1229 1476 similem
1267 1422 1534 1477 facturam
1562 1432 1889 1491 paterentur.
1950 1424 2074 1479 ldco
2104 1435 2156 1477 et
2202 1424 2287 1478 in-

719 1510 891 1563 \‘itant
921 1509 1199 1565 Christum
1264 1524 1318 1565 et
1350 1516 1627 1582 postulant
1673 1515 1740 1569 ab
1792 1529 1855 1568 eo
1911 1525 1971 1568 ut
2019 1530 2049 1569 e
2092 1514 2290 1570 ﬁnibus

722 1600 838 1653 suis
864 1610 1041 1655 exeat.
1080 1600 1197 1656 Non
1230 1604 1375 1657 enim
1411 1606 1559 1672 digni
1595 1617 1747 1659 erant
1771 1605 1983 1659 Domini
2018 1606 2287 1663 doctrinm.

724 1690 838 1745 Non
896 1693 1096 1746 restitit
1141 1694 1414 1759 Christus,
1457 1697 1547 1749 sed
1582 1696 1747 1749 multa
1792 1711 1914 1749 cum
1954 1698 2285 1768 indulgentia

717 1790 771 1833 et
815 1784 1234 1837 mansuetudine
1300 1786 1405 1839 illis
1439 1788 1678 1840 indulsit.
1717 1787 1815 1841 L’bi
1847 1788 1987 1841 enim
2015 1797 2098 1843 est
2159 1806 2286 1858 por-

716 1872 839 1925 cina
872 1873 1071 1937 vita,et
1103 1876 1275 1930 malus
1303 1877 1457 1940 odor,
1477 1888 1527 1930 et
1550 1893 1791 1941 cantum,
1824 1889 1881 1933 et
1908 1880 2033 1934 boni
2053 1880 2285 1937 detesta~

719 1966 814 2023 tio,
855 1964 925 2016 ibi
969 1980 1075 2017 non
1104 1978 1281 2020 manet
1313 1966 1583 2023 Christus.
1646 1969 1782 2022 Sivit
1807 1979 1985 2025 autem
2016 1985 2108 2025 eos
2136 1974 2223 2042 qui
2255 1987 2285 2026 τι

717 2054 1054 2109 daemonibus
1084 2057 1295 2111 liberati
1318 2067 1472 2111 erant
1509 2068 1562 2113 et
1606 2059 1696 2127 qui
1749 2076 1940 2129 porcos
1970 2063 2283 2130 pascebant,

717 2145 897 2197 dicere
920 2154 971 2197 et
1008 2146 1344 2213 proclamare
1358 2164 1477 2216 qua:
1507 2149 1648 2203 facta
1679 2162 1833 2205 erant
1861 2153 2141 2209 miracula.
2173 2175 2189 2205 ι
2224 2157 2288 2211 lit

718 2251 843 2290 rcce
869 2237 1205 2290 adducebant
1230 2238 1276 2289 ci
1312 2239 1664 2309 paralyticum
1690 2241 1956 2308 iacentem
1999 2245 2049 2297 in
2092 2246 2280 2300 lecto.»

722 2322 1015 2391 Postquam
1052 2326 1115 2378 ad
1154 2328 1450 2380 curandam
1494 2331 1785 2400 paralysim
1819 2334 2115 2389 invalidam
2162 2352 2285 2393 esse

720 2414 1053 2467 medicorum
1097 2424 1269 2469 artem
1311 2415 1658 2472 manifestum
1710 2420 1907 2483 fuerat,
1976 2424 2041 2476 ad
2096 2440 2289 2491 super-

720 2520 846 2556 num
887 2514 942 2556 et
975 2500 1248 2559 caelestem
1286 2508 1577 2571 medicum,
1618 2510 1902 2565 Dominum
1937 2516 2287 2571 nostrnmJe-

718 2608 839 2644 sum
872 2593 1146 2645 Christum
1197 2608 1225 2645 a
1254 2595 1368 2649 suis
1402 2597 1734 2665 paralyticus
1786 2599 1883 2652 iste
1939 2601 2283 2659 oilerebatur.

722 2684 894 2737 Unum
932 2693 983 2737 et
1008 2685 1254 2737 eumdem
1292 2687 1646 2756 paralyticum
1683 2704 1805 2743 esse
1840 2691 2000 2759 apud
2053 2702 2288 2761 quatuor

717 2775 1074 2841 evangelistas
1114 2789 1469 2831 memoratum
1507 2780 1663 2833 multi
1714 2784 1960 2846 credunt,
2002 2785 2093 2854 qui
2152 2787 2288 2841 divi-

720 2880 816 2917 nas
862 2865 1169 2930 Scripturas
1204 2868 1524 2936 simpliciter
1587 2880 1640 2924 et
1681 2883 1931 2927 accurate
1972 2875 2170 2943 legunt,
2233 2889 2287 2934 et

719 2958 963 3008 imnnulli
996 2958 1344 3027 cvangelistis
1390 2960 1541 3013 litem
1576 2961 1801 3026 faciunt,
1856 2972 2110 3034 tanquam
2148 2968 2288 3023 inter

719 3062 778 3099 se
821 3034 1270 3115 pugnantibuset
1297 3051 1757 3109 dissentientibus.
1782 3053 1956 3110 Falso.
1997 3056 2107 3110 Una
2141 3061 2285 3113 enim

2400 600 2575 655 ταῦτα
2607 606 2988 675 παιδευόμενοι
3024 606 3121 659 καὶ
3156 606 3581 675 γυμναζόμενοι,
3616 597 3969 673 δυνησόμεθα

2401 691 2495 742 καὶ
2523 691 2682 744 αὐτοὶ
2718 694 2816 757 τὰς
2870 690 3071 763 ἀρετὰς
3101 694 3467 762 κατορθῶσαι,
3503 692 3596 746 καὶ
3625 692 3717 745 τὸν
3750 693 3812 745 ὲκ
3836 690 3970 742 τού-

2396 799 2503 835 των
2528 783 2907 853 ὲντικτὸμενον
2933 785 3055 845 ταῖς
3079 786 3380 853 ἡμετέραις
3410 785 3610 854 ψυχαῖς
3643 784 3971 852 γλυκασμόν

2395 889 2453 924 τε
2483 874 2575 925 καὶ
2607 877 2912 943 φωτισμὸν,
2944 876 3019 939 ὡς
3056 876 3179 945 μέλι
3210 878 3307 930 καὶ
3338 875 3528 946 κηρίον
3586 877 3971 946 προσαγαγεῖν

2395 962 2472 1033 τῷ
2495 963 2634 1033 Θεῷ,
2684 966 2797 1018 Ἀεὶ
2820 967 2927 1036 γάρ
2952 970 2984 1036 ἡ
3011 967 3131 1021 θεία
3154 969 3347 1040 Γραφὴ
3370 968 3438 1020 τιά
3471 966 3693 1036 Θεοφιλῆ
3730 968 3821 1020 καὶ
3865 983 3973 1019 σω-

2393 1057 2556 1125 τήρια
2584 1056 2823 1110 διδάσκει
2849 1058 2943 1113 καὶ
2971 1058 3278 1129 ὑποτίθησι,
3299 1058 3396 1112 καὶ
3418 1061 3569 1114 οὐδέν
3598 1061 3711 1111 ἐστι
3735 1058 3969 1128 ταύτηςο

2394 1146 2532 1216 ὅπερ
2562 1146 2637 1217 μὴ
2677 1147 2812 1217 πρὸς
2835 1149 3073 1219 ψυχικὴν
3143 1149 3441 1202 συντείνειν
3465 1150 3756 1219 ὠφέλειαν.
3809 1150 3972 1202 Ἐπεὶ

2392 1232 2485 1287 οὖν
2521 1236 2696 1288 ταῦτα
2722 1235 2896 1301 οὕτως
2927 1237 3063 1308 ἔχει,
3105 1237 3371 1309 μάθωμεν
3412 1241 3655 1310 σήμερον
3708 1239 3813 1293 ἀπδ
3853 1238 3971 1290 τῶν

2393 1318 2764 1393 εὐαγγελικῶν
2793 1330 3079 1399 ῥημάτων,
3110 1330 3232 1383 ὅσον
3276 1330 3444 1385 κακὸν
3475 1333 3508 1402 ἡ
3538 1331 3784 1399 ἁμαρτία
3814 1329 3967 1393 tati,

2393 1419 2487 1471 καὶ
2513 1419 2681 1489 ὅτιτῇ
2716 1418 2863 1491 ψυχῇ
2889 1420 3215 1489 λυμαίνεται
3246 1422 3478 1491 σφόδρα,
3510 1422 3606 1475 καὶ
3632 1423 3740 1476 τῶν
3772 1439 3969 1492 σωμα-

2392 1509 2560 1561 τικῶν
2589 1509 2646 1561 δὲ
2684 1511 3011 1580 νοσημάτων
3032 1512 3106 1575 ὡς
3153 1513 3245 1565 ἐπὶ
3274 1512 3334 1565 τὸ
3358 1513 3613 1567 πλεῖστον
3639 1514 3776 1583 αὕτη
3808 1516 3971 1568 αἰτία

2392 1598 2754 1671 καθέστηκεν.
2792 1602 2947 1673 Ἔχει
3003 1603 3060 1657 δὲ
3128 1603 3196 1658 τά
3242 1604 3341 1673 τῆς
3397 1604 3711 1666 ὑποθέσεως
3760 1604 3963 1667 οὕτως’

2396 1710 2413 1743 ι
2464 1692 2555 1762 Τῷ
2596 1693 2777 1763 καιρῷ
2801 1695 2996 1766 ἐκείνῳ
3028 1697 3203 1764 ἐμϐάς
3230 1697 3305 1765 (7)
3332 1698 3360 1749 6
3397 1694 3606 1767 Ἰησοῦς
3630 1698 3713 1757 εἰς
3775 1697 3967 1748 πλοῖον

2387 1786 2702 1854 διεπέρασε,
2731 1786 2823 1838 καὶ
2856 1782 3022 1850 ἦλθεν
3048 1789 3127 1850 είς
3154 1788 3253 1856 τὴν
3282 1786 3418 1840 ἰδίαν
3468 1786 3650 1840 πόλιν.
3705 1786 3817 1839 Καὶ
3849 1782 3965 1837 ἰδοὺ

2390 1876 2731 1945 προσέφερον
2763 1875 2912 1947 αὐτῷ
2958 1877 3332 1947 παραλυτικὸν
3387 1879 3480 1931 ἐπὶ
3537 1877 3726 1947 κλίνης
3766 1876 3968 1945 βεϐληο

2394 1966 2583 2035 μένον.
2614 1985 2630 2017 ι
2671 1964 2983 2036 Ἐξέρχεται
3012 1968 3111 2039 μὲν
3134 1968 3234 2037 τῆς
3261 1968 3370 2022 τῶν
3398 1967 3753 2039 Γεργεσηνῶν
3782 1966 3966 2037 χώρας

2387 2056 2643 2127 ὁΚύριος
2698 2057 2791 2110 ὑπ’
2844 2059 3074 2112 ἐκείνων
3132 2058 3531 2128 παρακληθείς.
3582 2057 3967 2127 Ἐφοόήθησαν

2389 2145 2496 2219 γάρ
2519 2150 2567 2201 οἰ
2617 2150 2984 2220 Γεργεσηνοὶ,
3030 2150 3172 2204 διότι
3228 2151 3515 2204 ἀπώλεσαν
3561 2151 3691 2212 τοὺς
3746 2149 3967 2218 χοίρους

2389 2240 2586 2306 αὐτῶν,
2622 2244 2833 2312 μήποτε
2866 2244 2958 2295 καὶ
3009 2242 3137 2296 ἄλλο
3164 2261 3219 2296 τι
3260 2242 3553 2312 ἐπιζήμιον
3594 2240 3835 2295 πάθωσι.
3868 2242 3967 2293 Διά

2387 2331 2547 2384 τοῦτο
2575 2334 2671 2386 καὶ
2704 2333 3090 2403 παρακαλοῦσι
3114 2333 3205 2386 τὸν
3234 2334 3491 2403 Χριστὸν,
3527 2334 3622 2386 καὶ
3645 2332 3872 2403 ζητοῦσι
3890 2332 3965 2401 (8)

2392 2423 2692 2493 μεταϐῆναι
2742 2422 2849 2476 ἀπὸ
2905 2425 3014 2476 τῶν
3067 2425 3232 2494 ὁρίων
3277 2424 3499 2477 αὐτῶν⁹
3529 2424 3649 2477 οὐδὲ
3684 2423 3793 2496 γὰρ
3825 2418 3967 2494 ἦσαν

2388 2514 2528 2578 ἄξιοι
2563 2515 2660 2585 τῆς
2690 2514 2783 2567 τοῦ
2805 2517 3081 2568 Δεσπὸτου
3117 2514 3493 2577 διδασκαλίας.
3527 2515 3641 2568 Οὐκ
3690 2516 3964 2568 ἀντέτεινε

2387 2604 2443 2658 δὲ
2466 2607 2493 2657 ὁ
2521 2605 2773 2675 Χριστὸς,
2798 2607 2912 2658 ἀλλ’
2941 2604 3256 2676 ἀνεχώρησε
3288 2606 3428 2676 μετά
3456 2606 3633 2677 πάσης
3661 2605 3965 2668 ἐπιεικείας

2389 2699 2484 2749 καὶ
2517 2698 2848 2768 πραότητος.
2878 2698 3047 2751 Ἔνθα
3082 2699 3346 2769 χοιρώδης
3376 2699 3454 2769 (9)
3500 2699 3635 2767 βίος,
3667 2700 3766 2751 καὶ
3791 2700 3967 2752 δυσωο

2387 2790 2502 2855 δία,
2550 2791 2646 2843 καὶ
2690 2791 2977 2860 βόρϐορος,
3040 2791 3135 2844 καὶ
3187 2790 3527 2860 παραίτησις
3580 2788 3674 2841 τοῦ
3724 2789 3969 2851 καλοῦμ’.

2386 2881 2623 2952 Χριστὸς
2655 2881 2717 2934 οὐ
2754 2883 2907 2950 μένει
2955 2883 3110 2935 έκεῖο
3157 2883 3341 2952 ἀφῆκε
3398 2882 3444 2935 δ’
3490 2883 3643 2953 ὅμως
3712 2883 3843 2945 τοὺς
3899 2885 3964 2936 ἐκ

2387 2976 2496 3027 τῶν
2521 2973 2634 3045 (10)
2653 2974 2934 3044 δαιμόνων
2963 2974 3401 3043 ἀπαλλαγέντας,
3428 2974 3521 3027 καὶ
3537 2976 3661 3037 τοὺς
3673 2974 3968 3045 βόσκοντας

2387 3068 2512 3129 τοὺς
2544 3066 2756 3137 χοίρους
2791 3066 2976 3135 λέγειν
3007 3083 3021 3097 ’
3048 3068 3141 3120 καὶ
3174 3068 3576 3138 ἀνακηρύττειν
3606 3069 3674 3125 τά
3731 3084 3966 3136 γεγενη-

717 3147 945 3205 estquze
973 3139 1022 3190 in
1058 3138 1162 3194 illis
1201 3151 1423 3207 operata
1463 3152 1546 3196 est
1592 3146 1762 3211 gratia
1808 3146 2043 3214 Spiritus
2089 3150 2283 3206 sancti.

2390 3158 2526 3228 μένα
2554 3159 2855 3229 θαυμάσια.
2907 3179 2925 3211 ι
2955 3160 3066 3213 Καὶ
3098 3161 3207 3213 ἰδοὺ
3236 3160 3579 3230 προσέφερον
3610 3158 3763 3229 αὖτῷ
3782 3176 3964 3229 παρα-

722 3228 817 3281 Ubi
851 3238 1029 3303 autem
1051 3238 1132 3284 est
1176 3231 1346 3300 gratia
1398 3231 1633 3302 Spiritus
1665 3238 1858 3299 sancti,
1910 3238 1983 3291 ibi
2027 3241 2287 3306 eharitas,

718 3320 901 3374 laetitia
939 3331 992 3372 et
1029 3337 1150 3389 pax.
1192 3323 1291 3377 Ubi
1343 3335 1522 3377 autem
1562 3335 1644 3381 est
1683 3342 1807 3395 pax,
1877 3329 2001 3383 inde
2057 3333 2291 3402 abigitur

717 3412 897 3466 munis
937 3428 1114 3481 pugna
1173 3424 1227 3465 et
1277 3416 1571 3483 oppositio,
1628 3420 2048 3491 sustolliturque
2112 3426 2291 3482 omnis

719 3509 1045 3579 ambiguitas
1071 3522 1124 3564 et
1168 3511 1530 3569 dissonantia.
1576 3513 1753 3569 Locus
1778 3518 1944 3583 enim,
1991 3528 2045 3573 et
2076 3529 2290 3592 tempus

718 3614 773 3657 et
803 3604 940 3666 dies,
985 3613 1037 3658 et
1061 3605 1359 3659 curationis
1391 3606 1940 3676 nindusjetgqumdam
1969 3612 2070 3666 alia
2107 3625 2294 3670 osten-

717 3698 852 3750 dunt
902 3696 990 3764 iis,
1042 3697 1133 3764 qui
1183 3702 1677 3768 quomodocnnque
1733 3714 1965 3758 mentem
2004 3705 2289 3777 adhibent,

716 3790 949 3843 alterum
983 3803 1105 3844 esse
1129 3788 1272 3845 hunc
1324 3791 1703 3862 paralytienm,
1727 3794 1957 3850 alterum
1990 3809 2168 3853 autem
2197 3804 2288 3870 qui

714 3878 857 3946 apud
904 3878 1172 3933 Joannem
1224 3892 1575 3937 memoratur.
1635 3885 1729 3939 Ille
1759 3886 1903 3939 enim
1960 3890 2291 3960 paralytieus

717 3969 1106 4041 Hierosolymis
1136 3983 1377 4038 sanatur,
1407 3976 1494 4029 hic
1522 3991 1648 4030 vero
1672 3977 1722 4030 in
1756 3978 2165 4049 Capharnaum;
2202 3984 2292 4039 ille

714 4074 879 4128 prope
902 4060 1190 4129 piscinam,
1220 4063 1308 4116 hic
1338 4068 1387 4115 in
1427 4065 1658 4134 quadam
1692 4068 1874 4133 domo,
1928 4082 1984 4123 ut
2037 4070 2209 4129 Lucas
2236 4084 2291 4129 et

715 4149 928 4204 Marcus
959 4152 1167 4207 dicunt.
1205 4153 1269 4206 Et
1301 4154 1387 4207 ille
1418 4156 1633 4223 quidem
1671 4160 2005 4228 paralytieus
2032 4164 2118 4217 die
2151 4165 2289 4220 festo

716 4242 1056 4295 sanationem
1082 4256 1337 4313 expertus
1360 4256 1442 4299 est
1461 4286 1475 4310 ,
1507 4248 1593 4300 hic
1614 4265 1740 4303 vero
1771 4265 1877 4305 non
1904 4254 1990 4307 die
2024 4254 2288 4319 festo,sed

715 4332 819 4384 alia
849 4332 958 4388 die.
998 4331 1091 4386 Ille
1119 4334 1337 4404 triginta
1370 4347 1495 4391 octo
1529 4354 1706 4395 annos
1737 4342 1969 4397 habebat
1996 4346 2048 4398 in
2081 4346 2179 4401 hac
2210 4350 2291 4401 in—

714 4422 1002 4488 ﬁrmitate;
1057 4425 1123 4478 de
1170 4425 1272 4479 hoc
1325 4435 1507 4481 autem
1545 4431 1679 4484 nihil
1722 4432 1828 4486 tale
1868 4434 2001 4489 dicit
2050 4452 2286 4506 evange-

2389 3247 2607 3301 λυτικὸν
2656 3249 2750 3302 ἐπὶ
2804 3248 2995 3318 κλίνης
3043 3248 3438 3319 βεϐλημένον.»
3496 3249 3717 3318 Ἐπειδὴ
3748 3249 3889 3319 πρὸς
3909 3250 3971 3304 τὸ

2392 3339 2727 3408 θεραπεῦσαι
2776 3340 3080 3411 παράλυσιν
3109 3340 3142 3411 ἡ
3171 3338 3281 3393 τῶν
3337 3338 3538 3411 ἰατρῶν
3597 3340 3767 3411 τέχνη
3799 3340 3969 3394 ἀσθε-

2391 3433 2555 3485 νοῦσα
2590 3431 2849 3503 ἠλέγχετο
2903 3434 3041 3502 πρὸς
3091 3432 3183 3486 τὸν
3220 3432 3451 3495 ἄνωθεν,
3502 3431 3598 3487 καὶ
3623 3431 3686 3497 έξ
3715 3432 3970 3503 οὐρανῶν

2395 3525 2601 3596 ίατρὺν,
2662 3525 2754 3579 τὸν
2806 3524 3012 3595 Κύριον
3065 3525 3223 3594 ἡμῶν
3268 3524 3477 3595 Ἰησοῦν
3525 3525 3764 3593 Χριστὸν
3815 3526 3972 3596 παρὰ

2390 3620 2497 3673 τῶν
2569 3618 2783 3673 οἰκείων
2862 3621 2890 3671 6
2971 3619 3285 3689 παράλυτος
3357 3613 3513 3680 οὗτος
3576 3618 3970 3685 ἀπεκομίζετο.

2393 3712 2529 3766 Ἕνα
2568 3711 2625 3764 δὲ
2659 3712 2751 3764 καὶ
2812 3710 2904 3763 τὸν
2954 3692 3116 3764 αὑτὸν
3169 3710 3485 3782 παράλυτον
3526 3708 3618 3763 τὸν
3672 3710 3828 3781 παρά
3853 3713 3972 3772 τοῖς

2390 3804 2684 3872 τέσσαρσιν
2706 3803 3117 3872 εὐαγγελισταῖς
3152 3802 3443 3871 λεγόμενον
3476 3800 3797 3871 νομίζουσιν
3828 3796 3972 3856 εἶναι

2391 3893 2577 3947 πολλοὶ
2600 3894 2709 3945 τῶν
2738 3892 2926 3954 ἁπλῶς
2943 3892 3431 3959 ἀναγινωσκόντων
3463 3892 3557 3944 καὶ
3621 3889 3975 3955 ἀνεξεταστι-

2388 3985 2499 4046 κῶς
2524 3986 2619 4049 τὰς
2657 3984 2805 4047 Θεία;
2863 3984 3107 4061 Γραφάς,
3161 3984 3254 4036 καὶ
3323 3982 3617 4052 ιγκαλοῦσί
3679 4000 3825 4046 τινες
3857 3985 3973 4047 τοῖς

2388 4079 2824 4147 εὐαγγελισταῖς,
2853 4080 2929 4142 ὡς
2959 4075 3289 4147 μαχομένοις
3317 4075 3571 4147 ἀλλήλοις
3600 4077 3696 4129 καὶ
3748 4076 3966 4145 διαφω-

2386 4167 2588 4223 νοῦσιν.
2624 4169 2737 4221 Οὐκ
2793 4168 2907 4221 ἔστι
2940 4168 2996 4220 δὲ
3021 4167 3210 4221 τοῦτο·
3270 4167 3345 4238 μὴ
3401 4167 3634 4236 γένοιτο.
3695 4167 3814 4221 Μία
3860 4168 3972 4238 γὰρ

2387 4262 2421 4331 ἠ
2448 4262 2506 4313 ὲν
2536 4260 2745 4324 τούτοις
2775 4262 3119 4332 ὲνεργήσασα
3138 4260 3300 4332 χάρις
3327 4261 3420 4313 τοῦ
3435 4261 3589 4329 ἀγίου
3622 4261 3966 4329 Πνεῦματος,

2385 4352 2520 4407 ὅπου
2550 4354 2608 4406 δὲ
2653 4353 2813 4424 χάρις
2844 4353 2939 4406 τοῦ
2977 4354 3136 4421 ἁγίου
3185 4352 3503 4421 Πνεύματος
3568 4354 3689 4406 ἐκεῖ
3748 4354 3968 4422 ἀγάπη,

2390 4448 2555 4517 χαρὰ,
2590 4448 2781 4517 εἰρήνη
2810 4460 2824 4475 '
2851 4446 2981 4500 ἔνθα
3013 4447 3071 4501 δὲ
3104 4447 3319 4516 εἰρήνη,
3365 4444 3579 4499 ἐκεῖθεν
3612 4448 3764 4499 πᾶσα
3819 4450 3969 4518 μάχη

714 4511 856 4564 lista.
914 4512 1080 4566 Porro
1112 4513 1203 4569 ille
1229 4515 1466 4572 Sabbato
1512 4531 1736 4575 sanatus
1771 4532 1888 4589 est;
1955 4524 2045 4578 hic
2103 4538 2281 4581 autem

2542 4506 2857 4600 έναντίωσις
2910 4506 3406 4606 ἀπελήλαται,νκαὶ
3450 4538 3598 4590 πᾶσα
3662 4506 3969 4606 ἀμφιῦολία

712 4608 813 4659 alia
848 4606 970 4661 die!
1011 4606 1069 4662 Si
1090 4611 1234 4663 enim
1268 4612 1505 4667 Sabbato
1529 4615 1617 4668 ille
1648 4627 1870 4670 curatus
1906 4628 2071 4683 esset,
2108 4620 2159 4674 id
2184 4637 2290 4676 non

712 4697 969 4750 tacuisset
1031 4702 1393 4766 evangelista,
1451 4721 1630 4772 neque
1690 4704 1859 4761 Judaei
1930 4710 2286 4777 quievissent.

710 4784 807 4839 llic
841 4788 1059 4855 quidem
1084 4792 1416 4861 paralyticus
1449 4796 1515 4847 ad
1539 4796 1813 4852 Christum
1835 4798 2036 4854 dicitur
2052 4801 2285 4869 allatus;

712 4879 775 4927 ad
823 4877 975 4931 illum
1010 4880 1263 4936 Christus
1292 4885 1405 4951 ipse
1441 4887 1606 4939 vadit.
1658 4886 1722 4940 Et
1761 4889 1836 4941 illi
1869 4892 2086 4959 quidem
2123 4908 2283 4962 para-

707 4968 872 5039 lytico
912 4986 1073 5026 nemo
1103 4983 1220 5027 erat
1250 4976 1342 5045 qui
1371 4990 1526 5045 opem
1558 4978 1745 5033 ferret.
1775 4974 2060 5050 Inquiebat
2092 4986 2239 5039 enim
2268 5003 2283 5042 :

713 5079 731 5111 ι
746 5062 990 5128 Domine,
1011 5064 1282 5122 hominem
1302 5084 1406 5123 non
1428 5072 1651 5128 habeo.)
1672 5071 1767 5128 llic
1785 5084 1964 5128 autem
1982 5078 2181 5130 multos
2196 5080 2288 5132 ha-

709 5153 869 5209 bebat
914 5167 1158 5213 astantes
1205 5162 1300 5229 qui
1334 5177 1458 5217 eum
1488 5166 1798 5234 portabant.
1826 5166 1934 5221 Sed
1958 5179 2012 5222 et
2039 5172 2285 5223 curatio-

709 5245 796 5298 nis
814 5247 1009 5304 modus
1034 5251 1088 5304 in
1120 5260 1355 5323 utroque
1380 5255 1594 5310 videtur
1614 5258 1942 5327 discrepare.
1985 5262 2135 5315 Illius
2160 5263 2281 5331 qui-

710 5335 832 5389 dem
860 5353 1059 5410 corpus
1078 5353 1205 5399 ante
1236 5346 1472 5400 animam
1517 5350 1748 5404 sanavit.
1806 5350 2098 5420 Postquam
2133 5355 2276 5408 enim

709 5425 830 5494 eius
879 5432 1170 5503 paralysim
1222 5438 1486 5504 coercuit,
1519 5448 1647 5493 tunc
1672 5441 1803 5496 dixit
1839 5460 1852 5496 :
1896 5462 1915 5494 ι
1948 5442 2084 5499 Ecce
2113 5459 2280 5500 sanus

916 5629 1443 5714 ζῷαμιριέἐκειίγῳ
1462 5636 1661 5714 ἐμϐάς.
1690 5639 1879 5714 Matth.
1915 5641 2004 5707 ΙΧ,
2052 5644 2073 5695 1
2117 5660 2273 5714 seqq.

780 5699 859 5768 (8)
910 5704 1015 5753 Kal
1044 5703 1313 5768 ζητοῦσι,
1350 5699 1527 5767 νυνιῶ,
1566 5699 1655 5759 καὶ
1688 5711 1921 5764 αἰτοῦσι.

786 5766 865 5837 (9)
937 5766 1122 5826 Ἐνϋίι
1183 5773 1493 5840 λοιμώδης.
1550 5775 1751 5842 Futte,
1819 5783 1945 5834 ἔνθα
2011 5785 2117 5851 γὰρ
2171 5804 2277 5853 χοι-

2395 4628 2489 4680 καὶ
2534 4628 2800 4696 διαφωνία
2831 4628 3119 4700 ἀνῄρηται.
3165 4629 3224 4681 ’0
3280 4627 3445 4691 τόπος
3472 4626 3602 4698 γὰρ,
3659 4628 3756 4681 καὶ
3782 4630 3809 4682 6
3837 4629 3969 4699 χρό-

2392 4736 2502 4781 νος,
2532 4721 2625 4773 καὶ
2654 4722 2682 4772 6
2715 4720 2925 4790 καιρὸς,
2981 4718 3077 4771 καὶ
3138 4721 3171 4787 ἡ
3226 4718 3432 4789 ἡμέρα,
3461 4721 3555 4773 καὶ
3580 4720 3608 4771 6
3641 4719 3844 4789 τρόπος
3870 4721 3969 4789 τῆς

2393 4813 2714 4880 θεραπείας,
2748 4812 2841 4865 καὶ
2872 4813 3038 4881 ἓτερά
3071 4829 3195 4864 τινα
3224 4812 3532 4867 δεικνύουσι
3568 4815 3681 4875 τοῖς
3708 4814 3967 4867 ὁπωσοῦν

2392 4903 2774 4971 προσέχουσιν,
2811 4903 2894 4954 ὅτι
2925 4903 3111 4971 ἕτερος
3142 4901 3241 4971 μέν
3301 4905 3447 4956 ἐστιν
3475 4896 3629 4967 οὗτος
3665 4905 3694 4955 6
3722 4906 3968 4971 παράλυ-

2388 5010 2481 5056 τος
2516 5031 2530 5054 ,
2595 4993 2781 5063 ἕτερος
2813 4992 2870 5044 δὲ
2909 4994 2937 5045 6
2972 4994 3123 5062 παρά
3184 4992 3262 5061 τῷ
3303 4992 3524 5064 Ἰωάννῃ
3590 4993 3669 5062 τῷ
3728 4995 3968 5065 θεολόγῳ

2390 5084 2870 5153 καὶζεύαγγελιστῇ
2898 5084 3211 5153 λεγόμενος.
3250 5084 3488 5148 Ἐκεῖνος
3518 5084 3617 5155 μὲν
3651 5085 3761 5154 γάρ
3791 5088 3819 5139 ὁ
3860 5103 3967 5137 πα-

2393 5176 2619 5243 ράλυτος
2673 5178 2733 5228 έν
2800 5174 3194 5246 Ἰεροσολύμοις
3255 5174 3615 5244 θεραπεύεται
3647 5190 3662 5204 ⁸
3720 5169 3967 5237 οὖτοςδὲ

2388 5268 2446 5320 έν
2476 5266 2882 5336 Καπερναούμ·
2934 5268 3140 5327 ἐκεῖνος
3188 5269 3339 5338 παρὰ
3395 5267 3494 5337 τὴν
3525 5265 3917 5337 κολυμϐήθραν
3948 5282 3963 5299 ·

2385 5348 2539 5415 οὗτος
2574 5355 2631 5406 έν
2660 5354 2886 5421 οἰκίσκῳ
2928 5355 3055 5418 τινὶ,
3106 5354 3180 5419 ὡς
3220 5354 3247 5406 6
3279 5357 3497 5419 Λουκᾶς
3547 5357 3643 5407 καὶ
3670 5357 3698 5408 6
3732 5358 3963 5427 Μάρκος

2387 5445 2662 5513 λέγουσιν’
2694 5447 2944 5509 κάκεῖνος
2999 5447 3101 5517 μέν
3129 5450 3157 5502 6
3214 5448 3523 5520 παράλυτος
3574 5448 3632 5501 ὲν
3672 5448 3837 5519 ἑορτῇ
3866 5450 3964 5517 τὴν

2380 5648 2575 5717 ρώδης·

2452 5722 2562 5788 (10)
2606 5719 2751 5787 Τοὺς
2791 5721 2856 5773 ἐκ
2892 5719 3023 5775 τῶν.
3082 5719 3257 5775 Malim
3296 5719 3548 5777 omittere
3576 5721 3664 5778 ὲκ.
