4118 6328
769 372 898 435 1‘25.)

1776 373 1829 434 Ι.
1872 370 2260 432 XIPHHJNI
2302 368 2409 431 Cl‘.
2457 372 2963 436 l’A'I'lUAllCIIB

3842 375 3954 444 17.00

1514 682 2258 823 ΙΩΑΝΝΟΥ
2352 686 3225 827 ΞΙΦΙΛΙΝΟΥ

2264 944 2484 999 ΛΟΓΟΣ

903 1144 1073 1232 ΕΙΣ
1144 1145 1373 1230 ΤΗΝ
1446 1139 1851 1231 ΤΡΙΤΗΝ
1926 1140 2497 1232 ΚΥΡΙΛΚΗΝ
2567 1144 2795 1231 ΤΩΝ
2869 1138 3201 1231 ΑΓΙΩΝ
3276 1144 3774 1233 ΝΗΣΤΕΙΩ.

1582 1373 1713 1428 ΚΑΙ
1743 1373 1861 1427 ΕΙΣ
1905 1372 2046 1427 ΤΗΝ
2084 1372 2213 1425 ΤΟΥ
2248 1372 2382 1425 ΣΤΑ
2398 1369 2571 1424 ΥΡΟΥ
2617 1370 2857 1427 ΠΡΟΣΚ
2871 1370 2914 1424 Υ
2912 1370 3155 1425 ΝΗΣΙΝ.

1447 1706 2252 1866 JOANNIS
2363 1709 3300 1864 XIPHILINI

2215 2024 2495 2085 ORATIO

1136 2246 1263 2334 IN
1341 2239 1866 2335 'I‘ERTIAM
1940 2242 2710 2338 JEJUNIOBUM
2789 2244 3618 2339 HEBDOMADEM

1735 2482 1857 2541 ΕΤ
1893 2480 1995 2545 ΙΝ
2031 2480 2328 2544 CRUCIS
2373 2479 3013 2547 ADORATIONEM.

2025 2695 2175 2759 (Opp.
2210 2696 2432 2747 Gretsert
2474 2702 2587 2747 tom.
2626 2696 2713 2759 ll.)

820 3022 964 3081 Olim
997 3023 1149 3095 virga
1180 3020 1401 3095 Moysis,
1425 3020 1720 3079 Israelitico
1774 3022 1974 3094 populo
2008 3024 2321 3092 praeeuntis,

2497 3022 2672 3078 Πάλαι
2706 3023 2807 3093 μὲν
2839 3022 2933 3077 οὖν
2961 3021 2995 3094 ή
3026 3021 3122 3077 τοῦ
3156 3022 3399 3087 Μωσέως
3426 3022 3619 3094 ῥάϐδος
3639 3024 3733 3079 τοῦ
3779 3025 3976 3099 Ἰσραηο

753 3115 1008 3173 bifariam
1046 3130 1194 3170 mare
1220 3114 1422 3179 divisit,
1445 3123 1500 3170 et
1534 3114 1673 3169 viam
1711 3114 1914 3169 inviam
1975 3112 2319 3184 equitabiletn

755 3209 1007 3265 reddidit.
1059 3212 1136 3263 Ac
1162 3216 1282 3273 post
1329 3221 1452 3261 eam
1484 3206 1537 3261 in
1574 3208 1709 3263 duas
1763 3217 1945 3276 partes
1994 3206 2316 3261 divisionem

751 3303 951 3363 eﬂecit.
978 3313 1037 3356 ut
1063 3300 1205 3355 ﬂuxa
1231 3314 1494 3369 aquarum
1562 3310 1751 3355 natura
1799 3301 2021 3354 immota
2082 3310 2322 3354 maneret

750 3404 805 3447 et
839 3394 983 3447 muri
1012 3394 1186 3447 instar
1210 3390 1465 3459 utrinque
1495 3398 1684 3453 staret,
1709 3399 1763 3444 at
1810 3399 1932 3459 post
1961 3388 2310 3445 Hebraeorum

752 3488 1045 3545 transitum
1096 3486 1273 3540 denuo
1310 3484 1362 3538 in
1399 3498 1590 3547 unum,
1629 3492 1690 3537 ut
1735 3492 1859 3539 ante
1908 3482 2106 3544 fuerat.
2161 3482 2322 3538 colli-

752 3589 991 3652 geretur.
1020 3575 1449 3648 Superciliosum
1482 3573 1826 3629 Pharaonem
1853 3589 1956 3628 una
1988 3591 2110 3630 cum
2142 3574 2318 3630 curri—

755 3675 851 3727 bus
914 3669 1250 3735 ducibusque
1301 3676 1355 3720 et
1422 3674 1537 3720 toto
1584 3666 1823 3721 exercitu
1883 3666 1935 3721 in
1985 3666 2313 3738 profundum

751 3764 1033 3827 demersit,
1068 3770 1299 3823 vastam,
1359 3760 1640 3826 incultam,
1690 3758 1995 3824 eﬂeratam,
2023 3769 2077 3817 et
2121 3761 2315 3818 solitu-

751 3857 931 3910 dinem
965 3854 1061 3906 toti
1097 3852 1279 3907 lsraeli
1314 3852 1466 3917 quasi
1500 3850 1882 3917 mansuefecit,
1930 3853 2131 3908 amaris
2172 3852 2315 3908 Mar-

755 3950 865 4003 tha:
894 3947 1113 4001 {liuentis
1156 3945 1209 3998 in
1248 3944 1427 3998 dulcia
1468 3944 1769 3998 conversis.
1796 3943 1979 4015 Neque
2008 3960 2136 4001 vero
2174 3945 2314 4002 hanc

754 4049 959 4093 inuluut
998 4036 1287 4107 potahilem
1316 4034 1566 4097 reddidit,
1600 4035 1693 4089 sed
1739 4044 1793 4089 et
1821 4036 1980 4091 aliam
2011 4051 2207 4106 aquam
2245 4051 2313 4092 ex

751 4142 900 4200 petra
937 4129 1243 4185 mirandum
1279 4128 1331 4183 in
1360 4130 1579 4182 modum
1614 4128 1760 4197 large
1794 4128 1999 4196 elicuit,
2032 4138 2083 4184 et
2114 4127 2313 4200 integri

752 4227 992 4280 ﬂuminis
1019 4224 1222 4277 fontem
1249 4221 1444 4276 eﬂecit.
1497 4220 1637 4275 Ante
1662 4236 1790 4276 vero
1826 4220 1989 4291 quani
2026 4222 2138 4275 haec
2159 4230 2311 4290 gesta

749 4329 897 4381 sunt,
963 4313 1253 4386 Egyptum
1314 4324 1685 4367 contumacem
1745 4322 1797 4367 et
1857 4312 2304 4382 inobsequentem

2423 3116 2632 3171 λιτικοῦ
2663 3116 3146 3189 προπορευομὲνου
3193 3116 3350 3182 λαοῦ,
3396 3117 3519 3189 διχῆ
3565 3119 3665 3189 τὴν
3712 3119 3980 3174 Θάλασσαν

2422 3209 2586 3281 ἔτεμε
2613 3212 2706 3263 καὶ
2736 3210 2835 3280 τὴν
2862 3208 3064 3263 ἄϐατον
3109 3210 3415 3281 ἱππήλατον
3461 3212 3651 3279 ἔδειξε.
3707 3215 3816 3270 Καὶ
3850 3217 3980 3285 μετὰ

2420 3303 2522 3373 τὴν
2554 3303 2634 3365 είς
2666 3302 2759 3355 δύο
2787 3301 2993 3374 ταύτης
3035 3304 3299 3375 διαίρεσιν
3346 3305 3447 3375 τὴν
3478 3306 3585 3359 τῶν
3622 3308 3831 3361 ὑδάτων
3884 3326 3980 3362 κα-

2420 3392 2689 3469 τάρῤυτον
2737 3393 2902 3463 φύσιν
2952 3394 3213 3465 ἀτρεμεῖν
3266 3397 3651 3467 παρεσκεύασε
3709 3401 3804 3452 καὶ
3859 3399 3981 3452 ὡσεὶ

2418 3486 2599 3555 τεῖχος
2633 3484 2910 3555 Ἐὕραίων
2944 3487 3244 3556 περαίωσιν
3309 3487 3388 3549 είς
3424 3487 3521 3557 τὴν
3566 3491 3695 3561 πρὶν
3742 3493 3985 3545 ἀποκατ.

2433 3574 2663 3645 έστησεν
2691 3574 2909 3643 ἕνωσιν,
2939 3576 3032 3628 καὶ
3059 3574 3151 3629 τὸν
3189 3576 3503 3649 ύπέροφρυν
3534 3580 3732 3651 Φαραὼ
3776 3582 3985 3653 ἆρμασι

2417 3666 2513 3721 καὶ
2559 3667 2878 3737 τριστάταις
2931 3672 3237 3739 πανστρατὶ
3291 3671 3368 3740 τῷ
3400 3670 3547 3742 βυθῷ
3593 3674 3939 3745 συνεκάλυψε
3970 3716 3985 3738 ,

2415 3759 2510 3812 καὶ
2536 3760 2635 3829 τὴν
2675 3758 3111 3829 ἀπηγριωμένην
3162 3753 3370 3833 ἐρίτιμον
3417 3764 3583 3816 παντὶ
3629 3764 3707 3834 τῷ
3770 3766 3986 3837 Ἰσραὴλ

2416 3850 2802 3921 καθημέρωσε,
2869 3852 2969 3922 τῆς
3012 3852 3240 3923 Μερῤᾶς
3272 3855 3341 3906 τὰ
3368 3856 3547 3925 πικρὰ
3604 3857 3984 3924 καταγλυκαίο

2414 3957 2582 3995 νουσα
2612 3941 2853 4012 νάματα,
2881 3941 2978 3994 καὶ
3011 3941 3071 3994 ού
3108 3941 3314 4014 ταύτην
3347 3944 3515 4014 μόνην
3544 3947 3621 4007 ei;
3650 3948 3711 3999 τὸ
3749 3949 3985 4019 πότιμον

2416 4031 2858 4100 μεταϐάλλουσα,
2908 4033 3045 4103 ἀλλὰ
3100 4034 3195 4088 καὶ
3241 4034 3429 4105 ἕτερον
3456 4037 3521 4090 ὲκ
3553 4036 3761 4105 πέτρας
3806 4057 3987 4111 παρα-

2410 4124 2575 4191 δόξως
2604 4125 2966 4197 ὁμόρίζουσα,
2998 4128 3094 4183 καὶ
3120 4128 3366 4200 ποταμοῦ
3396 4129 3663 4199 κυοφόρον
3689 4134 3791 4200 τὴν
3819 4132 3988 4200 ιγκύ-

2414 4234 2554 4288 μονα
2585 4218 2849 4289 φέρουσα.
2883 4218 2994 4291 Πρὸ
3020 4219 3077 4274 δὲ
3113 4220 3303 4275 τούτου
3355 4222 3452 4293 τὴν
3499 4222 3777 4291 Αἴγυπτον
3820 4226 3989 4279 ἁπειο

2414 4308 2612 4362 θοῦσαν
2642 4310 2893 4375 ἐκόλασε,
2927 4311 2987 4365 τὸ
3017 4311 3162 4383 ὕδωρ
3190 4315 3269 4377 είς
3292 4307 3432 4384 αἷμα
3470 4316 3840 4386 μετέστρεφε.
3875 4319 3985 4371 Καὶ

750 4411 1051 4477 castigavit,
1082 4407 1321 4462 undasiu
1347 4406 1661 4475 sanguinem
1689 4406 1937 4470 mutavit,
1962 4406 2313 4475 vicissimque

2413 4400 2474 4453 τὸ
2505 4396 2644 4472 αἷμα
2686 4402 2850 4457 πάλιν
2907 4404 2989 4467 είς
3048 4403 3193 4477 ὕδωρ
3247 4407 3577 4477 μετημείψε,
3626 4410 3722 4463 καὶ
3768 4411 3843 4465 τὰ
3887 4428 3989 4481 μυ-

746 4504 1066 4572 sanguinem
1117 4501 1167 4553 in
1203 4500 1376 4553 undas
1415 4498 1642 4568 redegit,
1682 4507 1734 4551 et
1768 4504 2021 4551 sexcenta
2061 4497 2150 4551 illa
2182 4512 2308 4567 pro-

748 4596 889 4663 digia
923 4601 1141 4663 operata
1166 4601 1269 4645 est.
1306 4591 1459 4656 Quod
1492 4590 1538 4645 si
1571 4589 1680 4653 illa,
1710 4604 1831 4659 qua:
1879 4598 2036 4659 typus
2068 4598 2306 4643 tantum-

750 4688 907 4741 Imulo
937 4695 988 4739 et
1019 4685 1205 4737 umbra
1244 4682 1366 4746 fuit,
1396 4690 1476 4736 tot
1508 4691 1889 4751 tantorumque
1916 4680 2303 4735 miraculorum

749 4778 956 4833 exstitit
987 4775 1254 4840 ell‘ectrix,
1287 4773 1415 4843 quid
1443 4773 1554 4841 ipsa
1591 4773 1680 4826 illa
1724 4770 2000 4825 Dominica
2032 4785 2163 4825 crux
2198 4786 2304 4824 non

749 4872 961 4933 efﬁciet,
998 4867 1214 4938 quando
1246 4880 1353 4920 non
1402 4880 1496 4933 per
1542 4863 1787 4935 symbolo
1826 4872 1879 4918 et
1903 4864 2187 4934 aenigmata
2213 4862 2303 4916 ad-

750 4964 1050 5024 nmbratnr,
1069 4959 1163 5014 sed
1190 4972 1371 5013 coram
1401 4956 1665 5018 cernitur,
1689 4964 1850 5023 atque
1875 4969 1903 5008 a
1933 4955 2087 5008 nobis
2112 4953 2308 5007 adora~

752 5055 881 5111 turl
919 5056 996 5105 An
1059 5068 1164 5105 nou
1218 5049 1553 5119 spiritualem
1605 5048 1940 5103 Pharaonem
1990 5045 2303 5125 decet‘uplici

752 5149 836 5201 illa
891 5145 1125 5199 involvet
1152 5142 1326 5213 plaga,
1379 5156 1441 5194 ac
1495 5144 1707 5193 demum
1762 5154 1884 5193 cum
1930 5138 2172 5192 exercitu
2206 5152 2305 5193 suo

750 5241 1053 5306 submerget
1076 5245 1126 5291 et
1156 5234 1386 5289 obruet?
1411 5234 1490 5287 An
1515 5247 1620 5286 non
1646 5232 1793 5285 ferax
1811 5230 2302 5301 perturbationum

748 5345 1146 5402 pravarumque
1179 5328 1526 5381 aﬂ'ectionum
1587 5340 1735 5379 mare
1782 5326 1929 5380 sicco
1960 5325 2093 5394 pcdc
2130 5334 2302 5378 trans-

752 5439 929 5477 meare
958 5421 1142 5475 dabit?
1186 5421 1264 5473 An
1316 5435 1419 5473 non
1449 5418 1795 5473 solitudinem
1825 5418 2118 5479 bonorum,
2166 5432 2302 5487 prm-

749 5527 953 5569 sentem
1006 5513 1211 5566 sciliCct
1261 5511 1446 5575 vitam,
1481 5512 1687 5564 excidet
1734 5510 2030 5563 facillime?
2064 5510 2145 5563 An
2195 5524 2299 5563 non

748 5605 1163 5658 amaritudinem
1210 5604 1453 5665 Marthae.
1504 5602 1896 5667 calamitatum,
1954 5602 2193 5669 inquam,
2253 5611 2305 5653 «ιι

754 5698 1134 5758 tentatiouum,
1176 5695 1387 5748 dulcem
1426 5706 1477 5747 ct
1533 5694 1822 5764 potuhilem
1852 5694 2159 5749 fztciet?Au
2196 5711 2297 5746 umt

744 5803 939 5856 squam
977 5802 1038 5840 ex
1080 5796 1251 5853 petra,
1281 5801 1399 5854 qum
1427 5786 1675 5842 Christus
1704 5795 1807 5852 est,
1853 5788 2005 5841 nobis
2035 5789 2295 5853 manabit,

2415 4493 2506 4563 ρία
2552 4496 2735 4548 ἐκεῖνα
2787 4496 3045 4567 τεράστια
3089 4496 3511 4569 κατειργάσατο.
3562 4500 3624 4554 Εί
3681 4501 3739 4556 δὲ
3795 4506 3986 4574 εκείνη

2409 4589 2443 4657 ἡ
2479 4589 2615 4656 μόνη
2642 4588 2811 4642 τύπον
2854 4588 2949 4643 καὶ
2984 4589 3142 4644 σκιὰν
3168 4590 3546 4663 διαγράφουσα
3577 4595 3861 4650 τοσούτων
3889 4600 3986 4651 καὶ

2409 4679 2665 4734 τοιούτων
2698 4681 2997 4754 θαυμάτων
3027 4680 3094 4757 ἦν
3127 4683 3450 4754 αὐτουργὸς,
3480 4686 3533 4739 τί
3561 4687 3661 4742 οὐκ
3692 4689 3760 4743 ἂν
3815 4692 3983 4754 αὐτὸς

2410 4776 2617 4839 ἐκεῖνος
2680 4778 2708 4830 ὁ
2759 4776 3073 4841 δεσποτικὸς
3139 4778 3368 4849 σταυρὸς
3422 4781 3849 4851 ἀπεργάσαιτο,
3926 4785 3984 4838 ού

2412 4868 2754 4937 συμϐολικῶς
2824 4869 2932 4922 οὐδ’
3006 4870 3419 4939 αἰνιγματωδῶς
3482 4875 3987 4946 προτυπούμενος,

2409 4960 2632 5031 αύτοῲεὶ
2679 4960 2736 5014 δὲ
2777 4959 3175 5032 καθορώμενος,
3242 4964 3334 5016 καὶ
3384 4964 3515 5034 παρ’
3575 4967 3730 5036 ἡμῶν
3813 4985 3987 5037 προσ-

2409 5052 2776 5123 κυνούμενοςς
2848 5053 2922 5105 Οὐ
2984 5052 3076 5105 τὸν
3146 5056 3333 5126 νοητὸν
3388 5054 3591 5126 Φαραὼ
3626 5059 3691 5128 τῇ
3724 5057 3980 5129 δεκαπλῇ

2409 5145 2641 5200 πεδώσει
2694 5145 2901 5217 πληγῇ,
2964 5148 3058 5202 καὶ
3098 5147 3407 5202 τελευταῖον
3458 5150 3597 5219 μετὰ
3649 5153 3747 5220 τῇς
3807 5152 3982 5205 αὑτοῦ

2409 5237 2695 5306 στρατείας
2725 5240 3110 5293 καταποντίσω
3138 5241 3229 5293 καὶ
3256 5240 3691 5309 κατακαλύψειεν
3718 5261 3733 5311 ;
3768 5245 3853 5297 Οὐ
3881 5246 3981 5315 τὴν

2408 5328 2760 5399 πολυκύμονα
2813 5329 2921 5383 τῶν
2980 5329 3168 5384 παθῶν
3216 5330 3491 5386 Θάλασσαν
3536 5332 3793 5403 ἀΰρόχως
3848 5338 3980 5405 ἡμῖν

2407 5421 2659 5491 διαϐῆναι
2720 5421 3229 5492 παρασκευάσειεν;
3302 5423 3377 5477 Ού
3426 5423 3524 5495 τὴν
3591 5424 3806 5496 ἔρημον
3869 5426 3981 5477 τῶν

2407 5511 2647 5579 ἀγαθῶν,
2693 5512 2934 5582 παρόντα
2993 5513 3194 5585 δηλαδὴ
3259 5514 3395 5584 βίον,
3459 5514 3808 5584 ἔξημερὼσει
3845 5517 3977 5585 psus-

2405 5621 2599 5669 τατον;
2656 5604 2731 5657 Οὐ
2794 5604 2892 5674 τὴν
2944 5606 3169 5678 πικρίαν
3232 5606 3327 5675 τῆς
3368 5606 3618 5677 Μερῤἄς,
3665 5607 3781 5660 τῶν
3837 5624 3980 5676 συμ⁹

2408 5695 2610 5766 φορῶν,
2637 5696 2799 5766 φημὶ,
2846 5696 2941 5749 καὶ
2990 5696 3100 5749 τῶν
3129 5695 3454 5769 πειρασμῶν
3498 5698 3578 5762 είς
3606 5697 3667 5751 τὸ
3708 5699 3892 5768 γλυκύ
3923 5715 3978 5750 τε

2410 5791 2503 5843 καὶ
2536 5790 2764 5859 πῧτιμον
2810 5790 3270 5860 μεταστρέψειεν;
3308 5791 3420 5861 Οὐχ
3450 5789 3594 5862 ὕδωρ
3629 5794 3694 5846 ὲκ
3728 5790 3972 5859 πέτρας.
