4138 6334
186 362 324 425 126⁷)

1543 361 1744 422 ORAT
1753 360 1991 420 l'ONES‘.

3268 362 3403 425 1970

183 469 589 538 ἐπιτεταμέκως
634 466 1041 536 ’Δρνησάσθαδ
1076 469 1346 532 τουτέστι,
1378 467 1543 539 μηδὲν
1570 464 1754 520 κοινὸν

1861 466 1994 530 beat,
2022 465 2114 520 sed
2139 465 2376 536 ,obji‘ciat
2405 481 2465 522 se
2495 468 2882 525 certaminibus
2913 476 2970 525 et
2999 471 3283 539 periculis,
3316 489 3412 530 nec

184 558 358 627 ἀχέτω
378 557 512 628 πρὸς
531 558 745 624 ἑαυτὸν,
767 558 881 612 ἀλλ’
907 558 1160 612 ἑκδιδὸτω
1181 560 1292 621 τοῖς
1317 557 1492 625 ἀγῶσι
1514 556 1607 610 καὶ
1633 557 1744 619 τοῖς

188 646 477 710 κινδύνοις,
521 648 616 700 καὶ
647 648 720 710 ὡς
758 648 946 718 ἑτέρου
988 649 1308 717 πάσχοντος,
1351 641 1502 701 οὕτω
1541 646 1746 702 διακεί-

187 740 322 791 σθω.
368 737 494 788 Ἐπὶ
518 736 574 790 δὲ
612 737 833 814 πλείονα
873 738 1045 792 ποιῶν
1099 739 1378 816 ιπίτασιν,
1433 740 1532 794 οὒκ
1592 737 1746 794 εἶπεν

199 825 609 895 Ἀρνησάσθω,
639 827 753 881 ἀλλ’
789 829 1280 898 Ἀπαρνησάσθω,
1300 834 1366 902 τῇ
1387 833 1556 902 μικρᾷ
1579 831 1749 905 ταύτῃ

188 917 480 989 προσθήκῃ
510 919 752 989 μεγάλην
798 919 1073 990 ἐμφαίνων
1124 920 1222 993 τὴν
1277 923 1584 995 ὑπερϐολήν
1610 941 1622 954 '
1657 924 1786 978 xui.“

185 1007 299 1077 γὰρ
355 1008 518 1062 πλέον
555 1008 713 1062 τοῦτο
768 1009 978 1064 ἐκείνου
1035 1011 1204 1065 ἔστιν.
1253 1013 1516 1084 Ἀρνησις
1565 1015 1749 1085 μέντοι

186 1098 338 1150 ἐστὶν
374 1101 569 1151 ἑαυτοῦ
603 1101 634 1167 ὴ
679 1100 947 1172 παντελὴς
985 1101 1094 1154 τῶν
1153 1102 1532 1174 παρελθόντων
1585 1105 1746 1176 λήθη,

182 1185 282 1238 καὶ
309 1189 340 1256 ἡ
364 1186 456 1240 τοῦ
486 1189 687 1241 οἰκείου
712 1189 1014 1260 θελήματος
1043 1192 1411 1264 ἀναχώρησις,
1435 1195 1467 1265 ἠ
1501 1195 1637 1264 πρὸς
1659 1197 1749 1250 τὸν

184 1279 281 1328 ἐπὶ
313 1279 546 1348 Χριστοῦ
578 1280 808 1335 θάνατον
835 1281 1122 1351 ἐπιθυμία,
1171 1285 1266 1338 καὶ
1323 1286 1588 1356 νέκρωσις
1643 1287 1751 1340 τῶν

187 1367 368 1442 μελῶν
393 1369 501 1421 τῶν
534 1370 628 1422 ἐπὶ
682 1373 804 1440 γῆς,
844 1374 939 1425 καὶ
970 1373 1034 1427 τὸ
1097 1375 1558 1445 παρατεταμένως
1614 1378 1751 1449 πρὸς

186 1458 367 1529 τίαντα
419 1461 511 1514 τὸν
538 1463 937 1534 ὑπὲρΧριστοῦ
967 1465 1268 1519 διακεῖσθαι
1313 1467 1580 1535 κίνδυνον,
1635 1471 1749 1535 καὶ,

185 1551 247 1605 τὸ
265 1551 632 1620 ἀπροσπαθῶς
658 1555 803 1626 ἔχειν
838 1556 966 1625 πρὸς
994 1557 1093 1628 τὴν
1116 1558 1396 1628 παροῦσαν
1423 1559 1585 1630 ζωὴν,
1612 1562 1754 1614 τοῦτ’

183 1644 304 1696 ἔστι
331 1647 391 1696 τὸ
422 1641 554 1717 ἆραι
579 1649 669 1699 τὸν
694 1649 928 1717 σταυρὸν
955 1650 1171 1708 ἑαυτοῦ.
1197 1651 1339 1705 ’Δλλ⁹
1366 1653 1400 1723 ἡ
1434 1653 1530 1723 μὲν
1553 1655 1754 1708 τελειό-

183 1749 282 1801 ηης
306 1735 453 1787 ἐστὶν
519 1737 577 1790 ὲν
620 1737 698 1806 τῷ
753 1738 814 1791 τὸ
863 1740 1224 1810 ἀπροσπαθὲς
1255 1743 1624 1814 κατορθῶσαι,
1655 1749 1749 1801 καὶ

184 1827 323 1895 πρὸς
353 1827 484 1880 αὐτὸ
513 1827 572 1880 τὸ
601 1828 700 1900 ζῇν
755 1833 850 1884 καὶ
906 1833 967 1886 τδ
1011 1834 1301 1904 ἀπόκριμα
1360 1835 1455 1889 τοῦ
1515 1837 1749 1892 θανάτου

183 1917 392 1984 ὁμοίως
418 1919 580 1989 ἔχειν·
611 1920 751 1974 ὥστε
784 1924 858 1994 μὴ
885 1924 970 1990 ἐφ’
1001 1925 1195 1978 ἑαυτοῦ
1235 1927 1576 1984 πεποιθέναι.

266 2009 530 2079 Ἀρχεται
572 2012 629 2064 δὲ
666 2014 729 2066 ἐκ
773 2017 871 2084 τῆς
910 2015 1110 2079 ἔξωθεν
1160 2018 1618 2088 ἀλλοτριώσεως,·
1644 2019 1754 2075 οἷον

186 2101 504 2170 atquetiam
533 2104 692 2170 δόξης
717 2105 978 2173 ματαίας,
1045 2106 1077 2176 ἢ
1141 2108 1331 2171 ἁπλῶς
1381 2112 1753 2179 προσπαθείας

183 2193 300 2244 τῶν
337 2196 370 2245 ἀ
397 2194 650 2261 ωφελῶν,
677 2196 818 2248 καθά
844 2199 936 2250 καὶ
974 2197 1022 2250 οἱ
1053 2197 1196 2266 ἀγιοι
1226 2199 1318 2252 τοῦ
1346 2201 1551 2272 Κυρίου
1583 2203 1756 2271 μαθη-

184 2283 422 2347 ταὶ,καὶ
459 2285 745 2350 ὑπέδειξαν
790 2287 944 2353 ἡμῖν,
1016 2287 1271 2351 Ἰάκωϐος
1329 2291 1420 2342 καὶ
1480 2290 1751 2358 Ἰωάννης,

187 2373 586 2437 καταλιπόντες
614 2377 704 2427 τὶν
730 2376 941 2446 πατέρα
985 2379 1077 2429 καὶ
1112 2380 1242 2432 αὐτὸ
1303 2380 1364 2433 τὸ
1408 2382 1609 2434 ιπλοῖον
1657 2383 1755 2449 τὴν

190 2448 374 2516 πᾶςαν
403 2464 657 2534 ἀφορμὴν
684 2466 778 2519 τοῦ
815 2467 954 2536 βίου.
1025 2469 1301 2533 Ματθαῖος
1324 2471 1403 2533 δὲ,
1452 2472 1546 2525 ἀπ’
1593 2448 1753 2526 αὐτοῦ

186 2554 284 2614 ⁸τοῦ
314 2555 570 2608 τελωνίου
601 2557 924 2622 ἐξαναστὰς,
960 2560 1051 2612 καὶ
1105 2561 1478 2630 ἀκολουθήσας
1510 2565 1588 2635 τῷ
1629 2566 1758 2636 Χρι-

191 2645 326 2712 στῷ,
357 2645 420 2697 οὐ
444 2646 511 2696 τὰ
541 2648 706 2718 κέρδη
735 2649 893 2716 μόνον
930 2650 1272 2716 καταλιπὼν,
1303 2652 1440 2706 ἀλλὰ
1492 2655 1587 2707 καὶ
1645 2655 1755 2707 τῶν

192 2735 458 2798 κινδύνων
492 2739 779 2808 ὑπεριδὼν,
815 2740 848 2795 ἃ
906 2743 1292 2797 ἐπακολουθεῖν
1335 2743 1558 2814 ἔμελλον
1610 2748 1758 2817 αὑτῷ

195 2830 351 2900 παρὰ
369 2831 465 2899 τῆς
496 2831 746 2898 ἐξουσίας
804 2833 1016 2897 ἀτελεῖς
1058 2837 1184 2899 τοὺς
1224 2835 1414 2903 λόγους
1461 2839 1555 2892 τοῦ
1593 2841 1758 2893 τελω-

190 2927 309 2976 νξου
341 2923 831 2993 καταλιμπάνοντι.
869 2925 1064 2997 Παύλῳ
1101 2928 1158 2980 δὲ
1185 2928 1329 2981 καλὸ
1387 2929 1607 3000 σύμπας
1664 2932 1756 2983 κό-

194 3033 335 3084 σμος
365 3016 676 3085 ὲσταύρωτο
705 3021 797 3071 καὶ
822 3020 983 3083 αὐτὸς
1016 3020 1098 3090 τῷ
1135 3021 1343 3092 κόσμῳ.
1414 3023 1647 3094 Ἑτέρως
1700 3026 1758 3077 δὲ

1779 1786 1826 1844 Β

1848 572 2009 613 secus
2030 557 2311 624 aﬂlciatur,
2335 573 2496 630 quam
2528 561 2572 616 si
2600 561 2740 616 alius
2763 569 3055 631 pateretur.
3083 563 3203 628 Quo
3227 570 3408 617 autem

1849 647 2109 717 majorem
2137 649 2245 704 vim
2279 650 2448 707 verbo
2474 651 2713 718 adderet,
2749 668 2856 707 non
2888 654 3024 708 dixit
3073 653 3241 725 Neget
3268 693 3282 718 ,
3315 652 3410 708 sed

1847 740 2110 811 Abneget;
2151 755 2316 811 parvo
2359 743 2462 798 hoc
2501 744 2868 799 additamento
2913 761 3166 816 magnum
3209 749 3284 801 rei
3323 748 3411 800 in-

1847 843 2184 887 crementum
2222 833 2507 889 insinuans
2538 851 2552 888 :
2585 834 2785 890 etenim
2819 835 2924 890 hoc
2955 839 3076 904 plu's
3107 848 3210 904 est,
3244 853 3408 908 quam

1848 923 1997 978 illud.
2029 923 2252 995 Negatio
2280 926 2480 996 quippe
2508 927 2592 982 sui
2613 936 2694 983 est
2745 928 2984 998 perfecta
3015 931 3407 1000 prceteritorum

1850 1015 2070 1082 oblivio,
2105 1027 2159 1072 et
2190 1017 2426 1088 propriae
2457 1019 2756 1074 voluntatis
2796 1020 3048 1087 remotio,
3082 1021 3407 1077 desiderium

1853 1105 2119 1160 moriendi
2147 1106 2200 1160 in
2231 1105 2466 1172 Christo,
2494 1108 2838 1164 mortiﬁcatio
2869 1111 3235 1164 membrorum
3290 1125 3412 1179 quae

1853 1205 1982 1250 sunt
2020 1210 2184 1266 super
2215 1209 2449 1267 terram,
2499 1199 2751 1255 alacriter
2780 1215 2908 1256 vero
2950 1200 3177 1270 quodvis
3214 1200 3411 1256 discri-

1855 1299 1976 1338 men
2002 1285 2202 1341 Christi
2235 1301 2401 1342 causa
2432 1289 2602 1354 adire,
2627 1289 2844 1359 penitus
2879 1289 3164 1344 ηοῐιεείῐίοῖ
3182 1291 3248 1344 ad
3275 1304 3410 1359 prte-

1855 1386 2061 1432 sentem
2111 1379 2297 1441 vitam.
2343 1377 2396 1432 id
2436 1378 2548 1448 jam
2598 1389 2682 1435 est
2725 1381 2920 1436 tollere
2966 1395 3186 1437 crucem
3231 1395 3410 1436 suam.

1857 1467 1960 1521 Sed
1993 1466 2254 1537 perfectio
2285 1467 2342 1522 in
2378 1481 2443 1522 co
2481 1475 2598 1532 est,
2627 1477 2688 1524 ut
2714 1469 2964 1525 aﬂ‘ectum
2995 1470 3210 1540 penitus
3240 1483 3411 1524 exua-

1858 1573 2011 1624 mus,
2046 1567 2207 1628 atque
2251 1560 2317 1614 ad
2362 1559 2524 1616 vitam
2569 1561 2868 1630 mortisque
2911 1562 3408 1616 condemnationem

1858 1648 2078 1716 perinde
2118 1650 2348 1707 animati
2378 1652 2582 1718 simus,
2609 1662 2660 1707 et
2707 1661 2765 1708 ut
2809 1667 2937 1722 erga
2985 1657 3083 1707 uos
3125 1653 3271 1722 ipsos
3307 1665 3410 1706 non

1859 1736 2175 1795 allii-iamut.

1925 2016 2256 2086 Principium
2289 2033 2452 2087 porro
2480 2019 2698 2074 ducitur
2721 2020 2791 2075 ab
2814 2030 3036 2075 externa
3067 2021 3412 2083 alienatione,

1859 2117 1915 2160 ut
1940 2108 2362 2177 possessionum,
2386 2123 2537 2164 vanae
2564 2111 2767 2182 gloriae,
2798 2120 2888 2165 aut
2914 2111 3134 2166 omnino
3163 2111 3411 2165 desiderii

1859 2213 2034 2250 rerum
2070 2197 2343 2252 inutilium
2378 2217 2392 2252 :
2429 2201 2882 2269 quemadmodum
2927 2217 3024 2256 nos
3050 2203 3208 2255 etiam
3242 2203 3412 2256 sancti

1857 2289 2153 2341 docuerunt
2193 2288 2400 2343 Domini
2446 2290 2726 2358 discipuli,
2767 2290 3000 2346 Iacobus
3055 2300 3109 2346 et
3152 2289 3413 2350 Joannes.

1859 2378 2046 2431 relicto
2070 2386 2241 2444 patre,
2273 2378 2500 2447 ipsoque
2536 2379 2771 2449 navigio,
2797 2381 3159 2447 omnibusque
3189 2380 3414 2434 faculta-

1861 2470 2024 2523 tibus.
2057 2468 2339 2524 Mattheus
2368 2479 2546 2524 autem
2580 2472 2646 2525 ab
2678 2472 2800 2540 ipso
2839 2472 3041 2526 lelonio
3070 2473 3329 2537 surrexit,
3365 2481 3419 2526 et

1860 2561 2135 2614 Christum
2184 2571 2402 2616 secutus
2445 2571 2558 2627 est,
2605 2577 2712 2616 non
2763 2565 2940 2618 solum
2983 2563 3147 2618 lucris
3192 2564 3416 2624 relictis.

1860 2650 1950 2703 sed
1997 2652 2160 2705 etiam
2205 2654 2528 2722 contemptis
2561 2653 2818 2722 periculis
2873 2670 2992 2722 quae
3029 2671 3058 2708 a
3100 2655 3415 2724 magistratu

1862 2740 2245 2804 imminebant,
2282 2742 2424 2810 quod
2463 2741 2807 2812 imperfectas
2839 2746 3020 2799 telonii
3063 2746 3298 2801 rationes
3335 2761 3418 2800 re-

1863 2832 2127 2899 liquisset.
2154 2830 2272 2887 Jam
2300 2831 2466 2886 Paulo
2491 2842 2634 2887 totus
2659 2835 2821 2889 etiam
2846 2837 3080 2891 mundus
3128 2837 3421 2896 cruciﬁxus

1861 2929 2001 2984 erat,
2031 2932 2085 2974 et
2118 2921 2233 2990 ipse
2271 2923 2493 2978 mundo.
2528 2924 2644 2977 Alia
2689 2926 2895 2980 ratione
2936 2935 3095 2997 negat
3124 2929 3247 2998 quis
3309 2931 3426 2984 sci-

1863 3026 2040 3079 psum,
2061 3011 2278 3080 quando
2311 3014 2474 3068 vitam
2510 3028 2663 3069 suam
2695 3031 2973 3084 perperam
3024 3026 3077 3072 et
3107 3017 3296 3072 vitiose
3327 3034 3422 3074 an-

192 3105 440 3174 ὁρνεῖταί
464 3123 546 3169 τις
584 3107 798 3172 ἑαυτὸν,
845 3109 937 3161 τὸν
970 3110 1102 3164 ἴδιον
1154 3111 1268 3180 βίον
1315 3115 1578 3183 πρότερον
1619 3119 1758 3168 κατά

1863 3109 2088 3156 ιθοςιυιιι
2145 3104 2410 3172 condigna
2499 3106 2800 3160 mutatione
2850 3106 3144 3162 oblitterat.
3206 3107 3296 3171 Ut,
3329 3109 3422 3178 qui

194 3195 397 3248 κακίαν
430 3198 793 3266 γεγενημένον
817 3202 882 3268 τῇ
910 3197 1178 3270 ἀξιολόγῳ
1217 3204 1486 3275 μεταϐολῇ
1530 3206 1728 3259 ἀπαλεί

193 3305 334 3357 (ρων.
365 3284 488 3340 Οἷον
521 3289 548 3341 6
573 3289 736 3342 πάλαι
763 3291 1062 3354 ἀκόλαστος
1125 3293 1371 3362 ἀρνεῖται
1421 3297 1615 3350 ἑαυτὸν
1639 3299 1764 3351 ἀκό-

193 3380 415 3443 λαστον,
451 3382 827 3450 σωφρονήσας·
861 3385 952 3434 καὶ
1002 3384 1030 3435 ὁ
1065 3383 1231 3438 πάλαι
1285 3387 1467 3449 ἄδικος
1518 3390 1763 3456 ἀρνεῖται

195 3469 392 3521 ἑαυτὸν
421 3470 621 3534 ἄδικον,
645 3470 1138 3542 δικαιοπραγήτας.
1174 3476 1284 3527 Καὶ
1336 3476 1525 3539 ἀπλῶς
1584 3480 1763 3547 πάσης

195 3563 294 3629 τῆς
321 3561 596 3629 ἁμαρτίας
638 3564 813 3634 ἀποχὴ
863 3563 1093 3633 ἄρνησίς
1143 3566 1295 3620 ἐστιν
1344 3569 1537 3621 ἑαυτοῦ
1592 3570 1766 3624 ὀπίσω

199 3651 443 3719 φέρουσα
475 3651 568 3703 τοῦ
606 3653 840 3722 Χριστοῦ
876 3693 891 3706 .
923 3655 1041 3707 Ἵνα
1091 3655 1148 3708 δὲ
1204 3658 1279 3726 μὴ
1315 3658 1511 3730 νομίζῃ
1561 3676 1644 3721 τις
1684 3662 1766 3714 ὅτι

203 3742 399 3810 μέχρις
441 3741 647 3811 ’ἒϐρεων
676 3744 767 3795 καὶ
799 3745 1022 3808 πληγῶν
1062 3747 1154 3798 καὶ
1227 3747 1548 3816 ὀνειδισμῶν
1584 3750 1766 3820 ἀπαρ-

199 3831 408 3884 νεῖσθαι
435 3833 534 3897 δεῖ,
563 3835 892 3905 προσέθηκε,
935 3834 1042 3889 Καὶ
1099 3836 1292 3905 ἀράτω
1340 3837 1446 3891 τὸν
1506 3839 1770 3907 σταυρὸν

199 3924 410 3986 αὑτοῦ,
443 3923 618 3992 δηλῶν
676 3927 836 3995 μέχρι
886 3927 1052 3978 πόσου
1105 3929 1186 3979 δεῖ
1243 3929 1625 3998 ἀπαρνεῖσθαι,
1674 3932 1759 3982 ὅτι

206 4015 372 4084 μέχρι
404 4015 656 4079 θανάτου,
691 4018 783 4069 καὶ
814 4017 1044 4070 θανάτου
1067 4018 1457 4072 ἐπονειδίστου.
1489 4021 1585 4073 Διὰ
1609 4021 1766 4073 τοῦτο

203 4105 565 4175 προσέθηκενο
609 4105 816 4174 Ἀράτω
860 4109 963 4161 τόν
987 4108 1256 4177 σταυρὸν
1295 4111 1503 4166 αὐτοῦ.
1541 4112 1766 4180 Ἕτερος

202 4197 318 4265 γὰρ
352 4197 580 4260 θάνατος
610 4198 710 4250 οὐκ
735 4193 804 4268 ἦν
834 4197 974 4252 οὕτω
1005 4199 1302 4270 παράδοξος
1352 4202 1448 4254 καί
1505 4203 1770 4256 ἐπονείδι-

206 4291 351 4350 σῒος.
384 4285 457 4347 ὡς
479 4287 507 4338 ὁ
536 4287 620 4340 διὰ
641 4289 892 4359 σταυροῦ.
923 4289 1055 4342 Οὐδὲ
1078 4290 1184 4361 γάρ
1212 4290 1368 4360 μόνον
1396 4293 1528 4360 φησὶ
1559 4293 1765 4360 τρυφῆς

205 4377 301 4428 καὶ
328 4377 483 4444 δόξης
518 4380 899 4446 καταφρονεῖν,
958 4378 1092 4432 ἀλλά
1151 4379 1245 4432 καὶ
1287 4380 1481 4448 μέχρις
1535 4381 1764 4450 αἵματος

204 4468 837 4532 άντικαθῖστασθαι,καὶ
878 4469 979 4527 ἕως
1037 4468 1129 4520 τοῦ
1179 4470 1542 4520 ἐπονειδίστου
1605 4469 1763 4522 Θανά-

206 4575 300 4609 του
345 4558 520 4610 πάντα
581 4558 769 4628 φέρειν
826 4559 1106 4625 γενναίως,
1165 4561 1258 4612 καὶ
1325 4561 1494 4630 ταύτῃ
1567 4562 1767 4628 μᾶλλον

205 4645 556 4708 ἀγάλλεσθαι.

280 4736 475 4787 Σκόπει
504 4737 559 4788 δὲ
593 4738 706 4800 πῶς
735 4739 834 4790 οὐκ
867 4733 986 4790 εἷπε
1015 4738 1104 4788 τὸν
1162 4738 1394 4806 στανρδν
1454 4739 1762 4800 ἀπολύτως.

206 4823 346 4875 ἀλλὰ
367 4823 458 4874 τὸν
498 4825 732 4892 σταυρὸν
770 4825 955 4887 αὑτοῦ,
986 4823 1130 4876 τοῦτ’
1161 4825 1274 4876 ἔστι
1302 4826 1391 4876 τὸν
1419 4826 1766 4893 ὀφειλόμενον

209 4911 362 4979 αὑτῷ
405 4911 656 4977 θάνατον,
695 4913 752 4964 ὃν
784 4913 897 4980 ἔχει
940 4912 1096 4984 χρέος
1165 4913 1283 4965 καθ’
1348 4914 1580 4984 ἑκάστην
1638 4916 1771 4968 ἀπο-

213 5002 456 5070 πληροῦν
487 5003 625 5056 κοιτά
651 5005 740 5055 τὸν
773 5004 1017 5070 λέγοντα·
1063 5005 1199 5057 Καθ’
1232 5005 1457 5072 ἡμέραν
1504 5006 1770 5071 ἀποθνή-

209 5111 361 5146 σκω.
403 5095 471 5146 Ἥ
507 5096 599 5147 καὶ
635 5096 805 5158 ἄλλως
835 5097 1064 5165 σταυρὸν
1095 5097 1383 5163 βαστάζειν
1407 5097 1569 5164 φησὶν
1601 5098 1769 5166 ἡμᾶς,

211 5186 358 5237 τοῦτ’
387 5186 533 5239 ἔστιν
567 5187 826 5255 διηνεκῶς
856 5190 1220 5257 ἐγρηγορέναι
1247 5191 1337 5240 τὸν
1381 5189 1527 5251 νοῦν,
1563 5191 1654 5241 καὶ
1715 5193 1771 5240 ὲν

213 5277 336 5335 τεςῖς
363 5277 581 5344 ἀρεταῖς
614 5277 697 5344 ἐφ’
725 5277 890 5345 ὕψους
929 5277 1197 5340 ἵστασθαι,
1234 5278 1325 5328 τοῦ
1365 5278 1437 5344 μὴ
1501 5277 1773 5329 κατελθεῖν

216 5366 450 5418 ἀπὸτοῦ
493 5367 751 5435 σταυροῐν
806 5369 971 5436 ἤγουν
1021 5369 1444 5439 ἐγκρατεὺεσθαι
1510 5369 1616 5421 ἀπὸ
1669 5369 1774 5420 τῶν

219 5457 561 5520 παθῶν,ἕως
599 5456 922 5529 οὗεκκὸψει
978 5461 1112 5512 αὐτὰ
1172 5462 1264 5512 καὶ
1327 5463 1528 5528 ἀναστῇ
1595 5458 1774 5510 λοιπὸν

218 5548 507 5615 drawn-.4.
551 5549 735 5617 Ὀγάρ
762 5551 991 5618 σταυρὸς
1037 5552 1206 5620 πάσης
1247 5551 1520 5619 ἁμαρτίας
1577 5551 1776 5620 κατάρ-

291 5708 306 5736 ⁷
348 5703 378 5768 1¹
407 5716 526 5759 mit.
577 5723 658 5769 ιγ,
691 5708 776 5757 Tol.

1795 4436 1843 4493 υ

1864 3191 2292 3258 intemperantia:
2313 3193 2444 3246 olim
2473 3194 2686 3248 deditus
2709 3205 2845 3262 erat,
2878 3207 3039 3265 negat
3068 3198 3306 3266 seipsnm
3335 3198 3421 3252 in-

1863 3290 2272 3351 temperantem,
2303 3285 2347 3339 si
2379 3286 2793 3354 temperantiam
2821 3287 3177 3354 amplectatur
3207 3304 3220 3339 :
3249 3295 3304 3341 et
3331 3289 3424 3357 qui

1865 3374 2097 3440 iujuslus
2150 3385 2266 3428 erat
2310 3375 2477 3442 olim,
2532 3385 2693 3446 negat
2742 3376 2978 3445 seipsum
3025 3377 3323 3446 injustum,
3379 3379 3423 3433 si

1864 3464 2080 3518 studeat
2117 3466 2363 3534 justitiae.
2418 3466 2484 3520 Et
2535 3468 2590 3522 in
2641 3483 2852 3524 summa
2888 3469 3180 3539 cujuslibet
3221 3471 3427 3544 peccati

1867 3554 2026 3623 luga,
2070 3557 2284 3625 negatio
2319 3557 2402 3611 sui
2437 3567 2554 3622 est,
2591 3559 2796 3614 ducens
2841 3570 2963 3629 post
3005 3561 3306 3615 Christum.
3353 3560 3430 3615 Ne

1865 3650 1988 3715 quis
2030 3660 2210 3702 autem
2256 3647 2594 3703 existimaret
2636 3664 2809 3718 usque
2854 3649 2922 3704 ad
2962 3650 3346 3715 contumelias,
3377 3660 3430 3704 et

1866 3737 2074 3805 plagas,
2107 3746 2163 3790 et
2195 3737 2388 3805 probra
2416 3737 2791 3806 abnegandum
2833 3754 2890 3794 se
2919 3738 3047 3803 sibi,
3077 3740 3324 3794 addidit:
3359 3740 3426 3793 Et

1869 3827 2022 3880 tollat
2081 3843 2282 3880 crucem
2316 3843 2497 3893 suam;
2536 3835 2596 3881 ut
2627 3829 2889 3883 indicaret
2919 3841 3184 3898 quatenus
3216 3841 3430 3900 oporte-

1872 3927 1952 3972 ret
1981 3920 2249 3990 abnegare
2283 3918 2544 3988 seipsum,
2580 3919 2836 3974 nimirum
2871 3936 3042 3990 usque
3073 3922 3138 3976 ad
3175 3930 3426 3989 mortem,

1868 4027 2101 4081 eamque
2153 4011 2654 4080 probrosissimam.
2709 4012 2918 4067 Idcirco
2973 4013 3188 4082 adjecit,
3247 4014 3424 4069 Tollat

1869 4119 2073 4158 crucem
2098 4119 2274 4157 suam.
2322 4102 2442 4157 Alia
2473 4104 2618 4158 enim
2660 4118 2808 4157 mors
2836 4118 2944 4158 non
2978 4113 3122 4160 esset
3153 4105 3224 4158 ita
3261 4106 3422 4159 mira-

1871 4197 1995 4251 bilis
2019 4205 2072 4251 et
2099 4197 2386 4265 probrosa,
2423 4204 2483 4250 ut
2513 4210 2661 4250 mors
2690 4195 2889 4250 crucis.
2923 4196 3106 4265 Neque
3134 4197 3278 4250 enim
3311 4208 3426 4251 tan-

1872 4295 1984 4338 tum
2016 4287 2166 4350 dicit,
2199 4297 2257 4340 ut
2287 4286 2618 4356 voluptatem
2657 4295 2710 4341 et
2739 4287 2961 4356 gloriam
2996 4297 3427 4351 contemnamus,

1871 4376 1963 4430 sed
1994 4377 2157 4429 etiam
2202 4386 2261 4429 ut
2293 4390 2465 4444 usque
2508 4376 2574 4429 ad
2623 4376 2940 4444 sanguinem
2987 4378 3336 4441 resistamus,
3378 4389 3429 4432 et

1876 4481 2049 4533 usque
2073 4466 2138 4518 ad
2164 4465 2767 4521 contumeliosissimam
2801 4475 3024 4521 mortem
3058 4469 3238 4522 omnia
3267 4483 3427 4537 gene-

1876 4571 1996 4610 rose
2021 4555 2277 4620 feramus,
2305 4570 2473 4624 eaque
2502 4571 2557 4610 re
2587 4556 2762 4624 potius
2792 4558 3148 4612 exsultemus.

1947 4733 2252 4786 Considera.
2290 4733 2515 4796 deinde,
2574 4733 3028 4802 quemadmodum
3079 4750 3182 4789 non
3235 4735 3430 4791 dixerit

1878 4839 2090 4876 erucem
2125 4824 2396 4885 absolute,
2435 4823 2526 4876 sed
2571 4837 2785 4876 crucem
2815 4839 2968 4877 suam
2990 4861 3005 4887 ,
3049 4824 3101 4878 id
3136 4834 3244 4888 est,
3279 4841 3430 4880 mor-

1882 4925 1986 4966 tcm
2033 4928 2194 4981 quam
2237 4913 2428 4975 debet,
2471 4927 2741 4982 quamque
2780 4921 2991 4981 oportet
3024 4929 3146 4967 eum
3188 4916 3431 4984 quotidie

1879 5015 2160 5070 oppetere,
2194 5018 2340 5056 more
2385 5003 2528 5056 illius
2588 5004 2675 5072 qui
2714 5004 2788 5056 ait
2823 5021 2835 5056 :
2872 5003 3114 5068 Quotidie
3149 5008 3344 5059 morior
3375 5009 3416 5060 ⁷.

1879 5094 1980 5146 Aut
2009 5094 2171 5146 etiam
2199 5092 2352 5145 aliter
2375 5108 2587 5147 crucem
2616 5103 2830 5162 portare
2879 5111 2979 5152 nos
3001 5097 3172 5166 jubet,
3197 5100 3297 5154 hoc
3327 5111 3430 5164 est,

1880 5184 2219 5238 continenter
2261 5183 2482 5251 vigilare
2527 5185 2738 5250 animo,
2785 5195 2838 5240 et
2876 5187 3167 5242 virtutibus
3223 5190 3276 5243 in
3323 5193 3432 5246 altu

1880 5284 2045 5339 stare,
2085 5291 2260 5343 neque
2295 5275 2360 5327 de
2390 5291 2548 5329 cruce
2583 5277 2939 5332 descendere:
2981 5280 3227 5336 videlicet
3261 5286 3431 5338 conti-

1883 5381 2010 5418 nere
2055 5381 2247 5433 pravas
2286 5366 2627 5429 aﬂ'wctiones,
2671 5367 2844 5422 donec
2887 5371 3166 5424 exscindat
3228 5387 3318 5425 eas
3381 5385 3434 5426 et

1881 5457 2200 5509 cxterminet
2230 5456 2484 5522 deinceps
2517 5456 2767 5511 invictus.
2802 5457 2943 5511 Crux
2973 5461 3116 5512 enim
3148 5469 3228 5514 cst
3259 5465 3433 5516 omnis

1884 5548 2086 5616 peccati
2117 5548 2354 5603 abolitio.
2385 5549 2648 5615 Crucilige
2673 5565 2798 5616 ergo
2826 5551 3055 5616 teipsum
3081 5551 3435 5606 saecularium
