4118 6328
569 332 711 401 ητε

1583 334 1636 396 Ι.
1685 335 2072 396 XIPHILINI
2105 334 2219 396 ΟΡ.
2259 335 2766 398 ΡΑἹῚΠΑΒΟῘΙΒ

3665 327 3796 390 Mlti

566 449 736 506 rebus
768 445 1024 502 omnibus
1065 442 1410 503 laudabiliter
1445 444 1711 510 m'oritur;
1749 443 2140 505 seusibiltbns.

2275 444 2542 504 παινετῶς
2593 443 2879 498 ἀποθανών
2909 457 2922 471 ·
2954 445 3063 505 τοῖς
3116 441 3217 510 μὲν
3264 440 3534 510 αἰσθητοῖς
3563 442 3631 517 τῇ
3665 442 3800 493 ἀπο-

568 539 898 612 deponendo
938 554 1198 594 sensuum
1231 553 1389 594 usum
1419 547 1473 592 et
1507 536 1782 604 fructum;
1816 534 2131 605 intelligibi-

568 629 748 693 libus,
791 644 1054 684 sensuum
1105 629 1346 683 motione
1399 627 1761 696 reprimenda.
1825 626 2139 682 Laudabilis

571 718 715 778 enim
761 735 917 787 mors
950 720 1116 775 animi
1190 730 1274 775 est
1321 720 1548 776 interior
1583 719 1652 773 ab
1689 720 1943 779 omnibus
1975 720 2136 774 rebus

574 808 939 874 alnlienatio,
995 825 1100 878 qua
1146 819 1420 866 transacta
1460 810 1696 864 divinam
1742 809 1927 879 gratia
1971 811 2139 864 vitam

575 915 732 956 utens
761 897 1037 969 suscipere
1063 901 1217 964 solet,
1243 909 1295 954 et
1319 916 1414 970 pro
1445 899 1614 955 rebus
1639 909 1913 956 auctorem
1933 914 2135 954 rerum.

575 991 867 1060 Postquam
906 1006 1032 1045 vero
1068 991 1288 1046 dixisset
1337 990 1636 1052 Dominus,
1681 1007 1809 1046 eum
1833 1027 1849 1054 ,
1887 991 1977 1060 qui
2015 989 2143 1045 vellt

579 1079 814 1135 animam
849 1078 1054 1132 salvam
1091 1078 1287 1142 facere,
1318 1077 1657 1146 perditurum
1679 1093 1800 1133 esse
1824 1078 2007 1143 illam;
2044 1078 2136 1148 qui

576 1179 755 1226 autem
801 1166 1125 1237 perdiderit.
1168 1179 1509 1228 servaturum
1537 1209 1552 1235 ,
1605 1169 1786 1239 ibique
1827 1171 2055 1225 salutem
2091 1179 2145 1224 et

582 1259 970 1324 perditionem,
999 1267 1052 1313 et
1079 1259 1165 1313 hic
1189 1261 1418 1314 salutem
1452 1274 1514 1313 ac
1545 1261 1901 1330 perditionem
1931 1261 2143 1329 posuiso

584 1359 660 1402 set
686 1345 704 1400 Ξ
735 1364 801 1401 ne
831 1351 954 1418 quis
977 1350 1331 1413 existimaret,
1361 1351 1620 1418 aequalem
1647 1365 1764 1405 esse
1788 1351 2142 1420 perditionem

586 1443 724 1495 hanc
756 1448 810 1495 et
840 1441 985 1495 illam
1033 1457 1097 1496 ac
1160 1443 1426 1503 salutem;
1463 1442 1553 1498 sed
1589 1445 1860 1512 sapienter
1890 1444 2143 1505 disceret,

587 1541 790 1584 tantum
823 1533 961 1586 inter
985 1533 1124 1587 hanc
1152 1541 1206 1586 et
1237 1533 1380 1587 illam
1414 1533 1637 1587 salutem
1665 1535 1947 1596 interesse,
1980 1548 2147 1602 quan-

582 1630 694 1677 tum
733 1621 871 1676 inter
897 1621 1248 1692 perditionem
1277 1635 1330 1677 ct
1357 1625 1582 1679 salunem
1608 1663 1626 1690 ,
1657 1625 1856 1679 idcirco
1886 1624 2141 1693 subjicit:

2245 534 2391 588 Θέσει
2421 535 2517 604 τῆς
2548 535 2668 586 κατ’
2712 534 2964 605 αἴσθησιν
3002 533 3285 601 ἐνεργείας
3311 571 3326 596 ,
3367 535 3480 595 τοῖς
3506 531 3563 585 δὲ
3596 533 3802 601 νοητοῖς

2242 626 2311 694 τῇ
2339 623 2438 695 τῆς
2464 625 2586 679 κατ’
2615 623 2866 694 αἴσθησιν
2890 623 3197 676 ἀποσπάσει
3231 623 3517 692 κινήσεως.
3552 621 3662 675 Νοῦ
3697 622 3800 691 γὰρ

2246 712 2475 778 Θάνατος
2500 715 2886 783 ἐπαινούμενος
2911 716 2941 784 ἡ
2973 714 3108 784 πρὸς
3141 713 3318 767 πάντα
3342 715 3411 765 τά
3435 713 3564 766 ὄντα
3601 727 3806 780 γνωμι-

2245 805 2318 876 κὴ
2341 805 2663 873 ἀπογένεσις
2685 822 2698 837 ·
2754 804 2876 874 μεθ’
2909 804 2978 874 ἢν
3030 803 3128 873 τὴν
3168 803 3320 857 θείαν
3351 807 3407 856 ὲν
3447 805 3630 872 χάριτι
3665 802 3807 870 ζωὴν

2248 897 2603 966 ὑποδέχεσθαι
2635 899 2868 966 πέφυκε,
2917 897 3039 949 ἀντὶ
3073 895 3181 947 τῶν
3209 896 3376 948 ὄντων
3421 895 3480 946 τδ
3504 895 3676 947 αἴτιον
3702 893 3806 945 τᾶν

2249 985 2417 1040 ὄντων
2446 987 2710 1055 ἐννοήτως
2750 986 3064 1040 ἀπολαϐών.
3104 987 3323 1072 Ἐπειδῂ
3366 984 3420 1038 δι
3463 981 3615 1036 εἶπεν
3644 986 3672 1036 6
3702 983 3809 1036 K6-

2254 1095 2368 1148 ριος
2397 1078 2478 1131 ὅτι
2508 1079 2535 1131 6
2569 1078 2744 1131 θέλων
2767 1077 2960 1139 σώζειν
2977 1079 3076 1146 τὴν
3111 1076 3290 1145 ψυχὴν
3323 1073 3578 1127 ἀπολέσει
3599 1074 3770 1140 αὐτην
3788 1087 3805 1107 ο

2249 1168 2307 1230 ὃς
2335 1168 2380 1221 δ’
2411 1167 2478 1221 ἂν
2505 1168 2766 1239 ἀπολέσῃ,
2805 1168 2968 1221 σώσει
2992 1184 3007 1200 ο
3041 1168 3202 1220 κάκεῖ
3229 1167 3503 1236 σωτηρίαν
3534 1167 3626 1219 καὶ
3658 1163 3807 1216 ἀπῶ-

2248 1259 2421 1321 λειαν,
2440 1261 2533 1312 καὶ
2558 1259 2786 1312 ἐνταῦθα
2816 1261 3090 1329 σωτηρίαν
3111 1259 3203 1311 καὶ
3233 1256 3508 1311 ἀπώλειαν
3525 1256 3763 1310 τέθεικεν
3793 1269 3809 1289 ·

2251 1351 2338 1404 ἵνα
2375 1350 2450 1421 μὴ
2480 1351 2676 1422 νομίσῃ
2701 1368 2784 1412 τις
2822 1352 2943 1422 ίσην
2988 1347 3129 1403 εἶναι
3162 1350 3260 1419 τὴν
3306 1349 3582 1403 ἀπώλειαν
3611 1350 3812 1415 ταύτην

2251 1443 2533 1513 κάκείνην,
2575 1443 2668 1495 καὶ
2696 1442 2793 1513 τὴν
2827 1443 3119 1512 σωτηρίαν,
3156 1443 3296 1495 ἀλλά
3333 1443 3483 1514 μάθῃ
3519 1441 3702 1509 σαφῶς
3731 1441 3812 1493 ὅτι

2252 1536 2508 1591 τοσοῦτον
2568 1538 2785 1607 ἐκείνης
2836 1538 2937 1606 τῆς
2999 1537 3274 1607 σωτηρίας
3345 1537 3441 1590 καὶ
3500 1536 3699 1600 ταύτης
3753 1533 3814 1584 τὸ

2257 1629 2443 1698 μέσον,
2505 1631 2632 1683 ὅσον
2679 1628 2954 1692 ἀπωλείας
3005 1629 3098 1681 καὶ
3155 1626 3429 1698 σωτηρίας
3472 1644 3486 1658 ·
3525 1625 3611 1679 διὰ
3663 1625 3816 1678 τοῦτο

2255 1721 2469 1788 επάγειο

663 1805 804 1872 Quid
857 1807 994 1860 enim
1036 1806 1264 1875 proderit
1313 1807 1549 1870 homini,
1595 1807 1642 1859 si
1686 1815 1850 1860 totum
1902 1809 2150 1861 mundum

2333 1815 2393 1867 Τί
2436 1811 2546 1882 γὰρ
2595 1812 2897 1883 ὠφελήσει
2930 1812 3264 1881 ἄνθρωπον,
3312 1811 3422 1866 ἐὰν
3457 1811 3564 1864 τὸν
3593 1810 3820 1876 κόσμον

586 1893 855 1960 lucretur,
906 1906 955 1949 et
1004 1897 1194 1950 animi:
1224 1897 1268 1927 ¹⁰
1299 1914 1410 1950 suae
1457 1897 1826 1950 detrimentum
1876 1899 2157 1964 patiatur?

588 1997 680 2040 aut
734 2003 889 2053 quant
941 1985 1086 2041 dabit
1118 1987 1273 2040 homo
1328 1983 1786 2040 commutationem
1835 2003 1929 2056 pro
1979 1989 2157 2042 animo

590 2078 727 2128 sua?
757 2076 945 2130 Vidisti
969 2078 1421 2146 quemadmodum
1451 2079 1764 2147 temporalis
1792 2080 1987 2134 animae
2011 2081 2159 2133 salus

591 2168 896 2235 perditione
935 2169 1172 2222 deterior
1206 2170 1307 2233 sit,
1343 2170 1541 2238 quippe
1574 2169 1915 2232 incnraliilis,
1953 2181 2008 2224 et
2040 2186 2160 2239 quae

590 2258 723 2314 nihil
757 2275 874 2327 quo
935 2259 1228 2314 redimatur
1275 2259 1539 2329 reliquum
1609 2259 1798 2314 faciat.
1831 2260 1965 2314 Cum
2010 2263 2158 2314 enim

592 2351 883 2421 quispiam,
910 2350 974 2404 ad
1005 2359 1298 2418 pmsentes
1341 2352 1462 2404 vitae
1493 2350 1719 2405 delicias
1766 2352 2037 2412 intentus,
2072 2367 2160 2405 re-

595 2447 751 2494 cusat
784 2438 917 2508 pati,
946 2438 1333 2508 splendideque
1367 2439 1546 2494 vivere
1576 2440 1786 2504 studet,
1811 2441 1912 2494 etsi
1947 2442 2161 2495 divitias

599 2529 820 2593 habeat,
862 2531 963 2585 etsi
998 2531 1205 2599 copiam
1246 2532 1598 2600 pecuniarum
1625 2572 1638 2591 ,
1687 2533 1814 2600 quid
1853 2531 1976 2586 inde
2015 2534 2163 2586 utili-

599 2622 727 2676 tatis
752 2622 816 2676 ad
860 2638 980 2676 eum
1017 2625 1185 2685 redit,
1234 2629 1412 2676 anima
1452 2622 1698 2691 perdita?
1743 2622 1986 2676 Prwterit
2025 2623 2164 2675 enim

599 2713 771 2783 ﬁgura
805 2718 985 2768 mundi
1003 2717 1160 2785 hujus
1189 2717 1251 2781 “,
1285 2728 1337 2768 et
1373 2718 1685 2768 umbrarum
1726 2717 1894 2769 instar
1929 2716 2162 2771 reclina-

599 2813 711 2866 tur,
742 2812 797 2856 et
837 2804 1060 2858 divitum
1092 2818 1222 2871 opes
1258 2804 1494 2857 avolant.
1529 2803 1643 2856 Non
1680 2804 1822 2856 enim
1870 2805 2166 2872 proderunt

604 2894 846 2947 thesauri
899 2895 1147 2963 iniquis:
1188 2895 1398 2963 jnstitia
1442 2905 1622 2948 autem
1673 2895 1864 2948 liberat
1905 2911 1933 2947 a
1969 2903 2163 2948 morte.

601 2979 772 3040 Totus
810 2987 1042 3040 mundus
1078 2988 1231 3040 vanis
1266 2987 1529 3053 ejusmodi
1569 2987 1884 3040 hominibus
1920 2985 2168 3055 plenissi-

2257 1903 2406 1957 ὅλον
2431 1904 2721 1973 κερδήσῃ,
2755 1903 2854 1958 καὶ
2881 1904 2994 1970 τὴν
3021 1902 3234 1971 ψυχὴν
3258 1902 3445 1958 αὑτοῦ
3472 1898 3757 1969 ζημιωθῇἒ
3781 1898 3817 1964 ἦ

2257 1997 2315 2048 τί
2333 1993 2509 2048 δώσει
2524 1995 2835 2062 ἅνθρωπος
2851 1993 3241 2062 ἀντάλλαγμα
3259 1991 3368 2059 τῆς
3391 1991 3600 2062 ψυχῆς
3616 1987 3821 2053 αὐτοῦς

2261 2081 2416 2146 Εἶδες
2450 2083 2522 2145 ῶς
2556 2085 2588 2153 ἡ
2625 2086 2753 2152 περὶ
2776 2084 2834 2136 τδ
2865 2083 3011 2136 ἔνδον
3049 2085 3146 2152 τῆς
3188 2083 3364 2152 ψυχῆς
3395 2081 3638 2150 σωτηρία
3669 2077 3819 2131 ἀπῶ-

2259 2174 2379 2226 λεια
2411 2175 2609 2244 χείρων
2637 2176 2787 2228 ἐστὶν
2818 2175 2911 2227 ἅτε
2940 2175 3003 2243 δὴ
3037 2175 3129 2226 καὶ
3159 2175 3375 2237 ἀνίατός
3409 2175 3524 2226 ἔστι
3548 2171 3627 2239 τῷ
3661 2169 3825 2240 μηδὲν

2261 2261 2400 2317 εἶναι
2433 2265 2622 2318 λοιπὸν
2651 2268 2711 2321 τὸ
2739 2268 2944 2334 ταύτην
2973 2264 3355 2335 ὲξωνούμενον.
3386 2266 3558 2318 Ὀταν
3584 2264 3692 2332 γάρ
3720 2278 3822 2322 τις,

2263 2357 2341 2418 είς
2373 2356 2435 2410 τὸ
2470 2359 2788 2428 παραυτίκα
2821 2357 2919 2427 ἡδὺ
2959 2357 3051 2410 τοῦ
3085 2357 3202 2426 βίου
3245 2356 3590 2420 ἀποϐλέπων,
3621 2370 3822 2422 παραι-

2261 2449 2500 2517 τήσηται
2530 2448 2589 2501 τὸ
2625 2449 2727 2517 μέν
2771 2466 2852 2500 τοι
2893 2448 3105 2514 παθεῖν,
3140 2449 3314 2517 ἔχοιτο
3355 2448 3411 2500 δὲ
3453 2448 3513 2499 τὸ
3543 2446 3828 2499 διαϐιῶναι

2262 2537 2531 2608 λαμπρῶς
2555 2554 2569 2569 ·
2604 2538 2707 2591 κᾶν
2739 2539 2965 2591 πλοῦτον
2989 2538 3108 2611 ἔχῃ,
3137 2539 3240 2591 κᾶν
3270 2537 3582 2608 περιουσίαν
3617 2535 3829 2606 χρημάο

2263 2630 2464 2693 των,τί
2506 2627 2566 2682 τὸ
2598 2629 2789 2697 ὄφελος
2824 2628 3073 2682 ἐντεῦθεν
3096 2629 3247 2699 αύτῷ
3281 2630 3379 2699 τὴν
3411 2629 3590 2698 ψυχὴν
3634 2627 3830 2682 ἀπολέ-

2269 2737 2470 2784 σαντι;
2526 2721 2856 2790 Παρὰγεται
2905 2721 3016 2789 γὰρ
3070 2721 3133 2772 τὸ
3183 2719 3388 2790 σχῆμα
3443 2721 3550 2774 τοῦ
3601 2723 3830 2788 κόσμου

2271 2813 2488 2864 τούτου
2519 2828 2532 2842 ·
2563 2811 2658 2864 καὶ
2691 2813 2748 2862 ὲν
2795 2811 2892 2880 ἴσῳ
2931 2813 3112 2872 σκιαῖς
3147 2810 3216 2863 τὰ
3251 2811 3460 2880 τερπνά
3514 2811 3832 2879 μετακλίνεσ-

2268 2915 2383 2960 ται,
2418 2900 2514 2950 καὶ
2543 2898 2652 2950 τῶν
2683 2899 2912 2966 ἐχόντων
2943 2901 2970 2951 6
3000 2897 3228 2960 πλοῦτος
3266 2900 3590 2966 ἀφίπταται.
3618 2899 3693 2950 Οὐ
3729 2896 3832 2968 γὰρ

2271 2989 2613 3058 ὠφελήσουσι
2648 2989 2914 3057 θησαυροὶ⁸
2942 2989 3177 3057 ἀνόμους
3212 3004 3225 3018 ·
3273 2988 3586 3058 δικαιοσύνη
3617 2988 3674 3040 δι
3713 2989 3835 3056 ῥύε-

607 3091 728 3129 mus
760 3086 840 3129 cst
875 3077 954 3146 (ut
985 3077 1144 3129 talem
1180 3077 1258 3128 eis
1292 3086 1521 3130 mentem
1556 3076 1775 3143 injicere
1807 3091 2024 3131 necesse
2057 3091 2160 3131 non

2268 3097 2355 3132 ται
2400 3082 2462 3132 ἐκ
2492 3080 2742 3135 Θανάτου.
2779 3079 3170 3150 Περιττότατος
3210 3079 3327 3140 δλος
3365 3081 3394 3132 6
3434 3080 3657 3148 κόσμος.
3691 3080 3832 3131 Διότι

603 3166 832 3234 sit).qui
869 3169 1255 3222 tentatinnihus
1290 3169 1689 3236 quodammodo
1725 3168 2076 3231 inebrientur,
2114 3179 2165 3223 et

605 3255 883 3309 inutilibus
906 3256 1147 3309 tlimnant
1171 3257 1555 3322 voluptatibus.
1596 3255 1746 3310 Unde
1777 3257 1870 3319 iis,
1899 3259 1992 3326 qui
2021 3269 2168 3312 recte

605 3345 783 3400 vivere
812 3347 1122 3410 instituunt,
1164 3348 1447 3416 superﬂuae
1481 3358 1608 3401 sunt
1645 3349 1912 3402 lllecebra:
1946 3351 2152 3412 carnis,

607 3446 660 3488 et
691 3453 877 3503 sapere
922 3454 980 3492 ea
1023 3455 1140 3506 qua:
1195 3440 1246 3490 in
1278 3440 1477 3490 mundo
1518 3439 1644 3491 suht
1716 3436 1905 3498 efﬁcit,
1944 3447 1997 3489 ut
2032 3454 2060 3491 ιι
2087 3454 2169 3491 re-

611 3543 730 3579 rum
782 3529 989 3581 utilium
1047 3545 1107 3581 ac
1161 3528 1591 3583 necessariarum
1643 3529 1755 3596 ipsa
1806 3529 1950 3581 velut
2002 3528 2167 3596 janua

611 3622 903 3674 aberrent:
938 3623 981 3674 si
1017 3623 1232 3689 quidem
1262 3639 1440 3675 verum
1475 3631 1576 3682 est,
1606 3621 1919 3689 sapientiam
1976 3621 2155 3674 carnis

613 3712 888 3764 inimicam
928 3727 1060 3764 esse,
1085 3711 1224 3773 Deo,
1258 3721 1310 3765 et
1344 3725 1496 3775 eum,
1534 3712 1625 3779 qui
1662 3711 1796 3779 sapit
1833 3727 1951 3779 qua:
1983 3711 2168 3765 mttudi

611 3813 759 3866 sunt,
796 3803 1074 3856 inimicum
1111 3803 1200 3857 Dei
1231 3804 1514 3857 constitui.

687 3893 1028 3959 Superlluum
1051 3908 1182 3962 ergo
1215 3910 1396 3948 revera
1421 3904 1503 3948 est
1529 3909 1719 3961 sapere
1750 3909 1867 3962 qua:
1892 3896 1942 3947 in
1973 3895 2171 3947 mundo

613 3995 758 4037 sunt.
796 3985 1092 4051 Eapropter
1140 3985 1304 4039 dicit:
1333 3985 1467 4051 Quid
1493 3987 1633 4037 enim
1669 3986 1904 4052 proderit
1935 3985 2165 4047 homini,

613 4077 656 4129 si
693 4077 950 4129 mundum
986 4078 1298 4129 universum
1334 4079 1597 4139 lucretur,
1629 4087 1680 4130 et
1710 4079 1901 4129 animus
1935 4093 2046 4131 sum
2076 4078 2172 4131 de—

616 4170 925 4222 trimentum
957 4172 1228 4236 patiatur?
1253 4169 1327 4224 Ne
1357 4173 1501 4225 enim
1536 4173 1687 4232 mihi,
1721 4172 1914 4240 inquit,
1945 4171 2169 4232 dixeris.

615 4278 736 4312 cum
781 4262 983 4313 salvam
1027 4262 1218 4316 fecisse
1262 4263 1495 4316 animam
1536 4271 1610 4314 tot
1650 4264 1921 4330 tantisque
1959 4265 2172 4318 evilatis

617 4350 897 4418 ln-riculis.
947 4349 1002 4403 Si
1045 4367 1276 4426 namque
1321 4368 1425 4405 una
1463 4367 1584 4406 eum
1630 4354 1807 4405 anima
1852 4370 1947 4407 sua
1989 4356 2171 4408 orbem

2279 3171 2410 3240 δρᾷν
2440 3171 2566 3232 τοὺς
2591 3171 2763 3222 ταῦτα
2803 3173 3019 3238 φρονεῖν
3051 3170 3338 3240 ἑλομένους
3378 3171 3485 3224 τῶν
3525 3172 3834 3237 ἀναγκαίων

2276 3261 2426 3314 οὐδέν
2445 3278 2457 3291 ο
2494 3262 2722 3322 είκαίοις
2754 3260 2943 3331 ῶσπερ
2962 3260 3329 3328 καταμεθύειν
3368 3263 3722 3330 πειρασμοῖς
3746 3263 3835 3314 καὶ

2275 3351 2712 3422 διαρῤιπτεῖσθαι
2744 3352 2942 3420 τρόπον
2971 3353 3091 3405 τινὰ
3123 3353 3259 3421 πρὸς
3286 3354 3541 3423 ἀχρείους
3601 3354 3791 3425 ηδονάς

2275 3443 2398 3496 ὅθεν
2443 3445 2557 3505 τοῖς
2604 3443 2880 3496 ἐθέλουσιν
2905 3443 3082 3515 ὀρθῶς
3115 3446 3344 3514 περιττά
3392 3445 3460 3496 τὰ
3489 3444 3588 3512 τῆς
3615 3445 3833 3514 σαρκὸς,

2277 3535 2372 3586 καὶ
2397 3533 2457 3586 τὸ
2489 3536 2702 3602 φρονεῖν
2734 3535 2801 3587 τὰ
2834 3535 2892 3585 ὲν
2924 3534 3132 3603 κόσμῳ,
3161 3536 3258 3604 τὴν
3281 3534 3375 3586 τοῦ
3403 3532 3675 3602 χρησίμου
3698 3573 3712 3598 ,
3747 3536 3836 3587 καὶ

2279 3624 2578 3691 ἀναγκαίου
2624 3622 2968 3692 διημάρτηκε
3003 3622 3172 3691 θύραν
3197 3640 3209 3654 ·
3262 3623 3419 3690 εῖπερ
3447 3622 3595 3673 ἐστῖν
3643 3621 3836 3689 ἀληθὲς

2277 3718 2360 3770 ὅτι
2389 3715 2637 3786 φρόνημα
2671 3716 2766 3782 τῆς
2800 3714 2998 3782 σαρκὸς
3024 3713 3190 3792 εχαρα
3224 3715 3300 3774 είς
3328 3715 3459 3767 Θεόν
3485 3729 3498 3744 ⁸
3532 3713 3618 3766 καί
3655 3716 3680 3764 6
3713 3729 3835 3782 φρο-

2280 3808 2384 3860 νῶν
2411 3807 2478 3858 τὰ
2507 3807 2599 3858 τοῦ
2636 3806 2838 3875 κόσμου
2871 3805 3062 3876 ἐχθρὸς
3096 3805 3188 3858 τοῦ
3221 3805 3354 3858 Θεοῦ
3387 3806 3735 3858 καθίσταται.

2351 3899 2678 3967 ΙΙεριττότης
2723 3894 2814 3949 οὖν
2851 3897 3063 3965 ἀληθῶς
3105 3898 3167 3948 τὸ
3213 3899 3430 3967 φρονεῖν
3465 3897 3532 3948 τὰ
3565 3898 3620 3948 ἐν
3646 3897 3724 3963 τῷ
3754 3897 3840 3946 κό-

2282 3984 2427 4057 σμῳ.¹
2457 3988 2554 4043 Διὰ
2581 3988 2742 4040 τοῦτο
2773 3988 2924 4055 λέγει
2958 4005 2971 4018 ⁸
3003 3989 3069 4040 Τί
3100 3989 3206 4057 γὰρ
3233 3986 3501 4057 ὠφελήσει
3533 3987 3835 4054 ἄνθρωπον,

2281 4079 2374 4129 ἐᾶν
2404 4078 2494 4130 τὸν
2524 4079 2726 4146 κόσμον
2762 4077 2880 4129 ὅλον
2913 4077 3172 4147 κερδήσῃ,
3209 4078 3300 4128 καὶ
3337 4077 3434 4146 τὴν
3468 4077 3645 4147 ψυχὴν
3675 4078 3836 4130 αὑτοῦ

2282 4169 2568 4239 ζημιωοᾕ;
2609 4171 2699 4238 Μὴ
2740 4169 2848 4238 γάρ
2881 4186 2991 4238 μοι,
3029 4172 3184 4238 φησὶ,
3228 4169 3372 4237 λέγε,
3408 4170 3489 4222 ὅτι
3524 4171 3621 4239 τὴν
3667 4169 3841 4238 ψυχὴν

2283 4261 2455 4312 ἔσωσε
2488 4261 2776 4321 τοσούτους
2828 4257 3433 4328 κινδύνουςδιαφυγών.
3469 4261 3531 4312 Et
3571 4260 3677 4329 γὰρ
3709 4261 3842 4330 μετά

2283 4353 2383 4420 τῆς
2408 4352 2592 4420 ψυψῆς
2632 4351 2795 4403 αὑτοῦ
2836 4354 2929 4404 καί
2961 4352 3059 4420 τὴν
3089 4351 3414 4418 οἰκουμένην
3449 4351 3706 4419 κερδήσει
3761 4367 3838 4411 τις

619 4460 833 4510 quoque
877 4453 1137 4497 terrarum
1185 4441 1307 4511 quis
1359 4444 1596 4497 lucretur
1650 4445 1995 4506 universum,
2047 4447 2160 4513 quit

2283 4447 2519 4505 ἃπασαν,
2566 4445 2618 4496 τί
2673 4445 2730 4494 τὸ
2787 4447 2948 4495 πλέον
3007 4443 3156 4512 αὐτῷ
3201 4444 3452 4495 ἐντεῦθεν
3518 4445 3614 4511 τῆς
3666 4445 3836 4512 φυχῆς

619 4535 966 4586 «ιιηοιιιιιιυιιιί
1001 4536 1124 4587 inde
1153 4535 1357 4601 capiet,
1393 4533 1569 4586 anima
1609 4534 1812 4601 perdita
1837 4573 1850 4595 ,
1888 4552 2008 4586 cum
2068 4551 2174 4603 qua

622 4642 688 4676 ne
739 4626 1025 4678 universus
1076 4623 1292 4691 quidem
1347 4625 1578 4676 mundUs
1627 4628 2022 4689 cmnparandus
2077 4634 2178 4678 t-st.

621 4715 802 4784 Neque
827 4717 966 4768 enim
999 4717 1221 4784 pecunia
1257 4717 1378 4769 licet
1404 4716 1632 4769 salutem
1661 4727 2015 4769 connnutarc.
2047 4715 2177 4769 Nam

625 4807 668 4858 si
701 4806 746 4857 id
784 4808 990 4881 liceret,
1013 4808 1105 4873 qui
1131 4806 1371 4859 lucratus
1399 4817 1514 4861 erat
1549 4808 1833 4867 mundum,
1861 4817 1914 4858 at
1945 4809 2177 4859 animam

623 4898 954 4964 pvt'tlidtn'ul,
989 4898 1223 4950 dedisset
1270 4907 1379 4951 tum
1414 4914 1535 4952 cum
1561 4899 1791 4961 ﬂammis
1840 4899 2174 4952 cruciaretur

623 5001 670 5040 et
707 4991 961 5043 llel'ulllS
1007 4989 1217 5042 luisset.
1263 4989 1366 5045 Sed
1409 5007 1512 5044 non
1557 4991 1679 5043 licet
1719 4991 1836 5051 hoc,
1874 5001 1991 5041 non
2030 4990 2175 5042 licet.

631 5082 698 5131 I‘t
738 5081 878 5132 enim
925 5081 1097 5134 servis
1130 5081 1180 5132 in
1212 5081 1419 5135 deliciis
1463 5082 1701 5147 luxuque
1741 5080 2081 5141 viventibus,
2133 5079 2176 5132 si

625 5170 879 5221 dominus
925 5170 976 5220 in
1021 5170 1278 5222 extremis
1315 5171 1516 5224 interea
1566 5181 1802 5223 versetur
1836 5169 2010 5232 malis,
2047 5169 2176 5221 nihil

625 5257 761 5309 incri
792 5274 851 5309 ex
883 5273 945 5310 eo
973 5259 1218 5325 percipit,
1249 5259 1391 5324 quod
1423 5260 1676 5312 dominus
1704 5260 1811 5312 sit:
1845 5260 1916 5310 ita
1947 5259 2105 5309 etiam
2136 5257 2178 5310 si

630 5356 811 5399 venter
841 5347 1067 5401 delicate
1097 5349 1241 5400 vivat
1273 5359 1326 5402 et
1354 5347 1590 5417 opipare,
1622 5350 1712 5402 sed
1741 5347 1918 5401 anima
1948 5349 2179 5401 futuram

628 5447 898 5504 exspectet
919 5439 1270 5505 perditionem
1298 5478 1313 5502 ,
1343 5440 1474 5491 nihil
1497 5439 1544 5492 ei
1572 5439 1788 5507 prodest
1815 5477 1830 5500 ,
1866 5453 1928 5491 ac
1952 5438 2184 5491 maxime

631 5547 751 5583 cum
785 5546 889 5583 non
926 5530 1098 5598 possis
1125 5531 1284 5586 ullam
1319 5547 1415 5600 pro
1443 5546 1503 5585 ea
1526 5530 2003 5586 commutationem
2035 5531 2181 5585 dare.

743 5691 780 5719 ¹⁰
806 5688 962 5742 ιρςεῗὶ.
993 5705 1048 5747 ιι,
1074 5690 1159 5739 ‘23.
1243 5689 1703 5752 ⁸¹1(ἶ‹ι1’.ιιι,ῧι.

2281 4536 2686 4604 ἀπολλυμένης,
2717 4529 2780 4605 ἧς
2815 4535 2923 4586 οὐδ’
2949 4537 2976 4585 6
3006 4533 3207 4599 κόσμος
3258 4535 3402 4596 ἅπας
3450 4533 3594 4585 ἐστὶν
3629 4535 3836 4586 ίσοστὰο

2282 4642 2435 4689 σιος;
2479 4627 2551 4694 μὴ
2583 4625 2689 4693 γὰρ
2715 4624 3012 4694 χρημάτων
3062 4623 3178 4675 ἐστὶ
3227 4623 3325 4692 τὴν
3375 4625 3646 4693 σωτηρίαν
3689 4625 3841 4676 ἀλλά-

2282 4717 2474 4779 ξασθαι
2546 4717 2630 4777 Ὠς
2675 4719 2780 4767 εἴτε
2817 4715 2972 4767 τοῦτο
3005 4711 3071 4784 ἧν
3115 4717 3140 4766 ὁ
3189 4715 3451 4781 κερδάνας
3492 4717 3583 4766 τὸν
3617 4717 3837 4783 κόσμον,

2279 4807 2376 4875 τὴν
2400 4808 2454 4857 δὲ
2489 4807 2667 4876 ψυχὴν
2704 4807 2992 4870 ἀπολέσας,
3026 4806 3224 4857 ἔδωκεν
3256 4807 3322 4857 ἂν
3347 4808 3602 4874 χρήματα
3625 4807 3745 4858 τότε
3786 4809 3840 4857 ἐν

2280 4902 2345 4968 τῇ
2380 4899 2537 4966 φλογὶ
2565 4897 2988 4967 τηγανιζόμενος
3020 4897 3111 4949 καὶ
3145 4896 3396 4966 ὴυωώοη.
3441 4896 3579 4946 ’Λλὶΰ
3605 4898 3702 4949 οὐκ
3730 4896 3840 4948 ἔστι

2282 4989 2460 5052 τοῦτο,
2491 4991 2589 5042 οὐκ
2625 4991 2790 5042 ἐστιν.
2822 4989 3033 5056 Ὥσπερ
3071 4989 3177 5056 γὰρ
3207 4989 3274 5049 εἰ,
3317 4987 3423 5037 ⁴τῶν
3465 4988 3688 5039 οἰκετῶν
3722 5004 3836 5054 τρυ·
3872 5013 3878 5021 ι

2289 5083 2532 5148 φώντων,
2583 5079 3002 5137 σπαταλώντων,
3031 5081 3058 5130 ὁ
3101 5078 3364 5145 δεσπότης
3413 5077 3469 5126 ὲν
3506 5079 3694 5137 κακοῖς
3734 5078 3840 5138 τοῖς

2287 5172 2530 5238 ἐσχάτοις
2569 5166 2624 5243 ᾗ,
2665 5171 2814 5222 οὐδὲν
2845 5171 2980 5232 ὅλως
3011 5168 3281 5237 κερδαίνει
3330 5168 3394 5218 ὲκ
3435 5167 3528 5218 τοῦ
3577 5167 3838 5218 δεσπότου

2282 5261 2666 5323 εἷναιόὖτως
2723 5263 2769 5312 εἰ
2816 5263 2909 5312 καὶ
2965 5261 3062 5329 τῆς
3115 5258 3347 5327 γαστρὸς
3404 5257 3695 5326 τρυφώσης
3752 5259 3840 5308 καὶ

2288 5352 2646 5420 πλουτούσης,
2676 5354 2706 5420 ἡ
2744 5351 2892 5420 ψυχὴ
2941 5351 3040 5419 τὴν
3091 5350 3386 5417 μέλλουσαν
3414 5347 3688 5399 ἀπώλειαν
3717 5349 3842 5399 ἀνα-

2292 5441 2449 5512 μένῃ,
2477 5443 2699 5511 οὐδεμία
2729 5443 2898 5514 ταύτῃ
2935 5441 3168 5509 ὠφέλεια
3192 5458 3205 5472 ο
3242 5441 3336 5493 καὶ
3375 5438 3606 5506 μάλιστα
3635 5438 3714 5490 δτι
3745 5440 3842 5490 οὐκ

2291 5529 2406 5580 ἔστι
2431 5547 2481 5581 τι
2512 5529 2691 5582 δοῦναι
2741 5529 2940 5597 ταύτης
2974 5528 3347 5595 ἀντάλλαγμα.
3380 5523 3470 5593 Μὴ
3503 5523 3610 5592 γὰρ
3650 5522 3840 5591 ἑτέραν
