  <div class='ocr_page' id='page_1' title='image "/cluster/home/n/w/nwhite01/storage/ocr_20150623/120/pst.000005714353/652.png"; bbox 0 0 4118 6328; ppageno 0'>
   <div class='ocr_carea' id='block_1_1' title="bbox 255 373 388 436">
    <p class='ocr_par' dir='ltr' id='par_1_1' title="bbox 255 373 388 436">
     <span class='ocr_line' id='line_1_1' title="bbox 255 373 388 436; baseline -0.015 -2"><span class='ocrx_word' id='word_1_1' title='bbox 255 373 388 436; x_wconf 78' lang='grc' dir='ltr'><strong>1Ξ89</strong></span> 
     </span>
    </p>
   </div>
   <div class='ocr_carea' id='block_1_2' title="bbox 1654 369 2102 430">
    <p class='ocr_par' dir='ltr' id='par_1_2' title="bbox 1654 369 2102 430">
     <span class='ocr_line' id='line_1_2' title="bbox 1654 369 2102 430; baseline 0.007 -4"><span class='ocrx_word' id='word_1_2' title='bbox 1654 369 1985 430; x_wconf 71' lang='lat' dir='ltr'><strong>OIlATlON</strong></span> <span class='ocrx_word' id='word_1_3' title='bbox 1999 374 2102 429; x_wconf 71' lang='lat' dir='ltr'><strong>ES.</strong></span> 
     </span>
    </p>
   </div>
   <div class='ocr_carea' id='block_1_3' title="bbox 3345 371 3478 436">
    <p class='ocr_par' dir='ltr' id='par_1_3' title="bbox 3345 371 3478 436">
     <span class='ocr_line' id='line_1_3' title="bbox 3345 371 3478 436; baseline -0.015 0"><span class='ocrx_word' id='word_1_4' title='bbox 3345 371 3478 436; x_wconf 74' lang='lat'><strong>1290</strong></span> 
     </span>
    </p>
   </div>
   <div class='ocr_carea' id='block_1_4' title="bbox 319 470 3505 549">
    <p class='ocr_par' dir='ltr' id='par_1_4' title="bbox 319 470 3505 549">
     <span class='ocr_line' id='line_1_4' title="bbox 319 470 3505 549; baseline -0.001 -11"><span class='ocrx_word' id='word_1_5' title='bbox 319 482 555 538; x_wconf 75' lang='lat' dir='ltr'><strong>Joannes</strong></span> <span class='ocrx_word' id='word_1_6' title='bbox 586 481 840 549; x_wconf 81' lang='lat' dir='ltr'><strong>Aloysius</strong></span> <span class='ocrx_word' id='word_1_7' title='bbox 870 476 1357 549; x_wconf 79' lang='lat' dir='ltr'><strong>Illiugarellius._ad</strong></span> <span class='ocrx_word' id='word_1_8' title='bbox 1401 475 1522 528; x_wconf 82' lang='lat' dir='ltr'><strong>eod.</strong></span> <span class='ocrx_word' id='word_1_9' title='bbox 1549 473 1797 549; x_wconf 63' lang='lat' dir='ltr'><strong>i‘t&#39;auian.</strong></span> <span class='ocrx_word' id='word_1_10' title='bbox 1833 475 2019 549; x_wconf 74' lang='lat' dir='ltr'>CXXII</span> <span class='ocrx_word' id='word_1_11' title='bbox 2066 478 2164 549; x_wconf 73' lang='grc' dir='ltr'>(ᾳ),</span> <span class='ocrx_word' id='word_1_12' title='bbox 2205 476 2297 549; x_wconf 87' lang='lat' dir='ltr'><strong>qui</strong></span> <span class='ocrx_word' id='word_1_13' title='bbox 2322 476 2559 549; x_wconf 82' lang='lat' dir='ltr'><strong>continet</strong></span> <span class='ocrx_word' id='word_1_14' title='bbox 2592 476 2843 549; x_wconf 78' lang='lat' dir='ltr'><strong>hornilias</strong></span> <span class='ocrx_word' id='word_1_15' title='bbox 2871 470 3128 549; x_wconf 80' lang='lat' dir='ltr'><strong>Xiphiliui</strong></span> <span class='ocrx_word' id='word_1_16' title='bbox 3163 484 3505 548; x_wconf 55' lang='grc' dir='ltr'>μιγεῖσα-Ιπ-</span> 
     </span>
    </p>
   </div>
   <div class='ocr_carea' id='block_1_5' title="bbox 246 545 3482 624">
    <p class='ocr_par' dir='ltr' id='par_1_5' title="bbox 246 545 3482 624">
     <span class='ocr_line' id='line_1_5' title="bbox 246 545 3482 624; baseline 0.002 -21"><span class='ocrx_word' id='word_1_17' title='bbox 246 545 846 624; x_wconf 75' lang='lat' dir='ltr'><strong>Constantinopolitani,</strong></span> <span class='ocrx_word' id='word_1_18' title='bbox 915 545 1228 624; x_wconf 78' lang='lat' dir='ltr'><strong>speciminis</strong></span> <span class='ocrx_word' id='word_1_19' title='bbox 1274 547 1394 599; x_wconf 90' lang='lat' dir='ltr'><strong>loco</strong></span> <span class='ocrx_word' id='word_1_20' title='bbox 1438 545 1656 598; x_wconf 80' lang='lat' dir='ltr'><strong>exhibet</strong></span> <span class='ocrx_word' id='word_1_21' title='bbox 1710 546 1981 600; x_wconf 72' lang='lat' dir='ltr'><strong>\‘icesiltttl:</strong></span> <span class='ocrx_word' id='word_1_22' title='bbox 2023 547 2225 615; x_wconf 76' lang='lat' dir='ltr'><strong>quinta:</strong></span> <span class='ocrx_word' id='word_1_23' title='bbox 2271 546 2593 614; x_wconf 71' lang='lat' dir='ltr'><strong>prooemium</strong></span> <span class='ocrx_word' id='word_1_24' title='bbox 2621 547 2672 599; x_wconf 90' lang='lat' dir='ltr'><strong>in</strong></span> <span class='ocrx_word' id='word_1_25' title='bbox 2703 561 2812 615; x_wconf 87' lang='lat' dir='ltr'><strong>quo</strong></span> <span class='ocrx_word' id='word_1_26' title='bbox 2857 547 2997 601; x_wconf 82' lang='lat' dir='ltr'><strong>scit‘u</strong></span> <span class='ocrx_word' id='word_1_27' title='bbox 3032 566 3136 619; x_wconf 82' lang='lat' dir='ltr'><strong>non</strong></span> <span class='ocrx_word' id='word_1_28' title='bbox 3164 545 3390 624; x_wconf 71' lang='lat' dir='ltr'><strong>indigna</strong></span> <span class='ocrx_word' id='word_1_29' title='bbox 3415 556 3482 608; x_wconf 79' lang='lat' dir='ltr'><strong>de</strong></span> 
     </span>
    </p>
   </div>
   <div class='ocr_carea' id='block_1_6' title="bbox 244 618 1190 687">
    <p class='ocr_par' dir='ltr' id='par_1_6' title="bbox 244 618 1190 687">
     <span class='ocr_line' id='line_1_6' title="bbox 244 618 1190 687; baseline -0.007 -13"><span class='ocrx_word' id='word_1_30' title='bbox 244 622 512 676; x_wconf 59' lang='lat' dir='ltr'><strong>haereticis</strong></span> <span class='ocrx_word' id='word_1_31' title='bbox 539 618 878 674; x_wconf 79' lang='lat' dir='ltr'><strong>Massalianis</strong></span> <span class='ocrx_word' id='word_1_32' title='bbox 919 619 1190 687; x_wconf 80' lang='lat' dir='ltr'><strong>leguntur.</strong></span> 
     </span>
    </p>
   </div>
   <div class='ocr_carea' id='block_1_7' title="bbox 480 781 1563 856">
    <p class='ocr_par' dir='ltr' id='par_1_7' title="bbox 480 781 1563 856">
     <span class='ocr_line' id='line_1_7' title="bbox 480 781 1563 856; baseline -0.003 -17"><span class='ocrx_word' id='word_1_33' title='bbox 480 785 797 856; x_wconf 79' lang='grc' dir='ltr'><strong>ΚΥΡΙΔΚῌ</strong></span> <span class='ocrx_word' id='word_1_34' title='bbox 842 782 978 835; x_wconf 82' lang='grc' dir='ltr'><strong>ΤΩΝ</strong></span> <span class='ocrx_word' id='word_1_35' title='bbox 1019 781 1226 834; x_wconf 69' lang='lat' dir='ltr'><strong>APION</strong></span> <span class='ocrx_word' id='word_1_36' title='bbox 1261 781 1563 836; x_wconf 72' lang='grc' dir='ltr'><strong>ΠΛΝΤΩΝ.</strong></span> 
     </span>
    </p>
   </div>
   <div class='ocr_carea' id='block_1_8' title="bbox 314 869 1742 946">
    <p class='ocr_par' dir='ltr' id='par_1_8' title="bbox 314 869 1742 946">
     <span class='ocr_line' id='line_1_8' title="bbox 314 869 1742 946; baseline -0.007 -12"><span class='ocrx_word' id='word_1_37' title='bbox 314 875 687 946; x_wconf 69' lang='grc' dir='ltr'>Εὑαγγέλιον</span> <span class='ocrx_word' id='word_1_38' title='bbox 727 874 796 926; x_wconf 82' lang='grc' dir='ltr'>ἐκ</span> <span class='ocrx_word' id='word_1_39' title='bbox 835 871 940 924; x_wconf 85' lang='grc' dir='ltr'><strong>τοῦ</strong></span> <span class='ocrx_word' id='word_1_40' title='bbox 980 876 1130 924; x_wconf 73' lang='grc' dir='ltr'>κατὰ</span> <span class='ocrx_word' id='word_1_41' title='bbox 1158 869 1479 934; x_wconf 85' lang='grc' dir='ltr'>Ματοαῖον,</span> <span class='ocrx_word' id='word_1_42' title='bbox 1520 886 1650 938; x_wconf 64' lang='grc' dir='ltr'>κερ.</span> <span class='ocrx_word' id='word_1_43' title='bbox 1675 873 1742 924; x_wconf 90' lang='lat' dir='ltr'><strong>I&#39;.</strong></span> 
     </span>
    </p>
   </div>
   <div class='ocr_carea' id='block_1_9' title="bbox 316 979 1811 1056">
    <p class='ocr_par' dir='ltr' id='par_1_9' title="bbox 316 979 1811 1056">
     <span class='ocr_line' id='line_1_9' title="bbox 316 979 1811 1056; baseline -0.007 -13"><span class='ocrx_word' id='word_1_44' title='bbox 316 993 428 1043; x_wconf 77' lang='grc' dir='ltr'><strong>ϋὺκ</strong></span> <span class='ocrx_word' id='word_1_45' title='bbox 485 984 712 1056; x_wconf 74' lang='grc' dir='ltr'>ἄκαιρον</span> <span class='ocrx_word' id='word_1_46' title='bbox 758 979 913 1050; x_wconf 82' lang='grc' dir='ltr'>οἶμαι</span> <span class='ocrx_word' id='word_1_47' title='bbox 961 981 1084 1048; x_wconf 74' lang='grc' dir='ltr'>περὶ</span> <span class='ocrx_word' id='word_1_48' title='bbox 1136 980 1236 1047; x_wconf 75' lang='grc' dir='ltr'>τῆς</span> <span class='ocrx_word' id='word_1_49' title='bbox 1267 980 1372 1031; x_wconf 68' lang='grc' dir='ltr'>τῶν</span> <span class='ocrx_word' id='word_1_50' title='bbox 1414 979 1811 1032; x_wconf 75' lang='grc' dir='ltr'>Μασσαλιανῶν</span> 
     </span>
    </p>
   </div>
   <div class='ocr_carea' id='block_1_10' title="bbox 247 1065 1809 1151">
    <p class='ocr_par' dir='ltr' id='par_1_10' title="bbox 247 1065 1809 1151">
     <span class='ocr_line' id='line_1_10' title="bbox 247 1065 1809 1151; baseline -0.017 -15"><span class='ocrx_word' id='word_1_51' title='bbox 247 1065 498 1151; x_wconf 81' lang='grc' dir='ltr'>μυσαρᾶς</span> <span class='ocrx_word' id='word_1_52' title='bbox 522 1077 808 1146; x_wconf 82' lang='grc' dir='ltr'>αἱρέσεως,</span> <span class='ocrx_word' id='word_1_53' title='bbox 845 1073 1151 1142; x_wconf 83' lang='grc' dir='ltr'>βραχέαττα</span> <span class='ocrx_word' id='word_1_54' title='bbox 1181 1070 1301 1139; x_wconf 80' lang='lat' dir='ltr'><strong>(sic)</strong></span> <span class='ocrx_word' id='word_1_55' title='bbox 1353 1073 1486 1139; x_wconf 85' lang='grc' dir='ltr'>πρὸς</span> <span class='ocrx_word' id='word_1_56' title='bbox 1521 1070 1662 1138; x_wconf 80' lang='grc' dir='ltr'>ὑμᾶς</span> <span class='ocrx_word' id='word_1_57' title='bbox 1692 1070 1809 1122; x_wconf 71' lang='grc' dir='ltr'>δια-</span> 
     </span>
    </p>
   </div>
   <div class='ocr_carea' id='block_1_11' title="bbox 242 1160 1810 1237">
    <p class='ocr_par' dir='ltr' id='par_1_11' title="bbox 242 1160 1810 1237">
     <span class='ocr_line' id='line_1_11' title="bbox 242 1160 1810 1237; baseline -0.005 -15"><span class='ocrx_word' id='word_1_58' title='bbox 242 1172 533 1237; x_wconf 77' lang='grc' dir='ltr'><strong>λέξασθαι·</strong></span> <span class='ocrx_word' id='word_1_59' title='bbox 569 1166 753 1235; x_wconf 83' lang='grc' dir='ltr'>ὲπειδὴ</span> <span class='ocrx_word' id='word_1_60' title='bbox 795 1166 886 1216; x_wconf 76' lang='grc' dir='ltr'><strong>καὶ</strong></span> <span class='ocrx_word' id='word_1_61' title='bbox 915 1163 1012 1230; x_wconf 82' lang='grc' dir='ltr'>τὴν</span> <span class='ocrx_word' id='word_1_62' title='bbox 1054 1161 1255 1214; x_wconf 88' lang='grc' dir='ltr'>τούτων</span> <span class='ocrx_word' id='word_1_63' title='bbox 1311 1160 1578 1230; x_wconf 77' lang='grc' dir='ltr'>ἀποϐολήν</span> <span class='ocrx_word' id='word_1_64' title='bbox 1611 1178 1668 1212; x_wconf 88' lang='grc' dir='ltr'><strong>τε</strong></span> <span class='ocrx_word' id='word_1_65' title='bbox 1717 1162 1810 1214; x_wconf 77' lang='grc' dir='ltr'>καὶ</span> 
     </span>
    </p>
   </div>
   <div class='ocr_carea' id='block_1_12' title="bbox 243 1242 1812 1329">
    <p class='ocr_par' dir='ltr' id='par_1_12' title="bbox 243 1242 1812 1329">
     <span class='ocr_line' id='line_1_12' title="bbox 243 1242 1812 1329; baseline -0.008 -15"><span class='ocrx_word' id='word_1_66' title='bbox 243 1256 580 1329; x_wconf 76' lang='grc' dir='ltr'><strong>ἀποκήρυξιν</strong></span> <span class='ocrx_word' id='word_1_67' title='bbox 623 1255 1066 1324; x_wconf 71' lang='grc' dir='ltr'>πανηγυρίζομεν</span> <span class='ocrx_word' id='word_1_68' title='bbox 1099 1253 1338 1319; x_wconf 82' lang='grc' dir='ltr'>σήμερον</span> <span class='ocrx_word' id='word_1_69' title='bbox 1364 1266 1376 1280; x_wconf 89' lang='grc'><strong>·</strong></span> <span class='ocrx_word' id='word_1_70' title='bbox 1407 1252 1472 1321; x_wconf 72' lang='grc' dir='ltr'>ἦν</span> <span class='ocrx_word' id='word_1_71' title='bbox 1499 1254 1527 1305; x_wconf 86' lang='grc' dir='ltr'>ὁ</span> <span class='ocrx_word' id='word_1_72' title='bbox 1571 1242 1812 1319; x_wconf 76' lang='grc' dir='ltr'>φιλόχρι-</span> 
     </span>
    </p>
   </div>
   <div class='ocr_carea' id='block_1_13' title="bbox 245 1341 1809 1413">
    <p class='ocr_par' dir='ltr' id='par_1_13' title="bbox 245 1341 1809 1413">
     <span class='ocr_line' id='line_1_13' title="bbox 245 1341 1809 1413; baseline -0.007 -9"><span class='ocrx_word' id='word_1_73' title='bbox 245 1369 368 1411; x_wconf 86' lang='grc' dir='ltr'>στος</span> <span class='ocrx_word' id='word_1_74' title='bbox 396 1352 488 1403; x_wconf 78' lang='grc' dir='ltr'><strong>καὶ</strong></span> <span class='ocrx_word' id='word_1_75' title='bbox 515 1346 907 1406; x_wconf 74' lang='grc' dir='ltr'>εὐσεϐέστατος</span> <span class='ocrx_word' id='word_1_76' title='bbox 933 1343 1090 1413; x_wconf 73' lang='grc' dir='ltr'>ἡμῶν</span> <span class='ocrx_word' id='word_1_77' title='bbox 1119 1342 1368 1412; x_wconf 74' lang='grc' dir='ltr'>βασιλεὺς</span> <span class='ocrx_word' id='word_1_78' title='bbox 1394 1343 1485 1410; x_wconf 69' lang='grc' dir='ltr'>ἐπὶ</span> <span class='ocrx_word' id='word_1_79' title='bbox 1512 1341 1645 1393; x_wconf 86' lang='grc' dir='ltr'>πολὺ</span> <span class='ocrx_word' id='word_1_80' title='bbox 1678 1359 1809 1410; x_wconf 80' lang='grc' dir='ltr'>κρυ·</span> 
     </span>
    </p>
   </div>
   <div class='ocr_carea' id='block_1_14' title="bbox 241 1432 1807 1510">
    <p class='ocr_par' dir='ltr' id='par_1_14' title="bbox 241 1432 1807 1510">
     <span class='ocr_line' id='line_1_14' title="bbox 241 1432 1807 1510; baseline -0.008 -15"><span class='ocrx_word' id='word_1_81' title='bbox 241 1442 520 1510; x_wconf 82' lang='grc' dir='ltr'>πτομένην</span> <span class='ocrx_word' id='word_1_82' title='bbox 537 1438 629 1490; x_wconf 73' lang='grc' dir='ltr'><strong>καὶ</strong></span> <span class='ocrx_word' id='word_1_83' title='bbox 655 1437 778 1499; x_wconf 78' lang='grc' dir='ltr'>τοὺς</span> <span class='ocrx_word' id='word_1_84' title='bbox 805 1433 1203 1500; x_wconf 81' lang='grc' dir='ltr'>ἁπλουστέρους</span> <span class='ocrx_word' id='word_1_85' title='bbox 1233 1432 1601 1486; x_wconf 79' lang='grc' dir='ltr'>λανθάνουσαν</span> <span class='ocrx_word' id='word_1_86' title='bbox 1619 1432 1807 1503; x_wconf 62' lang='grc' dir='ltr'>ἤλεγξε</span> 
     </span>
    </p>
   </div>
   <div class='ocr_carea' id='block_1_15' title="bbox 242 1523 1806 1593">
    <p class='ocr_par' dir='ltr' id='par_1_15' title="bbox 242 1523 1806 1593">
     <span class='ocr_line' id='line_1_15' title="bbox 242 1523 1806 1593; baseline -0.007 -9"><span class='ocrx_word' id='word_1_87' title='bbox 242 1549 302 1584; x_wconf 87' lang='grc' dir='ltr'><strong>τε</strong></span> <span class='ocrx_word' id='word_1_88' title='bbox 333 1532 428 1582; x_wconf 72' lang='grc' dir='ltr'><strong>καὶ</strong></span> <span class='ocrx_word' id='word_1_89' title='bbox 450 1527 771 1582; x_wconf 85' lang='grc' dir='ltr'>κατεδίκασε</span> <span class='ocrx_word' id='word_1_90' title='bbox 791 1542 805 1558; x_wconf 88' lang='grc'><strong>·</strong></span> <span class='ocrx_word' id='word_1_91' title='bbox 838 1526 931 1578; x_wconf 82' lang='grc' dir='ltr'><strong>καὶ</strong></span> <span class='ocrx_word' id='word_1_92' title='bbox 954 1524 1046 1576; x_wconf 75' lang='grc' dir='ltr'><strong>τὸν</strong></span> <span class='ocrx_word' id='word_1_93' title='bbox 1072 1523 1310 1593; x_wconf 71' lang='grc' dir='ltr'>ἀρχηγὸν</span> <span class='ocrx_word' id='word_1_94' title='bbox 1341 1523 1561 1574; x_wconf 79' lang='grc' dir='ltr'>ἐκείνων</span> <span class='ocrx_word' id='word_1_95' title='bbox 1593 1525 1684 1574; x_wconf 76' lang='grc' dir='ltr'><strong>καὶ</strong></span> <span class='ocrx_word' id='word_1_96' title='bbox 1707 1524 1806 1591; x_wconf 81' lang='grc' dir='ltr'>τῆς</span> 
     </span>
    </p>
   </div>
   <div class='ocr_carea' id='block_1_16' title="bbox 240 1611 1807 1685">
    <p class='ocr_par' dir='ltr' id='par_1_16' title="bbox 240 1611 1807 1685">
     <span class='ocr_line' id='line_1_16' title="bbox 240 1611 1807 1685; baseline -0.006 -10"><span class='ocrx_word' id='word_1_97' title='bbox 240 1621 438 1682; x_wconf 81' lang='grc' dir='ltr'>κακίας</span> <span class='ocrx_word' id='word_1_98' title='bbox 465 1617 802 1680; x_wconf 86' lang='grc' dir='ltr'>διδάσκαλον,</span> <span class='ocrx_word' id='word_1_99' title='bbox 840 1615 973 1685; x_wconf 70' lang='grc' dir='ltr'>πυρὶ</span> <span class='ocrx_word' id='word_1_100' title='bbox 1017 1613 1208 1682; x_wconf 83' lang='grc' dir='ltr'>δικαίῳ</span> <span class='ocrx_word' id='word_1_101' title='bbox 1253 1612 1536 1682; x_wconf 75' lang='grc' dir='ltr'>κατέκρινε</span> <span class='ocrx_word' id='word_1_102' title='bbox 1565 1628 1582 1642; x_wconf 76' lang='grc' dir='ltr'><strong>ο</strong></span> <span class='ocrx_word' id='word_1_103' title='bbox 1626 1611 1723 1680; x_wconf 73' lang='grc' dir='ltr'><strong>τὴν</strong></span> <span class='ocrx_word' id='word_1_104' title='bbox 1751 1615 1807 1666; x_wconf 75' lang='grc' dir='ltr'>δὲ</span> 
     </span>
    </p>
   </div>
   <div class='ocr_carea' id='block_1_17' title="bbox 241 1704 1805 1781">
    <p class='ocr_par' dir='ltr' id='par_1_17' title="bbox 241 1704 1805 1781">
     <span class='ocr_line' id='line_1_17' title="bbox 241 1704 1805 1781; baseline -0.006 -16"><span class='ocrx_word' id='word_1_105' title='bbox 241 1712 485 1781; x_wconf 71' lang='grc' dir='ltr'>πονηρὰν</span> <span class='ocrx_word' id='word_1_106' title='bbox 512 1709 713 1762; x_wconf 87' lang='grc' dir='ltr'>τούτων</span> <span class='ocrx_word' id='word_1_107' title='bbox 747 1705 1233 1766; x_wconf 48' lang='grc' dir='ltr'>διδασκαλίαν,&gt;ὲπὶ</span> <span class='ocrx_word' id='word_1_108' title='bbox 1266 1705 1362 1773; x_wconf 79' lang='grc' dir='ltr'>τῆς</span> <span class='ocrx_word' id='word_1_109' title='bbox 1392 1704 1484 1756; x_wconf 84' lang='grc' dir='ltr'><strong>τοῦ</strong></span> <span class='ocrx_word' id='word_1_110' title='bbox 1522 1704 1654 1756; x_wconf 84' lang='grc' dir='ltr'>Θεοῦ</span> <span class='ocrx_word' id='word_1_111' title='bbox 1687 1705 1805 1756; x_wconf 83' lang='grc' dir='ltr'>Ἐκ-</span> 
     </span>
    </p>
   </div>
   <div class='ocr_carea' id='block_1_18' title="bbox 241 1795 1804 1873">
    <p class='ocr_par' dir='ltr' id='par_1_18' title="bbox 241 1795 1804 1873">
     <span class='ocr_line' id='line_1_18' title="bbox 241 1795 1804 1873; baseline -0.006 -16"><span class='ocrx_word' id='word_1_112' title='bbox 241 1803 472 1873; x_wconf 84' lang='grc' dir='ltr'>κλησίας</span> <span class='ocrx_word' id='word_1_113' title='bbox 499 1797 1008 1866; x_wconf 66' lang='grc' dir='ltr'><strong>εἶιναθεμαιίζεσθοιι¹</strong></span> <span class='ocrx_word' id='word_1_114' title='bbox 1041 1797 1474 1869; x_wconf 57' lang='grc' dir='ltr'>παρεσκεύασεν,</span> <span class='ocrx_word' id='word_1_115' title='bbox 1511 1798 1652 1849; x_wconf 87' lang='grc' dir='ltr'>Ἱστε</span> <span class='ocrx_word' id='word_1_116' title='bbox 1675 1795 1804 1848; x_wconf 81' lang='grc' dir='ltr'>’τοί-</span> 
     </span>
    </p>
   </div>
   <div class='ocr_carea' id='block_1_19' title="bbox 243 1887 1804 1957">
    <p class='ocr_par' dir='ltr' id='par_1_19' title="bbox 243 1887 1804 1957">
     <span class='ocr_line' id='line_1_19' title="bbox 243 1887 1804 1957; baseline -0.007 -9"><span class='ocrx_word' id='word_1_117' title='bbox 243 1913 337 1948; x_wconf 90' lang='grc' dir='ltr'>νυν</span> <span class='ocrx_word' id='word_1_118' title='bbox 368 1893 440 1954; x_wconf 84' lang='grc' dir='ltr'>ὼς</span> <span class='ocrx_word' id='word_1_119' title='bbox 471 1894 519 1944; x_wconf 90' lang='grc' dir='ltr'>οἱ</span> <span class='ocrx_word' id='word_1_120' title='bbox 543 1890 791 1955; x_wconf 86' lang='grc' dir='ltr'>τοιοῦτοι,</span> <span class='ocrx_word' id='word_1_121' title='bbox 818 1889 879 1941; x_wconf 85' lang='grc' dir='ltr'><strong>τὸ</strong></span> <span class='ocrx_word' id='word_1_122' title='bbox 906 1888 1016 1940; x_wconf 83' lang='grc' dir='ltr'><strong>τῶν</strong></span> <span class='ocrx_word' id='word_1_123' title='bbox 1047 1887 1294 1957; x_wconf 83' lang='grc' dir='ltr'>μοναχῶν</span> <span class='ocrx_word' id='word_1_124' title='bbox 1338 1892 1679 1957; x_wconf 83' lang='grc' dir='ltr'>προσωπεῖον</span> <span class='ocrx_word' id='word_1_125' title='bbox 1708 1905 1804 1939; x_wconf 73' lang='grc' dir='ltr'>πε-</span> 
     </span>
    </p>
   </div>
   <div class='ocr_carea' id='block_1_20' title="bbox 249 1974 1801 2057">
    <p class='ocr_par' dir='ltr' id='par_1_20' title="bbox 249 1974 1801 2057">
     <span class='ocr_line' id='line_1_20' title="bbox 249 1974 1801 2057; baseline -0.006 -20"><span class='ocrx_word' id='word_1_126' title='bbox 249 1985 622 2057; x_wconf 78' lang='grc' dir='ltr'>ριϐαλλόμενοι</span> <span class='ocrx_word' id='word_1_127' title='bbox 652 1980 774 2034; x_wconf 81' lang='grc' dir='ltr'>κατ’</span> <span class='ocrx_word' id='word_1_128' title='bbox 815 1980 1009 2040; x_wconf 70' lang='grc' dir='ltr'>αὑτοὺς</span> <span class='ocrx_word' id='word_1_129' title='bbox 1050 1978 1460 2054; x_wconf 68' lang='grc' dir='ltr'>ἀμφιέννυνται,</span> <span class='ocrx_word' id='word_1_130' title='bbox 1497 1979 1592 2029; x_wconf 74' lang='grc' dir='ltr'><strong>καὶ</strong></span> <span class='ocrx_word' id='word_1_131' title='bbox 1625 1978 1682 2030; x_wconf 80' lang='grc' dir='ltr'><strong>τὸ</strong></span> <span class='ocrx_word' id='word_1_132' title='bbox 1708 1974 1801 2029; x_wconf 77' lang='grc' dir='ltr'><strong>τοῦ</strong></span> 
     </span>
    </p>
   </div>
   <div class='ocr_carea' id='block_1_21' title="bbox 245 2067 1800 2151">
    <p class='ocr_par' dir='ltr' id='par_1_21' title="bbox 245 2067 1800 2151">
     <span class='ocr_line' id='line_1_21' title="bbox 245 2067 1800 2151; baseline -0.005 -25"><span class='ocrx_word' id='word_1_133' title='bbox 245 2075 521 2145; x_wconf 86' lang='grc' dir='ltr'>σχήματος</span> <span class='ocrx_word' id='word_1_134' title='bbox 546 2069 937 2151; x_wconf 65' lang='grc' dir='ltr'>προϐάλλονται</span> <span class='ocrx_word' id='word_1_135' title='bbox 962 2068 1171 2138; x_wconf 77' lang='grc' dir='ltr'>δέλεαρ,</span> <span class='ocrx_word' id='word_1_136' title='bbox 1201 2068 1276 2136; x_wconf 81' lang='grc' dir='ltr'>τῷ</span> <span class='ocrx_word' id='word_1_137' title='bbox 1306 2068 1480 2138; x_wconf 75' lang='grc' dir='ltr'>κωδίῳ</span> <span class='ocrx_word' id='word_1_138' title='bbox 1524 2068 1614 2120; x_wconf 77' lang='grc' dir='ltr'><strong>τὸν</strong></span> <span class='ocrx_word' id='word_1_139' title='bbox 1643 2067 1800 2119; x_wconf 80' lang='grc' dir='ltr'>λύκον</span> 
     </span>
    </p>
   </div>
   <div class='ocr_carea' id='block_1_22' title="bbox 241 2158 1809 2234">
    <p class='ocr_par' dir='ltr' id='par_1_22' title="bbox 241 2158 1809 2234">
     <span class='ocr_line' id='line_1_22' title="bbox 241 2158 1809 2234; baseline -0.005 -16"><span class='ocrx_word' id='word_1_140' title='bbox 241 2164 670 2234; x_wconf 83' lang='grc' dir='ltr'>ἔπικρύπτοντες</span> <span class='ocrx_word' id='word_1_141' title='bbox 709 2163 769 2213; x_wconf 36' lang='grc' dir='ltr'><strong>γοί</strong></span> <span class='ocrx_word' id='word_1_142' title='bbox 823 2161 1193 2213; x_wconf 84' lang='grc' dir='ltr'>κατάπτυστοι</span> <span class='ocrx_word' id='word_1_143' title='bbox 1219 2158 1505 2211; x_wconf 79' lang='grc' dir='ltr'>’ἐντεῦθεν</span> <span class='ocrx_word' id='word_1_144' title='bbox 1547 2160 1650 2210; x_wconf 80' lang='grc' dir='ltr'><strong>ὑπὸ</strong></span> <span class='ocrx_word' id='word_1_145' title='bbox 1701 2159 1809 2210; x_wconf 84' lang='grc' dir='ltr'><strong>τῶν</strong></span> 
     </span>
    </p>
   </div>
   <div class='ocr_carea' id='block_1_23' title="bbox 243 2249 1808 2323">
    <p class='ocr_par' dir='ltr' id='par_1_23' title="bbox 243 2249 1808 2323">
     <span class='ocr_line' id='line_1_23' title="bbox 243 2249 1808 2323; baseline -0.006 -14"><span class='ocrx_word' id='word_1_146' title='bbox 243 2255 630 2323; x_wconf 79' lang='grc' dir='ltr'>ἁπλουστέρων</span> <span class='ocrx_word' id='word_1_147' title='bbox 674 2253 748 2315; x_wconf 83' lang='grc' dir='ltr'>ὠς</span> <span class='ocrx_word' id='word_1_148' title='bbox 786 2252 1031 2313; x_wconf 78' lang='grc' dir='ltr'>εὑλαῦεἶς</span> <span class='ocrx_word' id='word_1_149' title='bbox 1070 2249 1683 2319; x_wconf 74' lang='grc' dir='ltr'>δῆθενιπαραδεχόμενοι</span> <span class='ocrx_word' id='word_1_150' title='bbox 1708 2265 1718 2277; x_wconf 84' lang='grc'><em>’</em></span> <span class='ocrx_word' id='word_1_151' title='bbox 1743 2250 1808 2318; x_wconf 78' lang='grc' dir='ltr'>τῇ</span> 
     </span>
    </p>
   </div>
   <div class='ocr_carea' id='block_1_24' title="bbox 245 2341 1811 2420">
    <p class='ocr_par' dir='ltr' id='par_1_24' title="bbox 245 2341 1811 2420">
     <span class='ocr_line' id='line_1_24' title="bbox 245 2341 1811 2420; baseline -0.004 -21"><span class='ocrx_word' id='word_1_152' title='bbox 245 2347 607 2420; x_wconf 79' lang='grc' dir='ltr'>χρηστολογίᾳ</span> <span class='ocrx_word' id='word_1_153' title='bbox 632 2347 723 2400; x_wconf 81' lang='grc' dir='ltr'><strong>τὸν</strong></span> <span class='ocrx_word' id='word_1_154' title='bbox 765 2347 841 2398; x_wconf 76' lang='grc' dir='ltr'><strong>ίὸν</strong></span> <span class='ocrx_word' id='word_1_155' title='bbox 866 2347 963 2413; x_wconf 83' lang='grc' dir='ltr'><strong>τῆς</strong></span> <span class='ocrx_word' id='word_1_156' title='bbox 996 2346 1191 2407; x_wconf 78' lang='grc' dir='ltr'>κακίας</span> <span class='ocrx_word' id='word_1_157' title='bbox 1225 2341 1683 2406; x_wconf 83' lang='grc' dir='ltr'>συναποπτύουσι,</span> <span class='ocrx_word' id='word_1_158' title='bbox 1717 2343 1811 2394; x_wconf 69' lang='grc' dir='ltr'><strong>καὶ</strong></span> 
     </span>
    </p>
   </div>
   <div class='ocr_carea' id='block_1_25' title="bbox 243 2434 1811 2512">
    <p class='ocr_par' dir='ltr' id='par_1_25' title="bbox 243 2434 1811 2512">
     <span class='ocr_line' id='line_1_25' title="bbox 243 2434 1811 2512; baseline -0.008 -16"><span class='ocrx_word' id='word_1_159' title='bbox 243 2441 321 2512; x_wconf 76' lang='grc' dir='ltr'><strong>τῷ</strong></span> <span class='ocrx_word' id='word_1_160' title='bbox 358 2440 672 2512; x_wconf 77' lang='grc' dir='ltr'>μελικράτῳ</span> <span class='ocrx_word' id='word_1_161' title='bbox 718 2437 1096 2508; x_wconf 81' lang='grc' dir='ltr'>παρακιρνῶσι</span> <span class='ocrx_word' id='word_1_162' title='bbox 1139 2437 1199 2488; x_wconf 82' lang='grc' dir='ltr'><strong>τὸ</strong></span> <span class='ocrx_word' id='word_1_163' title='bbox 1227 2435 1585 2502; x_wconf 54' lang='grc' dir='ltr'>δηλητήριον</span> <span class='ocrx_word' id='word_1_164' title='bbox 1634 2434 1725 2484; x_wconf 77' lang='grc' dir='ltr'>καὶ</span> <span class='ocrx_word' id='word_1_165' title='bbox 1754 2434 1811 2483; x_wconf 77' lang='grc' dir='ltr'>ἐν</span> 
     </span>
    </p>
   </div>
   <div class='ocr_carea' id='block_1_26' title="bbox 245 2523 1810 2602">
    <p class='ocr_par' dir='ltr' id='par_1_26' title="bbox 245 2523 1810 2602">
     <span class='ocr_line' id='line_1_26' title="bbox 245 2523 1810 2602; baseline -0.008 -15"><span class='ocrx_word' id='word_1_166' title='bbox 245 2535 388 2602; x_wconf 78' lang='grc' dir='ltr'>ἀρχῇ</span> <span class='ocrx_word' id='word_1_167' title='bbox 421 2531 520 2601; x_wconf 77' lang='grc' dir='ltr'><strong>μὲν</strong></span> <span class='ocrx_word' id='word_1_168' title='bbox 577 2530 763 2592; x_wconf 81' lang='grc' dir='ltr'>ἁπλῶς</span> <span class='ocrx_word' id='word_1_169' title='bbox 807 2529 886 2590; x_wconf 85' lang='grc' dir='ltr'><strong>είς</strong></span> <span class='ocrx_word' id='word_1_170' title='bbox 939 2529 1156 2596; x_wconf 81' lang='grc' dir='ltr'>Πατέρα</span> <span class='ocrx_word' id='word_1_171' title='bbox 1204 2527 1298 2580; x_wconf 75' lang='grc' dir='ltr'><strong>καὶ</strong></span> <span class='ocrx_word' id='word_1_172' title='bbox 1349 2526 1474 2577; x_wconf 79' lang='grc' dir='ltr'>Υἱὸν</span> <span class='ocrx_word' id='word_1_173' title='bbox 1516 2526 1608 2578; x_wconf 76' lang='grc' dir='ltr'><strong>καὶ</strong></span> <span class='ocrx_word' id='word_1_174' title='bbox 1657 2523 1810 2590; x_wconf 84' lang='grc' dir='ltr'>ἆγιον</span> 
     </span>
    </p>
   </div>
   <div class='ocr_carea' id='block_1_27' title="bbox 245 2615 1811 2692">
    <p class='ocr_par' dir='ltr' id='par_1_27' title="bbox 245 2615 1811 2692">
     <span class='ocr_line' id='line_1_27' title="bbox 245 2615 1811 2692; baseline -0.006 -16"><span class='ocrx_word' id='word_1_175' title='bbox 245 2621 474 2692; x_wconf 77' lang='grc' dir='ltr'>Πνεῦμα</span> <span class='ocrx_word' id='word_1_176' title='bbox 528 2621 803 2676; x_wconf 81' lang='grc' dir='ltr'>πιστεύειν</span> <span class='ocrx_word' id='word_1_177' title='bbox 852 2620 1195 2672; x_wconf 74' lang='grc' dir='ltr'>διδάσκουσι·</span> <span class='ocrx_word' id='word_1_178' title='bbox 1249 2618 1341 2669; x_wconf 72' lang='grc' dir='ltr'>καὶ</span> <span class='ocrx_word' id='word_1_179' title='bbox 1385 2617 1671 2684; x_wconf 81' lang='grc' dir='ltr'>γινώσκειν</span> <span class='ocrx_word' id='word_1_180' title='bbox 1722 2615 1811 2666; x_wconf 61' lang='grc' dir='ltr'>τὶν</span> 
     </span>
    </p>
   </div>
   <div class='ocr_carea' id='block_1_28' title="bbox 245 2703 1810 2785">
    <p class='ocr_par' dir='ltr' id='par_1_28' title="bbox 245 2703 1810 2785">
     <span class='ocr_line' id='line_1_28' title="bbox 245 2703 1810 2785; baseline -0.008 -19"><span class='ocrx_word' id='word_1_181' title='bbox 245 2714 482 2784; x_wconf 68' lang='grc' dir='ltr'>Χριστὸν</span> <span class='ocrx_word' id='word_1_182' title='bbox 514 2710 891 2780; x_wconf 72' lang='grc' dir='ltr'>σεσαρκῶσθαι</span> <span class='ocrx_word' id='word_1_183' title='bbox 919 2725 932 2739; x_wconf 77' lang='grc' dir='ltr'><strong>ο</strong></span> <span class='ocrx_word' id='word_1_184' title='bbox 963 2709 1058 2762; x_wconf 73' lang='grc' dir='ltr'>καὶ</span> <span class='ocrx_word' id='word_1_185' title='bbox 1085 2707 1181 2768; x_wconf 82' lang='grc' dir='ltr'>τὰς</span> <span class='ocrx_word' id='word_1_186' title='bbox 1206 2706 1565 2785; x_wconf 79' lang='grc' dir='ltr'>εὑαγγελικὰς</span> <span class='ocrx_word' id='word_1_187' title='bbox 1594 2703 1810 2765; x_wconf 78' lang='grc' dir='ltr'>ἐντολὰς</span> 
     </span>
    </p>
   </div>
   <div class='ocr_carea' id='block_1_29' title="bbox 246 2796 1812 2873">
    <p class='ocr_par' dir='ltr' id='par_1_29' title="bbox 246 2796 1812 2873">
     <span class='ocr_line' id='line_1_29' title="bbox 246 2796 1812 2873; baseline -0.004 -18"><span class='ocrx_word' id='word_1_188' title='bbox 246 2806 433 2873; x_wconf 79' lang='grc' dir='ltr'>τηρεῖν</span> <span class='ocrx_word' id='word_1_189' title='bbox 459 2802 800 2855; x_wconf 87' lang='grc' dir='ltr'>ὑποτίθενται</span> <span class='ocrx_word' id='word_1_190' title='bbox 827 2816 840 2830; x_wconf 90' lang='grc'><strong>·</strong></span> <span class='ocrx_word' id='word_1_191' title='bbox 869 2803 959 2853; x_wconf 75' lang='grc' dir='ltr'><strong>καὶ</strong></span> <span class='ocrx_word' id='word_1_192' title='bbox 992 2799 1385 2869; x_wconf 63' lang='grc' dir='ltr'>προσεύχεσθαι</span> <span class='ocrx_word' id='word_1_193' title='bbox 1411 2797 1505 2848; x_wconf 73' lang='grc' dir='ltr'><strong>καὶ</strong></span> <span class='ocrx_word' id='word_1_194' title='bbox 1533 2796 1812 2864; x_wconf 83' lang='grc' dir='ltr'>νηστεύειν</span> 
     </span>
    </p>
   </div>
   <div class='ocr_carea' id='block_1_30' title="bbox 241 2885 1810 2963">
    <p class='ocr_par' dir='ltr' id='par_1_30' title="bbox 241 2885 1810 2963">
     <span class='ocr_line' id='line_1_30' title="bbox 241 2885 1810 2963; baseline -0.01 -12"><span class='ocrx_word' id='word_1_195' title='bbox 241 2895 339 2951; x_wconf 72' lang='grc' dir='ltr'>καὶ</span> <span class='ocrx_word' id='word_1_196' title='bbox 364 2893 541 2963; x_wconf 85' lang='grc' dir='ltr'>πάσης</span> <span class='ocrx_word' id='word_1_197' title='bbox 570 2891 906 2962; x_wconf 74' lang='grc' dir='ltr'>ἀκαθαρσίας</span> <span class='ocrx_word' id='word_1_198' title='bbox 937 2889 1184 2957; x_wconf 77' lang='grc' dir='ltr'>ἁγνεύειν</span> <span class='ocrx_word' id='word_1_199' title='bbox 1233 2887 1575 2940; x_wconf 80' lang='grc' dir='ltr'>παιδεύουσι·</span> <span class='ocrx_word' id='word_1_200' title='bbox 1617 2885 1810 2956; x_wconf 77' lang='grc' dir='ltr'>καιροῦ</span> 
     </span>
    </p>
   </div>
   <div class='ocr_carea' id='block_1_31' title="bbox 243 2971 1811 3053">
    <p class='ocr_par' dir='ltr' id='par_1_31' title="bbox 243 2971 1811 3053">
     <span class='ocr_line' id='line_1_31' title="bbox 243 2971 1811 3053; baseline -0.006 -15"><span class='ocrx_word' id='word_1_201' title='bbox 243 2986 301 3038; x_wconf 85' lang='grc' dir='ltr'><em>δέ</em></span> <span class='ocrx_word' id='word_1_202' title='bbox 334 3001 479 3045; x_wconf 85' lang='grc' dir='ltr'>τινος</span> <span class='ocrx_word' id='word_1_203' title='bbox 510 2983 812 3053; x_wconf 83' lang='grc' dir='ltr'>προϊόντος,</span> <span class='ocrx_word' id='word_1_204' title='bbox 867 2971 1305 3051; x_wconf 84' lang='grc' dir='ltr'>παρασπείρουσι</span> <span class='ocrx_word' id='word_1_205' title='bbox 1333 2978 1410 3045; x_wconf 76' lang='grc' dir='ltr'><strong>τῷ</strong></span> <span class='ocrx_word' id='word_1_206' title='bbox 1465 2978 1596 3044; x_wconf 84' lang='grc' dir='ltr'>σίτῳ</span> <span class='ocrx_word' id='word_1_207' title='bbox 1629 2977 1717 3029; x_wconf 66' lang='grc' dir='ltr'><strong>κα)⁸</strong></span> <span class='ocrx_word' id='word_1_208' title='bbox 1744 2977 1811 3028; x_wconf 70' lang='grc' dir='ltr'>τὰ</span> 
     </span>
    </p>
   </div>
   <div class='ocr_carea' id='block_1_32' title="bbox 246 3070 1812 3141">
    <p class='ocr_par' dir='ltr' id='par_1_32' title="bbox 246 3070 1812 3141">
     <span class='ocr_line' id='line_1_32' title="bbox 246 3070 1812 3141; baseline -0.006 -11"><span class='ocrx_word' id='word_1_209' title='bbox 246 3075 468 3141; x_wconf 79' lang='grc' dir='ltr'>ζιζάνια</span> <span class='ocrx_word' id='word_1_210' title='bbox 492 3091 509 3107; x_wconf 85' lang='grc'>⁶</span> <span class='ocrx_word' id='word_1_211' title='bbox 542 3077 638 3128; x_wconf 75' lang='grc' dir='ltr'><strong>καὶ</strong></span> <span class='ocrx_word' id='word_1_212' title='bbox 674 3075 762 3127; x_wconf 85' lang='grc' dir='ltr'>ὅτε</span> <span class='ocrx_word' id='word_1_213' title='bbox 799 3074 923 3135; x_wconf 70' lang='grc' dir='ltr'>τοὺς</span> <span class='ocrx_word' id='word_1_214' title='bbox 951 3072 1169 3134; x_wconf 80' lang='grc' dir='ltr'>ἀθλίους</span> <span class='ocrx_word' id='word_1_215' title='bbox 1197 3071 1502 3140; x_wconf 80' lang='grc' dir='ltr'>χειροήθεις</span> <span class='ocrx_word' id='word_1_216' title='bbox 1533 3070 1812 3139; x_wconf 71' lang='grc' dir='ltr'>ἐργάσωνο</span> 
     </span>
    </p>
   </div>
   <div class='ocr_carea' id='block_1_33' title="bbox 243 3161 1807 3237">
    <p class='ocr_par' dir='ltr' id='par_1_33' title="bbox 243 3161 1807 3237">
     <span class='ocr_line' id='line_1_33' title="bbox 243 3161 1807 3237; baseline -0.005 -17"><span class='ocrx_word' id='word_1_217' title='bbox 243 3168 500 3237; x_wconf 41' lang='grc' dir='ltr'>ται,,καὶ</span> <span class='ocrx_word' id='word_1_218' title='bbox 548 3165 784 3220; x_wconf 75' lang='grc' dir='ltr'>λάϐωσιν</span> <span class='ocrx_word' id='word_1_219' title='bbox 836 3164 966 3215; x_wconf 81' lang='grc' dir='ltr'>εἴσω</span> <span class='ocrx_word' id='word_1_220' title='bbox 1013 3163 1123 3214; x_wconf 68' lang='grc' dir='ltr'><strong>τῶν</strong></span> <span class='ocrx_word' id='word_1_221' title='bbox 1175 3162 1396 3231; x_wconf 83' lang='grc' dir='ltr'>ἀρκύων</span> <span class='ocrx_word' id='word_1_222' title='bbox 1443 3162 1502 3212; x_wconf 74' lang='grc' dir='ltr'><strong>το</strong></span> <span class='ocrx_word' id='word_1_223' title='bbox 1554 3161 1807 3230; x_wconf 77' lang='grc' dir='ltr'>θήραμα’</span> 
     </span>
    </p>
   </div>
   <div class='ocr_carea' id='block_1_34' title="bbox 244 3253 1810 3327">
    <p class='ocr_par' dir='ltr' id='par_1_34' title="bbox 244 3253 1810 3327">
     <span class='ocr_line' id='line_1_34' title="bbox 244 3253 1810 3327; baseline -0.004 -16"><span class='ocrx_word' id='word_1_224' title='bbox 244 3258 367 3311; x_wconf 88' lang='grc' dir='ltr'>τότε</span> <span class='ocrx_word' id='word_1_225' title='bbox 415 3256 620 3327; x_wconf 82' lang='grc' dir='ltr'>δὴ,τδν</span> <span class='ocrx_word' id='word_1_226' title='bbox 671 3255 922 3321; x_wconf 82' lang='grc' dir='ltr'>κυκεῶνα</span> <span class='ocrx_word' id='word_1_227' title='bbox 979 3255 1282 3323; x_wconf 74' lang='grc' dir='ltr'>ἐκχέουσιν,</span> <span class='ocrx_word' id='word_1_228' title='bbox 1333 3253 1810 3321; x_wconf 81' lang='grc' dir='ltr'>ἀπαρακαλύπτως</span> 
     </span>
    </p>
   </div>
   <div class='ocr_carea' id='block_1_35' title="bbox 244 3328 1811 3418">
    <p class='ocr_par' dir='ltr' id='par_1_35' title="bbox 244 3328 1811 3418">
     <span class='ocr_line' id='line_1_35' title="bbox 244 3328 1811 3418; baseline -0.004 -20"><span class='ocrx_word' id='word_1_229' title='bbox 244 3346 708 3418; x_wconf 73' lang='grc' dir='ltr'>βλασφημοῦντες,</span> <span class='ocrx_word' id='word_1_230' title='bbox 748 3345 840 3398; x_wconf 68' lang='grc' dir='ltr'>καὶ</span> <span class='ocrx_word' id='word_1_231' title='bbox 880 3328 1067 3396; x_wconf 51' lang='grc' dir='ltr'>τὲίτοῦ</span> <span class='ocrx_word' id='word_1_232' title='bbox 1109 3343 1353 3395; x_wconf 71' lang='grc' dir='ltr'>διαϐόλου</span> <span class='ocrx_word' id='word_1_233' title='bbox 1394 3341 1811 3410; x_wconf 74' lang='grc' dir='ltr'>μυσταγωγοῦ-μ</span> 
     </span>
    </p>
   </div>
   <div class='ocr_carea' id='block_1_36' title="bbox 1854 768 3247 848">
    <p class='ocr_par' dir='ltr' id='par_1_36' title="bbox 1854 768 3247 848">
     <span class='ocr_line' id='line_1_36' title="bbox 1854 768 3247 848; baseline 0.004 -17"><span class='ocrx_word' id='word_1_234' title='bbox 1854 791 1901 848; x_wconf 64' lang='grc' dir='ltr'>Α</span> <span class='ocrx_word' id='word_1_235' title='bbox 2149 778 2472 835; x_wconf 72' lang='grc' dir='ltr'>οοιιιΝιοΑ</span> <span class='ocrx_word' id='word_1_236' title='bbox 2505 778 2775 835; x_wconf 74' lang='lat' dir='ltr'><strong>OMNIUM</strong></span> <span class='ocrx_word' id='word_1_237' title='bbox 2808 768 3247 837; x_wconf 74' lang='lat' dir='ltr'><strong>SANCTORUM.</strong></span> 
     </span>
    </p>
   </div>
   <div class='ocr_carea' id='block_1_37' title="bbox 2239 866 3200 938">
    <p class='ocr_par' dir='ltr' id='par_1_37' title="bbox 2239 866 3200 938">
     <span class='ocr_line' id='line_1_37' title="bbox 2239 866 3200 938; baseline 0.006 -18"><span class='ocrx_word' id='word_1_238' title='bbox 2239 867 2440 938; x_wconf 77' lang='lat' dir='ltr'><strong>Evang.</strong></span> <span class='ocrx_word' id='word_1_239' title='bbox 2468 885 2572 923; x_wconf 79' lang='lat' dir='ltr'><strong>sec.</strong></span> <span class='ocrx_word' id='word_1_240' title='bbox 2605 866 2938 936; x_wconf 78' lang='lat' dir='ltr'><strong>Matthwum,</strong></span> <span class='ocrx_word' id='word_1_241' title='bbox 2981 886 3095 938; x_wconf 88' lang='lat' dir='ltr'><strong>cap.</strong></span> <span class='ocrx_word' id='word_1_242' title='bbox 3126 871 3200 927; x_wconf 81' lang='grc' dir='ltr'><strong>Χ.</strong></span> 
     </span>
    </p>
   </div>
   <div class='ocr_carea' id='block_1_38' title="bbox 1987 982 3475 1060">
    <p class='ocr_par' dir='ltr' id='par_1_38' title="bbox 1987 982 3475 1060">
     <span class='ocr_line' id='line_1_38' title="bbox 1987 982 3475 1060; baseline 0.004 -26"><span class='ocrx_word' id='word_1_243' title='bbox 1987 983 2024 1035; x_wconf 81' lang='grc' dir='ltr'>Ε</span> <span class='ocrx_word' id='word_1_244' title='bbox 2058 999 2112 1037; x_wconf 92' lang='lat' dir='ltr'><strong>re</strong></span> <span class='ocrx_word' id='word_1_245' title='bbox 2153 999 2272 1037; x_wconf 90' lang='lat' dir='ltr'><strong>csse</strong></span> <span class='ocrx_word' id='word_1_246' title='bbox 2299 984 2506 1060; x_wconf 58' lang='lat' dir='ltr'><strong>ridetur</strong></span> <span class='ocrx_word' id='word_1_247' title='bbox 2567 982 2632 1036; x_wconf 90' lang='lat' dir='ltr'><strong>de</strong></span> <span class='ocrx_word' id='word_1_248' title='bbox 2664 982 2976 1038; x_wconf 88' lang='lat' dir='ltr'><strong>detestanda</strong></span> <span class='ocrx_word' id='word_1_249' title='bbox 3027 983 3475 1040; x_wconf 79' lang='lat' dir='ltr'><strong>Massalianorum</strong></span> 
     </span>
    </p>
   </div>
   <div class='ocr_carea' id='block_1_39' title="bbox 1917 1073 3478 1144">
    <p class='ocr_par' dir='ltr' id='par_1_39' title="bbox 1917 1073 3478 1144">
     <span class='ocr_line' id='line_1_39' title="bbox 1917 1073 3478 1144; baseline 0.001 -16"><span class='ocrx_word' id='word_1_250' title='bbox 1917 1077 2110 1128; x_wconf 76' lang='lat' dir='ltr'><strong>hzeresi</strong></span> <span class='ocrx_word' id='word_1_251' title='bbox 2137 1089 2306 1142; x_wconf 85' lang='lat' dir='ltr'><strong>pauca</strong></span> <span class='ocrx_word' id='word_1_252' title='bbox 2358 1073 2604 1142; x_wconf 74' lang='lat' dir='ltr'><strong>qua-dam</strong></span> <span class='ocrx_word' id='word_1_253' title='bbox 2642 1074 2708 1125; x_wconf 91' lang='lat' dir='ltr'><strong>ad</strong></span> <span class='ocrx_word' id='word_1_254' title='bbox 2739 1088 2834 1127; x_wconf 74' lang='lat' dir='ltr'><strong>ros</strong></span> <span class='ocrx_word' id='word_1_255' title='bbox 2881 1073 3201 1138; x_wconf 82' lang='lat' dir='ltr'><strong>edisserere,</strong></span> <span class='ocrx_word' id='word_1_256' title='bbox 3231 1075 3387 1144; x_wconf 92' lang='lat' dir='ltr'><strong>idque</strong></span> <span class='ocrx_word' id='word_1_257' title='bbox 3413 1092 3478 1129; x_wconf 88' lang='lat' dir='ltr'><strong>eo</strong></span> 
     </span>
    </p>
   </div>
   <div class='ocr_carea' id='block_1_40' title="bbox 1916 1163 3483 1238">
    <p class='ocr_par' dir='ltr' id='par_1_40' title="bbox 1916 1163 3483 1238">
     <span class='ocr_line' id='line_1_40' title="bbox 1916 1163 3483 1238; baseline 0.001 -21"><span class='ocrx_word' id='word_1_258' title='bbox 1916 1166 2088 1235; x_wconf 73' lang='lat' dir='ltr'><strong>magis</strong></span> <span class='ocrx_word' id='word_1_259' title='bbox 2154 1165 2295 1238; x_wconf 83' lang='lat' dir='ltr'><strong>quod</strong></span> <span class='ocrx_word' id='word_1_260' title='bbox 2356 1163 2596 1231; x_wconf 88' lang='lat' dir='ltr'><strong>ipsorum</strong></span> <span class='ocrx_word' id='word_1_261' title='bbox 2654 1163 3283 1216; x_wconf 80' lang='lat' dir='ltr'><strong>anathematizationem&#39;</strong></span> <span class='ocrx_word' id='word_1_262' title='bbox 3321 1165 3483 1219; x_wconf 79' lang='lat' dir='ltr'><strong>hodie</strong></span> 
     </span>
    </p>
   </div>
   <div class='ocr_carea' id='block_1_41' title="bbox 1914 1246 3476 1324">
    <p class='ocr_par' dir='ltr' id='par_1_41' title="bbox 1914 1246 3476 1324">
     <span class='ocr_line' id='line_1_41' title="bbox 1914 1246 3476 1324; baseline 0.001 -18"><span class='ocrx_word' id='word_1_263' title='bbox 1914 1254 2339 1324; x_wconf 75' lang='lat' dir='ltr'><strong>promnlgamus.</strong></span> <span class='ocrx_word' id='word_1_264' title='bbox 2365 1253 2482 1306; x_wconf 77' lang='lat' dir='ltr'><strong>1am</strong></span> <span class='ocrx_word' id='word_1_265' title='bbox 2521 1267 2650 1306; x_wconf 88' lang='lat' dir='ltr'><strong>vero</strong></span> <span class='ocrx_word' id='word_1_266' title='bbox 2689 1254 2982 1320; x_wconf 89' lang='lat' dir='ltr'><strong>imperator</strong></span> <span class='ocrx_word' id='word_1_267' title='bbox 3003 1246 3188 1307; x_wconf 83' lang='lat' dir='ltr'><strong>noster</strong></span> <span class='ocrx_word' id='word_1_268' title='bbox 3209 1253 3476 1309; x_wconf 69' lang='lat' dir='ltr'><strong>Christia-</strong></span> 
     </span>
    </p>
   </div>
   <div class='ocr_carea' id='block_1_42' title="bbox 1914 1343 3476 1413">
    <p class='ocr_par' dir='ltr' id='par_1_42' title="bbox 1914 1343 3476 1413">
     <span class='ocr_line' id='line_1_42' title="bbox 1914 1343 3476 1413; baseline 0 -15"><span class='ocrx_word' id='word_1_269' title='bbox 1914 1344 2173 1399; x_wconf 86' lang='lat' dir='ltr'><strong>nissimus</strong></span> <span class='ocrx_word' id='word_1_270' title='bbox 2204 1359 2266 1397; x_wconf 89' lang='lat' dir='ltr'><strong>ac</strong></span> <span class='ocrx_word' id='word_1_271' title='bbox 2313 1346 2545 1397; x_wconf 79' lang='lat' dir='ltr'><strong>maxime</strong></span> <span class='ocrx_word' id='word_1_272' title='bbox 2575 1344 2698 1412; x_wconf 88' lang='lat' dir='ltr'><strong>pius</strong></span> <span class='ocrx_word' id='word_1_273' title='bbox 2736 1343 2878 1396; x_wconf 82' lang='lat' dir='ltr'><strong>illam</strong></span> <span class='ocrx_word' id='word_1_274' title='bbox 2914 1343 3110 1412; x_wconf 81' lang='lat' dir='ltr'><strong>ipsam,</strong></span> <span class='ocrx_word' id='word_1_275' title='bbox 3145 1359 3264 1413; x_wconf 80' lang='lat' dir='ltr'><strong>qua:</strong></span> <span class='ocrx_word' id='word_1_276' title='bbox 3309 1345 3476 1400; x_wconf 83' lang='lat' dir='ltr'><strong>solem</strong></span> 
     </span>
    </p>
   </div>
   <div class='ocr_carea' id='block_1_43' title="bbox 1914 1435 3481 1505">
    <p class='ocr_par' dir='ltr' id='par_1_43' title="bbox 1914 1435 3481 1505">
     <span class='ocr_line' id='line_1_43' title="bbox 1914 1435 3481 1505; baseline 0.001 -16"><span class='ocrx_word' id='word_1_277' title='bbox 1914 1437 2076 1505; x_wconf 76' lang='lat' dir='ltr'><strong>fugit,</strong></span> <span class='ocrx_word' id='word_1_278' title='bbox 2117 1435 2502 1490; x_wconf 74' lang='lat' dir='ltr'><strong>condemnavit</strong></span> <span class='ocrx_word' id='word_1_279' title='bbox 2531 1443 2583 1487; x_wconf 93' lang='lat' dir='ltr'><strong>et</strong></span> <span class='ocrx_word' id='word_1_280' title='bbox 2606 1435 2725 1503; x_wconf 87' lang='lat' dir='ltr'><strong>ejus</strong></span> <span class='ocrx_word' id='word_1_281' title='bbox 2755 1437 3166 1504; x_wconf 75' lang='lat' dir='ltr'><strong>antesignanum</strong></span> <span class='ocrx_word' id='word_1_282' title='bbox 3194 1435 3481 1505; x_wconf 85' lang='lat' dir='ltr'><strong>omnisque</strong></span> 
     </span>
    </p>
   </div>
   <div class='ocr_carea' id='block_1_44' title="bbox 1911 1525 3483 1597">
    <p class='ocr_par' dir='ltr' id='par_1_44' title="bbox 1911 1525 3483 1597">
     <span class='ocr_line' id='line_1_44' title="bbox 1911 1525 3483 1597; baseline -0.001 -18"><span class='ocrx_word' id='word_1_283' title='bbox 1911 1529 2034 1579; x_wconf 89' lang='lat' dir='ltr'><strong>mali</strong></span> <span class='ocrx_word' id='word_1_284' title='bbox 2067 1538 2342 1580; x_wconf 87' lang='lat' dir='ltr'><strong>auctorem</strong></span> <span class='ocrx_word' id='word_1_285' title='bbox 2375 1526 2518 1593; x_wconf 78' lang='lat' dir='ltr'><strong>justo</strong></span> <span class='ocrx_word' id='word_1_286' title='bbox 2541 1526 2649 1597; x_wconf 78' lang='lat' dir='ltr'><strong>igni</strong></span> <span class='ocrx_word' id='word_1_287' title='bbox 2712 1525 2949 1596; x_wconf 89' lang='lat' dir='ltr'><strong>tradidit,</strong></span> <span class='ocrx_word' id='word_1_288' title='bbox 2979 1525 3150 1594; x_wconf 88' lang='lat' dir='ltr'><strong>ipsam</strong></span> <span class='ocrx_word' id='word_1_289' title='bbox 3174 1541 3300 1581; x_wconf 84' lang='lat' dir='ltr'><strong>vero</strong></span> <span class='ocrx_word' id='word_1_290' title='bbox 3358 1542 3483 1594; x_wconf 82' lang='lat' dir='ltr'><strong>per-</strong></span> 
     </span>
    </p>
   </div>
   <div class='ocr_carea' id='block_1_45' title="bbox 1900 1615 3476 1690">
    <p class='ocr_par' dir='ltr' id='par_1_45' title="bbox 1900 1615 3476 1690">
     <span class='ocr_line' id='line_1_45' title="bbox 1900 1615 3476 1690; baseline -0.001 -22"><span class='ocrx_word' id='word_1_291' title='bbox 1900 1632 2120 1690; x_wconf 73' lang='lat' dir='ltr'><strong>_\&#39;ersam</strong></span> <span class='ocrx_word' id='word_1_292' title='bbox 2153 1615 2456 1670; x_wconf 86' lang='lat' dir='ltr'><strong>doctrinam</strong></span> <span class='ocrx_word' id='word_1_293' title='bbox 2497 1615 2564 1668; x_wconf 88' lang='lat' dir='ltr'><strong>ah</strong></span> <span class='ocrx_word' id='word_1_294' title='bbox 2609 1615 2848 1670; x_wconf 78' lang='lat' dir='ltr'><strong>Ecclesia</strong></span> <span class='ocrx_word' id='word_1_295' title='bbox 2901 1615 3246 1670; x_wconf 82' lang='lat' dir='ltr'><strong>anathemate</strong></span> <span class='ocrx_word' id='word_1_296' title='bbox 3278 1615 3476 1683; x_wconf 68' lang='lat' dir='ltr'><strong>signari</strong></span> 
     </span>
    </p>
   </div>
   <div class='ocr_carea' id='block_1_46' title="bbox 1901 1705 3479 1791">
    <p class='ocr_par' dir='ltr' id='par_1_46' title="bbox 1901 1705 3479 1791">
     <span class='ocr_line' id='line_1_46' title="bbox 1901 1705 3479 1791; baseline 0.001 -32"><span class='ocrx_word' id='word_1_297' title='bbox 1901 1709 2086 1791; x_wconf 73' lang='lat' dir='ltr'><strong>jussit.</strong></span> <span class='ocrx_word' id='word_1_298' title='bbox 2127 1707 2273 1783; x_wconf 19' lang='lat' dir='ltr'><strong>illiue</strong></span> <span class='ocrx_word' id='word_1_299' title='bbox 2322 1706 2502 1760; x_wconf 77' lang='lat' dir='ltr'><strong>videre.</strong></span> <span class='ocrx_word' id='word_1_300' title='bbox 2530 1715 2613 1760; x_wconf 89' lang='lat' dir='ltr'><strong>est</strong></span> <span class='ocrx_word' id='word_1_301' title='bbox 2670 1706 2972 1760; x_wconf 87' lang='lat' dir='ltr'><strong>istiusmodi</strong></span> <span class='ocrx_word' id='word_1_302' title='bbox 3006 1706 3250 1760; x_wconf 83' lang='lat' dir='ltr'><strong>homines</strong></span> <span class='ocrx_word' id='word_1_303' title='bbox 3293 1705 3479 1786; x_wconf 79' lang='lat' dir='ltr'><strong>habitu</strong></span> 
     </span>
    </p>
   </div>
   <div class='ocr_carea' id='block_1_47' title="bbox 1906 1782 3478 1877">
    <p class='ocr_par' dir='ltr' id='par_1_47' title="bbox 1906 1782 3478 1877">
     <span class='ocr_line' id='line_1_47' title="bbox 1906 1782 3478 1877; baseline -0.003 -23"><span class='ocrx_word' id='word_1_304' title='bbox 1906 1782 2438 1877; x_wconf 69' lang='lat' dir='ltr'><strong>sumptontonastieo</strong></span> <span class='ocrx_word' id='word_1_305' title='bbox 2464 1797 2563 1850; x_wconf 85' lang='lat' dir='ltr'><strong>sub</strong></span> <span class='ocrx_word' id='word_1_306' title='bbox 2591 1797 2728 1867; x_wconf 90' lang='lat' dir='ltr'><strong>pelle</strong></span> <span class='ocrx_word' id='word_1_307' title='bbox 2751 1797 2979 1850; x_wconf 86' lang='lat' dir='ltr'><strong>candida</strong></span> <span class='ocrx_word' id='word_1_308' title='bbox 3014 1797 3200 1864; x_wconf 90' lang='lat' dir='ltr'><strong>lupum</strong></span> <span class='ocrx_word' id='word_1_309' title='bbox 3225 1782 3362 1851; x_wconf 68' lang='lat' dir='ltr'><strong>{mle</strong></span> <span class='ocrx_word' id='word_1_310' title='bbox 3383 1797 3478 1849; x_wconf 85' lang='lat' dir='ltr'><strong>ab-</strong></span> 
     </span>
    </p>
   </div>
   <div class='ocr_carea' id='block_1_48' title="bbox 1906 1886 3479 1959">
    <p class='ocr_par' dir='ltr' id='par_1_48' title="bbox 1906 1886 3479 1959">
     <span class='ocr_line' id='line_1_48' title="bbox 1906 1886 3479 1959; baseline -0.002 -17"><span class='ocrx_word' id='word_1_311' title='bbox 1906 1889 2264 1959; x_wconf 83' lang='lat' dir='ltr'><strong>scondidisse.</strong></span> <span class='ocrx_word' id='word_1_312' title='bbox 2300 1888 2388 1942; x_wconf 82' lang='lat' dir='ltr'><strong>Sic</strong></span> <span class='ocrx_word' id='word_1_313' title='bbox 2436 1887 2665 1941; x_wconf 75' lang='lat' dir='ltr'><strong>infames</strong></span> <span class='ocrx_word' id='word_1_314' title='bbox 2699 1886 2836 1955; x_wconf 84' lang='lat' dir='ltr'><strong>apud</strong></span> <span class='ocrx_word' id='word_1_315' title='bbox 2873 1886 3479 1956; x_wconf 85' lang='lat' dir='ltr'><strong>plerosque,prohitatis</strong></span> 
     </span>
    </p>
   </div>
   <div class='ocr_carea' id='block_1_49' title="bbox 1906 1969 3477 2048">
    <p class='ocr_par' dir='ltr' id='par_1_49' title="bbox 1906 1969 3477 2048">
     <span class='ocr_line' id='line_1_49' title="bbox 1906 1969 3477 2048; baseline -0.001 -15"><span class='ocrx_word' id='word_1_316' title='bbox 1906 1980 2100 2036; x_wconf 84' lang='lat' dir='ltr'><strong>famam</strong></span> <span class='ocrx_word' id='word_1_317' title='bbox 2132 1969 2470 2048; x_wconf 74' lang='lat' dir='ltr'><strong>arrogantes.</strong></span> <span class='ocrx_word' id='word_1_318' title='bbox 2506 1979 2671 2033; x_wconf 84' lang='lat' dir='ltr'><strong>auditi</strong></span> <span class='ocrx_word' id='word_1_319' title='bbox 2743 1989 2890 2043; x_wconf 88' lang='lat' dir='ltr'><strong>sunt,</strong></span> <span class='ocrx_word' id='word_1_320' title='bbox 2924 1979 3048 2048; x_wconf 86' lang='lat' dir='ltr'><strong>quia</strong></span> <span class='ocrx_word' id='word_1_321' title='bbox 3076 1979 3333 2033; x_wconf 77' lang='lat' dir='ltr'><strong>doctrina:</strong></span> <span class='ocrx_word' id='word_1_322' title='bbox 3364 1996 3477 2033; x_wconf 76' lang='lat' dir='ltr'><strong>sua:</strong></span> 
     </span>
    </p>
   </div>
   <div class='ocr_carea' id='block_1_50' title="bbox 1912 2070 3482 2138">
    <p class='ocr_par' dir='ltr' id='par_1_50' title="bbox 1912 2070 3482 2138">
     <span class='ocr_line' id='line_1_50' title="bbox 1912 2070 3482 2138; baseline 0 -14"><span class='ocrx_word' id='word_1_323' title='bbox 1912 2071 2136 2124; x_wconf 79' lang='lat' dir='ltr'><strong>malitia:</strong></span> <span class='ocrx_word' id='word_1_324' title='bbox 2167 2085 2433 2123; x_wconf 76' lang='lat' dir='ltr'><strong>venenum</strong></span> <span class='ocrx_word' id='word_1_325' title='bbox 2465 2085 2751 2138; x_wconf 73' lang='lat' dir='ltr'><strong>aspergere</strong></span> <span class='ocrx_word' id='word_1_326' title='bbox 2804 2085 3050 2138; x_wconf 68' lang='lat' dir='ltr'><strong>escarque</strong></span> <span class='ocrx_word' id='word_1_327' title='bbox 3098 2070 3200 2124; x_wconf 90' lang='lat' dir='ltr'><strong>mel</strong></span> <span class='ocrx_word' id='word_1_328' title='bbox 3253 2073 3482 2126; x_wconf 87' lang='lat' dir='ltr'><strong>miscere</strong></span> 
     </span>
    </p>
   </div>
   <div class='ocr_carea' id='block_1_51' title="bbox 1915 2155 3478 2226">
    <p class='ocr_par' dir='ltr' id='par_1_51' title="bbox 1915 2155 3478 2226">
     <span class='ocr_line' id='line_1_51' title="bbox 1915 2155 3478 2226; baseline -0.001 -15"><span class='ocrx_word' id='word_1_329' title='bbox 1915 2157 2207 2212; x_wconf 78' lang='lat' dir='ltr'><strong>callebant.</strong></span> <span class='ocrx_word' id='word_1_330' title='bbox 2240 2156 2423 2210; x_wconf 83' lang='lat' dir='ltr'><strong>Primo</strong></span> <span class='ocrx_word' id='word_1_331' title='bbox 2455 2157 2597 2210; x_wconf 90' lang='lat' dir='ltr'><strong>enim</strong></span> <span class='ocrx_word' id='word_1_332' title='bbox 2629 2157 2681 2210; x_wconf 91' lang='lat' dir='ltr'><strong>in</strong></span> <span class='ocrx_word' id='word_1_333' title='bbox 2733 2158 2970 2219; x_wconf 84' lang='lat' dir='ltr'><strong>Patrem,</strong></span> <span class='ocrx_word' id='word_1_334' title='bbox 3003 2155 3224 2222; x_wconf 83' lang='lat' dir='ltr'><strong>Filium,</strong></span> <span class='ocrx_word' id='word_1_335' title='bbox 3259 2173 3323 2213; x_wconf 87' lang='lat' dir='ltr'><strong>ae</strong></span> <span class='ocrx_word' id='word_1_336' title='bbox 3354 2158 3478 2226; x_wconf 70' lang='lat' dir='ltr'><strong>Spi-</strong></span> 
     </span>
    </p>
   </div>
   <div class='ocr_carea' id='block_1_52' title="bbox 1917 2247 3479 2303">
    <p class='ocr_par' dir='ltr' id='par_1_52' title="bbox 1917 2247 3479 2303">
     <span class='ocr_line' id='line_1_52' title="bbox 1917 2247 3479 2303; baseline 0.001 -2"><span class='ocrx_word' id='word_1_337' title='bbox 1917 2249 2082 2301; x_wconf 86' lang='lat' dir='ltr'><strong>ritum</strong></span> <span class='ocrx_word' id='word_1_338' title='bbox 2127 2258 2374 2303; x_wconf 83' lang='lat' dir='ltr'><strong>sanetum</strong></span> <span class='ocrx_word' id='word_1_339' title='bbox 2418 2261 2537 2301; x_wconf 90' lang='lat' dir='ltr'><strong>sese</strong></span> <span class='ocrx_word' id='word_1_340' title='bbox 2562 2247 2784 2302; x_wconf 81' lang='lat' dir='ltr'><strong>credere</strong></span> <span class='ocrx_word' id='word_1_341' title='bbox 2829 2249 3089 2303; x_wconf 87' lang='lat' dir='ltr'><strong>simulant</strong></span> <span class='ocrx_word' id='word_1_342' title='bbox 3123 2261 3170 2303; x_wconf 92' lang='lat' dir='ltr'><strong>el</strong></span> <span class='ocrx_word' id='word_1_343' title='bbox 3200 2249 3479 2303; x_wconf 85' lang='lat' dir='ltr'><strong>Christum</strong></span> 
     </span>
    </p>
   </div>
   <div class='ocr_carea' id='block_1_53' title="bbox 1914 2337 3480 2410">
    <p class='ocr_par' dir='ltr' id='par_1_53' title="bbox 1914 2337 3480 2410">
     <span class='ocr_line' id='line_1_53' title="bbox 1914 2337 3480 2410; baseline 0.001 -18"><span class='ocrx_word' id='word_1_344' title='bbox 1914 2341 2402 2393; x_wconf 84' lang='lat' dir='ltr'><strong>incarnatumesse</strong></span> <span class='ocrx_word' id='word_1_345' title='bbox 2461 2337 2749 2392; x_wconf 78' lang='lat' dir='ltr'><strong>aﬂirniant.</strong></span> <span class='ocrx_word' id='word_1_346' title='bbox 2803 2339 2893 2394; x_wconf 84' lang='lat' dir='ltr'><strong>Sic</strong></span> <span class='ocrx_word' id='word_1_347' title='bbox 2950 2340 3111 2394; x_wconf 88' lang='lat' dir='ltr'><strong>etiam</strong></span> <span class='ocrx_word' id='word_1_348' title='bbox 3171 2341 3480 2410; x_wconf 74' lang='lat' dir='ltr'><strong>evangelica</strong></span> 
     </span>
    </p>
   </div>
   <div class='ocr_carea' id='block_1_54' title="bbox 1913 2429 3480 2501">
    <p class='ocr_par' dir='ltr' id='par_1_54' title="bbox 1913 2429 3480 2501">
     <span class='ocr_line' id='line_1_54' title="bbox 1913 2429 3480 2501; baseline 0.003 -18"><span class='ocrx_word' id='word_1_349' title='bbox 1913 2430 2205 2485; x_wconf 72' lang='lat' dir='ltr'><strong>observare</strong></span> <span class='ocrx_word' id='word_1_350' title='bbox 2231 2438 2498 2498; x_wconf 65' lang='lat' dir='ltr'><strong>pra-ecpta</strong></span> <span class='ocrx_word' id='word_1_351' title='bbox 2531 2429 2795 2484; x_wconf 86' lang='lat' dir='ltr'><strong>simulant</strong></span> <span class='ocrx_word' id='word_1_352' title='bbox 2821 2444 3137 2499; x_wconf 90' lang='lat' dir='ltr'><strong>precesque,</strong></span> <span class='ocrx_word' id='word_1_353' title='bbox 3195 2431 3399 2501; x_wconf 87' lang='lat' dir='ltr'><strong>jejunia</strong></span> <span class='ocrx_word' id='word_1_354' title='bbox 3426 2443 3480 2487; x_wconf 88' lang='lat' dir='ltr'><strong>et</strong></span> 
     </span>
    </p>
   </div>
   <div class='ocr_carea' id='block_1_55' title="bbox 1912 2522 3477 2596">
    <p class='ocr_par' dir='ltr' id='par_1_55' title="bbox 1912 2522 3477 2596">
     <span class='ocr_line' id='line_1_55' title="bbox 1912 2522 3477 2596; baseline 0.002 -19"><span class='ocrx_word' id='word_1_355' title='bbox 1912 2523 2095 2577; x_wconf 83' lang='lat' dir='ltr'><strong>cordis</strong></span> <span class='ocrx_word' id='word_1_356' title='bbox 2146 2522 2462 2594; x_wconf 67' lang='lat' dir='ltr'><strong>munditiem</strong></span> <span class='ocrx_word' id='word_1_357' title='bbox 2495 2523 2810 2592; x_wconf 72' lang='lat' dir='ltr'><strong>praedicant.</strong></span> <span class='ocrx_word' id='word_1_358' title='bbox 2843 2523 3107 2593; x_wconf 87' lang='lat' dir='ltr'><strong>Tempore</strong></span> <span class='ocrx_word' id='word_1_359' title='bbox 3127 2535 3309 2579; x_wconf 88' lang='lat' dir='ltr'><strong>autem</strong></span> <span class='ocrx_word' id='word_1_360' title='bbox 3349 2541 3477 2596; x_wconf 78' lang='lat' dir='ltr'><strong>pro-</strong></span> 
     </span>
    </p>
   </div>
   <div class='ocr_carea' id='block_1_56' title="bbox 1913 2613 3480 2684">
    <p class='ocr_par' dir='ltr' id='par_1_56' title="bbox 1913 2613 3480 2684">
     <span class='ocr_line' id='line_1_56' title="bbox 1913 2613 3480 2684; baseline 0.002 -16"><span class='ocrx_word' id='word_1_361' title='bbox 1913 2615 2158 2678; x_wconf 82' lang='lat' dir='ltr'><strong>cedente,</strong></span> <span class='ocrx_word' id='word_1_362' title='bbox 2186 2613 2456 2667; x_wconf 81' lang='lat' dir='ltr'><strong>frumento</strong></span> <span class='ocrx_word' id='word_1_363' title='bbox 2488 2614 2696 2667; x_wconf 84' lang='lat' dir='ltr'><strong>zizauia</strong></span> <span class='ocrx_word' id='word_1_364' title='bbox 2726 2614 2962 2683; x_wconf 74' lang='lat' dir='ltr'><strong>jungunt</strong></span> <span class='ocrx_word' id='word_1_365' title='bbox 2989 2625 3042 2669; x_wconf 91' lang='lat' dir='ltr'><strong>et</strong></span> <span class='ocrx_word' id='word_1_366' title='bbox 3079 2615 3191 2679; x_wconf 90' lang='lat' dir='ltr'><strong>ubi,</strong></span> <span class='ocrx_word' id='word_1_367' title='bbox 3225 2631 3362 2684; x_wconf 90' lang='lat' dir='ltr'><strong>quos</strong></span> <span class='ocrx_word' id='word_1_368' title='bbox 3387 2632 3480 2671; x_wconf 76' lang='lat' dir='ltr'><strong>vo-</strong></span> 
     </span>
    </p>
   </div>
   <div class='ocr_carea' id='block_1_57' title="bbox 1915 2705 3476 2775">
    <p class='ocr_par' dir='ltr' id='par_1_57' title="bbox 1915 2705 3476 2775">
     <span class='ocr_line' id='line_1_57' title="bbox 1915 2705 3476 2775; baseline 0.002 -16"><span class='ocrx_word' id='word_1_369' title='bbox 1915 2708 2051 2767; x_wconf 93' lang='lat' dir='ltr'><strong>lunt,</strong></span> <span class='ocrx_word' id='word_1_370' title='bbox 2079 2706 2181 2760; x_wconf 87' lang='lat' dir='ltr'><strong>sibi</strong></span> <span class='ocrx_word' id='word_1_371' title='bbox 2221 2705 2515 2760; x_wconf 75' lang='lat' dir='ltr'><strong>tamiliares</strong></span> <span class='ocrx_word' id='word_1_372' title='bbox 2547 2706 2899 2761; x_wconf 88' lang='lat' dir='ltr'><strong>reddiderunt</strong></span> <span class='ocrx_word' id='word_1_373' title='bbox 2943 2717 2998 2760; x_wconf 91' lang='lat' dir='ltr'><strong>et</strong></span> <span class='ocrx_word' id='word_1_374' title='bbox 3041 2706 3275 2775; x_wconf 73' lang='lat' dir='ltr'><strong>prmdam</strong></span> <span class='ocrx_word' id='word_1_375' title='bbox 3319 2722 3476 2762; x_wconf 79' lang='lat' dir='ltr'><strong>suam</strong></span> 
     </span>
    </p>
   </div>
   <div class='ocr_carea' id='block_1_58' title="bbox 1911 2798 3476 2869">
    <p class='ocr_par' dir='ltr' id='par_1_58' title="bbox 1911 2798 3476 2869">
     <span class='ocr_line' id='line_1_58' title="bbox 1911 2798 3476 2869; baseline 0.001 -15"><span class='ocrx_word' id='word_1_376' title='bbox 1911 2799 2100 2854; x_wconf 84' lang='lat' dir='ltr'><strong>dolose</strong></span> <span class='ocrx_word' id='word_1_377' title='bbox 2122 2799 2494 2864; x_wconf 88' lang='lat' dir='ltr'><strong>obtinuerunt,</strong></span> <span class='ocrx_word' id='word_1_378' title='bbox 2523 2808 2633 2853; x_wconf 89' lang='lat' dir='ltr'><strong>tum</strong></span> <span class='ocrx_word' id='word_1_379' title='bbox 2657 2803 2802 2854; x_wconf 86' lang='lat' dir='ltr'><strong>virus</strong></span> <span class='ocrx_word' id='word_1_380' title='bbox 2824 2798 3105 2854; x_wconf 77' lang='lat' dir='ltr'><strong>eﬂuudunt</strong></span> <span class='ocrx_word' id='word_1_381' title='bbox 3131 2814 3292 2854; x_wconf 87' lang='lat' dir='ltr'><strong>suum</strong></span> <span class='ocrx_word' id='word_1_382' title='bbox 3314 2818 3331 2869; x_wconf 83' lang='lat'><strong>;</strong></span> <span class='ocrx_word' id='word_1_383' title='bbox 3364 2809 3476 2855; x_wconf 89' lang='lat' dir='ltr'><strong>tum</strong></span> 
     </span>
    </p>
   </div>
   <div class='ocr_carea' id='block_1_59' title="bbox 1912 2890 3482 2962">
    <p class='ocr_par' dir='ltr' id='par_1_59' title="bbox 1912 2890 3482 2962">
     <span class='ocr_line' id='line_1_59' title="bbox 1912 2890 3482 2962; baseline 0.002 -18"><span class='ocrx_word' id='word_1_384' title='bbox 1912 2891 2202 2946; x_wconf 80' lang='lat' dir='ltr'><strong>manifesto</strong></span> <span class='ocrx_word' id='word_1_385' title='bbox 2226 2890 2625 2962; x_wconf 86' lang='lat' dir='ltr'><strong>blasphemant,</strong></span> <span class='ocrx_word' id='word_1_386' title='bbox 2684 2903 2794 2946; x_wconf 92' lang='lat' dir='ltr'><strong>tum</strong></span> <span class='ocrx_word' id='word_1_387' title='bbox 2847 2890 3045 2946; x_wconf 85' lang='lat' dir='ltr'><strong>diaboli</strong></span> <span class='ocrx_word' id='word_1_388' title='bbox 3095 2891 3394 2946; x_wconf 86' lang='lat' dir='ltr'><strong>doctrinam</strong></span> <span class='ocrx_word' id='word_1_389' title='bbox 3425 2902 3482 2947; x_wconf 87' lang='lat' dir='ltr'><strong>e&#39;.</strong></span> 
     </span>
    </p>
   </div>
   <div class='ocr_carea' id='block_1_60' title="bbox 1913 2983 3477 3054">
    <p class='ocr_par' dir='ltr' id='par_1_60' title="bbox 1913 2983 3477 3054">
     <span class='ocr_line' id='line_1_60' title="bbox 1913 2983 3477 3054; baseline 0.003 -19"><span class='ocrx_word' id='word_1_390' title='bbox 1913 2983 2178 3038; x_wconf 76' lang='lat' dir='ltr'><strong>fallaciam</strong></span> <span class='ocrx_word' id='word_1_391' title='bbox 2209 2984 2506 3054; x_wconf 77' lang='lat' dir='ltr'><strong>divulgant,</strong></span> <span class='ocrx_word' id='word_1_392' title='bbox 2540 3000 2668 3053; x_wconf 53' lang='lat' dir='ltr'><strong>quae,</strong></span> <span class='ocrx_word' id='word_1_393' title='bbox 2686 2985 2868 3039; x_wconf 85' lang='lat' dir='ltr'><strong>omnia</strong></span> <span class='ocrx_word' id='word_1_394' title='bbox 2888 2986 2940 3038; x_wconf 91' lang='lat' dir='ltr'><strong>in</strong></span> <span class='ocrx_word' id='word_1_395' title='bbox 2970 2986 3204 3041; x_wconf 80' lang='lat' dir='ltr'><strong>medium</strong></span> <span class='ocrx_word' id='word_1_396' title='bbox 3236 2984 3477 3054; x_wconf 77' lang='lat' dir='ltr'><strong>proferre</strong></span> 
     </span>
    </p>
   </div>
   <div class='ocr_carea' id='block_1_61' title="bbox 1912 3064 3472 3146">
    <p class='ocr_par' dir='ltr' id='par_1_61' title="bbox 1912 3064 3472 3146">
     <span class='ocr_line' id='line_1_61' title="bbox 1912 3064 3472 3146; baseline 0.002 -18"><span class='ocrx_word' id='word_1_397' title='bbox 1912 3087 2139 3130; x_wconf 86' lang='lat' dir='ltr'><strong>nonest</strong></span> <span class='ocrx_word' id='word_1_398' title='bbox 2198 3076 2364 3144; x_wconf 83' lang='lat' dir='ltr'><strong>hujus</strong></span> <span class='ocrx_word' id='word_1_399' title='bbox 2421 3077 2543 3130; x_wconf 90' lang='lat' dir='ltr'><strong>loci.</strong></span> <span class='ocrx_word' id='word_1_400' title='bbox 2601 3075 2753 3141; x_wconf 84' lang='lat' dir='ltr'><strong>Quod</strong></span> <span class='ocrx_word' id='word_1_401' title='bbox 2799 3087 2977 3136; x_wconf 86' lang='lat' dir='ltr'><strong>autem</strong></span> <span class='ocrx_word' id='word_1_402' title='bbox 3027 3078 3318 3146; x_wconf 88' lang='lat' dir='ltr'><strong>pessimam</strong></span> <span class='ocrx_word' id='word_1_403' title='bbox 3347 3064 3472 3146; x_wconf 74' lang='lat' dir='ltr'><strong>pra:</strong></span> 
     </span>
    </p>
   </div>
   <div class='ocr_carea' id='block_1_62' title="bbox 1913 3163 3475 3228">
    <p class='ocr_par' dir='ltr' id='par_1_62' title="bbox 1913 3163 3475 3228">
     <span class='ocr_line' id='line_1_62' title="bbox 1913 3163 3475 3228; baseline 0.004 -13"><span class='ocrx_word' id='word_1_404' title='bbox 1913 3178 1970 3218; x_wconf 91' lang='lat' dir='ltr'><strong>se</strong></span> <span class='ocrx_word' id='word_1_405' title='bbox 2009 3163 2493 3228; x_wconf 66' lang='lat' dir='ltr'><strong>fct&#39;unt‘limr&#39;esiiii,</strong></span> <span class='ocrx_word' id='word_1_406' title='bbox 2530 3165 2580 3217; x_wconf 88' lang='lat' dir='ltr'><strong>id</strong></span> <span class='ocrx_word' id='word_1_407' title='bbox 2607 3181 2737 3218; x_wconf 86' lang='lat' dir='ltr'><strong>sane</strong></span> <span class='ocrx_word' id='word_1_408' title='bbox 2767 3181 2858 3219; x_wconf 80' lang='lat' dir='ltr'><strong>vos</strong></span> <span class='ocrx_word' id='word_1_409' title='bbox 2891 3168 3075 3220; x_wconf 84' lang='lat' dir='ltr'><strong>sciatis</strong></span> <span class='ocrx_word' id='word_1_410' title='bbox 3127 3181 3342 3221; x_wconf 89' lang='lat' dir='ltr'><strong>necesse</strong></span> <span class='ocrx_word' id='word_1_411' title='bbox 3373 3176 3475 3222; x_wconf 88' lang='lat' dir='ltr'><strong>est.</strong></span> 
     </span>
    </p>
   </div>
   <div class='ocr_carea' id='block_1_63' title="bbox 1910 3251 3470 3324">
    <p class='ocr_par' dir='ltr' id='par_1_63' title="bbox 1910 3251 3470 3324">
     <span class='ocr_line' id='line_1_63' title="bbox 1910 3251 3470 3324; baseline 0.001 -19"><span class='ocrx_word' id='word_1_412' title='bbox 1910 3251 2043 3306; x_wconf 83' lang='lat' dir='ltr'><strong>Nam</strong></span> <span class='ocrx_word' id='word_1_413' title='bbox 2079 3253 2294 3322; x_wconf 78' lang='lat' dir='ltr'><strong>etiamsi</strong></span> <span class='ocrx_word' id='word_1_414' title='bbox 2338 3254 2389 3305; x_wconf 92' lang='lat' dir='ltr'><strong>in</strong></span> <span class='ocrx_word' id='word_1_415' title='bbox 2429 3253 2695 3322; x_wconf 85' lang='lat' dir='ltr'><strong>principio</strong></span> <span class='ocrx_word' id='word_1_416' title='bbox 2729 3272 2814 3308; x_wconf 88' lang='lat' dir='ltr'><strong>res</strong></span> <span class='ocrx_word' id='word_1_417' title='bbox 2885 3254 3140 3309; x_wconf 83' lang='lat' dir='ltr'><strong>honestas</strong></span> <span class='ocrx_word' id='word_1_418' title='bbox 3183 3257 3332 3324; x_wconf 90' lang='lat' dir='ltr'><strong>sequi</strong></span> <span class='ocrx_word' id='word_1_419' title='bbox 3371 3255 3470 3308; x_wconf 82' lang='lat' dir='ltr'><strong>Ilii-</strong></span> 
     </span>
    </p>
   </div>
   <div class='ocr_carea' id='block_1_64' title="bbox 1914 3344 3477 3413">
    <p class='ocr_par' dir='ltr' id='par_1_64' title="bbox 1914 3344 3477 3413">
     <span class='ocr_line' id='line_1_64' title="bbox 1914 3344 3477 3413; baseline 0.003 -17"><span class='ocrx_word' id='word_1_420' title='bbox 1914 3354 2075 3413; x_wconf 77' lang='lat' dir='ltr'><strong>gant,</strong></span> <span class='ocrx_word' id='word_1_421' title='bbox 2182 3344 2341 3398; x_wconf 87' lang='lat' dir='ltr'><strong>nobis</strong></span> <span class='ocrx_word' id='word_1_422' title='bbox 2426 3356 2604 3396; x_wconf 79' lang='lat' dir='ltr'><strong>tamen</strong></span> <span class='ocrx_word' id='word_1_423' title='bbox 2702 3344 2919 3397; x_wconf 88' lang='lat' dir='ltr'><strong>nomine</strong></span> <span class='ocrx_word' id='word_1_424' title='bbox 2993 3354 3196 3398; x_wconf 86' lang='lat' dir='ltr'><strong>tantum</strong></span> <span class='ocrx_word' id='word_1_425' title='bbox 3269 3345 3477 3400; x_wconf 72' lang='lat' dir='ltr'><strong>similes</strong></span> 
     </span>
    </p>
   </div>
   <div class='ocr_carea' id='block_1_65' title="bbox 242 3431 1810 3507">
    <p class='ocr_par' dir='ltr' id='par_1_65' title="bbox 242 3433 1810 3507">
     <span class='ocr_line' id='line_1_65' title="bbox 242 3433 1810 3507; baseline -0.005 -15"><span class='ocrx_word' id='word_1_426' title='bbox 242 3455 335 3500; x_wconf 85' lang='grc' dir='ltr'><strong>τες</strong></span> <span class='ocrx_word' id='word_1_427' title='bbox 365 3439 607 3507; x_wconf 76' lang='grc' dir='ltr'>δόγματα</span> <span class='ocrx_word' id='word_1_428' title='bbox 635 3438 725 3490; x_wconf 75' lang='grc' dir='ltr'>καὶ</span> <span class='ocrx_word' id='word_1_429' title='bbox 766 3437 1068 3505; x_wconf 81' lang='grc' dir='ltr'>διδάγματα</span> <span class='ocrx_word' id='word_1_430' title='bbox 1095 3450 1108 3464; x_wconf 90' lang='grc'><strong>·</strong></span> <span class='ocrx_word' id='word_1_431' title='bbox 1153 3434 1310 3486; x_wconf 72' lang='grc' dir='ltr'>ἆτινσι</span> <span class='ocrx_word' id='word_1_432' title='bbox 1345 3433 1474 3486; x_wconf 78' lang='grc' dir='ltr'>ποῖά</span> <span class='ocrx_word' id='word_1_433' title='bbox 1502 3450 1560 3484; x_wconf 88' lang='grc' dir='ltr'><strong>τε</strong></span> <span class='ocrx_word' id='word_1_434' title='bbox 1596 3433 1689 3484; x_wconf 74' lang='grc' dir='ltr'>καὶ</span> <span class='ocrx_word' id='word_1_435' title='bbox 1714 3435 1810 3485; x_wconf 78' lang='grc' dir='ltr'><strong>ὅσα</strong></span> 
     </span>
    </p>
   </div>
   <div class='ocr_carea' id='block_1_66' title="bbox 1913 3431 3473 3507">
    <p class='ocr_par' dir='ltr' id='par_1_66' title="bbox 1917 3431 3473 3501">
     <span class='ocr_line' id='line_1_66' title="bbox 1917 3431 3473 3501; baseline 0.001 -16"><span class='ocrx_word' id='word_1_436' title='bbox 1917 3440 2064 3495; x_wconf 92' lang='lat' dir='ltr'><strong>sunt,</strong></span> <span class='ocrx_word' id='word_1_437' title='bbox 2097 3447 2288 3501; x_wconf 85' lang='lat' dir='ltr'><strong>reapse</strong></span> <span class='ocrx_word' id='word_1_438' title='bbox 2319 3439 2432 3483; x_wconf 89' lang='lat' dir='ltr'><strong>toto</strong></span> <span class='ocrx_word' id='word_1_439' title='bbox 2475 3432 2613 3485; x_wconf 70' lang='lat' dir='ltr'><strong>caelo</strong></span> <span class='ocrx_word' id='word_1_440' title='bbox 2659 3448 2686 3483; x_wconf 73' lang='grc' dir='ltr'><strong>ιι</strong></span> <span class='ocrx_word' id='word_1_441' title='bbox 2721 3434 2877 3484; x_wconf 80' lang='lat' dir='ltr'><strong>nobis</strong></span> <span class='ocrx_word' id='word_1_442' title='bbox 2906 3431 3130 3486; x_wconf 70' lang='lat' dir='ltr'><strong>distant.</strong></span> <span class='ocrx_word' id='word_1_443' title='bbox 3158 3434 3294 3485; x_wconf 79' lang='lat' dir='ltr'><strong>Cum</strong></span> <span class='ocrx_word' id='word_1_444' title='bbox 3329 3434 3473 3487; x_wconf 89' lang='lat' dir='ltr'><strong>enim</strong></span> 
     </span>
    </p>
   </div>
   <div class='ocr_carea' id='block_1_67' title="bbox 247 3522 1817 3593">
    <p class='ocr_par' dir='ltr' id='par_1_67' title="bbox 247 3522 1817 3593">
     <span class='ocr_line' id='line_1_67' title="bbox 247 3522 1817 3593; baseline -0.006 -12"><span class='ocrx_word' id='word_1_445' title='bbox 247 3531 409 3590; x_wconf 68' lang='grc' dir='ltr'>εἰσιν,</span> <span class='ocrx_word' id='word_1_446' title='bbox 442 3529 501 3579; x_wconf 91' lang='grc' dir='ltr'><strong>οὑ</strong></span> <span class='ocrx_word' id='word_1_447' title='bbox 543 3527 636 3578; x_wconf 84' lang='grc' dir='ltr'><strong>τοῦ</strong></span> <span class='ocrx_word' id='word_1_448' title='bbox 680 3526 947 3593; x_wconf 79' lang='grc' dir='ltr'>παρόντος</span> <span class='ocrx_word' id='word_1_449' title='bbox 986 3524 1164 3590; x_wconf 80' lang='grc' dir='ltr'>λέγειν</span> <span class='ocrx_word' id='word_1_450' title='bbox 1195 3523 1421 3592; x_wconf 78' lang='grc' dir='ltr'>καιροῦο</span> <span class='ocrx_word' id='word_1_451' title='bbox 1470 3524 1648 3591; x_wconf 78' lang='grc' dir='ltr'>μίγμα</span> <span class='ocrx_word' id='word_1_452' title='bbox 1690 3522 1817 3572; x_wconf 69' lang='grc' dir='ltr'>ὄντα</span> 
     </span>
    </p>
   </div>
   <div class='ocr_carea' id='block_1_68' title="bbox 247 3602 1815 3688">
    <p class='ocr_par' dir='ltr' id='par_1_68' title="bbox 247 3602 1815 3688">
     <span class='ocr_line' id='line_1_68' title="bbox 247 3602 1815 3688; baseline -0.006 -17"><span class='ocrx_word' id='word_1_453' title='bbox 247 3617 433 3688; x_wconf 72' lang='grc' dir='ltr'>σχεδὸν</span> <span class='ocrx_word' id='word_1_454' title='bbox 485 3602 662 3688; x_wconf 77' lang='grc' dir='ltr'>πάσης</span> <span class='ocrx_word' id='word_1_455' title='bbox 715 3616 998 3684; x_wconf 75' lang='grc' dir='ltr'>αἰσχίστης</span> <span class='ocrx_word' id='word_1_456' title='bbox 1032 3615 1318 3683; x_wconf 78' lang='grc' dir='ltr'>αἱρέσεως.</span> <span class='ocrx_word' id='word_1_457' title='bbox 1371 3614 1540 3665; x_wconf 79' lang='grc' dir='ltr'>Τοῦτο</span> <span class='ocrx_word' id='word_1_458' title='bbox 1587 3613 1684 3680; x_wconf 84' lang='grc' dir='ltr'>μὲν</span> <span class='ocrx_word' id='word_1_459' title='bbox 1735 3628 1815 3663; x_wconf 86' lang='grc' dir='ltr'><strong>τοι</strong></span> 
     </span>
    </p>
   </div>
   <div class='ocr_carea' id='block_1_69' title="bbox 241 3702 1816 3779">
    <p class='ocr_par' dir='ltr' id='par_1_69' title="bbox 241 3702 1816 3779">
     <span class='ocr_line' id='line_1_69' title="bbox 241 3702 1816 3779; baseline -0.004 -19"><span class='ocrx_word' id='word_1_460' title='bbox 241 3707 419 3779; x_wconf 88' lang='grc' dir='ltr'>χρεὼν</span> <span class='ocrx_word' id='word_1_461' title='bbox 444 3707 638 3760; x_wconf 81' lang='grc' dir='ltr'>εἰδέναι</span> <span class='ocrx_word' id='word_1_462' title='bbox 679 3707 821 3776; x_wconf 78' lang='grc' dir='ltr'>ὑμᾶς</span> <span class='ocrx_word' id='word_1_463' title='bbox 847 3721 859 3733; x_wconf 89' lang='grc'><strong>·</strong></span> <span class='ocrx_word' id='word_1_464' title='bbox 897 3706 971 3766; x_wconf 82' lang='grc' dir='ltr'>ὡς</span> <span class='ocrx_word' id='word_1_465' title='bbox 995 3703 1097 3757; x_wconf 66' lang='grc' dir='ltr'>κᾶν</span> <span class='ocrx_word' id='word_1_466' title='bbox 1132 3704 1189 3755; x_wconf 77' lang='grc' dir='ltr'>ὲν</span> <span class='ocrx_word' id='word_1_467' title='bbox 1221 3705 1359 3773; x_wconf 78' lang='grc' dir='ltr'>ἀρχῇ</span> <span class='ocrx_word' id='word_1_468' title='bbox 1392 3703 1613 3755; x_wconf 85' lang='grc' dir='ltr'>τοιαῦτα</span> <span class='ocrx_word' id='word_1_469' title='bbox 1643 3702 1816 3754; x_wconf 73' lang='grc' dir='ltr'>διδάσ-</span> 
     </span>
    </p>
   </div>
   <div class='ocr_carea' id='block_1_70' title="bbox 241 3790 1815 3866">
    <p class='ocr_par' dir='ltr' id='par_1_70' title="bbox 241 3790 1815 3866">
     <span class='ocr_line' id='line_1_70' title="bbox 241 3790 1815 3866; baseline -0.006 -15"><span class='ocrx_word' id='word_1_470' title='bbox 241 3814 411 3851; x_wconf 85' lang='grc' dir='ltr'>κωσιν</span> <span class='ocrx_word' id='word_1_471' title='bbox 449 3797 522 3855; x_wconf 83' lang='grc' dir='ltr'>ὡς</span> <span class='ocrx_word' id='word_1_472' title='bbox 546 3797 887 3866; x_wconf 84' lang='grc' dir='ltr'>προείρηται,</span> <span class='ocrx_word' id='word_1_473' title='bbox 911 3793 1044 3845; x_wconf 85' lang='grc' dir='ltr'>ἀλλὰ</span> <span class='ocrx_word' id='word_1_474' title='bbox 1064 3794 1174 3853; x_wconf 70' lang='grc' dir='ltr'>τοῖς</span> <span class='ocrx_word' id='word_1_475' title='bbox 1213 3792 1439 3860; x_wconf 82' lang='grc' dir='ltr'>ὀνόμασι</span> <span class='ocrx_word' id='word_1_476' title='bbox 1472 3790 1651 3860; x_wconf 85' lang='grc' dir='ltr'>μόνοις</span> <span class='ocrx_word' id='word_1_477' title='bbox 1686 3791 1815 3859; x_wconf 75' lang='grc' dir='ltr'>ἡμῖν</span> 
     </span>
    </p>
   </div>
   <div class='ocr_carea' id='block_1_71' title="bbox 245 3882 1814 3958">
    <p class='ocr_par' dir='ltr' id='par_1_71' title="bbox 245 3882 1814 3958">
     <span class='ocr_line' id='line_1_71' title="bbox 245 3882 1814 3958; baseline -0.008 -16"><span class='ocrx_word' id='word_1_478' title='bbox 245 3887 646 3958; x_wconf 76' lang='grc' dir='ltr'>συμφέρονται·</span> <span class='ocrx_word' id='word_1_479' title='bbox 705 3887 816 3947; x_wconf 86' lang='grc' dir='ltr'>τοῖς</span> <span class='ocrx_word' id='word_1_480' title='bbox 854 3883 911 3936; x_wconf 82' lang='grc' dir='ltr'>δὲ</span> <span class='ocrx_word' id='word_1_481' title='bbox 969 3882 1254 3952; x_wconf 75' lang='grc' dir='ltr'>πράγμασι</span> <span class='ocrx_word' id='word_1_482' title='bbox 1300 3885 1642 3955; x_wconf 77' lang='grc' dir='ltr'>παντάπασιν</span> <span class='ocrx_word' id='word_1_483' title='bbox 1679 3883 1814 3947; x_wconf 69' lang='grc' dir='ltr'>ἀφε-</span> 
     </span>
    </p>
   </div>
   <div class='ocr_carea' id='block_1_72' title="bbox 249 3971 1811 4050">
    <p class='ocr_par' dir='ltr' id='par_1_72' title="bbox 249 3971 1811 4050">
     <span class='ocr_line' id='line_1_72' title="bbox 249 3971 1811 4050; baseline -0.008 -16"><span class='ocrx_word' id='word_1_484' title='bbox 249 3985 480 4050; x_wconf 83' lang='grc' dir='ltr'>στήκασι</span> <span class='ocrx_word' id='word_1_485' title='bbox 504 3992 518 4007; x_wconf 82' lang='grc'><strong><em>⁸</em></strong></span> <span class='ocrx_word' id='word_1_486' title='bbox 557 3980 650 4030; x_wconf 78' lang='grc' dir='ltr'><strong>καὶ</strong></span> <span class='ocrx_word' id='word_1_487' title='bbox 683 3977 867 4037; x_wconf 79' lang='grc' dir='ltr'>σκότος</span> <span class='ocrx_word' id='word_1_488' title='bbox 900 3975 1050 4036; x_wconf 72' lang='grc' dir='ltr'>ὀντες</span> <span class='ocrx_word' id='word_1_489' title='bbox 1084 3974 1225 4026; x_wconf 86' lang='grc' dir='ltr'><strong>κατά</strong></span> <span class='ocrx_word' id='word_1_490' title='bbox 1255 3973 1344 4024; x_wconf 74' lang='grc' dir='ltr'>τὸν</span> <span class='ocrx_word' id='word_1_491' title='bbox 1380 3975 1588 4041; x_wconf 77' lang='grc' dir='ltr'>πατέρα</span> <span class='ocrx_word' id='word_1_492' title='bbox 1612 3971 1811 4034; x_wconf 82' lang='grc' dir='ltr'>αὑτῶν,</span> 
     </span>
    </p>
   </div>
   <div class='ocr_carea' id='block_1_73' title="bbox 244 4062 1813 4138">
    <p class='ocr_par' dir='ltr' id='par_1_73' title="bbox 244 4062 1813 4138">
     <span class='ocr_line' id='line_1_73' title="bbox 244 4062 1813 4138; baseline -0.006 -15"><span class='ocrx_word' id='word_1_493' title='bbox 244 4071 306 4123; x_wconf 84' lang='grc' dir='ltr'><strong>τὸ</strong></span> <span class='ocrx_word' id='word_1_494' title='bbox 341 4069 454 4138; x_wconf 79' lang='grc' dir='ltr'><strong>φῶς</strong></span> <span class='ocrx_word' id='word_1_495' title='bbox 489 4066 888 4137; x_wconf 69' lang='grc' dir='ltr'>ὑποκρίνονται.</span> <span class='ocrx_word' id='word_1_496' title='bbox 922 4064 1128 4116; x_wconf 82' lang='grc' dir='ltr'>Αὐτίκα</span> <span class='ocrx_word' id='word_1_497' title='bbox 1161 4064 1378 4132; x_wconf 81' lang='grc' dir='ltr'>Πατέρα</span> <span class='ocrx_word' id='word_1_498' title='bbox 1425 4064 1517 4116; x_wconf 81' lang='grc' dir='ltr'><strong>καὶ</strong></span> <span class='ocrx_word' id='word_1_499' title='bbox 1563 4063 1688 4114; x_wconf 81' lang='grc' dir='ltr'>Υἰὺν</span> <span class='ocrx_word' id='word_1_500' title='bbox 1721 4062 1813 4114; x_wconf 75' lang='grc' dir='ltr'><strong>καὶ</strong></span> 
     </span>
    </p>
   </div>
   <div class='ocr_carea' id='block_1_74' title="bbox 246 4151 1812 4224">
    <p class='ocr_par' dir='ltr' id='par_1_74' title="bbox 246 4151 1812 4224">
     <span class='ocr_line' id='line_1_74' title="bbox 246 4151 1812 4224; baseline -0.006 -14"><span class='ocrx_word' id='word_1_501' title='bbox 246 4157 399 4224; x_wconf 80' lang='grc' dir='ltr'>ᾶγιον</span> <span class='ocrx_word' id='word_1_502' title='bbox 436 4155 659 4224; x_wconf 82' lang='grc' dir='ltr'>Πνεῦμα</span> <span class='ocrx_word' id='word_1_503' title='bbox 693 4153 919 4223; x_wconf 85' lang='grc' dir='ltr'>στόματι</span> <span class='ocrx_word' id='word_1_504' title='bbox 955 4152 1120 4222; x_wconf 85' lang='grc' dir='ltr'>τιμᾷν</span> <span class='ocrx_word' id='word_1_505' title='bbox 1149 4151 1586 4221; x_wconf 80' lang='grc' dir='ltr'>δογματίζοντες,</span> <span class='ocrx_word' id='word_1_506' title='bbox 1622 4152 1812 4221; x_wconf 76' lang='grc' dir='ltr'>ἑτέραν</span> 
     </span>
    </p>
   </div>
   <div class='ocr_carea' id='block_1_75' title="bbox 247 4241 1813 4318">
    <p class='ocr_par' dir='ltr' id='par_1_75' title="bbox 247 4241 1813 4318">
     <span class='ocr_line' id='line_1_75' title="bbox 247 4241 1813 4318; baseline -0.005 -17"><span class='ocrx_word' id='word_1_507' title='bbox 247 4249 344 4318; x_wconf 79' lang='grc' dir='ltr'>τῆς</span> <span class='ocrx_word' id='word_1_508' title='bbox 373 4248 500 4316; x_wconf 87' lang='grc' dir='ltr'>παρ’</span> <span class='ocrx_word' id='word_1_509' title='bbox 547 4245 706 4316; x_wconf 81' lang='grc' dir='ltr'>ἡμῶν</span> <span class='ocrx_word' id='word_1_510' title='bbox 751 4245 1048 4314; x_wconf 79' lang='grc' dir='ltr'>σεὸομένης</span> <span class='ocrx_word' id='word_1_511' title='bbox 1090 4244 1404 4314; x_wconf 79' lang='grc' dir='ltr'>ζωαρχικῆς</span> <span class='ocrx_word' id='word_1_512' title='bbox 1454 4243 1613 4312; x_wconf 80' lang='grc' dir='ltr'>ἁγίας</span> <span class='ocrx_word' id='word_1_513' title='bbox 1646 4241 1813 4311; x_wconf 82' lang='grc' dir='ltr'><strong>Τριά⁹</strong></span> 
     </span>
    </p>
   </div>
   <div class='ocr_carea' id='block_1_76' title="bbox 247 4327 1810 4406">
    <p class='ocr_par' dir='ltr' id='par_1_76' title="bbox 247 4327 1810 4406">
     <span class='ocr_line' id='line_1_76' title="bbox 247 4327 1810 4406; baseline -0.006 -16"><span class='ocrx_word' id='word_1_514' title='bbox 247 4338 337 4400; x_wconf 89' lang='grc' dir='ltr'><strong>δος</strong></span> <span class='ocrx_word' id='word_1_515' title='bbox 369 4335 575 4406; x_wconf 85' lang='grc' dir='ltr'>Τριάδα</span> <span class='ocrx_word' id='word_1_516' title='bbox 615 4332 897 4400; x_wconf 79' lang='grc' dir='ltr'>δοξάζουσι</span> <span class='ocrx_word' id='word_1_517' title='bbox 922 4348 937 4364; x_wconf 79' lang='grc' dir='ltr'><strong>ο</strong></span> <span class='ocrx_word' id='word_1_518' title='bbox 966 4333 1061 4386; x_wconf 70' lang='grc' dir='ltr'>καὶ</span> <span class='ocrx_word' id='word_1_519' title='bbox 1091 4332 1492 4402; x_wconf 78' lang='grc' dir='ltr'>ὑπερκειμένην</span> <span class='ocrx_word' id='word_1_520' title='bbox 1516 4327 1640 4384; x_wconf 75' lang='grc' dir='ltr'>τινα</span> <span class='ocrx_word' id='word_1_521' title='bbox 1663 4331 1810 4394; x_wconf 73' lang='grc' dir='ltr'>ὲξουο</span> 
     </span>
    </p>
   </div>
   <div class='ocr_carea' id='block_1_77' title="bbox 246 4423 1810 4495">
    <p class='ocr_par' dir='ltr' id='par_1_77' title="bbox 246 4423 1810 4495">
     <span class='ocr_line' id='line_1_77' title="bbox 246 4423 1810 4495; baseline -0.008 -12"><span class='ocrx_word' id='word_1_522' title='bbox 246 4431 368 4483; x_wconf 85' lang='grc' dir='ltr'>σίαν</span> <span class='ocrx_word' id='word_1_523' title='bbox 415 4431 472 4482; x_wconf 84' lang='grc' dir='ltr'>ὲν</span> <span class='ocrx_word' id='word_1_524' title='bbox 504 4427 582 4494; x_wconf 81' lang='grc' dir='ltr'>τῷ</span> <span class='ocrx_word' id='word_1_525' title='bbox 638 4425 1084 4495; x_wconf 81' lang='grc' dir='ltr'>μυθολογουμένῳ</span> <span class='ocrx_word' id='word_1_526' title='bbox 1129 4424 1255 4492; x_wconf 82' lang='grc' dir='ltr'>παρ’</span> <span class='ocrx_word' id='word_1_527' title='bbox 1315 4423 1491 4476; x_wconf 78' lang='grc' dir='ltr'>αὑτῶν</span> <span class='ocrx_word' id='word_1_528' title='bbox 1526 4423 1810 4490; x_wconf 79' lang='grc' dir='ltr'>ὑπερτάτῳ</span> 
     </span>
    </p>
   </div>
   <div class='ocr_carea' id='block_1_78' title="bbox 248 4514 1809 4593">
    <p class='ocr_par' dir='ltr' id='par_1_78' title="bbox 248 4514 1809 4593">
     <span class='ocr_line' id='line_1_78' title="bbox 248 4514 1809 4593; baseline -0.006 -19"><span class='ocrx_word' id='word_1_529' title='bbox 248 4521 430 4593; x_wconf 72' lang='lat' dir='ltr'><strong>(codex</strong></span> <span class='ocrx_word' id='word_1_530' title='bbox 468 4519 590 4584; x_wconf 73' lang='grc'><strong>108,</strong></span> <span class='ocrx_word' id='word_1_531' title='bbox 635 4521 690 4570; x_wconf 76' lang='grc' dir='ltr'>ἐν</span> <span class='ocrx_word' id='word_1_532' title='bbox 748 4518 859 4578; x_wconf 85' lang='grc' dir='ltr'>τοῖς</span> <span class='ocrx_word' id='word_1_533' title='bbox 913 4515 1400 4586; x_wconf 68' lang='grc' dir='ltr'>μυθολογουμένας</span> <span class='ocrx_word' id='word_1_534' title='bbox 1450 4515 1578 4586; x_wconf 82' lang='grc' dir='ltr'>παρ’</span> <span class='ocrx_word' id='word_1_535' title='bbox 1632 4514 1809 4566; x_wconf 81' lang='grc' dir='ltr'>αὑτῶν</span> 
     </span>
    </p>
   </div>
   <div class='ocr_carea' id='block_1_79' title="bbox 251 4606 1811 4683">
    <p class='ocr_par' dir='ltr' id='par_1_79' title="bbox 251 4606 1811 4683">
     <span class='ocr_line' id='line_1_79' title="bbox 251 4606 1811 4683; baseline -0.006 -17"><span class='ocrx_word' id='word_1_536' title='bbox 251 4610 583 4683; x_wconf 85' lang='grc' dir='ltr'>ὑπερτάτην)</span> <span class='ocrx_word' id='word_1_537' title='bbox 620 4610 726 4662; x_wconf 84' lang='grc' dir='ltr'><strong>τῶν</strong></span> <span class='ocrx_word' id='word_1_538' title='bbox 755 4609 894 4662; x_wconf 78' lang='grc' dir='ltr'>ἑπτὰ</span> <span class='ocrx_word' id='word_1_539' title='bbox 925 4609 1170 4677; x_wconf 86' lang='grc' dir='ltr'>οὐρανῶν</span> <span class='ocrx_word' id='word_1_540' title='bbox 1198 4606 1658 4676; x_wconf 78' lang='grc' dir='ltr'>ὑπερκαθημένην</span> <span class='ocrx_word' id='word_1_541' title='bbox 1686 4606 1811 4657; x_wconf 85' lang='grc' dir='ltr'>δυσ·</span> 
     </span>
    </p>
   </div>
   <div class='ocr_carea' id='block_1_80' title="bbox 253 4692 1808 4768">
    <p class='ocr_par' dir='ltr' id='par_1_80' title="bbox 253 4692 1808 4768">
     <span class='ocr_line' id='line_1_80' title="bbox 253 4692 1808 4768; baseline -0.007 -10"><span class='ocrx_word' id='word_1_542' title='bbox 253 4706 425 4767; x_wconf 80' lang='grc' dir='ltr'>σεϐὦς</span> <span class='ocrx_word' id='word_1_543' title='bbox 481 4701 918 4756; x_wconf 80' lang='grc' dir='ltr'>ἀναπλάττουσι⁶</span> <span class='ocrx_word' id='word_1_544' title='bbox 990 4699 1086 4751; x_wconf 78' lang='grc' dir='ltr'>καὶ</span> <span class='ocrx_word' id='word_1_545' title='bbox 1142 4699 1605 4768; x_wconf 65' lang='grc' dir='ltr'>ἀνθρωπόμορφον</span> <span class='ocrx_word' id='word_1_546' title='bbox 1670 4692 1808 4748; x_wconf 77' lang='grc' dir='ltr'>εἶναι</span> 
     </span>
    </p>
   </div>
   <div class='ocr_carea' id='block_1_81' title="bbox 1923 3522 3474 3591">
    <p class='ocr_par' dir='ltr' id='par_1_81' title="bbox 1923 3522 3474 3591">
     <span class='ocr_line' id='line_1_81' title="bbox 1923 3522 3474 3591; baseline 0 -15"><span class='ocrx_word' id='word_1_547' title='bbox 1923 3523 2188 3576; x_wconf 84' lang='lat' dir='ltr'><strong>tenebrosi</strong></span> <span class='ocrx_word' id='word_1_548' title='bbox 2216 3523 2322 3578; x_wconf 84' lang='lat' dir='ltr'><strong>sint</strong></span> <span class='ocrx_word' id='word_1_549' title='bbox 2356 3522 2420 3575; x_wconf 80' lang='lat' dir='ltr'><strong>ad</strong></span> <span class='ocrx_word' id='word_1_550' title='bbox 2458 3523 2629 3574; x_wconf 87' lang='lat' dir='ltr'><strong>instar</strong></span> <span class='ocrx_word' id='word_1_551' title='bbox 2656 3523 2823 3590; x_wconf 89' lang='lat' dir='ltr'><strong>patris</strong></span> <span class='ocrx_word' id='word_1_552' title='bbox 2876 3522 3136 3591; x_wconf 88' lang='lat' dir='ltr'><strong>ipsorunt,</strong></span> <span class='ocrx_word' id='word_1_553' title='bbox 3179 3525 3350 3578; x_wconf 91' lang='lat' dir='ltr'><strong>lucem</strong></span> <span class='ocrx_word' id='word_1_554' title='bbox 3373 3522 3474 3576; x_wconf 81' lang='lat' dir='ltr'><strong>fal-</strong></span> 
     </span>
    </p>
   </div>
   <div class='ocr_carea' id='block_1_82' title="bbox 1917 3608 3470 3678">
    <p class='ocr_par' dir='ltr' id='par_1_82' title="bbox 1917 3608 3470 3678">
     <span class='ocr_line' id='line_1_82' title="bbox 1917 3608 3470 3678; baseline 0 -14"><span class='ocrx_word' id='word_1_555' title='bbox 1917 3627 1980 3664; x_wconf 91' lang='lat' dir='ltr'><strong>so</strong></span> <span class='ocrx_word' id='word_1_556' title='bbox 2007 3611 2286 3670; x_wconf 77' lang='lat' dir='ltr'><strong>simulant,</strong></span> <span class='ocrx_word' id='word_1_557' title='bbox 2314 3608 2528 3662; x_wconf 80' lang='lat' dir='ltr'><strong>Patrem</strong></span> <span class='ocrx_word' id='word_1_558' title='bbox 2551 3619 2600 3662; x_wconf 86' lang='lat' dir='ltr'><strong>et</strong></span> <span class='ocrx_word' id='word_1_559' title='bbox 2631 3608 2819 3662; x_wconf 84' lang='lat' dir='ltr'><strong>Filium</strong></span> <span class='ocrx_word' id='word_1_560' title='bbox 2849 3622 2901 3663; x_wconf 92' lang='lat' dir='ltr'><strong>et</strong></span> <span class='ocrx_word' id='word_1_561' title='bbox 2937 3611 3196 3678; x_wconf 84' lang='lat' dir='ltr'><strong>Spiritum</strong></span> <span class='ocrx_word' id='word_1_562' title='bbox 3225 3620 3470 3665; x_wconf 83' lang='lat' dir='ltr'><strong>sanctum</strong></span> 
     </span>
    </p>
   </div>
   <div class='ocr_carea' id='block_1_83' title="bbox 1916 3702 3467 3771">
    <p class='ocr_par' dir='ltr' id='par_1_83' title="bbox 1916 3702 3467 3771">
     <span class='ocr_line' id='line_1_83' title="bbox 1916 3702 3467 3771; baseline 0.003 -19"><span class='ocrx_word' id='word_1_563' title='bbox 1916 3718 2011 3755; x_wconf 88' lang='lat' dir='ltr'><strong>ore</strong></span> <span class='ocrx_word' id='word_1_564' title='bbox 2060 3703 2402 3771; x_wconf 76' lang='lat' dir='ltr'><strong>proﬁtentur,</strong></span> <span class='ocrx_word' id='word_1_565' title='bbox 2437 3702 2528 3755; x_wconf 87' lang='lat' dir='ltr'><strong>sed</strong></span> <span class='ocrx_word' id='word_1_566' title='bbox 2567 3702 2749 3765; x_wconf 75' lang='lat' dir='ltr'><strong>aliam,</strong></span> <span class='ocrx_word' id='word_1_567' title='bbox 2785 3718 2949 3771; x_wconf 87' lang='lat' dir='ltr'><strong>quam</strong></span> <span class='ocrx_word' id='word_1_568' title='bbox 2981 3719 3100 3766; x_wconf 89' lang='lat' dir='ltr'><strong>nos,</strong></span> <span class='ocrx_word' id='word_1_569' title='bbox 3153 3702 3467 3757; x_wconf 85' lang='lat' dir='ltr'><strong>Trinitatem</strong></span> 
     </span>
    </p>
   </div>
   <div class='ocr_carea' id='block_1_84' title="bbox 1915 3794 3474 3862">
    <p class='ocr_par' dir='ltr' id='par_1_84' title="bbox 1915 3794 3474 3862">
     <span class='ocr_line' id='line_1_84' title="bbox 1915 3794 3474 3862; baseline 0.001 -16"><span class='ocrx_word' id='word_1_570' title='bbox 1915 3795 2194 3857; x_wconf 85' lang='lat' dir='ltr'><strong>docentes,</strong></span> <span class='ocrx_word' id='word_1_571' title='bbox 2227 3804 2278 3845; x_wconf 91' lang='lat' dir='ltr'><strong>et</strong></span> <span class='ocrx_word' id='word_1_572' title='bbox 2316 3803 2437 3860; x_wconf 86' lang='lat' dir='ltr'><strong>post</strong></span> <span class='ocrx_word' id='word_1_573' title='bbox 2471 3795 2762 3861; x_wconf 80' lang='lat' dir='ltr'><strong>septimum</strong></span> <span class='ocrx_word' id='word_1_574' title='bbox 2795 3794 2991 3847; x_wconf 74' lang='lat' dir='ltr'><strong>ccelum</strong></span> <span class='ocrx_word' id='word_1_575' title='bbox 3024 3794 3168 3846; x_wconf 88' lang='lat' dir='ltr'><strong>aliud</strong></span> <span class='ocrx_word' id='word_1_576' title='bbox 3202 3794 3474 3862; x_wconf 72' lang='lat' dir='ltr'><strong>quoddam</strong></span> 
     </span>
    </p>
   </div>
   <div class='ocr_carea' id='block_1_85' title="bbox 1916 3874 3471 3954">
    <p class='ocr_par' dir='ltr' id='par_1_85' title="bbox 1916 3874 3471 3954">
     <span class='ocr_line' id='line_1_85' title="bbox 1916 3874 3471 3954; baseline 0.003 -17"><span class='ocrx_word' id='word_1_577' title='bbox 1916 3885 2091 3953; x_wconf 86' lang='lat' dir='ltr'><strong>majus</strong></span> <span class='ocrx_word' id='word_1_578' title='bbox 2125 3899 2188 3938; x_wconf 91' lang='lat' dir='ltr'><strong>ac</strong></span> <span class='ocrx_word' id='word_1_579' title='bbox 2219 3877 2427 3937; x_wconf 72' lang='lat' dir='ltr'><strong>celsius</strong></span> <span class='ocrx_word' id='word_1_580' title='bbox 2455 3874 2559 3937; x_wconf 88' lang='lat' dir='ltr'><strong>non</strong></span> <span class='ocrx_word' id='word_1_581' title='bbox 2599 3886 2716 3938; x_wconf 84' lang='lat' dir='ltr'><strong>sine</strong></span> <span class='ocrx_word' id='word_1_582' title='bbox 2737 3887 2884 3954; x_wconf 79' lang='lat' dir='ltr'><strong>gravi</strong></span> <span class='ocrx_word' id='word_1_583' title='bbox 2937 3901 3120 3940; x_wconf 90' lang='lat' dir='ltr'><strong>errore</strong></span> <span class='ocrx_word' id='word_1_584' title='bbox 3148 3897 3471 3952; x_wconf 79' lang='lat' dir='ltr'><strong>astruentes,</strong></span> 
     </span>
    </p>
   </div>
   <div class='ocr_carea' id='block_1_86' title="bbox 1915 3955 3470 4046">
    <p class='ocr_par' dir='ltr' id='par_1_86' title="bbox 1915 3955 3470 4046">
     <span class='ocr_line' id='line_1_86' title="bbox 1915 3955 3470 4046; baseline 0.001 -17"><span class='ocrx_word' id='word_1_585' title='bbox 1915 3978 1966 4029; x_wconf 90' lang='lat' dir='ltr'><strong>in</strong></span> <span class='ocrx_word' id='word_1_586' title='bbox 1991 3990 2097 4044; x_wconf 89' lang='lat' dir='ltr'><strong>quo</strong></span> <span class='ocrx_word' id='word_1_587' title='bbox 2125 3976 2362 4028; x_wconf 83' lang='lat' dir='ltr'><strong>humana</strong></span> <span class='ocrx_word' id='word_1_588' title='bbox 2406 3955 2590 4028; x_wconf 69' lang='lat' dir='ltr'><strong>omnia</strong></span> <span class='ocrx_word' id='word_1_589' title='bbox 2625 3991 2747 4030; x_wconf 80' lang='lat' dir='ltr'><strong>esse</strong></span> <span class='ocrx_word' id='word_1_590' title='bbox 2784 3986 3074 4045; x_wconf 75' lang='lat' dir='ltr'><strong>nugantur.</strong></span> <span class='ocrx_word' id='word_1_591' title='bbox 3097 3975 3470 4046; x_wconf 79' lang='lat' dir='ltr'><strong>Virginitatem</strong></span> 
     </span>
    </p>
   </div>
   <div class='ocr_carea' id='block_1_87' title="bbox 1912 4064 3474 4134">
    <p class='ocr_par' dir='ltr' id='par_1_87' title="bbox 1912 4064 3474 4134">
     <span class='ocr_line' id='line_1_87' title="bbox 1912 4064 3474 4134; baseline 0.001 -17"><span class='ocrx_word' id='word_1_592' title='bbox 1912 4080 2079 4133; x_wconf 89' lang='lat' dir='ltr'><strong>porro</strong></span> <span class='ocrx_word' id='word_1_593' title='bbox 2110 4064 2177 4117; x_wconf 87' lang='lat' dir='ltr'><strong>ab</strong></span> <span class='ocrx_word' id='word_1_594' title='bbox 2196 4079 2258 4117; x_wconf 89' lang='lat' dir='ltr'><strong>ea</strong></span> <span class='ocrx_word' id='word_1_595' title='bbox 2308 4079 2470 4130; x_wconf 88' lang='lat' dir='ltr'><strong>quam</strong></span> <span class='ocrx_word' id='word_1_596' title='bbox 2507 4079 2608 4119; x_wconf 88' lang='lat' dir='ltr'><strong>nos</strong></span> <span class='ocrx_word' id='word_1_597' title='bbox 2647 4064 2964 4134; x_wconf 80' lang='lat' dir='ltr'><strong>proﬁtemur</strong></span> <span class='ocrx_word' id='word_1_598' title='bbox 2991 4066 3324 4120; x_wconf 87' lang='lat' dir='ltr'><strong>dill&#39;erentem</strong></span> <span class='ocrx_word' id='word_1_599' title='bbox 3361 4078 3474 4120; x_wconf 86' lang='lat' dir='ltr'><strong>sta-</strong></span> 
     </span>
    </p>
   </div>
   <div class='ocr_carea' id='block_1_88' title="bbox 1913 4155 3473 4226">
    <p class='ocr_par' dir='ltr' id='par_1_88' title="bbox 1913 4155 3473 4226">
     <span class='ocr_line' id='line_1_88' title="bbox 1913 4155 3473 4226; baseline 0.001 -18"><span class='ocrx_word' id='word_1_600' title='bbox 1913 4165 2094 4210; x_wconf 86' lang='lat' dir='ltr'><strong>tuunt.</strong></span> <span class='ocrx_word' id='word_1_601' title='bbox 2133 4155 2243 4210; x_wconf 76' lang='lat' dir='ltr'><strong>Nos</strong></span> <span class='ocrx_word' id='word_1_602' title='bbox 2269 4155 2412 4210; x_wconf 76' lang='lat' dir='ltr'><strong>enim</strong></span> <span class='ocrx_word' id='word_1_603' title='bbox 2474 4171 2592 4210; x_wconf 77' lang='lat' dir='ltr'><strong>eam</strong></span> <span class='ocrx_word' id='word_1_604' title='bbox 2649 4156 3023 4225; x_wconf 87' lang='lat' dir='ltr'><strong>amplectimur</strong></span> <span class='ocrx_word' id='word_1_605' title='bbox 3077 4159 3202 4226; x_wconf 84' lang='lat' dir='ltr'><strong>quia</strong></span> <span class='ocrx_word' id='word_1_606' title='bbox 3265 4172 3473 4212; x_wconf 88' lang='lat' dir='ltr'><strong>conuu-</strong></span> 
     </span>
    </p>
   </div>
   <div class='ocr_carea' id='block_1_89' title="bbox 1911 4234 3472 4313">
    <p class='ocr_par' dir='ltr' id='par_1_89' title="bbox 1911 4234 3472 4313">
     <span class='ocr_line' id='line_1_89' title="bbox 1911 4234 3472 4313; baseline 0.002 -14"><span class='ocrx_word' id='word_1_607' title='bbox 1911 4247 2001 4299; x_wconf 88' lang='lat' dir='ltr'><strong>hio</strong></span> <span class='ocrx_word' id='word_1_608' title='bbox 2035 4234 2490 4300; x_wconf 81' lang='lat' dir='ltr'><strong>honorabiliorem</strong></span> <span class='ocrx_word' id='word_1_609' title='bbox 2518 4263 2583 4301; x_wconf 87' lang='lat' dir='ltr'><strong>ac</strong></span> <span class='ocrx_word' id='word_1_610' title='bbox 2629 4247 2999 4302; x_wconf 87' lang='lat' dir='ltr'><strong>sublimiorem</strong></span> <span class='ocrx_word' id='word_1_611' title='bbox 3045 4248 3472 4313; x_wconf 75' lang='lat' dir='ltr'><strong>existimamus,</strong></span> 
     </span>
    </p>
   </div>
   <div class='ocr_carea' id='block_1_90' title="bbox 1911 4335 3466 4405">
    <p class='ocr_par' dir='ltr' id='par_1_90' title="bbox 1911 4335 3466 4405">
     <span class='ocr_line' id='line_1_90' title="bbox 1911 4335 3466 4405; baseline 0.003 -17"><span class='ocrx_word' id='word_1_612' title='bbox 1911 4335 1988 4389; x_wconf 84' lang='lat' dir='ltr'><strong>illi</strong></span> <span class='ocrx_word' id='word_1_613' title='bbox 2021 4346 2224 4399; x_wconf 84' lang='lat' dir='ltr'><strong>autem,</strong></span> <span class='ocrx_word' id='word_1_614' title='bbox 2256 4337 2381 4405; x_wconf 60' lang='lat' dir='ltr'><strong>quia</strong></span> <span class='ocrx_word' id='word_1_615' title='bbox 2432 4335 2836 4392; x_wconf 80' lang='lat' dir='ltr'><strong>matrimonium</strong></span> <span class='ocrx_word' id='word_1_616' title='bbox 2855 4337 3136 4393; x_wconf 82' lang='lat' dir='ltr'><strong>fastidiunt</strong></span> <span class='ocrx_word' id='word_1_617' title='bbox 3170 4353 3199 4392; x_wconf 87' lang='lat' dir='ltr'><strong>a</strong></span> <span class='ocrx_word' id='word_1_618' title='bbox 3238 4337 3466 4392; x_wconf 85' lang='lat' dir='ltr'><strong>Domino</strong></span> 
     </span>
    </p>
   </div>
   <div class='ocr_carea' id='block_1_91' title="bbox 1909 4427 3477 4496">
    <p class='ocr_par' dir='ltr' id='par_1_91' title="bbox 1909 4427 3477 4496">
     <span class='ocr_line' id='line_1_91' title="bbox 1909 4427 3477 4496; baseline 0.002 -15"><span class='ocrx_word' id='word_1_619' title='bbox 1909 4427 2215 4492; x_wconf 66' lang='lat' dir='ltr'><strong>sancitum,</strong></span> <span class='ocrx_word' id='word_1_620' title='bbox 2238 4444 2256 4477; x_wconf 79' lang='grc' dir='ltr'><strong>ι</strong></span> <span class='ocrx_word' id='word_1_621' title='bbox 2289 4428 2693 4481; x_wconf 89' lang='lat' dir='ltr'><strong>matrimonium</strong></span> <span class='ocrx_word' id='word_1_622' title='bbox 2717 4438 2772 4482; x_wconf 92' lang='lat' dir='ltr'><strong>et</strong></span> <span class='ocrx_word' id='word_1_623' title='bbox 2804 4430 2976 4484; x_wconf 85' lang='lat' dir='ltr'><strong>lectus</strong></span> <span class='ocrx_word' id='word_1_624' title='bbox 3021 4445 3208 4496; x_wconf 84' lang='lat' dir='ltr'><strong>purus,</strong></span> <span class='ocrx_word' id='word_1_625' title='bbox 3266 4445 3352 4484; x_wconf 88' lang='lat' dir='ltr'><strong>res</strong></span> <span class='ocrx_word' id='word_1_626' title='bbox 3389 4445 3477 4484; x_wconf 87' lang='lat' dir='ltr'><strong>sa-</strong></span> 
     </span>
    </p>
   </div>
   <div class='ocr_carea' id='block_1_92' title="bbox 1910 4519 3476 4590">
    <p class='ocr_par' dir='ltr' id='par_1_92' title="bbox 1910 4519 3476 4590">
     <span class='ocr_line' id='line_1_92' title="bbox 1910 4519 3476 4590; baseline 0 -17"><span class='ocrx_word' id='word_1_627' title='bbox 1910 4535 1998 4573; x_wconf 83' lang='lat' dir='ltr'><strong>era</strong></span> <span class='ocrx_word' id='word_1_628' title='bbox 2033 4538 2051 4570; x_wconf 72' lang='grc' dir='ltr'><strong>ι</strong></span> <span class='ocrx_word' id='word_1_629' title='bbox 2087 4519 2321 4574; x_wconf 84' lang='lat' dir='ltr'><strong>dicente.</strong></span> <span class='ocrx_word' id='word_1_630' title='bbox 2354 4519 2752 4573; x_wconf 88' lang='lat' dir='ltr'><strong>Continentiam</strong></span> <span class='ocrx_word' id='word_1_631' title='bbox 2812 4520 3004 4575; x_wconf 89' lang='lat' dir='ltr'><strong>deinde</strong></span> <span class='ocrx_word' id='word_1_632' title='bbox 3031 4535 3245 4589; x_wconf 90' lang='lat' dir='ltr'><strong>quoque</strong></span> <span class='ocrx_word' id='word_1_633' title='bbox 3283 4522 3476 4590; x_wconf 63' lang='lat' dir='ltr'><strong>praedi-</strong></span> 
     </span>
    </p>
   </div>
   <div class='ocr_carea' id='block_1_93' title="bbox 1909 4603 3474 4677">
    <p class='ocr_par' dir='ltr' id='par_1_93' title="bbox 1909 4603 3474 4677">
     <span class='ocr_line' id='line_1_93' title="bbox 1909 4603 3474 4677; baseline 0.004 -18"><span class='ocrx_word' id='word_1_634' title='bbox 1909 4617 2053 4671; x_wconf 87' lang='lat' dir='ltr'><strong>cant,</strong></span> <span class='ocrx_word' id='word_1_635' title='bbox 2091 4623 2197 4661; x_wconf 92' lang='lat' dir='ltr'><strong>non</strong></span> <span class='ocrx_word' id='word_1_636' title='bbox 2258 4603 2385 4661; x_wconf 73' lang='lat' dir='ltr'><strong>vero</strong></span> <span class='ocrx_word' id='word_1_637' title='bbox 2446 4617 2505 4661; x_wconf 87' lang='lat' dir='ltr'><strong>ut</strong></span> <span class='ocrx_word' id='word_1_638' title='bbox 2552 4609 2904 4677; x_wconf 81' lang='lat' dir='ltr'><strong>cupiditatum</strong></span> <span class='ocrx_word' id='word_1_639' title='bbox 2954 4610 3314 4675; x_wconf 87' lang='lat' dir='ltr'><strong>domitrieem,</strong></span> <span class='ocrx_word' id='word_1_640' title='bbox 3379 4613 3474 4666; x_wconf 86' lang='lat' dir='ltr'><strong>sed</strong></span> 
     </span>
    </p>
   </div>
   <div class='ocr_carea' id='block_1_94' title="bbox 1913 4699 3476 4768">
    <p class='ocr_par' dir='ltr' id='par_1_94' title="bbox 1913 4699 3476 4768">
     <span class='ocr_line' id='line_1_94' title="bbox 1913 4699 3476 4768; baseline 0.006 -20"><span class='ocrx_word' id='word_1_641' title='bbox 1913 4699 2038 4765; x_wconf 83' lang='lat' dir='ltr'><strong>quia</strong></span> <span class='ocrx_word' id='word_1_642' title='bbox 2077 4699 2226 4753; x_wconf 86' lang='lat' dir='ltr'><strong>cibos</strong></span> <span class='ocrx_word' id='word_1_643' title='bbox 2267 4708 2525 4768; x_wconf 88' lang='lat' dir='ltr'><strong>tauquam</strong></span> <span class='ocrx_word' id='word_1_644' title='bbox 2561 4699 2760 4752; x_wconf 87' lang='lat' dir='ltr'><strong>diaboli</strong></span> <span class='ocrx_word' id='word_1_645' title='bbox 2789 4700 2927 4755; x_wconf 90' lang='lat' dir='ltr'><strong>dona</strong></span> <span class='ocrx_word' id='word_1_646' title='bbox 2966 4715 3336 4757; x_wconf 75' lang='lat' dir='ltr'><strong>exsecrantur.</strong></span> <span class='ocrx_word' id='word_1_647' title='bbox 3372 4705 3476 4758; x_wconf 87' lang='lat' dir='ltr'><strong>So-</strong></span> 
     </span>
    </p>
   </div>
   <div class='ocr_carea' id='block_1_95' title="bbox 246 4771 1810 4859">
    <p class='ocr_par' dir='ltr' id='par_1_95' title="bbox 246 4785 1810 4859">
     <span class='ocr_line' id='line_1_95' title="bbox 246 4785 1810 4859; baseline -0.006 -14"><span class='ocrx_word' id='word_1_648' title='bbox 246 4793 450 4859; x_wconf 80' lang='grc' dir='ltr'>ταύτην</span> <span class='ocrx_word' id='word_1_649' title='bbox 475 4790 823 4843; x_wconf 72' lang='grc' dir='ltr'>διδάσκουσι.</span> <span class='ocrx_word' id='word_1_650' title='bbox 890 4787 1000 4857; x_wconf 84' lang='grc' dir='ltr'>Τὴν</span> <span class='ocrx_word' id='word_1_651' title='bbox 1045 4786 1340 4854; x_wconf 85' lang='grc' dir='ltr'>παρθενίαν</span> <span class='ocrx_word' id='word_1_652' title='bbox 1387 4785 1633 4838; x_wconf 78' lang='grc' dir='ltr'>ἐναντίαν</span> <span class='ocrx_word' id='word_1_653' title='bbox 1681 4785 1810 4854; x_wconf 74' lang='grc' dir='ltr'>ἡμῖν</span> 
     </span>
    </p>
   </div>
   <div class='ocr_carea' id='block_1_96' title="bbox 1913 4771 3474 4859">
    <p class='ocr_par' dir='ltr' id='par_1_96' title="bbox 1920 4782 3474 4849">
     <span class='ocr_line' id='line_1_96' title="bbox 1920 4782 3474 4849; baseline 0.003 -5"><span class='ocrx_word' id='word_1_654' title='bbox 1920 4792 2163 4846; x_wconf 80' lang='lat' dir='ltr'><strong>litudinis</strong></span> <span class='ocrx_word' id='word_1_655' title='bbox 2193 4782 2430 4846; x_wconf 80' lang='lat' dir='ltr'><strong>amorem</strong></span> <span class='ocrx_word' id='word_1_656' title='bbox 2469 4790 2729 4845; x_wconf 90' lang='lat' dir='ltr'><strong>simulant</strong></span> <span class='ocrx_word' id='word_1_657' title='bbox 2751 4782 2810 4845; x_wconf 75' lang='lat' dir='ltr'><strong>et</strong></span> <span class='ocrx_word' id='word_1_658' title='bbox 2834 4795 2887 4845; x_wconf 91' lang='lat' dir='ltr'><strong>in</strong></span> <span class='ocrx_word' id='word_1_659' title='bbox 2934 4795 3048 4847; x_wconf 91' lang='lat' dir='ltr'><strong>loca</strong></span> <span class='ocrx_word' id='word_1_660' title='bbox 3080 4796 3290 4848; x_wconf 87' lang='lat' dir='ltr'><strong>deserta</strong></span> <span class='ocrx_word' id='word_1_661' title='bbox 3321 4810 3474 4849; x_wconf 82' lang='lat' dir='ltr'><strong>sece-</strong></span> 
     </span>
    </p>
   </div>
   <div class='ocr_carea' id='block_1_97' title="bbox 249 4876 1811 4954">
    <p class='ocr_par' dir='ltr' id='par_1_97' title="bbox 249 4876 1811 4954">
     <span class='ocr_line' id='line_1_97' title="bbox 249 4876 1811 4954; baseline -0.005 -18"><span class='ocrx_word' id='word_1_662' title='bbox 249 4882 661 4954; x_wconf 84' lang='grc' dir='ltr'>προσποιεῖσθαι</span> <span class='ocrx_word' id='word_1_663' title='bbox 703 4878 1130 4942; x_wconf 74' lang='grc' dir='ltr'>σπουδάζουσινο</span> <span class='ocrx_word' id='word_1_664' title='bbox 1172 4879 1330 4948; x_wconf 77' lang='grc' dir='ltr'>ἡμεῖς</span> <span class='ocrx_word' id='word_1_665' title='bbox 1363 4878 1459 4949; x_wconf 82' lang='grc' dir='ltr'><strong>μὲν</strong></span> <span class='ocrx_word' id='word_1_666' title='bbox 1502 4878 1608 4945; x_wconf 84' lang='grc' dir='ltr'>γὰρ</span> <span class='ocrx_word' id='word_1_667' title='bbox 1637 4877 1722 4930; x_wconf 80' lang='grc' dir='ltr'><strong>διὰ</strong></span> <span class='ocrx_word' id='word_1_668' title='bbox 1752 4876 1811 4928; x_wconf 83' lang='grc' dir='ltr'><strong>τὸ</strong></span> 
     </span>
    </p>
   </div>
   <div class='ocr_carea' id='block_1_98' title="bbox 245 4961 1812 5046">
    <p class='ocr_par' dir='ltr' id='par_1_98' title="bbox 245 4961 1812 5046">
     <span class='ocr_line' id='line_1_98' title="bbox 245 4961 1812 5046; baseline -0.006 -17"><span class='ocrx_word' id='word_1_669' title='bbox 245 4976 579 5046; x_wconf 76' lang='grc' dir='ltr'>τιμιωτέραν</span> <span class='ocrx_word' id='word_1_670' title='bbox 609 4969 749 5026; x_wconf 81' lang='grc' dir='ltr'>εἶναι</span> <span class='ocrx_word' id='word_1_671' title='bbox 774 4970 868 5023; x_wconf 89' lang='grc' dir='ltr'><strong>τοῦ</strong></span> <span class='ocrx_word' id='word_1_672' title='bbox 904 4971 1078 5040; x_wconf 79' lang='grc' dir='ltr'>γάμου</span> <span class='ocrx_word' id='word_1_673' title='bbox 1112 4972 1204 5023; x_wconf 76' lang='grc' dir='ltr'><strong>καὶ</strong></span> <span class='ocrx_word' id='word_1_674' title='bbox 1231 4961 1562 5040; x_wconf 71' lang='grc' dir='ltr'>ὑψηλοτέραν</span> <span class='ocrx_word' id='word_1_675' title='bbox 1603 4970 1696 5022; x_wconf 69' lang='grc' dir='ltr'>καὶ</span> <span class='ocrx_word' id='word_1_676' title='bbox 1726 4984 1812 5020; x_wconf 81' lang='grc' dir='ltr'>τε-</span> 
     </span>
    </p>
   </div>
   <div class='ocr_carea' id='block_1_99' title="bbox 247 5058 1812 5134">
    <p class='ocr_par' dir='ltr' id='par_1_99' title="bbox 247 5058 1812 5134">
     <span class='ocr_line' id='line_1_99' title="bbox 247 5058 1812 5134; baseline -0.006 -15"><span class='ocrx_word' id='word_1_677' title='bbox 247 5068 411 5129; x_wconf 79' lang='grc' dir='ltr'>λείοις</span> <span class='ocrx_word' id='word_1_678' title='bbox 442 5063 898 5134; x_wconf 80' lang='grc' dir='ltr'>κατορθουμένην,</span> <span class='ocrx_word' id='word_1_679' title='bbox 929 5062 1098 5130; x_wconf 81' lang='grc' dir='ltr'>αὑτὴν</span> <span class='ocrx_word' id='word_1_680' title='bbox 1130 5059 1489 5125; x_wconf 75' lang='grc' dir='ltr'>ἀσπαζόμεθα</span> <span class='ocrx_word' id='word_1_681' title='bbox 1511 5077 1524 5091; x_wconf 75' lang='grc' dir='ltr'><strong>ο</strong></span> <span class='ocrx_word' id='word_1_682' title='bbox 1557 5061 1605 5111; x_wconf 90' lang='grc' dir='ltr'><strong>οί</strong></span> <span class='ocrx_word' id='word_1_683' title='bbox 1633 5060 1687 5111; x_wconf 82' lang='grc' dir='ltr'>δὲ</span> <span class='ocrx_word' id='word_1_684' title='bbox 1725 5058 1812 5111; x_wconf 80' lang='grc' dir='ltr'><strong>διὰ</strong></span> 
     </span>
    </p>
   </div>
   <div class='ocr_carea' id='block_1_100' title="bbox 245 5148 1807 5223">
    <p class='ocr_par' dir='ltr' id='par_1_100' title="bbox 245 5148 1807 5223">
     <span class='ocr_line' id='line_1_100' title="bbox 245 5148 1807 5223; baseline -0.004 -14"><span class='ocrx_word' id='word_1_685' title='bbox 245 5156 309 5209; x_wconf 84' lang='grc' dir='ltr'><strong>τὸ</strong></span> <span class='ocrx_word' id='word_1_686' title='bbox 358 5156 447 5209; x_wconf 81' lang='grc' dir='ltr'><strong>τὸν</strong></span> <span class='ocrx_word' id='word_1_687' title='bbox 500 5154 678 5223; x_wconf 83' lang='grc' dir='ltr'>γάμον</span> <span class='ocrx_word' id='word_1_688' title='bbox 732 5148 1128 5223; x_wconf 68' lang='grc' dir='ltr'>βδελύττεσθαι,</span> <span class='ocrx_word' id='word_1_689' title='bbox 1165 5151 1222 5205; x_wconf 81' lang='grc' dir='ltr'>ὃν</span> <span class='ocrx_word' id='word_1_690' title='bbox 1265 5153 1293 5204; x_wconf 86' lang='grc' dir='ltr'><strong>ὁ</strong></span> <span class='ocrx_word' id='word_1_691' title='bbox 1345 5152 1543 5221; x_wconf 81' lang='grc' dir='ltr'>Κύριος</span> <span class='ocrx_word' id='word_1_692' title='bbox 1594 5151 1807 5212; x_wconf 86' lang='grc' dir='ltr'>πάντως</span> 
     </span>
    </p>
   </div>
   <div class='ocr_carea' id='block_1_101' title="bbox 246 5241 1817 5316">
    <p class='ocr_par' dir='ltr' id='par_1_101' title="bbox 246 5241 1817 5316">
     <span class='ocr_line' id='line_1_101' title="bbox 246 5241 1817 5316; baseline -0.006 -16"><span class='ocrx_word' id='word_1_693' title='bbox 246 5247 528 5316; x_wconf 76' lang='grc' dir='ltr'><strong>εὑλόγησε⁸</strong></span> <span class='ocrx_word' id='word_1_694' title='bbox 557 5247 760 5313; x_wconf 82' lang='grc' dir='ltr'>τίμιος,</span> <span class='ocrx_word' id='word_1_695' title='bbox 788 5241 1024 5306; x_wconf 85' lang='grc' dir='ltr'>εἰπὼν,ό</span> <span class='ocrx_word' id='word_1_696' title='bbox 1049 5243 1246 5312; x_wconf 85' lang='grc' dir='ltr'>γάμος,</span> <span class='ocrx_word' id='word_1_697' title='bbox 1268 5244 1358 5295; x_wconf 76' lang='grc' dir='ltr'>καὶ</span> <span class='ocrx_word' id='word_1_698' title='bbox 1386 5244 1418 5312; x_wconf 76' lang='grc' dir='ltr'>ἡ</span> <span class='ocrx_word' id='word_1_699' title='bbox 1451 5242 1597 5311; x_wconf 90' lang='grc' dir='ltr'>κοίτη</span> <span class='ocrx_word' id='word_1_700' title='bbox 1623 5241 1817 5310; x_wconf 86' lang='grc' dir='ltr'>ἀμίαν-</span> 
     </span>
    </p>
   </div>
   <div class='ocr_carea' id='block_1_102' title="bbox 247 5331 1811 5411">
    <p class='ocr_par' dir='ltr' id='par_1_102' title="bbox 247 5331 1811 5411">
     <span class='ocr_line' id='line_1_102' title="bbox 247 5331 1811 5411; baseline -0.004 -22"><span class='ocrx_word' id='word_1_701' title='bbox 247 5354 358 5398; x_wconf 85' lang='grc' dir='ltr'>τος.</span> <span class='ocrx_word' id='word_1_702' title='bbox 406 5338 761 5405; x_wconf 81' lang='grc' dir='ltr'>Ἐγκράτειαν</span> <span class='ocrx_word' id='word_1_703' title='bbox 812 5337 906 5388; x_wconf 72' lang='lat' dir='ltr'><strong>xui.</strong></span> <span class='ocrx_word' id='word_1_704' title='bbox 953 5331 1100 5387; x_wconf 80' lang='grc' dir='ltr'>οὑτοι</span> <span class='ocrx_word' id='word_1_705' title='bbox 1150 5334 1517 5411; x_wconf 68' lang='grc' dir='ltr'>παιδεύουσιν,</span> <span class='ocrx_word' id='word_1_706' title='bbox 1565 5331 1678 5385; x_wconf 81' lang='grc' dir='ltr'>ἀλλ’</span> <span class='ocrx_word' id='word_1_707' title='bbox 1714 5333 1811 5400; x_wconf 86' lang='grc' dir='ltr'><strong>οὑχ</strong></span> 
     </span>
    </p>
   </div>
   <div class='ocr_carea' id='block_1_103' title="bbox 246 5423 1816 5496">
    <p class='ocr_par' dir='ltr' id='par_1_103' title="bbox 246 5423 1816 5496">
     <span class='ocr_line' id='line_1_103' title="bbox 246 5423 1816 5496; baseline -0.004 -16"><span class='ocrx_word' id='word_1_708' title='bbox 246 5426 323 5489; x_wconf 82' lang='grc' dir='ltr'>ὡς</span> <span class='ocrx_word' id='word_1_709' title='bbox 355 5427 462 5478; x_wconf 84' lang='grc' dir='ltr'>τῶν</span> <span class='ocrx_word' id='word_1_710' title='bbox 507 5427 692 5478; x_wconf 82' lang='grc' dir='ltr'>παθῶν</span> <span class='ocrx_word' id='word_1_711' title='bbox 739 5426 1205 5496; x_wconf 83' lang='grc' dir='ltr'>κατευναστικήν·</span> <span class='ocrx_word' id='word_1_712' title='bbox 1257 5425 1393 5476; x_wconf 72' lang='grc' dir='ltr'>ἀλλὰ</span> <span class='ocrx_word' id='word_1_713' title='bbox 1438 5425 1507 5474; x_wconf 81' lang='grc' dir='ltr'>τὰ</span> <span class='ocrx_word' id='word_1_714' title='bbox 1555 5423 1816 5492; x_wconf 81' lang='grc' dir='ltr'>βρώματα</span> 
     </span>
    </p>
   </div>
   <div class='ocr_carea' id='block_1_104' title="bbox 249 5516 1815 5588">
    <p class='ocr_par' dir='ltr' id='par_1_104' title="bbox 249 5516 1815 5588">
     <span class='ocr_line' id='line_1_104' title="bbox 249 5516 1815 5588; baseline -0.002 -18"><span class='ocrx_word' id='word_1_715' title='bbox 249 5518 666 5588; x_wconf 82' lang='grc' dir='ltr'>μυσαττόμενοι,</span> <span class='ocrx_word' id='word_1_716' title='bbox 713 5518 787 5579; x_wconf 82' lang='grc' dir='ltr'>ὡς</span> <span class='ocrx_word' id='word_1_717' title='bbox 832 5516 924 5569; x_wconf 87' lang='grc' dir='ltr'><strong>τοῦ</strong></span> <span class='ocrx_word' id='word_1_718' title='bbox 974 5517 1214 5587; x_wconf 86' lang='grc' dir='ltr'>πονηροῦ</span> <span class='ocrx_word' id='word_1_719' title='bbox 1269 5516 1601 5586; x_wconf 78' lang='grc' dir='ltr'>δημιουργοῦ</span> <span class='ocrx_word' id='word_1_720' title='bbox 1656 5516 1815 5583; x_wconf 82' lang='grc' dir='ltr'>δῆθεν</span> 
     </span>
    </p>
   </div>
   <div class='ocr_carea' id='block_1_105' title="bbox 244 5607 1813 5679">
    <p class='ocr_par' dir='ltr' id='par_1_105' title="bbox 244 5607 1813 5679">
     <span class='ocr_line' id='line_1_105' title="bbox 244 5607 1813 5679; baseline -0.001 -18"><span class='ocrx_word' id='word_1_721' title='bbox 244 5610 546 5679; x_wconf 83' lang='grc' dir='ltr'>ποιήματα.</span> <span class='ocrx_word' id='word_1_722' title='bbox 575 5607 684 5678; x_wconf 79' lang='grc' dir='ltr'>Τὴν</span> <span class='ocrx_word' id='word_1_723' title='bbox 738 5607 969 5677; x_wconf 74' lang='grc' dir='ltr'>ἡσυχίαν</span> <span class='ocrx_word' id='word_1_724' title='bbox 1003 5609 1226 5677; x_wconf 69' lang='grc' dir='ltr'>ἀγαπᾷν</span> <span class='ocrx_word' id='word_1_725' title='bbox 1264 5607 1643 5676; x_wconf 88' lang='grc' dir='ltr'>ὑποκρίνονται</span> <span class='ocrx_word' id='word_1_726' title='bbox 1667 5622 1679 5634; x_wconf 84' lang='grc'><em>’</em></span> <span class='ocrx_word' id='word_1_727' title='bbox 1719 5609 1813 5660; x_wconf 74' lang='grc' dir='ltr'>καὶ</span> 
     </span>
    </p>
   </div>
   <div class='ocr_carea' id='block_1_106' title="bbox 1918 4882 3469 4954">
    <p class='ocr_par' dir='ltr' id='par_1_106' title="bbox 1918 4882 3469 4954">
     <span class='ocr_line' id='line_1_106' title="bbox 1918 4882 3469 4954; baseline 0.003 -18"><span class='ocrx_word' id='word_1_728' title='bbox 1918 4884 2071 4943; x_wconf 84' lang='lat' dir='ltr'><strong>dum,</strong></span> <span class='ocrx_word' id='word_1_729' title='bbox 2139 4883 2416 4935; x_wconf 75' lang='lat' dir='ltr'><strong>hominum</strong></span> <span class='ocrx_word' id='word_1_730' title='bbox 2492 4892 2693 4936; x_wconf 72' lang='lat' dir='ltr'><strong>emtum</strong></span> <span class='ocrx_word' id='word_1_731' title='bbox 2777 4882 3042 4952; x_wconf 78' lang='lat' dir='ltr'><strong>fugientes</strong></span> <span class='ocrx_word' id='word_1_732' title='bbox 3086 4893 3142 4939; x_wconf 88' lang='lat' dir='ltr'><strong>et</strong></span> <span class='ocrx_word' id='word_1_733' title='bbox 3205 4886 3469 4954; x_wconf 74' lang='lat' dir='ltr'><strong>vituperia</strong></span> 
     </span>
    </p>
   </div>
   <div class='ocr_carea' id='block_1_107' title="bbox 1917 4962 3472 5045">
    <p class='ocr_par' dir='ltr' id='par_1_107' title="bbox 1917 4962 3472 5045">
     <span class='ocr_line' id='line_1_107' title="bbox 1917 4962 3472 5045; baseline 0.003 -18"><span class='ocrx_word' id='word_1_734' title='bbox 1917 4962 2200 5027; x_wconf 77' lang='lat' dir='ltr'><strong>evitantes.</strong></span> <span class='ocrx_word' id='word_1_735' title='bbox 2254 4975 2293 5025; x_wconf 82' lang='grc' dir='ltr'>Α</span> <span class='ocrx_word' id='word_1_736' title='bbox 2333 4971 2592 5027; x_wconf 76' lang='lat' dir='ltr'><strong>Flaviano</strong></span> <span class='ocrx_word' id='word_1_737' title='bbox 2648 4985 2823 5038; x_wconf 87' lang='lat' dir='ltr'><strong>autem</strong></span> <span class='ocrx_word' id='word_1_738' title='bbox 2869 4975 3166 5028; x_wconf 78' lang='lat' dir='ltr'><strong>Antiochia:</strong></span> <span class='ocrx_word' id='word_1_739' title='bbox 3219 4978 3472 5045; x_wconf 81' lang='lat' dir='ltr'><strong>episcopo</strong></span> 
     </span>
    </p>
   </div>
   <div class='ocr_carea' id='block_1_108' title="bbox 1919 5052 3474 5134">
    <p class='ocr_par' dir='ltr' id='par_1_108' title="bbox 1919 5052 3474 5134">
     <span class='ocr_line' id='line_1_108' title="bbox 1919 5052 3474 5134; baseline 0.005 -19"><span class='ocrx_word' id='word_1_740' title='bbox 1919 5052 2239 5130; x_wconf 87' lang='lat' dir='ltr'><strong>reprehendi</strong></span> <span class='ocrx_word' id='word_1_741' title='bbox 2268 5073 2571 5130; x_wconf 67' lang='lat' dir='ltr'><strong>cmperunt.</strong></span> <span class='ocrx_word' id='word_1_742' title='bbox 2599 5063 2700 5127; x_wconf 87' lang='lat' dir='ltr'><strong>Qui</strong></span> <span class='ocrx_word' id='word_1_743' title='bbox 2731 5079 2853 5117; x_wconf 88' lang='lat' dir='ltr'><strong>cum</strong></span> <span class='ocrx_word' id='word_1_744' title='bbox 2880 5065 3079 5119; x_wconf 89' lang='lat' dir='ltr'><strong>multos</strong></span> <span class='ocrx_word' id='word_1_745' title='bbox 3097 5066 3336 5134; x_wconf 87' lang='lat' dir='ltr'><strong>undique</strong></span> <span class='ocrx_word' id='word_1_746' title='bbox 3355 5082 3474 5121; x_wconf 88' lang='lat' dir='ltr'><strong>mo-</strong></span> 
     </span>
    </p>
   </div>
   <div class='ocr_carea' id='block_1_109' title="bbox 1916 5153 3472 5226">
    <p class='ocr_par' dir='ltr' id='par_1_109' title="bbox 1916 5153 3472 5226">
     <span class='ocr_line' id='line_1_109' title="bbox 1916 5153 3472 5226; baseline 0.003 -21"><span class='ocrx_word' id='word_1_747' title='bbox 1916 5154 2120 5207; x_wconf 81' lang='lat' dir='ltr'><strong>nachos</strong></span> <span class='ocrx_word' id='word_1_748' title='bbox 2168 5153 2570 5207; x_wconf 83' lang='lat' dir='ltr'><strong>convocavisset</strong></span> <span class='ocrx_word' id='word_1_749' title='bbox 2600 5154 2690 5221; x_wconf 91' lang='lat' dir='ltr'><strong>qui</strong></span> <span class='ocrx_word' id='word_1_750' title='bbox 2720 5154 2791 5207; x_wconf 84' lang='lat' dir='ltr'><strong>ad</strong></span> <span class='ocrx_word' id='word_1_751' title='bbox 2816 5170 2978 5208; x_wconf 87' lang='lat' dir='ltr'><strong>unum</strong></span> <span class='ocrx_word' id='word_1_752' title='bbox 3008 5169 3198 5210; x_wconf 83' lang='lat' dir='ltr'><strong>omnes</strong></span> <span class='ocrx_word' id='word_1_753' title='bbox 3225 5155 3472 5226; x_wconf 67' lang='lat' dir='ltr'><strong>lizeresim</strong></span> 
     </span>
    </p>
   </div>
   <div class='ocr_carea' id='block_1_110' title="bbox 1915 5245 3471 5312">
    <p class='ocr_par' dir='ltr' id='par_1_110' title="bbox 1915 5245 3471 5312">
     <span class='ocr_line' id='line_1_110' title="bbox 1915 5245 3471 5312; baseline 0.001 -14"><span class='ocrx_word' id='word_1_754' title='bbox 1915 5245 2260 5312; x_wconf 85' lang='lat' dir='ltr'><strong>abjieiehant,</strong></span> <span class='ocrx_word' id='word_1_755' title='bbox 2297 5245 2538 5312; x_wconf 79' lang='lat' dir='ltr'><strong>singulos</strong></span> <span class='ocrx_word' id='word_1_756' title='bbox 2562 5260 2741 5299; x_wconf 89' lang='lat' dir='ltr'><strong>coram</strong></span> <span class='ocrx_word' id='word_1_757' title='bbox 2776 5261 2834 5300; x_wconf 90' lang='lat' dir='ltr'><strong>se</strong></span> <span class='ocrx_word' id='word_1_758' title='bbox 2860 5247 3147 5301; x_wconf 79' lang='lat' dir='ltr'><strong>arcessitos</strong></span> <span class='ocrx_word' id='word_1_759' title='bbox 3170 5249 3270 5302; x_wconf 87' lang='lat' dir='ltr'><strong>hoc</strong></span> <span class='ocrx_word' id='word_1_760' title='bbox 3307 5251 3471 5302; x_wconf 89' lang='lat' dir='ltr'><strong>modo</strong></span> 
     </span>
    </p>
   </div>
   <div class='ocr_carea' id='block_1_111' title="bbox 1915 5333 3471 5404">
    <p class='ocr_par' dir='ltr' id='par_1_111' title="bbox 1915 5333 3471 5404">
     <span class='ocr_line' id='line_1_111' title="bbox 1915 5333 3471 5404; baseline 0.002 -14"><span class='ocrx_word' id='word_1_761' title='bbox 1915 5336 2306 5391; x_wconf 77' lang='lat' dir='ltr'><strong>est&#39;alloeutus</strong></span> <span class='ocrx_word' id='word_1_762' title='bbox 2339 5351 2352 5388; x_wconf 91' lang='lat'><strong>:</strong></span> <span class='ocrx_word' id='word_1_763' title='bbox 2384 5333 2488 5400; x_wconf 89' lang='lat' dir='ltr'><strong>Tu,</strong></span> <span class='ocrx_word' id='word_1_764' title='bbox 2538 5337 2631 5404; x_wconf 92' lang='lat' dir='ltr'><strong>qui</strong></span> <span class='ocrx_word' id='word_1_765' title='bbox 2684 5336 2795 5404; x_wconf 88' lang='lat' dir='ltr'><strong>jam</strong></span> <span class='ocrx_word' id='word_1_766' title='bbox 2840 5336 3146 5402; x_wconf 68' lang='lat' dir='ltr'><strong>seniores,</strong></span> <span class='ocrx_word' id='word_1_767' title='bbox 3178 5339 3471 5397; x_wconf 84' lang='lat' dir='ltr'><strong>humanam</strong></span> 
     </span>
    </p>
   </div>
   <div class='ocr_carea' id='block_1_112' title="bbox 1915 5427 3474 5496">
    <p class='ocr_par' dir='ltr' id='par_1_112' title="bbox 1915 5427 3474 5496">
     <span class='ocr_line' id='line_1_112' title="bbox 1915 5427 3474 5496; baseline 0.002 -15"><span class='ocrx_word' id='word_1_768' title='bbox 1915 5439 2168 5482; x_wconf 86' lang='lat' dir='ltr'><strong>naturam</strong></span> <span class='ocrx_word' id='word_1_769' title='bbox 2199 5427 2394 5480; x_wconf 86' lang='lat' dir='ltr'><strong>melius</strong></span> <span class='ocrx_word' id='word_1_770' title='bbox 2440 5430 2707 5496; x_wconf 84' lang='lat' dir='ltr'><strong>cognitam</strong></span> <span class='ocrx_word' id='word_1_771' title='bbox 2751 5428 2914 5481; x_wconf 88' lang='lat' dir='ltr'><strong>habes</strong></span> <span class='ocrx_word' id='word_1_772' title='bbox 2961 5436 3014 5482; x_wconf 92' lang='lat' dir='ltr'><strong>et</strong></span> <span class='ocrx_word' id='word_1_773' title='bbox 3057 5428 3306 5483; x_wconf 88' lang='lat' dir='ltr'><strong>inimicos</strong></span> <span class='ocrx_word' id='word_1_774' title='bbox 3351 5441 3474 5485; x_wconf 84' lang='lat' dir='ltr'><strong>tuos</strong></span> 
     </span>
    </p>
   </div>
   <div class='ocr_carea' id='block_1_113' title="bbox 1918 5516 3473 5589">
    <p class='ocr_par' dir='ltr' id='par_1_113' title="bbox 1918 5516 3473 5589">
     <span class='ocr_line' id='line_1_113' title="bbox 1918 5516 3473 5589; baseline 0.001 -19"><span class='ocrx_word' id='word_1_775' title='bbox 1918 5526 2102 5584; x_wconf 84' lang='lat' dir='ltr'><strong>utpote</strong></span> <span class='ocrx_word' id='word_1_776' title='bbox 2160 5532 2188 5568; x_wconf 77' lang='grc' dir='ltr'><strong>ιι</strong></span> <span class='ocrx_word' id='word_1_777' title='bbox 2255 5516 2397 5569; x_wconf 89' lang='lat' dir='ltr'><strong>malo</strong></span> <span class='ocrx_word' id='word_1_778' title='bbox 2437 5518 2680 5570; x_wconf 75' lang='lat' dir='ltr'><strong>daemone</strong></span> <span class='ocrx_word' id='word_1_779' title='bbox 2724 5518 2985 5572; x_wconf 66' lang='lat' dir='ltr'><strong>excitatos</strong></span> <span class='ocrx_word' id='word_1_780' title='bbox 3038 5519 3220 5585; x_wconf 86' lang='lat' dir='ltr'><strong>nosti;</strong></span> <span class='ocrx_word' id='word_1_781' title='bbox 3288 5520 3473 5589; x_wconf 72' lang='lat' dir='ltr'><strong>gratia:</strong></span> 
     </span>
    </p>
   </div>
   <div class='ocr_carea' id='block_1_114' title="bbox 1918 5605 3469 5677">
    <p class='ocr_par' dir='ltr' id='par_1_114' title="bbox 1918 5605 3469 5677">
     <span class='ocr_line' id='line_1_114' title="bbox 1918 5605 3469 5677; baseline 0.005 -20"><span class='ocrx_word' id='word_1_782' title='bbox 1918 5621 2081 5677; x_wconf 80' lang='lat' dir='ltr'><strong>porro</strong></span> <span class='ocrx_word' id='word_1_783' title='bbox 2107 5609 2535 5674; x_wconf 75' lang='lat' dir='ltr'><strong>experimentum</strong></span> <span class='ocrx_word' id='word_1_784' title='bbox 2567 5607 2763 5662; x_wconf 78' lang='lat' dir='ltr'><strong>fecisti.</strong></span> <span class='ocrx_word' id='word_1_785' title='bbox 2814 5605 3014 5661; x_wconf 85' lang='lat' dir='ltr'><strong>Contra</strong></span> <span class='ocrx_word' id='word_1_786' title='bbox 3045 5607 3133 5664; x_wconf 90' lang='lat' dir='ltr'><strong>isti</strong></span> <span class='ocrx_word' id='word_1_787' title='bbox 3156 5606 3469 5665; x_wconf 76' lang='lat' dir='ltr'><strong>adolescen-</strong></span> 
     </span>
    </p>
   </div>
   <div class='ocr_carea' id='block_1_115' title="bbox 309 5742 2798 5809">
    <p class='ocr_par' dir='ltr' id='par_1_115' title="bbox 309 5742 2798 5809">
     <span class='ocr_line' id='line_1_115' title="bbox 309 5742 2798 5809; baseline 0.001 -16"><span class='ocrx_word' id='word_1_788' title='bbox 309 5748 378 5809; x_wconf 83' lang='grc' dir='ltr'><strong>(α)</strong></span> <span class='ocrx_word' id='word_1_789' title='bbox 414 5743 572 5798; x_wconf 77' lang='lat' dir='ltr'><strong>erci</strong></span> <span class='ocrx_word' id='word_1_790' title='bbox 590 5745 778 5794; x_wconf 72' lang='lat' dir='ltr'><strong>codices</strong></span> <span class='ocrx_word' id='word_1_791' title='bbox 809 5757 924 5793; x_wconf 85' lang='lat' dir='ltr'><strong>mss.</strong></span> <span class='ocrx_word' id='word_1_792' title='bbox 953 5746 1082 5804; x_wconf 77' lang='lat' dir='ltr'><strong>apud</strong></span> <span class='ocrx_word' id='word_1_793' title='bbox 1106 5747 1152 5796; x_wconf 86' lang='grc' dir='ltr'><strong><em>Ν</em></strong></span> <span class='ocrx_word' id='word_1_794' title='bbox 1158 5744 1290 5796; x_wconf 73' lang='lat' dir='ltr'><strong>(otios</strong></span> <span class='ocrx_word' id='word_1_795' title='bbox 1311 5742 1536 5807; x_wconf 76' lang='lat' dir='ltr'><strong>patricios</strong></span> <span class='ocrx_word' id='word_1_796' title='bbox 1570 5745 1770 5796; x_wconf 75' lang='lat' dir='ltr'><strong>Venetos</strong></span> <span class='ocrx_word' id='word_1_797' title='bbox 1799 5745 2047 5806; x_wconf 76' lang='lat' dir='ltr'><strong>asscrrati,</strong></span> <span class='ocrx_word' id='word_1_798' title='bbox 2084 5743 2314 5795; x_wconf 68' lang='lat' dir='ltr'><strong>Bononite</strong></span> <span class='ocrx_word' id='word_1_799' title='bbox 2341 5745 2478 5807; x_wconf 75' lang='lat' dir='ltr'><strong>178i,</strong></span> <span class='ocrx_word' id='word_1_800' title='bbox 2509 5747 2580 5805; x_wconf 61' lang='lat'><strong>4°,</strong></span> <span class='ocrx_word' id='word_1_801' title='bbox 2605 5759 2654 5807; x_wconf 90' lang='lat' dir='ltr'><strong>p.</strong></span> <span class='ocrx_word' id='word_1_802' title='bbox 2689 5745 2798 5796; x_wconf 77' lang='lat'><strong>255.</strong></span> 
     </span>
    </p>
   </div>
   <div class='ocr_carea' id='block_1_116' title="bbox 569 5830 1059 5892">
    <p class='ocr_par' dir='ltr' id='par_1_116' title="bbox 569 5830 1059 5892">
     <span class='ocr_line' id='line_1_116' title="bbox 569 5830 1059 5892; baseline 0.004 -2"><span class='ocrx_word' id='word_1_803' title='bbox 569 5831 840 5892; x_wconf 71' lang='lat' dir='ltr'><strong>I’A&#39;I&#39;BOL.</strong></span> <span class='ocrx_word' id='word_1_804' title='bbox 878 5830 966 5892; x_wconf 78' lang='lat' dir='ltr'><strong>CX</strong></span> <span class='ocrx_word' id='word_1_805' title='bbox 983 5833 1059 5892; x_wconf 82' lang='grc' dir='ltr'><strong>Χ.</strong></span> 
     </span>
    </p>
   </div>
   <div class='ocr_carea' id='block_1_117' title="bbox 3001 5831 3071 5892">
    <p class='ocr_par' dir='ltr' id='par_1_117' title="bbox 3001 5831 3071 5892">
     <span class='ocr_line' id='line_1_117' title="bbox 3001 5831 3071 5892; baseline 0 0"><span class='ocrx_word' id='word_1_806' title='bbox 3001 5831 3071 5892; x_wconf 77' lang='grc'><strong>41</strong></span> 
     </span>
    </p>
   </div>
  </div>
