4032 6358
464 393 526 454 19
1241 409 1296 463 S.
1337 410 1760 468 PASCHASIUS
1802 409 2212 476 RADBERTUS
2255 420 2469 475 ABBAS
2505 422 2969 479 CORBEIENSIS.
3630 429 3698 484 ΞΟ

457 529 531 610 est
566 538 593 572 a
616 522 817 604 sanctis
838 521 1088 610 fatribus
1109 523 1290 577 multis
1319 524 1371 577 in
1387 524 1542 610 locis,
1567 528 1798 582 maxime
1823 539 2010 583 contra
2040 535 2089 593 Α
2115 547 2286 610 ceam,
2337 535 2427 586 sed
2461 544 2518 587 ut
2546 535 2611 610 ad
2654 537 2937 610 cautelam
2965 538 3209 610 incautos
3257 539 3540 610 reducam;
3569 545 3692 610 quia

457 591 806 668 simoniacam
845 592 1114 668 haeresim,
1146 607 1265 662 quae
1296 594 1565 650 multotics
1598 606 1682 652 est
1709 609 2010 668 oppugnata

458 661 508 736 in
552 661 759 736 Galliis,
814 662 906 715 sed
948 678 1217 736 nunquam
1250 675 1588 732 extinguam;
1619 661 2020 736 quia'latrones

457 731 580 785 facti
609 742 751 793 sum,
795 740 849 785 et
885 734 972 804 qui
1003 742 1190 786 emunt
1216 731 1333 802 quzc
1363 738 1574 804 proprie
1603 731 1850 792 Ecclesiic
1871 749 2014 803 sunt,

453 814 506 854 et
531 804 618 872 qui
644 804 893 856 vendunt.
919 803 1046 868 Quae
1092 805 1340 856 nimirtun
1376 807 1614 868 lia-resis,
1641 809 1740 862 etsi
1772 811 2016 864 damnari

473 875 812 949 ioteiit,_ideo
864 889 968 949 non
1018 875 1200 949 potuit
1240 875 1496 930 hactenus
1527 881 1864 949 expugnari;
1893 882 2015 948 quia

477 953 593 996 atro
621 945 772 1016 sient
822 944 1114 1016 a_lateudo
1153 945 1326 1016 dictus
1372 954 1474 1009 est,
1524 947 1595 1000 ila
1625 944 1804 1002 ct'isti
1856 944 2015 1016 quam

453 1029 591 1088 s:_rpc
619 1014 843 1088 latenter
867 1012 1096 1088 f:iciiiiit_,_
1114 1022 1204 1066 aut
1234 1015 1309 1088 ita
1330 1025 1506 1070 tamen
1529 1019 1803 1079 audenter,
1831 1012 2017 1088 quam-

454 1083 534 1136 vis
566 1085 851 1155 impujr'ice,
878 1092 934 1135 ut
993 1083 1164 1155 nullus
1213 1087 1399 1138 aude-at
1439 1089 1722 1140 contraire.
1759 1083 1908 1155 Quod
1939 1090 2017 1142 fa-

452 1165 594 1206 ctum
620 1153 795 1214 hodie,
825 1164 881 1205 ut
906 1155 976 1206 ita
1000 1153 1188 1219 fatear,
1218 1164 1325 1207 tota
1349 1155 1518 1210 Gallia
1545 1160 1698 1210 sentit
1726 1153 1964 1213 et'dolet.
1990 1180 2008 1212 ι

449 1221 587 1296 Illud
613 1225 927 1296 autenrboc
979 1225 1029 1277 in
1075 1225 1192 1296 loco
1233 1225 1450 1296 dignum
1501 1228 1875 1282 o‘:servationc
1913 1239 2012 1296 est,

452 1295 597 1366 quod
622 1294 944 1366 simoniacos
969 1294 1198 1363 appellat
1235 1294 1328 1349 eos
1374 1311 1475 1349 non
1507 1298 1678 1352 solum
1716 1301 1804 1366 qui
1842 1294 2012 1354 eccle4

450 1364 666 1437 siastiea
698 1364 954 1437 beneﬁcia
979 1366 1404 1437 ren'derent,scd
1431 1376 1484 1420 et
1507 1368 1595 1435 qui
1623 1364 1851 1437 indignis
1883 1386 2014 1423 con-

441 1432 781 1507 -fcrrcnt._lta
812 1436 954 1507 enim
980 1436 1154 1488 subdit
1188 1436 1344 1503 paulo
1365 1448 1480 1500 post
1507 1432 1760 1507 praedicta
1792 1457 1806 1492 :
1839 1458 1855 1489 ι
1899 1441 2012 1493 Non

450 1506 591 1557 cnl-n
651 1505 771 1557 dico
825 1505 925 1557 isto
984 1507 1036 1558 in
1090 1513 1326 1573 tempore
1373 1510 1461 1574 qui
1505 1505 1789 1563 cathedras
1835 1519 2017 1564 tenent

449 1575 821 1647 ecclesiarum,
861 1576 1000 1641 quod
1049 1575 1324 1628 columbas
1378 1578 1607 1630 vendant
1666 1595 1678 1630 :
1740 1581 1831 1632 setl
1889 1580 2012 1647 qria

450 1645 644 1713 quibus
674 1661 778 1697 non
799 1653 1064 1713 oporteat,
1090 1647 1331 1700 ecclesiae
1359 1647 1784 1706 committuntur.
1813 1645 1918 1702 non
1947 1651 2012 1703 ad

449 1712 1006 1787 lucrumanimarum,
1044 1718 1136 1768 sed
1165 1719 1228 1767 ad
1256 1716 1434 1769 luxum
1476 1725 1529 1769 ct
1558 1717 1855 1771 voluntates
1891 1736 2011 1787 pro-

449 1784 611 1852 prias.
671 1785 802 1837 Hinc
856 1800 983 1838 sane
1024 1788 1432 1852 pra'cavcndum
1486 1787 1636 1838 valde
1665 1784 1902 1840 arbitror
1949 1805 2012 1842 ne

449 1851 587 1940 fonrte
609 1854 882 1940 columbas
911 1855 981 1907 sit
1002 1851 1083 1907 eis
1112 1856 1457 1940 vendercnqni
1485 1858 1702 1936 tradunt
1733 1860 2009 1940 ecclesias,
2042 1883 2086 1940 Β

447 1922 662 1995 Christo
690 1924 912 1977 Domino
942 1935 1305 1988 consecratas,
1334 1925 1611 1995 ﬂagitiosus
1634 1936 1686 1978 et
1717 1929 1894 1982 avaris
1917 1931 2011 1982 ho-

449 1994 684 2064 minibus
725 1995 1018 2064 tyrannice,
1063 1995 1257 2063 quibus
1292 1994 1759 2064 nonaportuerat,
1790 2000 2010 2052 indisci-

448 2063 664 2131 plinatis
704 2063 757 2118 et
793 2064 1126 2134 irreligiosis,
1173 2085 1190 2116 ›
1235 2077 1338 2119 etc.
1371 2063 1596 2132 Quinam
1629 2083 1755 2120 velo
1799 2071 1905 2122 sint
1941 2069 2010 2122 illi

447 2135 730 2205 quoslioc
771 2135 890 2187 loco
917 2144 1084 2193 notat,
1133 2149 1192 2187 ex
1239 2137 1326 2188 lib.
1368 2138 1493 2189 nde
1526 2137 1805 2205 Epitaphio
1849 2139 2011 2192 Wabe

447 2220 564 2270 cap.
599 2203 633 2256 5
668 2204 843 2258 l'orsan
881 2205 1161 2270 intelliges.
1205 2206 1426 2260 Demnm
1478 2203 1799 2261 sim—oniatos
1828 2225 2012 2262 rursus

450 2275 834 2348 exagitatlibro
859 2276 996 2348 xiiin
1023 2274 1253 2328 Mattbaei
1270 2286 1429 2344 caput
1457 2293 1602 2330 xxvi.
1627 2297 1643 2326 ι
1668 2277 1824 2332 Tales
1851 2279 2012 2348 igitur

449 2359 661 2412 semper
691 2346 906 2398 timendi
955 2355 1077 2416 sunt.
1116 2348 1442 2408 sacerdotes,
1486 2348 1790 2416 quicunque
1818 2346 2008 2415 pretio,

447 2423 500 2464 et
529 2429 631 2484 non
659 2429 721 2468 ex
773 2415 943 2484 gratia
973 2413 1203 2484 Spiritus
1237 2418 1428 2478 sancti,
1478 2413 1718 2472 honores
1738 2413 2012 2473 sectantur

445 2483 980 2558 ecclesiariim_;_cum
1009 2483 1206 2552 quibus
1223 2501 1436 2555 semper
1471 2484 1662 2542 falsum
1689 2498 2009 2558 aggregatur

445 2553 750 2614 concilium,
783 2555 898 2607 falsi
929 2563 1091 2608 testes
1138 2553 1478 2623 quaeruntur;
1510 2571 1631 2610 cum
1674 2553 1879 2624 quibus
1903 2575 2008 2612 non

444 2623 666 2696 veritas,
721 2640 825 2677 non
870 2624 1074 2694 religio,
1127 2626 1218 2678 sed
1266 2625 1446 2696 iniqua
1496 2623 1708 2696 semper
1731 2627 1786 2680 in
1831 2629 2009 2684 causis

445 2693 727 2762 praefertur
756 2693 1067 2748 auctoritas.
1102 2716 1118 2745 ι

515 2762 601 2835 50,
629 2765 682 2818 In
722 2781 914 2819 avaros
954 2766 1261 2820 sacerdotes
1311 2766 1586 2835 intorquet
1620 2768 1762 2821 hunc
1791 2782 2006 2823 versum

444 2847 506 2886 ex
548 2833 682 2886 libro
711 2836 899 2903 quinto
946 2835 996 2888 in
1035 2835 1278 2906 Threnos
1333 2833 1614 2890 Hieremiae
1661 2853 1672 2888 ι
1727 2855 1745 2887 ι
1799 2839 2005 2906 Aquam

444 2915 680 2976 nostram
714 2907 934 2973 pecunia
987 2905 1233 2976 bibimus,
1285 2926 1301 2956 ι
1342 2915 1471 2970 ctc.,
1503 2921 1608 2974 quo
1641 2923 1794 2961 versu
1846 2905 2009 2976 expo-

443 2975 546 3027 situ
575 2975 645 3028 ita
666 2977 844 3046 subdit
871 2992 884 3028 :
919 2994 937 3025 ι
976 2973 1233 3046 Congrnit
1259 2983 1434 3046 autem
1468 2973 1568 3030 iste
1588 2991 1779 3030 sensus
1812 2973 2004 3032 adver-

443 3059 535 3116 sus
557 3045 775 3116 cupidos
802 3045 1108 3116 sacerdotes
1149 3045 1464 3113 templorum
1511 3046 1628 3109 Dei,
1659 3050 1756 3116 qui
1789 3048 2004 3102 domum

447 3114 536 3187 Dei
564 3115 1014 3170 domumfacinnt
1035 3117 1447 3185 negotiationis:
1481 3118 1604 3186 quia
1640 3114 1855 3187 propter
1879 3119 2006 3187 bap-

447 3184 604 3257 tisma
631 3195 685 3237 et
709 3187 1008 3239 doctrinam
1047 3184 1440 3257 prictlicationis
1479 3184 1608 3251 sine,
1641 3184 1752 3242 'scti
1788 3184 2006 3257 propter

444 3256 766 3326 charismata
797 3258 1056 3310 donorum
1084 3255 1198 3320 Dei,
1223 3256 1368 3310 lucra
1392 3267 1682 3324 sectantur,
1715 3266 1768 3311 et
1791 3255 2004 3326 impen-

444 3325 633 3398 sioresr
671 3336 926 3398 qua-runt
973 3328 1050 3379 sui
1110 3336 1380 3398 quaestus;
1433 3336 1620 3382 contra
1672 3343 1808 3398 quos
1858 3325 2006 3398 plebs

443 3394 638 3450 Christi
665 3396 784 3462 jure
813 3396 1050 3465 deplorat
1081 3407 1132 3450 et
1165 3397 1385 3464 plangit.
1419 3416 1438 3449 ι

511 3465 597 3520 51.
653 3467 854 3521 Eodem
908 3465 1022 3521 zelo
1070 3469 1246 3528 aranit
1272 3468 1664 3521 ecclesiasticos
1707 3468 1870 3529 viros,
1913 3469 2004 3536 qui

451 3553 600 3608 «Apro
628 3538 786 3590 rebus
807 3537 1130 3608 pecuniariis
1159 3537 1280 3591 lites
1304 3554 1365 3590 ac
1396 3538 1571 3607 jurgia
1615 3547 1946 3608 grassantur,
1983 3559 2000 3591 ι

444 3606 580 3678 Libro
605 3608 792 3678 quinto
823 3609 872 3660 in
927 3607 1159 3661 Matth-sei
1193 3617 1353 3675 caput
1380 3606 1443 3668 v;
1473 3619 1526 3662 et
1558 3606 1694 3662 libro
1735 3620 1928 3678 quarto
1954 3611 2003 3662 in

441 3674 681 3732 Tbrenos
724 3677 1008 3731 Heremias
1037 3674 1342 3732 clericos’et
1394 3680 1686 3733 monachos
1738 3674 2007 3734 surculari-

445 3747 546 3827 bus
603 3748 830 3827 negotiis
880 3747 1118 3827 addictos
1181 3748 1391 3827 plangit
1435 3749 1486 3827 in
1551 3749 1691 3827 hunc
1749 3750 2001 3827 modum:

444 3835 460 3867 ι
508 3819 642 3871 Ecce
671 3817 780 3883 jam
809 3832 942 3885 pene
967 3817 1106 3869 nulla
1133 3829 1214 3871 est
1235 3817 1507 3871 szecularis
1536 3818 1658 3870 vita:
1683 3819 1822 3871 actio
1845 3834 2004 3886 quam

439 3903 544 3940 non
585 3889 891 3941 sacerdotes
939 3887 1136 3940 Cbri~ti
1176 3889 1571 3948 administrent,
1623 3888 1763 3940 nulla
1824 3889 2003 3941 mundi

439 3959 647 4021 negotia
702 3959 753 4010 in
802 3957 997 4025 quibus
1031 3958 1258 4011 ministri
1290 3959 1475 4010 altaris
1590 3973 1692 4010 non
1723 3970 2002 4027 occupent,

439 4029 582 4080 nulla
619 4045 794 4081 rerum
825 4027 1138 4095 improbitas
1167 4045 1270 4096 qua
1307 4045 1362 4082 se
1391 4027 1718 4080 mouasticus
1746 4029 1878 4080 ordo
1903 4045 2003 4083 non

442 4099 708 4167 implicet,
759 4113 893 4167 pene
928 4097 1063 4150 nulla
1113 4099 1379 4152 illeti-ebris
1411 4099 1528 4150 vitm
1575 4098 1858 4151 blan-Iitia-s
1903 4116 2005 4165 qua

441 4185 499 4221 se
551 4170 770 4223 castitas
827 4168 1314 4221 sanclinionialium
1347 4185 1449 4221 non
1477 4169 1852 4222 cmumaculet.
1895 4188 1911 4218 ι
1942 4169 2007 4222 Ει

441 4239 608 4292 inl‘ra:
634 4260 649 4287 ‹
684 4239 913 4291 Aliudcx
935 4240 1133 4291 honore
1157 4248 1416 4306 suscepta:
1446 4239 1717 4305 religionis
1737 4249 2004 4306 qiurrunt,

438 4319 597 4377 atque
626 4309 765 4377 aliud
813 4324 876 4360 ex
906 4307 1079 4361 ollicio
1125 4308 1352 4361 actionis
1379 4309 1652 4369 exhibent,
1679 4316 1731 4362 et
1772 4310 2008 4377 quotidie

437 4374 533 4447 per
573 4374 765 4432 multas
798 4379 1064 4446 nequitias
1091 4387 1331 4448 pereunt.
1365 4379 1521 4433 Curis
1546 4379 1686 4431 enim
1732 4374 2005 4430 s:éculari-

443 4451 540 4501 bus
569 4450 753 4502 intenti
787 4458 842 4501 ct
875 4449 1140 4511 vitiorum,
1169 4458 1316 4500 tanto
1341 4449 1758 4501 insensibiliores
1785 4449 2008 4500 reddun-

439 4528 547 4582 tur,
577 4531 776 4587 qnanto
799 4520 864 4572 ad
907 4536 968 4572 ea
1007 4535 1123 4586 quae
1171 4517 1301 4572 foris
1328 4527 1473 4582 sunt,
1501 4527 1555 4572 ct
1598 4519 1775 4571 carnis
1803 4534 2004 4571 concu-

438 4590 814 4658 piscentiarutn
845 4605 964 4644 cum
993 4588 1168 4644 studio
1193 4590 1458 4642 avidiores
1488 4588 1843 4641 inveniuntur.
1879 4608 1897 4658 ξ

507 4659 592 4713 5‘2.
626 4659 918 4728 Episcopos
948 4669 1125 4712 monet
1173 4660 1223 4712 in
1275 4659 1409 4713 libro
1445 4667 1634 4710 octavo
1683 4674 1845 4724 super
1874 4656 2007 4710 Mat-

441 4731 560 4782 thzci
596 4741 754 4798 caput
787 4730 869 4788 'l6,
926 4739 981 4782 ut
1013 4743 1099 4791 ne,
1149 4730 1309 4781 nimia
1347 4729 1607 4783 facilitate
1640 4729 2006 4780 excommuni-

439 4801 615 4863 candi,
665 4797 956 4854 abutantur
999 4809 1264 4867 potestate
1291 4814 1450 4868 quam
1491 4797 1736 4851 Christus
1765 4798 1843 4850 eis
1871 4814 2001 4851 con-

396 4871 597 4925 .ccssit
628 4872 820 4939 ligandi
876 4886 938 4925 ac
986 4870 1224 4923 solvendi
1273 4888 1284 4921 :
1334 4869 1417 4923 lilii
1451 4869 1612 4920 etiam
1649 4868 1861 4939 egregia
1913 4871 2004 4920 dat

400 4986 408 4991 .
443 4942 640 4994 u‘tonita
671 4937 922 5004 subditis,
943 4941 1396 5008 quann'isinjuste
1423 4939 1617 5006 ligatis.
1648 4937 1780 4990 'l'um
1809 4939 1998 4991 infert:

445 5029 462 5062 ι
495 5012 643 5074 Absit
677 5028 803 5080 ergo
833 5013 930 5064 hoc.
953 5012 1018 5062 ab
1051 5009 1137 5061 illo
1169 5019 1355 5062 senatu
1398 5009 1679 5080 cmlorum,
1722 5017 1778 5061 ut
1806 5024 1998 5080 secun-

438 5082 563 5135 dum
594 5076 793 5136 motuin
829 5081 990 5134 animi
1016 5080 1374 5148 superbientis
1404 5089 1494 5131 aut
1525 5078 1807 5131 irasCi-ntis
1831 5076 2003 5143 cujus-

440 5151 588 5213 libet,
613 5163 660 5204 et
688 5153 782 5220 ipsi
811 5149 1004 5218 injuste
1035 5151 1198 5219 ligent
1233 5159 1324 5202 aut
1362 5149 1569 5202 solvant
1613 5165 1792 5220 coram
1836 5150 2004 5203 oculis

438 5222 628 5276 summi
649 5219 850 5278 Jiidicis
877 5223 1054 5273 omnia
1083 5219 1584 5288 circnmspicientis.
1621 5239 1635 5268 ι
1670 5219 1708 5272 Ε
1732 5220 2005 5272 contrario

439 5308 566 5345 vero
615 5292 963 5361 conqueritur
1008 5291 1073 5361 de
1117 5290 1290 5361 nimia
1328 5289 1585 5343 facilitate
1627 5298 1898 5361 pastorum
1940 5290 2003 5361 in

438 5357 774 5414 absolvemus
797 5360 1160 5428 peccantibus.
1193 5380 1208 5408 ι
1251 5357 1383 5412 Hinc
1407 5360 1546 5412 enim
1570 5357 1648 5411 est
1675 5361 1817 5427 quod
1848 5359 2003 5412 hodie

439 5434 490 5486 in
523 5431 758 5497 Ecclesia
797 5429 1118 5498 inlulgentia
1161 5431 1487 5497 pmnitentia:
1531 5431 1686 5481 toties
1717 5430 2000 5481 conculca-

438 5511 544 5562 tur,
575 5513 630 5555 et
681 5500 943 5553 securitas
991 5501 1358 5567 promittitur:
1403 5500 1559 5551 itaut
1606 5499 1782 5552 illusio
1825 5500 2000 5566 potius

397 5577 400 5580 ’
435 5571 700 5626 interdum
741 5585 898 5636 quam
930 5571 1189 5623 lliCdlL’llta
1223 5570 1654 5623 sordesccntilms
1699 5571 1820 5632 liat;
1850 5571 1997 5637 quia,

435 5639 559 5692 dum
592 5639 746 5692 facile
770 5652 1072 5707 praestatur,
1100 5641 1256 5692 vilior
1282 5640 1524 5699 habetur,
1555 5649 1604 5692 et
1631 5651 1877 5708 percepta
1910 5654 2001 5693 ne-

433 5709 718 5780 gligentins
758 5711 1079 5773 custmlitur;
1112 5723 1270 5778 atque
1300 5711 1447 5778 culpa
1486 5712 1534 5763 in
1575 5711 1714 5769 Iacto
1743 5725 1861 5780 tum
1909 5725 2001 5778 spe.

439 5782 602 5850 venia:
644 5780 926 5833 audentius
961 5797 1337 5850 nonnunquam
1388 5782 1692 5834 reiteratnr.
1732 5779 1854 5832 Hec
1896 5797 2000 5832 IIUII

390 5891 398 5925 ί
434 5846 556 5903 ideo
581 5850 1038 5922 dixerim,inquit,
1077 5860 1134 5905 ut
1164 5846 1432 5910 crudelem
1464 5866 1583 5906 esse
1607 5852 1881 5905 doctorem
1910 5851 2002 5904 do-

2122 603 2258 655 sicut
2306 605 2668 672 quaerentibus
2720 621 2839 659 cum
2870 607 2973 659 ﬁde
3021 607 3319 662 dilectionis
3348 625 3452 663 non
3489 603 3695 667 est-ne-

2122 674 2324 740 ganda;
2359 675 2430 727 ita
2461 674 2794 730 deluseribus
2835 688 2887 730 et
2934 677 3114 731 inﬁdis
3165 694 3268 731 non
3317 688 3395 730 est
3439 681 3694 735 continuo

2122 746 2440 810 praestanda.
2491 744 2614 799 Inde
2644 757 2728 800 est
2771 747 2912 814 quod
2955 749 3094 801 sacri
3139 764 3375 802 canones
3423 750 3695 807 multoties

2122 815 2186 864 ad
2220 814 2586 880 plenitentiam
2621 817 2961 887 reiterantcs
3014 834 3114 872 non
3171 817 3326 872 facile
3357 820 3644 874 admittunt
3674 840 3688 887 ;

2121 898 2255 949 quos
2300 899 2428 955 sane
2478 885 2737 940 terminos
2783 903 2880 939 nec
2915 903 3013 942 nos
3069 899 3281 955 oportet.
3331 885 3696 947 inditl'erenter

2123 953 2456 1029 transgredi,
2485 956 2577 1008 sed
2608 957 2786 1029 omnia
2835 972 2974 1029 cuni
3009 953 3330 1029 discretione
3380 976 3625 1029 pensare.
3670 984 3686 1016 ι

2121 1021 2380 1096 Denique,
2410 1024 2542 1096 libro
2574 1028 2800 1094 scplimo
2845 1026 2894 1079 in
2932 1027 3163 1080 Matthzei
3196 1038 3352 1096 caput
3381 1021 3502 1089 'xw,
3545 1041 3696 1088 notat

2119 1093 2610 1169 pusillanimitatem
2636 1093 3398 1169 quornnulmnepiscoporum
3427 1101 3514 1169 qui
3543 1102 3694 1169 prin-

2119 1163 2392 1237 cipcs_no_n
2418 1180 2535 1237 esse
2556 1163 2856 1237 arguendos
2883 1163 3130 1220 dicebant
3161 1187 3170 1219 :
3202 1163 3341 1237 quod
3382 1163 3694 1225 ctiam-con-

2117 1229 2306 1285 futavit
2336 1229 2647 1308 Theodorus
2676 1236 2881 1308 Studita
2912 1237 2962 1289 in
2986 1229 3312 1308 epistola'azl
3361 1239 3693 1308 Stephanum

2118 1316 2147 1354 a
2175 1304 2400 1378 secretis
2445 1303 2784 1378 Constantini
2824 1303 3190 1376 imperatoris,
3236 1310 3374 1378 apud
3406 1303 3690 1366 Baroninm

2119 1373 2185 1424 ad
2211 1389 2407 1426 annum
2445 1375 2562 1428 795i.

2188 1463 2273 1516 55.
2310 1463 2498 1517 Varios
2529 1481 2739 1518 errores
2771 1481 2868 1519 suo
2913 1474 3153 1535 tempore
3196 1477 3413 1522 exortes
3439 1471 3694 1525 convellit

2118 1531 2663 1608 Radbertus.felicis
2706 1535 2996 1608 Urgelitani
3027 1531 3277 1606 episcopi
3333 1539 3522 1608 dogma
3567 1555 3692 1608 per-

2079 1629 2082 1631 »
2116 1617 2328 1679 ycisum
2361 1609 2424 1655 tle.
2449 1604 2650 1679 Christi
2694 1607 2996 1679 adoptione.
3038 1604 3242 1679 passim
3269 1608 3319 1660 in
3351 1604 3502 1663 libris
3532 1604 3695 1679 super

2119 1672 2420 1746 Matthieuni
2447 1683 2500 1727 ct
2528 1674 2576 1726 in
2609 1672 2870 1742 psalmum
2915 1672 3380 1746 quadragesimum
3407 1672 3688 1746 quartum;

2116 1742 2318 1814 Claudii
2366 1743 2715 1797 Taurinensis
2745 1742 2997 1814 episcopi,
3031 1742 3353 1813 qui'cnltum
3411 1742 3691 1803 sacrarum

2101 1812 2461 1884 vreliquiarntn
2502 1823 2554 1864 et
2601 1812 3062 1884 peregrinationes
3101 1817 3311 1870 elevare
3342 1818 3600 1878 tcutabat,
3628 1819 3694 1872 li-

2116 1882 2212 1933 bro
2258 1882 2539 1957 undecimo
2570 1884 2619 1936 in
2656 1882 2885 1938 Maitbmi
2917 1896 3076 1953 caput
3105 1902 3250 1940 xxrv.
3298 1888 3487 1957 Arguit
3526 1891 3692 1943 etiam

2115 1954 2364 2017 questam
2411 1967 2568 2004 novos
2609 1966 2888 2007 assertores
2941 1956 3209 2023 falsitatis,
3247 1959 3336 2024 qui
3381 1954 3539 2011 'uulla
3583 1959 3692 2013 alia

2115 2037 2223 2074 esse
2259 2038 2445 2097 genera
2477 2039 2766 2097 poenarum,
2787 2041 2953 2097 neque
2987 2025 3098 2097 loca
3136 2037 3530 2091 tormentorum,
3555 2045 3693 2097 pra:-

2115 2100 2192 2142 ter
2234 2094 2473 2160 proprias
2515 2095 2858 2148 conscientias
2902 2095 3188 2157 hominum,
3241 2094 3599 2158 afﬁrmabant,
3635 2099 3692 2153 in

2113 2163 2301 2232 eodem
2327 2161 2464 2215 libro
2485 2164 2550 2214 ad
2575 2173 2734 2232 caput
2757 2180 2893 2228 xxv;
2921 2167 3061 2231 quod
3084 2168 3130 2217 ig.
3151 2166 3412 2220 Joannem
3439 2168 3690 2222 Scottuai

2114 2231 2229 2306 ejus
2252 2233 2454 2306 erroris
2480 2231 2803 2306 assertorem
2833 2236 3027 2306 cadere
3057 2253 3160 2288 non
3211 2237 3414 2288 dubito.
3453 2237 3694 2306 Denique

2113 2301 2166 2354 in
2208 2301 2824 2376 cpistolafrudegardo
2877 2304 3131 2374 inscripta
3171 2316 3316 2376 notat
3355 2305 3563 2375 aliquos
3594 2301 3691 2376 qui

2114 2387 2218 2424 non
2253 2380 2398 2425 recte
2428 2373 2495 2426 de
2535 2373 2861 2428 euobaristia
2915 2373 3245 2440 sentiebant;
3278 2375 3345 2430 de
3391 2373 3586 2445 quibus
3611 2373 3690 2432 'in

2114 2439 2440 2493 oraafatione,

2113 2451 2274 2509 prazt'a
2283 2451 2424 2496 tione
2438 2487 2440 2490 ,

2693 2573 2918 2630 CAPUT
2960 2573 3088 2629 Vill.

2501 2686 2547 2768 ’.Ι
2553 2687 2785 2740 udicium
2825 2688 2889 2742 de
2912 2687 3024 2756 ejus
3049 2689 3271 2758 scriptis.

2179 2813 2266 2866 54.
2297 2813 2475 2885 Prima
2508 2813 2624 2883 ejus
2647 2813 2949 2885 lucubratio
2972 2829 3036 2885 ex
3069 2814 3133 2869 iis
3159 2830 3278 2885 qum
3307 2817 3460 2869 nobis
3488 2818 3692 2874 relicta!

2110 2889 2252 2942 Sunt,
2284 2892 2367 2936 est
2398 2882 2619 2937 liber'de
2643 2882 2880 2952 Corpore
2910 2893 2965 2937 ct
2993 2882 3264 2953 Sanguine
3291 2888 3522 2949 Domini,
3547 2891 3690 2942 scri-

2110 2965 2230 3024 ριιιε
2259 2969 2399 3006 anno
2429 2954 2552 3016 851,
2579 2963 2818 3020 tempore
2847 2956 3051 3009 Scilicet
3082 2957 3254 3009 exsilii
3285 2957 3448 3011 Walzt:
3475 2959 3690 3013 abbatis

2109 3021 2472 3082 Corbcicnsis.
2502 3039 2661 3092 quem
2691 3026 2770 3077 sui
2803 3027 3059 3092 temporis
3100 3028 3381 3079 Arscnium
3410 3038 3461 3080 et
3495 3028 3689 3083 lbere-

2110 3093 2270 3146 miam
2304 3095 2562 3164 appellat,
2597 3103 2652 3147 ut
2695 3095 2746 3147 in
2789 3093 3101 3164 praefatione
3151 3095 3373 3163 hujusce
3417 3099 3542 3152 tomi
3588 3115 3690 3154 ex-

2110 3177 2282 3232 posui.

2035 3241 2078 3304 ο
2179 3233 2264 3287 55.
2301 3232 2489 3286 Postea
2525 3235 2740 3302 scripsit
2767 3234 2818 3286 in
2848 3233 3153 3288 Matthwum
3187 3235 3352 3289 libros
3382 3238 3688 3304 duodecim,

2110 3313 2340 3371 quatuor
2379 3305 2593 3372 quidem
2642 3305 2816 3357 adhuc
2846 3309 3138 3357 monachus
3163 3305 3470 3360 Guntlando
3491 3307 3694 3360 Centu-

2109 3373 2239 3444 lensi
2290 3374 2586 3437 monacho;
2636 3384 2866 3441 quatuor
2915 3385 3308 3443 consequentes
3342 3376 3452 3444 jam
3495 3385 3537 3428 a‘
3565 3377 3688 3441 bas,

2109 3443 2373 3496 universis
2419 3444 2656 3511 ejusdem
2709 3445 2939 3497 ctPnobii
2987 3446 3264 3499 monachis
3313 3458 3688 3515 nuncupatos:

2107 3529 2333 3580 quorum
2363 3515 2746 3567 monachorum
2797 3515 3120 3578 doctrinau'i,
3151 3517 3467 3583 sapientiam
3498 3526 3552 3569 et
3598 3533 3689 3570 re-

2108 3583 2360 3652 ligionem
2401 3585 2686 3652 praedicat;
2719 3585 2948 3652 reliquos
2979 3597 3100 3652 post
3145 3588 3443 3640 abdicatam
3495 3586 3692 3650 prmfe-

2110 3666 2339 3707 ('ltlt‘alll.
2395 3654 2628 3726 Epistola
2667 3655 2748 3726 ad
2799 3655 3223 3724 Frmlegardum,
3269 3673 3386 3726 quae
3436 3657 3573 3710 libro
3625 3658 3694 3711 de

2108 3727 2344 3793 Corpore
2390 3734 2443 3777 et
2477 3724 2748 3796 Sanguine
2794 3727 3002 3796 Domini
3055 3724 3300 3794 subjecta
3348 3737 3450 3791 est,
3484 3728 3691 3796 scripta

2111 3796 2207 3846 fuit
2239 3804 2358 3863 post
2384 3795 2799 3849 commentarios
2829 3797 2879 3848 in
2903 3795 3232 3850 Maltineum.

2179 3885 2266 3940 56.
2297 3886 2468 3937 Vitam
2513 3886 2683 3940 sancti
2738 3887 3027 3938 Adalbardi
3081 3889 3289 3940 abbatis
3342 3887 3693 3943 Corbeiens‘ts

2110 3957 2322 4022 scripsit
2369 3954 2586 4006 circiter
2621 3971 2817 4023 annum
2862 3955 2984 4005 850.
3017 3955 3355 4022 Epitaphium
3393 3957 3554 4023 (quod
3592 3973 3690 4012 vo-

2108 4027 2216 4091 cat)
2260 4023 2448 4084 Wake,
2482 4023 2664 4075 itilem
2713 4022 2922 4074 abbatis
2953 4035 3000 4073 ei
3052 4025 3336 4076 Adalhardi
3386 4022 3568 4077 fratris
3626 4045 3694 4084 ac

2110 4095 2456 4154 successoris,
2505 4093 2669 4163 edidit
2702 4093 2907 4145 duobus
2955 4093 3125 4152 libris,
3175 4111 3402 4163 quormn
3449 4099 3691 4163 priorem

2109 4165 2345 4219 condidit
2374 4180 2513 4216 anno
2542 4161 2646 4216 856
2675 4163 3023 4232 posteriorem
3057 4161 3298 4219 abdit-atri
3340 4161 3689 4232 praelectum,

2111 4236 2160 4287 id
2191 4245 2291 4295 est,
2325 4244 2441 4305 post
2468 4230 2818 4305 annum
2862 4233 2916 4285 In
2952 4241 3175 4305 utroque
3201 4234 3300 4286 hoc
3330 4230 3510 4303 opere,
3541 4240 3691 4305 quod

2111 4305 2161 4358 in
2185 4303 2550 4370 superioribus
2577 4302 2818 4362 exhibui,
2851 4302 3105 4370 prasclara
3138 4302 3526 4358 commemorat
3562 4302 3692 4359 l’as-

2109 4375 2324 4428 chasius
2372 4374 2436 4424 ad
2467 4388 2551 4425 res
2604 4379 2712 4424 tum
2765 4371 3053 4426 Fraiiricas
3085 4383 3191 4425 ttun
3249 4377 3579 4430 inonasticas
3632 4379 3692 4431 il-

2109 4444 2435 4502 lustrandas,
2487 4442 2719 4494 maxime
2775 4442 2826 4495 in
2869 4441 3044 4516 Walai
3090 4444 3418 4516 lgpitaphao;
3453 4447 3502 4498 in
3533 4448 3693 4516 cujus

2112 4515 2246 4566 libro
2275 4531 2309 4567 ιι
2341 4527 2592 4566 arcanam
2625 4513 3078 4566 exauctorationis
3109 4513 3361 4566 Ludovici
3405 4515 3483 4569 Pii
3518 4513 3694 4571 histo-

2035 4596 2087 4655 ι)
2114 4586 2246 4637 riam
2281 4593 2568 4655 accurante
2617 4582 2778 4655 refcrt
2823 4584 2977 4636 testis
3025 4583 3136 4652 ipse
3175 4585 3461 4655 plurimum
3503 4588 3695 4640 ocula-

2117 4664 2229 4719 tus;
2263 4663 2317 4707 et
2339 4652 2589 4706 Ecclesia:
2611 4650 2896 4722 Gallican?
2939 4650 3370 4722 statum,iqualis
3402 4665 3513 4708 tum
3548 4667 3692 4722 erat,

2114 4726 2327 4795 egregie
2357 4720 2902 4795 ileningit._Scriptiis
2940 4735 3022 4776 est
3071 4720 3246 4776 autem
3295 4726 3427 4778 liber
3478 4720 3696 4794 primus

2113 4792 2294 4849 statim
2319 4811 2346 4846 a
2374 4794 2540 4846 Walm
2561 4792 2708 4845 obitu
2741 4812 2752 4845 :
2787 4797 3054 4847 secundus
3086 4796 3294 4848 nonnisi
3324 4806 3442 4864 post
3471 4792 3696 4851 abdica-

2113 4873 2220 4917 tam
2250 4881 2278 4916 a
2311 4864 2602 4917 Paschasio
2628 4866 3020 4931 prmtectnram,
3051 4880 3118 4917 ex
3163 4866 3313 4919 initio
3341 4864 3584 4932 ejusdem
3631 4868 3697 4922 li-

2112 4934 2224 4992 bri;
2250 4943 2305 4987 et
2324 4934 2538 5002 quidem
2563 4944 2683 5002 post
2716 4945 2942 4987 mortem
2972 4934 3350 5003 Ermengardis
3380 4938 3695 5004 imperatri-

2109 5006 2206 5069 cis,
2231 5005 2468 5058 Lotharii
2496 5005 2718 5073 Augusti
2742 5005 2944 5066 uxoris,
2983 5020 3208 5076 escam.
3243 5006 3334 5067 ‘24,
3370 5009 3418 5059 id
3453 5017 3536 5060 est
3568 5018 3693 5076 post

2111 5091 2308 5128 annum
2336 5078 2470 5139 85!;
2507 5077 2613 5129 imo
2658 5083 2778 5143 post
2817 5090 3013 5145 annum
3045 5074 3166 5136 8.37,
3205 5077 3468 5145 siquidem
3518 5074 3692 5132 seve-

2113 5162 2219 5204 rus,
2251 5146 2340 5213 qui
2389 5161 2526 5199 unus
2569 5154 2652 5215 est
2683 5159 2760 5215 cx
2812 5143 3284 5199 inter-locutoribus
3330 5148 3445 5200 libri
3501 5149 3690 5215 primi,

2111 5217 2247 5269 idem
2279 5227 2359 5268 est
2407 5231 2527 5269 cum
2575 5213 2894 5268 Odilmanno
2950 5216 3172 5280 Severo,
3225 5217 3310 5270 cui
3358 5213 3693 5272 Paschasius

2106 5285 2538 5354 explanationem
2570 5285 2623 5338 in
2649 5284 2892 5337 Threnos
2918 5295 3036 5350 post
3079 5286 3220 5340 hunc
3240 5304 3437 5340 annum
3481 5305 3696 5341 nuncii»

2109 5360 2271 5425 pavit.
2306 5357 2551 5426 Scriptus
2579 5370 2700 5407 vero
2743 5364 2824 5407 est
2849 5366 2973 5407 ante
3005 5357 3188 5410 initam
3219 5373 3248 5410 a
3274 5357 3466 5410 Carolo
3499 5370 3556 5411 ct
3582 5359 3693 5413 Lu-

2110 5428 2297 5479 dos’iro
2335 5427 2675 5480 (τοιιρονιίὶίιιιι
2702 5439 2768 5476 ex
2797 5441 2912 5492 cap.
2949 5441 3062 5488 xix,
3089 5445 3152 5481 ac
3181 5430 3403 5496 proinde
3434 5441 3560 5480 ante
3595 5446 3692 5484 an-

2109 5512 2235 5548 num
2280 5497 2403 5560 860,
2464 5513 2570 5564 quo
2624 5510 2743 5548 eam
2795 5498 3036 5548 referunt
3086 5500 3316 5551 Annales
3365 5496 3689 5554 Bcr;.ii.iani.

2110 5565 2298 5620 Nescio
2353 5584 2425 5620 an-
2475 5568 2611 5620 hanc
2664 5565 2936 5619 Pascliasii
2989 5564 3326 5622 lucubration
3367 5585 3416 5622 ιιι
3475 5572 3694 5625 viderat

2109 5637 2371 5688 Antonius
2404 5639 2468 5690 de
2499 5637 2866 5696 Caulincnrte,
2899 5638 2948 5688 in
2978 5637 3130 5705 cujus
3157 5638 3424 5692 Chronico
3454 5638 3695 5695 Pascha-

2110 5708 2219 5757 sius
2254 5705 2416 5778 “hdie
2445 5709 2604 5778 vitam
2649 5706 2878 5759 edidisse
2909 5712 3237 5774 perhibetur.
3267 5710 3340 5762 De
3371 5711 3469 5762 hoc
3513 5711 3698 5778 Epita-

2110 5778 2236 5843 phio
2266 5777 2458 5831 iterum
2492 5777 2650 5831 intra.

2182 5846 2270 5899 57.
2285 5845 2506 5902 Librqu
2523 5849 2587 5902 de
2608 5845 2769 5902 Partu
2789 5850 2960 5904 beatae
2978 5848 3158 5903 Mariae
3181 5850 3400 5919 virginis
3417 5851 3702 5921 inscripsit
