4032 6358
887 333 951 343 οη-

658 395 721 450 Si
1088 352 1105 359 ξ
1456 388 1517 444 S.
1557 386 1917 447 PASCHASII
1955 386 2308 453 RADBERTI
2342 397 2635 457 ABBATIS
2672 400 3123 477 CORBEIENSIS

3822 436 3827 441 δ
3879 419 3943 476 32

730 504 1684 596 ἓτβφὲΐυξιμκργὶξηείξΕςςῑθβξεε
1709 507 2256 596 ερᾲίεξεεδριεξιβιξίξορ-
2278 515 2336 577 Δ
2429 512 2719 596 Edonus.
2752 519 2925 587 gratia
2966 517 3069 596 .Dei
3110 519 3441 577 Consumisc
3482 522 3788 596 episcopus.
3841 532 3937 591 hoc

660 577 1123 651 paligaltctorjtate
1156 586 1332 633 ratum
1376 578 1696 651 decernens,
1722 577 1789 651 in
1818 579 2038 634 nomine
2071 577 2252 639 Patris

660 647 719 706 et
744 648 863 705 Filii
891 659 947 705 et
973 647 1212 721 Spiritus
1242 648 1415 705 sancti
1439 648 1757 720 subscripsi.

732 743 1074 808 Saxobodus,
1106 742 1362 813 Sagensis
1392 741 1646 798 Ecclesia:
1673 742 1981 814 episcopus,
2018 743 2125 801 boc
2158 746 2250 803 de-

657 824 869 873 cretum
895 814 1170 881 consensi,
1201 823 1257 869 et
1285 814 1600 884 subscripsi.

730 908 871 985 imo,
895 907 1339 985 Noviomagensis
1373 906 1627 985 Ecclesia;
1657 907 1910 985 indignus
1939 910 2246 985 episcopus,

658 980 762 1036 hoc
791 979 1132 1052 privilegium
1160 979 1432 1044 consensi,
1460 986 1517 1035 et
1542 980 1857 1052 subscripsi.

2358 585 2698 658 privilegium
2728 585 3001 645 consensi.

2430 653 3131 748 Ltrt‘l‘rjvicus,nrnonasterii
3177 663 3705 748 pretiosissimornm
3740 684 3938 748 marty-

2358 742 2480 814 rnlm
2501 728 2744 814 .Christi,
2776 731 3014 814 Dionysii
3059 748 3125 789 ac
3173 728 3441 791 sociorum
3471 736 3590 814 ejus
3620 739 3806 807 abbas,
3835 728 3937 814 prai-

2357 798 2610 883 vilegium
2685 801 2789 857 hoc
2849 798 3048 875 relegi,
3115 814 3403 877 ratumque
3464 798 3757 866 dccernens
3792 798 3933 872 's'uh-

2355 884 2568 939 εει-ψει.
3438 920 3445 931 ,

2428 939 2737 1027 Radbertus
2776 944 2958 1027 ipsius
3015 947 3329 1027 monasterii
3383 949 3559 1027 abbas
3604 952 3931 1027 privilegium

2355 1011 2460 1068 hoc
2490 1012 2677 1084 relegi,
2706 1011 2991 1086 ratumque
3021 1018 3322 1075 decernens
3350 1011 3669 1093 subscripsi.

669 1172 3924 1221 ._—___________________________________________

1155 1328 1287 1442 s.
1370 1329 2345 1483 rasennsn
2420 1334 3409 1512 annuens-1

1852 1549 2194 1613 ABBATIS
2237 1551 2755 1617 CORBEIENSIS

708 1742 1557 1874 EXPOSITIO
1639 1743 1797 1868 IN
1895 1736 2232 1872 EVA?

2336 1741 2950 1875 GELlUM
3043 1744 3869 1882 ΜΑΤΤΗᾹΞΙ.

1896 1984 2071 2046 (Juxta
2094 1985 2368 2038 editionem
2395 1985 2682 2050 Simondi.)

2093 2112 2499 2131 ἡ

1968 2233 2523 2318 PROLOGUS

1123 2431 1208 2479 ΔΙ)
1246 2427 1686 2476 εοπτιωωυιί
1728 2428 2095 2476 ΗΟΝΔΟΗῸΜ
2136 2430 2230 2478 κο

2335 2430 2532 2478 ςτειιῐι
2573 2432 2627 2479 8.
2678 2431 2967 2479 BIGHARII
3011 2432 3433 2482 CONFBSBOBIS

718 2656 868 2729 1-2·
897 2654 1034 2721 Dum
1069 2665 1240 2708 Same
1270 2647 1627 2723 ῐποῖθϐείοηίδ
1675 2645 2004 2711 Obedienlia.
2050 2661 2236 2704 coram
2264 2647 2315 2709 B
2346 2648 2662 2721 intelligam,
2714 2650 2785 2707 ab
2812 2651 2919 2706 hac
2946 2651 3123 2723 gratia
3166 2652 3395 2709 minime
3439 2654 3646 2713 credidi
3674 2658 3918 2718 cohiben-

642 2747 903 2806 lratribus
916 2743 1286 2816 Evangelium,
1300 2741 1375 2796 uti
1398 2738 1805 2797 consuetudinis
1821 2747 1925 2804 est,
1941 2738 2131 2795 diebus
2144 2754 2232 2795 so—

639 2837 933 2901 lemnibus,
952 2835 1167 2891 licetine
1188 2834 1375 2889 limato
1396 2831 1647 2903 loquendi
1671 2846 1891 2902 genere,
1905 2830 2231 2886 exhortandi

643 2920 818 3002 magis
859 2928 1033 3001 gratia
1068 2940 1232 2997 quam
1279 2924 1525 2987 docendi.
1562 2932 1905 2989 tractaretur,
1949 2932 2235 2995 creperum

643 3020 885 3078 nonnulli
906 3034 1095 3076 eorum
1117 3016 1374 3091 religiOnc
1399 3016 1673 3073 ferventes
1694 3016 1918 3072 instanti
1944 3017 2233 3073 devotione

642 3111 956 3183 frequenter
999 3124 1294 3181 exposcere
1345 3108 1468 3180 (nec
1515 3108 1561 3164 si
1613 3123 1826 3180 possem
1865 3109 2231 3183 intendentes)

643 3203 787 3259 beati
810 3202 1046 3258 Μαιηιωί
1071 3200 1414 3274 evangelista:
1442 3210 1647 3257 textum
1671 3201 1999 3257 narrationis
2024 3217 2121 3273 per
2143 3217 2234 3257 or-

644 3294 824 3350 dinem
857 3294 1204 3364 explicarem,
1247 3304 1309 3349 ut
1334 3291 1531 3349 ﬂuenta
1563 3292 1731 3348 totius
1756 3293 2016 3349 doctrina:
2039 3293 2234 3349 litteris

648 3388 989 3444 contradicta
1010 3386 1075 3442 ad
1092 3386 1354 3458 plurimos
1374 3386 1593 3441 uberius
1612 3392 1948 3441 emanarent.
1966 3383 2068 3453 Qui
2086 3401 2229 3450 mox,

641 3482 1017 3551 memetipsum
1052 3482 1330 3552 ingressus
1355 3521 1371 3545 ,
1399 3480 1590 3551 posui,
1638 3494 1779 3535 novo
1827 3486 2005 3535 tactus
2042 3477 2230 3543 affatu,

641 3570 973 3627 maeulosam
1018 3570 1330 3642 fragilitatis
1364 3571 1528 3626 vitam
1576 3587 1761 3627 coram
1806 3570 2000 3635 oculis,
2035 3571 2232 3640 quibus

638 3678 816 3720 essem
845 3664 1164 3720 criminibus
1194 3662 1503 3720 obvolutus.
1535 3662 1601 3719 Et
1630 3663 1768 3733 coepi
1802 3663 2012 3718 dumosi
2042 3670 2233 3733 pecto-

642 3762 719 3816 ris
748 3756 1044 3828 ingeninm,
1093 3756 1236 3825 quod
1264 3755 1538 3826 largitoris
1571 3755 1625 3809 in
1671 3769 1756 3809 me
1786 3755 2120 3826 praastiterat
2146 3755 2231 3810 in-

640 3846 935 3917 dulgentia,
970 3845 1274 3915 disquirere
1298 3886 1313 3911 ,
1360 3844 1894 3916 profunditatemque
1926 3846 2060 3899 tanti
2088 3861 2234 3916 mys-

641 3939 761 3993 terii
792 3938 1153 4010 perscrutari;
1187 3937 1233 3991 si
1267 3937 1406 3992 forte
1435 3937 1606 3991 virtus
1632 3936 1813 3992 divina
1844 3936 2043 3991 siccam
2069 3936 2232 3991 vellet

2339 2740 2492 2805 dum,
2523 2740 2826 2812 prtesertim
2857 2757 2981 2798 cum
3023 2742 3274 2800 eumdem
3320 2746 3708 2818 evangelistam
3759 2751 3916 2825 legam

2337 2835 2479 2905 apud
2532 2831 2822 2905 Ethiopes
2875 2837 3233 2906 praedicasse,
3295 2840 3916 2915 gratiamque‘Spiritus

2338 2926 2512 2982 sancti
2540 2927 2949 2998 evangelizandi
2975 2927 3152 2985 ollicio
3181 2929 3518 3000 perfudisse;
3549 2944 3627 2999 ut,
3653 2937 3747 3006 qui
3775 2949 3917 2996 erant

2338 3017 2561 3087 fuligine
2588 3021 2794 3091 peccati
2824 3021 2943 3092 pice
2966 3023 3206 3093 pressius
3234 3025 3526 3096 denigrati,
3561 3028 3913 3087 formarentur

2338 3108 2507 3180 ipsius
2534 3110 2781 3182 exemplo
2808 3112 2873 3166 ad
2898 3101 3151 3185 gratiam,
3177 3131 3280 3185 qua
3303 3116 3519 3173 caelitus
3542 3119 3644 3175 iste
3663 3123 3733 3178 de
3752 3123 3913 3193 publi-

2337 3214 2474 3275 cano
2504 3201 2834 3272 evangelista
2865 3211 2949 3258 est
2991 3202 3235 3260 ell'ectus.
3289 3204 3476 3274 Unde,
3522 3224 3726 3279 quaso,
3771 3227 3915 3268 nemo

2337 3290 2470 3344 mihi
2520 3301 2860 3356 succenseat,
2911 3293 2957 3347 si
3010 3296 3264 3362 tandem,
3313 3298 3408 3353 Dei
3444 3299 3681 3358 conﬁsus
3716 3303 3912 3369 gratia,

2338 3383 2473 3455 elegi
2518 3383 2816 3450 solertiam,
2852 3401 3013 3457 quant
3065 3387 3119 3442 in
3172 3402 3257 3442 me
3299 3388 3541 3444 caelestis
3578 3388 3914 3447 Providentia

2337 3476 2661 3531 eruditionis
2710 3477 2822 3532 sale
2871 3478 3128 3539 condivit.
3164 3478 3392 3533 Domino
3435 3479 3711 3546 dedicare,
3761 3498 3913 3552 quam

2337 3567 2516 3623 inanis
2537 3568 2663 3624 vita:
2684 3569 2820 3634 otio,
2853 3571 3218 3637 praetermisso
3249 3572 3454 3638 studio,
3484 3580 3721 3644 torpere.
3756 3574 3905 3643 Quia,

2336 3659 2438 3713 etsi
2493 3676 2599 3715 non
2633 3661 2841 3728 multis,
2869 3662 2921 3734 3
2950 3663 3196 3718 mihimet
3244 3672 3423 3719 tamen
3443 3653 3701 3736 ~meisque
3736 3665 3910 3738 profu-

2338 3758 2519 3806 turum
2547 3754 2773 3819 credidi,
2803 3764 2860 3810 ut
2904 3756 3043 3811 istuc
3080 3757 3350 3812 interdum
3397 3759 3638 3814 animum
3670 3769 3910 3831 transpo-

2335 3859 2521 3899 nerem
2545 3885 2561 3910 ,
2590 3856 2646 3901 et
2674 3846 2895 3913 fugaces
2928 3849 3302 3928 doctrinarum
3334 3867 3526 3907 sensus
3553 3852 3710 3923 longo
3740 3852 3910 3909 labore

2336 3940 2592 4009 qua-sitos
2620 3938 2816 3995 litteris
2849 3941 3161 4012 alligarent;
3197 3953 3468 4013 quatenus
3497 3960 3596 4014 per
3618 3945 3723 3999 hoc
3748 3960 3907 4001 essem

643 4031 794 4088 fonte
820 4032 1192 4088 doctrinarum
1221 4030 1399 4099 rigare
1426 4028 1664 4099 pectoris
1692 4043 1904 4099 rupem,
1936 4038 1990 4082 et
2022 4028 2124 4082 mei
2152 4027 2229 4083 la-
2256 4021 2302 4087 C
2334 4031 2401 4085 ad
2430 4032 2774 4104 cogitandum
2810 4032 3152 4101 instructior,
3180 4045 3234 4090 et
3263 4038 3331 4089 ad
3361 4036 3740 4091 disserendum
3767 4051 3909 4107 para-

638 4124 791 4180 boris
811 4122 952 4196 stylo
971 4131 1285 4178 sanctorum
1309 4120 1528 4177 Patrum
1552 4136 1746 4177 sensus
1768 4122 1994 4177 unitatis
2015 4121 2231 4192 eloquio

642 4216 943 4288 legentibus
973 4223 1246 4286 cooptare.
1282 4212 1359 4268 Ita
1396 4226 1526 4269 sane
1557 4220 1614 4267 ut
1646 4227 1747 4268 nec
1774 4198 2110 4284 eloquentia,
2136 4228 2231 4267 va-

641 4309 740 4365 riis
770 4307 1005 4365 obscene
1029 4305 1420 4364 sententiarum
1447 4314 1675 4361 consula
1697 4304 1965 4377 pietatiis.
1988 4305 2230 4360 animum

643 4401 863 4457 lectoris
888 4399 1216 4466 offenderet;
1250 4415 1352 4455 nec
1375 4399 1635 4454 rimarum
1662 4398 1909 4455 tramites
1929 4396 2126 4453 diversi
2148 4397 2232 4453 ni-

644 4503 815 4550 torem
851 4492 1222 4564 intelligentia:
1262 4489 1677 4548 confunderent.
1709 4489 1819 4546 Sed
1858 4490 1977 4545 haec
2003 4487 2229 4543 multum

645 4601 856 4644 mecum
887 4585 1086 4656 diuque
1115 4583 1320 4656 pudore
1350 4596 1572 4654 pressus
1601 4589 1967 4653 pertractans,
1992 4579 2230 4635 auctoris

646 4676 801 4730 venia
846 4676 1106 4732 continuo
1151 4683 1207 4731 et
1245 4674 1442 4746 gratia,
1481 4689 1579 4745 per
1630 4688 1793 4744 quam
1820 4672 2076 4728 divinitus
2101 4686 2231 4742 apo-

644 4768 900 4823 stolatum
930 4769 1149 4835 meruit,
1174 4778 1300 4825 ante
1326 4767 1515 4824 oculos
1534 4766 1757 4824 ell‘ulsit.
1788 4766 2040 4823 Occurrit
2062 4766 2229 4823 etiam

641 4863 785 4935 quod
810 4863 1157 4935 publicanum
1180 4879 1238 4920 se
1261 4880 1368 4920 non
1399 4863 1680 4920 erubuerit
1708 4861 1889 4930 fateri,
1919 4873 1974 4919 et
1997 4861 2232 4934 qualiter

639 4954 710 5010 sit
754 4964 977 5010 vocatus
1018 4972 1048 5009 a
1101 4953 1333 5023 teloneo,
1387 4956 1716 5029 Evangeliea
1762 4970 1895 5011 voce
1936 4952 2227 5011 manifeste

640 5044 895 5102 omnibus
923 5044 1153 5101 voluerit
1174 5048 1480 5117 pnedicari.
1505 5046 1712 5115 Quibus
1733 5046 1887 5117 quasi
1913 5046 2072 5116 plane
2092 5062 2233 5117 pra:-

645 5143 906 5206 monitus,
936 5140 1075 5213 crepi
1106 5140 1336 5199 ulterius
1358 5142 1493 5197 nihil
1514 5141 1765 5197 dubitare
1784 5141 1851 5195 de
1871 5140 2051 5204 venia,
2076 5140 2232 5195 nihil-

643 5251 751 5305 que
791 5235 1069 5303 haesitare,
1108 5236 1254 5307 quod
1283 5236 1532 5302 debeam,
1560 5232 1677 5304 ejus
1706 5232 1961 5306 suffragio
1990 5235 2227 5305 adjutus,

643 5326 1014 5384 doctrinarum
1064 5328 1316 5385 convivio
1359 5327 1607 5393 admitti;
1657 5326 1711 5381 in
1756 5326 1911 5395 cujus
1961 5324 2226 5396 profecto,

644 5428 773 5475 ante
801 5420 1126 5481 infusionem
1155 5420 1414 5494 Spiritus,
1431 5418 1544 5490 jam
1567 5420 1796 5491 prandio
1818 5418 2079 5475 Dominus
2104 5434 2231 5474 cum

630 5483 1023 5589 "peccatoribus
1039 5527 1097 5574 et
1117 5483 1418 5590 publicanis
1431 5483 1692 5585 dignatus
1706 5522 1793 5571 est
1810 5511 2036 5584 epulari.
2055 5510 2228 5580 Quem

649 5607 693 5663 si
728 5616 875 5662 recte
905 5606 1220 5678 inspicimus
1244 5624 1341 5681 per
1363 5617 1536 5666 totum
1566 5616 1774 5664 textum
1804 5603 2103 5676 Evangelii,
2134 5620 2231 5661 cuo-

632 5714 763 5779 gram
795 5707 1142 5770 peccatorum
1168 5703 1456 5773 specialius
1483 5702 1654 5775 gerit;
1689 5699 1833 5755 unde
1859 5708 1912 5755 et
1943 5684 2122 5754 mores
2146 5700 2232 5753 in-

645 5789 845 5855 stituit,
890 5800 1055 5863 atque
1106 5791 1309 5847 fontem
1356 5809 1500 5850 verre
1543 5789 1917 5850 conversionis
1974 5798 2230 5862 patenter

649 5880 850 5961 ubique
872 5884 1129 5944 ostendit.
1164 5881 1393 5953 Propter
1416 5885 1581 5954 quod,
1625 5885 1733 5944 etsi
1769 5890 2112 5962 peccatoretn
2141 5898 2230 5943 me

2335 4124 2461 4179 tior.
2499 4124 2653 4180 Unde
2683 4140 2893 4180 mecum
2924 4142 3116 4183 omnes
3147 4128 3353 4198 pariter
3397 4128 3463 4184 ad
3501 4127 3705 4183 fonte’m
3757 4128 3909 4183 venia:

2333 4224 2577 4279 currant,
2610 4216 2712 4271 etsi
2745 4232 2851 4271 non
2883 4215 3064 4273 ferant
3092 4219 3360 4288 pretium;
3397 4218 3601 4289 absque
3630 4218 3737 4272 ulla
3768 4232 3907 4272 com-

2288 4315 2303 4325 ’
2332 4307 2635 4362 mutatione
2665 4307 2851 4362 viuum
2873 4317 2929 4363 et
2957 4308 3042 4365 lac
3067 4310 3237 4381 gratis
3264 4310 3584 4380 percipiant.
3618 4308 3847 4371 Mecum,
3869 4304 3909 4361 si

2334 4398 2536 4471 placet,
2557 4399 2703 4455 hunc
2723 4399 3069 4472 publicanum
3085 4403 3300 4467 adeant,
3324 4416 3536 4456 mecum
3560 4398 3763 4454 fluenta
3783 4397 3911 4453 illius

2331 4491 2550 4558 bibant;
2583 4492 2840 4563 quoniam
2870 4493 3062 4548 melius
3088 4502 3174 4548 est
3221 4492 3378 4562 hujus
3408 4493 3692 4563 mysticam
3723 4487 3909 4547 sectari

2331 4580 2658 4646 doctrinam,
2691 4581 2820 4637 licet
2865 4583 3008 4654 stylo
3039 4593 3339 4639 reseratam
3389 4582 3632 4647 subulco,
3679 4595 3840 4652 quam
3867 4576 3908 4632 si

2331 4689 2429 4745 per
2449 4675 2659 4747 Elysios
2690 4690 2915 4745 campos
2946 4674 3104 4731 flores
3134 4675 3472 4747 colligerent,
3502 4683 3557 4730 et
3587 4673 3737 4730 fonte
3773 4672 3908 4727 Tan-

2333 4768 2426 4823 tali
2458 4767 2651 4823 llnctus
2701 4768 3072 4825 indesinenter
3102 4785 3298 4826 aureos
3327 4769 3612 4824 lambendo
3646 4773 3905 4839 potarent.
3989 4764 3991 4773 ⁴

2333 4860 2402 4916 Et
2432 4861 2478 4916 si
2508 4859 2646 4916 forte
2672 4860 2799 4917 hinc
2826 4862 2916 4916 alii
2948 4863 3230 4919 uberiores
3258 4864 3458 4919 ducant
3502 4863 3670 4927 rivos,
3699 4859 3907 4917 divitia-

2335 4967 2564 5023 rumqne
2610 4950 2815 5009 fercula
2860 4964 3076 5025 parent,
3121 4952 3312 5010 saltem
3360 4969 3458 5009 nec
3486 4968 3613 5009 reor
3640 4944 3909 5020 dedignari

2333 5054 2553 5099 nostros
2577 5060 2645 5099 ne
2674 5043 2845 5100 velint
2874 5046 3155 5116 percipere
3182 5045 3505 5117 purissimos
3531 5045 3758 5100 haustus
3781 5082 3797 5108 ,
3828 5036 3907 5109 qui

2333 5153 2524 5195 vocem
2553 5138 2816 5196 doctrinae
2840 5154 3002 5207 quam
3042 5154 3185 5210 saepe
3213 5156 3278 5194 ex
3302 5139 3456 5212 jussu
3489 5139 3660 5210 patris
3689 5136 3905 5192 libenter
3989 5138 3992 5147 ‘

2336 5234 2559 5289 audiunt
2585 5234 2639 5288 in
2668 5232 2958 5303 loquendo.
2988 5233 3099 5287 luto
3131 5233 3255 5303 quia
3285 5249 3392 5288 non
3419 5232 3540 5286 aliis
3567 5230 3804 5287 scribere
3828 5225 3909 5279 de-

2335 5327 2461 5401 legi,
2493 5343 2656 5398 quam
2692 5342 2925 5398 quorum
2958 5325 3137 5382 studia
3170 5325 3223 5380 in
3253 5324 3451 5380 talibus
3477 5324 3678 5395 vigent,
3709 5314 3906 5375 devotio

2337 5519 2484 5574 sunt,
2518 5509 2729 5564 invitat.
2765 5506 2973 5580 Segnes
3012 5523 3140 5563 vero
3167 5516 3223 5562 et
3247 5507 3416 5561 livore
3441 5505 3589 5576 pium
3619 5517 3755 5575 opus
3771 5493 3925 5562 male.

2336 5610 2648 5673 carpentes,
2677 5600 2806 5656 hinc
2851 5600 2975 5655 inde
3017 5598 3172 5669 quasi
3218 5605 3401 5669 pestes
3430 5609 3689 5659 secerno;
3730 5588 3898 5685 salter}

2336 5692 2600 5748 duntaxat
2627 5700 2686 5746 ut
2710 5692 2846 5746 meis
2875 5689 3180 5761 proficiam,
3208 5689 3300 5758 qui
3323 5702 3409 5743 me
3432 5687 3486 5742 in
3510 5686 3708 5743 divinis
3730 5676 3869 5736 studi

2336 5796 2727 5860 provexernnt,
2759 5784 3135 5844 benevolentia
3180 5783 3469 5841 ferventes.
3515 5782 3669 5853 Quod
3697 5779 3742 5835 si
3769 5772 3913 5848 quis—

2256 5399 2311 5461 Ῐ)
2338 5394 2531 5484 fervet,
2555 5419 2798 5474 charitas
2818 5417 2884 5472 ad
2907 5417 3316 5489 percipiendum
3344 5431 3464 5487 quae
3491 5394 3637 5469 sana
3665 5409 3910 5523 doctrin‘at
3989 5394 3991 5432 ί

2448 5519 2457 5523 -
2519 5509 2531 5522 ο
2613 5509 2647 5523 ι-
2693 5518 2703 5523 -
2765 5506 2798 5523 η
3182 5516 3215 5523 ν.
3250 5507 3299 5523 no,
3334 5521 3341 5523 ξ
3372 5520 3410 5523 μ
3444 5505 3582 5523 ﬁrm-
3628 5493 3911 5523 _A__-'...-n
3978 5494 3992 5523 Ἀ

3989 5583 3992 5617 l

3989 5772 3991 5799 l

2336 5881 2481 5955 piam
2512 5896 2544 5937 e
2580 5888 2776 5939 contra
2806 5876 3114 5939 invidorum
3142 5892 3419 5952 opponere
3454 5870 3775 5939 tentaverit,
3802 5875 3911 5923 uto-
3982 5878 3992 5955 ἦ

3980 5952 3991 5989 l
