4032 6358
74 381 130 434 π,
957 373 1324 432 EXPOSITIO
1366 376 1435 432 IN
1475 354 2034 437 summust";
2066 378 2455 440 paococns.
3279 391 3345 448 si

74 498 225 550 demo
269 499 525 560 tempore
557 496 686 559 post
724 490 1106 545 auctoritatem
1136 490 1356 546 Patrum
1384 493 1652 563 priorum,
1684 501 1730 560 Α
1758 509 1864 550 non
1895 494 2015 551 dico
2054 495 2106 550 in
2141 496 2388 552 doctrina
2420 511 2606 552 vermu
2649 507 2704 553 et
2733 500 2787 554 in
2817 502 2958 564 vita,
2990 505 3215 572 gaudeo.
3247 504 3349 574 Ut,

72 599 120 640 ut
161 585 291 656 quid
337 584 494 638 nisus
539 581 1047 652 sim°Evangelinm
1099 575 1408 654 exponere?
1438 583 1658 640 Noverit

75 680 200 752 quod
252 693 360 732 non
411 676 726 730 temeritate
776 691 908 731 usus
954 675 1058 731 hoc
1089 671 1506 749 'przeelegerim,
1563 681 1659 735 sed

81 789 242 829 amore
289 771 616 842 religionis,
675 771 903 842 cupiens
956 780 1179 841 paterna
1229 772 1479 843 supplere
1535 782 1658 828 vota

85 866 255 921 Christi
303 864 486 935 gratia
535 878 842 933 respersus.
892 862 1176 929 Profecto,
1221 866 1346 935 quia
1398 865 1660 921 hactenus

82 975 219 1013 nemo
245 959 537 1011 doctorum
587 955 922 1027 praescripsit
966 955 1164 1010 donum
1197 956 1370 1010 sancti
1403 954 1658 1026 Spiritus,

78 1063 126 1107 et
147 1052 335 1105 mentis
363 1050 672 1104 efﬁcaciam
703 1050 1032 1113 futurorum,
1065 1064 1226 1104 uenio
1253 1050 1344 1120 qui
1369 1050 1662 1106 interdixe-

76 1145 142 1197 rit
169 1142 482 1198 cmlestibus
513 1156 710 1210 parere
741 1139 1059 1211 disciplinis.
1114 1139 1219 1196 Sed
1272 1141 1484 1212 ignavia
1517 1141 1662 1195 frauo

76 1233 408 1288 dulentorum
425 1247 648 1302 semper
663 1232 963 1300 promptior
975 1232 1183 1286 exstitit
1195 1247 1329 1286 ausu
1347 1232 1665 1288 temeritatis

76 1325 327 1395 proﬁcua,
364 1339 502 1394 quos
538 1323 699 1378 modo
731 1339 1080 1388 veneramur,
1113 1323 1334 1378 Patrum
1361 1323 1541 1378 oflicia
1570 1339 1661 1378 ca-

77 1416 345 1477 lumniari,
364 1431 528 1484 quam
555 1415 805 1468 veritatis
832 1416 1072 1470 scientia:
1090 1430 1308 1485 operam
1337 1417 1660 1486 appendere.

76 1506 186 1561 Hoc
214 1509 423 1577 quippe
455 1508 590 1575 passi
619 1517 748 1561 sunt
778 1510 972 1562 summi
1001 1509 1336 1578 philosophi,
1369 1510 1471 1564 hoc
1496 1518 1667 1581 poetas

74 1602 317 1664 nobiles,
334 1602 436 1654 hoc
451 1601 631 1663 nostri,
646 1612 701 1655 ut
716 1601 855 1666 dixi,
873 1602 1141 1668 doctores;
1160 1603 1251 1657 sed
1267 1613 1442 1657 tamen
1456 1619 1661 1666 omnes,

77 1696 314 1765 priorum
361 1703 634 1747 sectantes
677 1693 880 1759 studia,
923 1710 986 1749 ex
1023 1710 1211 1748 eorum
1251 1696 1498 1750 sensibus
1533 1711 1667 1764 prie-

75 1787 334 1841 stantiora
378 1786 613 1855 posteris
652 1786 1030 1840 condiderunt.
1053 1786 1225 1850 Unde,
1257 1789 1302 1841 si
1331 1787 1666 1856 praeferenda

1762 587 1888 643 dum
1920 588 2042 643 aliis
2061 591 2462 646 exhortationis
2483 592 2682 664 gratia,
2713 593 2977 664 profunda
3009 597 3352 668 eloquiorum

1761 680 1858 735 Dei
1887 682 2144 752 mysteria
2175 682 2484 752 pandendo,
2515 694 2762 754 penetro,
2805 686 2850 740 si
2883 688 3100 758 quando
3125 689 3356 746 inﬁrmi—

1764 776 1895 832 tatis
1921 777 2168 833 humanae
2193 778 2339 833 vitiis
2366 779 2669 850 propulsor,
2705 781 2886 836 verbis
2913 782 3145 854 propria:
3173 799 3354 840 asser-

1769 871 1936 926 tionis
1977 872 2348 942 praemonitus,
2391 874 2507 943 ipse
2550 889 2635 927 me
2684 875 3095 945 reprehendam.
3149 874 3255 932 Sed
3301 885 3356 932 et

1766 974 2028 1031 sequaces
2046 963 2441 1018 recentioribus
2471 963 2754 1029 institutis,
2797 965 2866 1021 ad
2891 967 3163 1036 praacipna
3211 966 3359 1022 Scri-

1765 1058 2047 1120 pturarutn
2077 1068 2241 1123 opera
2275 1053 2566 1109 instantius
2612 1055 2946 1121 meditanda,
2990 1057 3205 1112 incitari
3249 1073 3358 1113 non

1766 1143 2002 1216 ambigo.
2047 1145 2116 1199 At
2146 1146 2284 1200 forte
2315 1161 2450 1216 quos
2489 1146 2771 1217 disciplina
2804 1146 2854 1218 5
2881 1147 3080 1203 Christi
3110 1149 3357 1204 eminen-

1768 1233 1875 1287 tior
1899 1233 2153 1300 illustrat,
2182 1236 2410 1290 scientia
2442 1235 2769 1306 pollentibus
2794 1237 2999 1303 altiori,
3032 1239 3147 1294 hinc
3170 1253 3357 1309 super-

1768 1321 1875 1378 flua
1899 1324 2171 1380 videbitur
2211 1336 2264 1379 et
2296 1325 2503 1397 prolixa
2527 1327 2858 1398 explanatio.
2894 1327 3204 1383 Prmsertim
3236 1345 3358 1384 cum

1770 1428 1990 1473 sanctus
2021 1417 2276 1482 llilarius,
2307 1421 2613 1491 przecipnns
2638 1422 2759 1477 ﬁdei
2786 1423 3114 1492 disputator,
3149 1431 3205 1478 et
3235 1424 3363 1479 bea-

1772 1518 1858 1564 tus
1902 1509 2282 1582 Hieronymus,
2315 1513 2512 1568 divina:
2549 1515 2683 1587 legis
2713 1515 2981 1586 interpres
3012 1530 3076 1569 ac
3103 1515 3364 1586 magister

1771 1603 2040 1673 egregius,
2077 1619 2182 1658 non
2212 1604 2313 1660 nisi
2342 1606 2526 1676 parvis
2555 1622 2618 1662 ac
2643 1608 2687 1661 si
2711 1608 3062 1662 materiarum
3089 1622 3364 1662 commen-

1774 1699 1844 1754 tis
1862 1698 2020 1767 hujus
2041 1701 2321 1770 Evangelii
2347 1702 2545 1756 lluenta
2572 1702 2844 1757 voluerint
2868 1717 3132 1757 reserare.
3159 1700 3366 1768 Quibus

1775 1791 1983 1846 interea
2022 1809 2126 1847 non
2159 1808 2260 1862 ego
2283 1833 2298 1857 ,
2328 1793 2419 1848 sed
2455 1793 2569 1863 ipse
2603 1792 2964 1864 Hieronymus
2988 1793 3054 1847 de
3079 1809 3137 1846 se
3170 1791 3365 1846 melius

79 1893 155 1934 est
174 1882 425 1935 omnibus
455 1893 767 1936 nostrorum
792 1885 1109 1948 auctoritas,
1135 1885 1384 1938 noverint
1403 1884 1545 1954 quod
1570 1900 1665 1938 ve-
1697 1877 1746 1936 Β
1775 1885 2048 1956 loquatur,
2071 1886 2142 1941 ob
2164 1887 2306 1956 quod
2331 1896 2565 1957 quatuor
2592 1887 2807 1940 interim
2831 1886 3024 1940 libellis
3050 1887 3367 1940 immensam

86 1973 200 2026 ritas
216 1973 478 2027 doctrinae.
501 1971 848 2027 commendat
869 1988 963 2028 eos
980 1983 1253 2039 auctores,
1272 1985 1453 2029 etnon
1481 1975 1667 2044 utique

87 2069 173 2137 ipsi
208 2070 523 2123 veritatem.
553 2069 693 2137 Quia
718 2085 823 2124 non
857 2069 1150 2140 disputatio
1189 2071 1426 2125 doctoris
1452 2071 1668 2141 ingenio

93 2164 287 2215 subnixa
319 2164 570 2218 veritate
595 2205 609 2224 ,
653 2165 742 2218 sed
779 2165 978 2218 veritas
1000 2164 1362 2236 disputatione
1382 2167 1662 2236 quaeritur.

93 2249 272 2304 Verius
301 2255 528 2322 quippe
551 2269 646 2322 per
667 2269 724 2308 se
743 2253 908 2308 solida
929 2263 1042 2320 est;
1069 2255 1359 2326 disputatio
1397 2256 1667 2327 loquentis

90 2362 197 2400 vero
220 2348 389 2401 servit
412 2388 429 2410 ,
483 2356 546 2400 ut
570 2362 670 2417 per
691 2363 804 2401 eam
829 2348 1029 2402 veritas
1050 2347 1107 2420 4
1130 2349 1462 2403 obscuritate
1489 2349 1668 2403 velata

89 2452 356 2496 resereutr.
384 2441 575 2496 Porro
599 2455 831 2496 reserata
856 2443 1088 2504 veritas,
1124 2453 1178 2498 et
1220 2441 1447 2498 ﬁdeliter
1469 2443 1668 2497 litteris

87 2535 433 2602 apprehensa,
463 2532 598 2585 facit
627 2547 722 2587 eos
750 2540 1034 2591 auctores.
1065 2548 1290 2602 quorum
1319 2547 1416 2587 nos
1443 2533 1668 2603 vestigia

91 2632 354 2691 sequentes
413 2623 646 2677 minime
703 2623 1054 2687 dubitamus,
1111 2622 1411 2694 legentilms
1464 2622 1672 2676 utiliter

94 2715 441 2769 examinendari
471 2732 484 2766 :
516 2716 644 2768 dum
669 2715 1004 2784 gubernante
1028 2715 1136 2770 Deo
1158 2715 1505 2786 probaverint
1525 2715 1670 2769 nulla

96 2820 171 2858 nos
196 2806 244 2859 in
275 2806 369 2860 his
401 2803 528 2859 ﬁdei
565 2804 847 2878 naufragia
877 2806 1184 2877 pertulisse.
1216 2805 1368 2874 Quod
1396 2807 1440 2861 si
1473 2807 1674 2878 aliquis

96 2909 190 2966 post
215 2899 327 2953 haec
350 2897 600 2953 voluerit
623 2898 845 2954 cascatis
869 2898 1041 2953 oculis
1070 2897 1228 2968 hujus
1251 2899 1434 2970 operis
1462 2899 1673 2955 exerci-

100 2990 207 3046 tium
230 2991 524 3059 infamare,
556 2993 761 3063 cogitet
780 3009 1008 3064 quorum
1032 2993 1327 3048 imbuimur
1345 2993 1671 3064 disciplinis,

96 3085 216 3154 quod
255 3084 570 3141 sirenarum
620 3093 816 3141 cantus
844 3101 941 3140 nos
969 3086 1150 3141 surdis
1179 3086 1490 3142 monuerint
1519 3085 1674 3139 auri-

97 3176 177 3229 bus
205 3179 564 3248 pertransire.
601 3176 738 3232 Nam
772 3186 823 3232 et
856 3177 955 3248 ipsi
985 3192 1082 3232 suo
1110 3177 1162 3231 in
1197 3185 1440 3247 tempore
1463 3175 1590 3230 talia
1613 3190 1675 3230 se

1775 1981 2031 2050 loquendi
2091 1983 2371 2034 materiam
2418 1988 2474 2033 et
2535 1979 2725 2050 paucis
2773 1977 3052 2033 astrixerit
3097 1975 3365 2031 sensibus.

1775 2073 1918 2128 Dicit
1950 2074 2096 2128 enim
2144 2073 2214 2126 ita
2261 2071 2556 2142 (Prommio
2603 2071 2656 2124 in
2704 2069 3040 2140 Mattlncum)
3073 2087 3086 2122 :
3123 2089 3140 2119 ‹
3177 2067 3368 2133 Miror,

1777 2167 1972 2222 Eusebi
2005 2166 2366 2230 dilectissime,
2394 2182 2508 2231 cur,
2544 2163 2767 2218 Romam
2797 2165 2968 2219 subito
3008 2165 3368 2233 navigaturus,

1777 2259 1912 2312 hanc
1941 2258 2036 2312 tibi
2063 2275 2094 2311 a
2121 2274 2201 2311 me
2232 2258 2383 2324 quasi
2415 2254 2684 2309 sitarciam
2717 2255 2836 2308 dari
2866 2253 3112 2313 colueris.
3143 2263 3197 2305 ut
3229 2250 3367 2305 Μαῖα

1777 2353 1971 2406 ιιιαηιηι
1999 2351 2224 2404 breviter
2249 2365 2536 2420 exponens,
2565 2347 2730 2401 verbis
2774 2346 3104 2414 stringerent,
3134 2343 3372 2398 sensibus

1777 2445 2076 2498 dilatarem.
2114 2441 2174 2498 Si
2213 2443 2560 2503 meminisses,
2606 2440 2802 2509 inquit,
2837 2438 3185 2508 responsionis
3223 2451 3372 2500 mete,

1781 2553 2052 2607 nunquam
2097 2537 2152 2589 in
2197 2535 2382 2604 paucis
2420 2533 2602 2588 diebus
2650 2549 2757 2586 rem
2791 2547 3051 2584 annorum
3096 2539 3312 2594 peteres.
3349 2547 3368 2579 ι

1782 2628 1923 2684 Ecce
1955 2627 2256 2698 pra-cipnus
2289 2627 2526 2681 virorum
2552 2633 2816 2694 quantum
2845 2622 3006 2693 hujus
3028 2621 3211 2690 operis
3233 2619 3369 2689 judi-

1782 2721 1990 2777 caverit
2019 2721 2312 2790 negotium.
2345 2717 2451 2774 Sed
2476 2717 2716 2786 nunquid
2744 2728 2924 2786 putas,
2962 2716 3209 2783 inquam,
3232 2710 3376 2781 quod

1783 2813 1839 2869 in
1887 2813 2115 2876 duabus,
2159 2811 2478 2866 imminente
2502 2810 2614 2881 jam
2653 2807 2885 2872 Pascha,
2924 2804 3374 2867 hebdomadibus,

1784 2909 2023 2977 potuerit
2045 2922 2243 2962 arcana
2273 2907 2454 2960 omnia
2480 2905 2638 2960 istius
2663 2904 2848 2976 Evang
2882 2903 2938 2957 lii
2974 2901 3184 2966 rimari,
3218 2909 3274 2955 et
3303 2897 3378 2952 of-

1787 3002 1912 3058 ﬁcio
1962 3001 2245 3072 scriptoris
2289 3010 2485 3055 cuneta
2542 2999 2784 3068 diligenti
2829 2997 3008 3052 studio
3053 2991 3382 3064 explanare?

1787 3093 1997 3165 Quippe
2042 3091 2186 3164 quod
2238 3092 2380 3147 idem
2433 3089 2616 3145 multis
2662 3089 2927 3159 approbat
2971 3085 3184 3142 indiciis
3215 3083 3382 3138 fuisse

1789 3185 2143 3258 impossibile.
2173 3184 2380 3240 Idcirco
2403 3182 2734 3253 repromittit
2759 3197 2817 3237 se
2838 3179 2983 3252 quod
3010 3177 3276 3246 reliquum
3298 3183 3383 3230 est

98 3265 377 3336 linguarum
425 3279 682 3325 monstra
727 3269 1018 3339 pertulisse
1049 3269 1372 3325 docuerunt.
1410 3267 1564 3324 Unde
1592 3267 1674 3322 vi-

1788 3276 2138 3348 impleturnm
2177 3294 2189 3329 :
2225 3286 2285 3330 ut
2307 3275 2438 3330 sciri
2467 3281 2654 3344 queat,
2680 3271 2822 3327 sicut
2848 3271 2964 3341 ipse
2990 3269 3088 3334 ait,
3118 3275 3383 3339 quantum

94 3360 235 3414 deant
262 3362 462 3431 quibus
483 3376 613 3431 qua
631 3359 909 3416 offerimus
933 3375 1040 3414 non
1070 3357 1472 3414 fastidientibus
1497 3357 1541 3412 si
1567 3357 1674 3412 dis-

97 3451 325 3518 pliceant,
376 3463 676 3523 propterea
729 3467 829 3507 nos
874 3461 1054 3507 tacere
1099 3467 1206 3506 non
1236 3451 1521 3515 debuisse;
1552 3465 1678 3504 cum

98 3555 326 3600 auctores
369 3546 752 3602 Ecclesiarom
803 3560 1022 3600 suorum
1057 3546 1108 3601 in
1159 3546 1512 3616 responsione
1555 3545 1678 3600 luce

97 3640 277 3694 clarius
304 3642 825 3706 demonstraverint,
860 3642 987 3697 utile
1017 3642 1234 3712 quidem
1263 3657 1404 3706 esse,
1437 3642 1618 3710 plures
1645 3657 1680 3696 a

93 3733 326 3800 pluribus
372 3733 496 3787 ﬁeri
541 3733 725 3798 libros,
757 3735 970 3789 diverso
997 3735 1214 3804 quidem
1243 3735 1406 3805 stylo,
1440 3735 1534 3788 sed
1569 3749 1678 3788 non

98 3834 284 3888 diversa
318 3833 466 3896 ﬁde;
495 3841 555 3887 ut
581 3834 645 3886 ad
674 3833 939 3904 plurimos
964 3849 1070 3886 una
1094 3849 1156 3886 ea
1181 3833 1394 3901 lemque
1423 3831 1680 3885 doctrina

100 3927 250 3979 sancti
301 3924 541 3994 Spiritus
571 3925 912 3995 promulgata
945 3925 1266 3994 perveniat,
1297 3923 1362 3976 ad
1408 3923 1543 3976 alios
1578 3924 1678 3983 sic,

97 4016 149 4067 ad
179 4017 310 4070 alios
331 4026 518 4071 autem
552 4016 655 4072 sic.
686 4014 870 4086 Neque
900 4015 1044 4070 enim
1079 4016 1376 4085 putandum
1413 4024 1514 4077 est,
1546 4013 1680 4067 nulli

98 4125 222 4163 nunc
247 4111 510 4179 temporis
537 4109 769 4179 gratiam
798 4107 1163 4178 intelligentia:
1195 4107 1402 4178 largiri,
1429 4122 1552 4159 cum
1579 4122 1644 4176 pa
1699 4139 1704 4146 -

101 4209 191 4252 teat
212 4201 339 4255 illud
362 4201 749 4270 propheticum
770 4216 784 4263 ;
805 4197 1204 4253 Pertransibunt
1229 4198 1462 4268 plurimi,
1481 4207 1526 4250 et
1547 4196 1679 4251 mul-

101 4295 236 4359 tiplex
262 4297 360 4348 erit
411 4295 637 4347 scientia
689 4294 852 4364 (Dan.
883 4311 981 4355 XII,
1013 4294 1090 4361 4).
1125 4294 1230 4349 Sed
1259 4302 1315 4348 et
1344 4293 1680 4364 philosophis

104 4385 257 4440 seculi
297 4385 406 4438 tale
433 4384 665 4454 aliquid,
697 4394 818 4454 post
843 4385 1084 4453 priorum
1116 4385 1314 4448 studia,
1351 4385 1565 4439 ratione
1593 4384 1679 4438 vi-

103 4487 236 4540 gente
257 4475 529 4543 probatur
555 4490 872 4529 concessum
906 4493 918 4528 :
943 4491 1174 4546 quorum
1199 4475 1450 4530 doctores
1475 4483 1687 4544 quanto

102 4565 322 4630 juniores
348 4567 531 4632 fuere,
568 4576 720 4622 tanto
750 4568 934 4637 utique
963 4568 1410 4638 perspicaciores.
1449 4568 1681 4623 V'ernm—

1790 3371 1862 3426 sit
1892 3371 2035 3424 inter
2075 3368 2355 3424 subnlcam
2387 3367 2627 3421 dictandi
2660 3363 2946 3419 audaciam
2971 3402 2988 3427 ,
3021 3370 3077 3416 et
3100 3358 3382 3415 elucubra-

1791 3471 1902 3517 tam
1934 3459 2207 3516 scribendi
2238 3458 2596 3528 diligentiam.
2631 3456 2706 3510 De
2729 3463 2928 3509 cmtero
2965 3451 3125 3508 velim
3159 3463 3386 3520 perpen-

1791 3553 1923 3607 dant
1944 3553 2136 3612 nostri,
2170 3558 2403 3619 quantos
2429 3556 2484 3601 et
2505 3547 2694 3617 quales
2715 3545 3028 3600 Grmcorum
3055 3539 3306 3595 facundia
3330 3539 3384 3592 in

1791 3646 1895 3700 hoc
1923 3645 2113 3698 eodem
2141 3656 2305 3711 opere
2339 3641 2535 3693 habeat
2560 3645 2921 3698 tractatores;
2949 3642 3005 3687 et
3037 3641 3163 3687 tunc
3191 3641 3381 3701 potuc-

1793 3737 1903 3791 rint
1931 3735 2270 3806 dignoscere,
2295 3731 2494 3800 quibus
2519 3729 2706 3782 Latina
2732 3734 3024 3795 paupertas
3048 3731 3204 3792 egeat
3225 3720 3387 3774 docu-

1793 3827 2010 3890 mentis,
2039 3825 2163 3896 quia
2188 3823 2430 3894 profecto
2455 3822 2506 3874 in
2541 3834 2731 3874 manus
2755 3825 2971 3872 nostras
2997 3815 3085 3868 vix
3116 3826 3383 3882 perpauca

1793 3920 2035 3990 priorum
2073 3923 2337 3970 venerunt
2380 3921 2714 3969 commenta.
2753 3910 2907 3963 Licet
2938 3906 3387 3961 Fortunatianunt

1795 4020 1848 4065 ct
1881 4009 2214 4065 Victorinum
2248 4008 2300 4061 in
2334 4022 2400 4060 eo
2426 4004 2689 4076 opuscula
2721 4001 2960 4056 edidisse
2991 3999 3224 4061 dicatur,
3253 4010 3390 4064 quos

1795 4103 2026 4156 necdum
2056 4098 2302 4176 invenire
2331 4097 2627 4168 potuimus.
2663 4091 2868 4145 Idcirco
2901 4089 3099 4144 talibus
3125 4097 3181 4141 ct
3208 4085 3393 4156 Illlele

1796 4191 2008 4249 cemodi
2040 4191 2224 4244 causis
2271 4189 2338 4242 ad
2384 4189 2500 4242 lucc
2543 4183 2818 4254 appulsus,
2869 4180 2971 4235 feci
3017 4195 3123 4233 non
3165 4177 3388 4239 invitus,

1797 4291 2062 4339 consensu
2098 4279 2297 4340 Patris,
2324 4287 2384 4331 ut
2418 4277 2731 4348 prodessem
2779 4273 2982 4335 multis,
3013 4280 3069 4327 et
3091 4270 3391 4333 seniorum,

1796 4386 1859 4430 ut
1905 4373 2162 4446 praemisi,
2211 4370 2558 4427 suasionibus
2603 4367 2894 4426 excitatus,
2944 4364 3039 4418 sed
3085 4371 3138 4417 et
3184 4359 3391 4432 priefati

1797 4467 2039 4524 doctoris
2082 4462 2394 4534 Hieronymi
2438 4469 2562 4516 voto
2594 4457 2814 4526 majoris
2841 4455 3297 4525 disputationibus
3323 4452 3391 4506 a-J

1796 4561 2094 4632 prolixiora
2144 4559 2422 4619 inductus,
2470 4554 2620 4623 parvi
2675 4551 3001 4621 petentibus,
3051 4549 3238 4604 volens
3279 4549 3395 4614 ejus

105 4664 255 4712 hillen
277 4701 293 4720 ,
330 4659 434 4714 etsi
473 4658 552 4712 ita
595 4657 808 4728 loquar,
850 4673 954 4713 non
987 4637 1122 4714 adeo
1155 4658 1353 4714 fastum
1394 4658 1682 4728 jactantiie
1717 4653 1774 4714 D
1800 4654 1983 4710 ofﬁcio
2012 4651 2279 4723 promissa
2309 4647 2527 4718 pietatis
2569 4643 2827 4712 implere;
2859 4651 2935 4706 ut,
2963 4641 3106 4695 sicut
3150 4639 3240 4694 ille
3277 4637 3392 4707 jam

101 4746 270 4817 diligo,
308 4760 368 4803 ut
396 4763 492 4803 me
528 4748 599 4802 ad
640 4764 826 4802 eorum
859 4749 1144 4803 scientiam
1180 4758 1273 4803 aut
1316 4749 1508 4803 merita
1555 4749 1686 4802 atti-

100 4835 221 4905 gisse
248 4839 548 4910 pollicear;
600 4840 695 4895 sed
743 4841 885 4910 quod
926 4841 1110 4904 fidem,
1159 4857 1320 4912 quam
1356 4843 1454 4910 ipsi
1486 4841 1687 4895 docue—

99 4937 228 4990 runt,
258 4941 313 4983 et
348 4930 641 4984 veritatem
671 4931 1092 5000 apprehendisse
1112 4971 1126 4994 ,
1163 4932 1402 5001 ipsorum
1431 4930 1684 4986 doctrina

100 5019 378 5073 enutritum
408 5035 499 5074 me
526 5034 648 5074 esse
680 5021 908 5090 gaudeo.
939 5019 1093 5075 Unde
1117 5030 1170 5074 et
1193 5035 1261 5075 ex
1314 5035 1502 5075 eorum
1528 5020 1684 5076 libris

100 5114 312 5176 sparsim
353 5113 516 5182 plura
563 5111 850 5184 colligens,
888 5113 987 5168 hoc
1015 5128 1150 5183 opus
1179 5114 1370 5168 devme
1395 5113 1463 5167 ad
1502 5110 1686 5184 legen-

99 5205 204 5257 dum
258 5204 532 5260 fratribus
584 5207 824 5270 confeci;
879 5212 1070 5263 saltem
1117 5217 1175 5262 ut
1224 5209 1397 5278 pueri,
1429 5223 1565 5278 quos
1613 5207 1684 5264 ab

99 5295 300 5352 arcente
319 5308 489 5354 :etate
511 5299 822 5356 liberalibus
843 5303 1119 5357 saecularis
1147 5318 1377 5358 censura
1407 5302 1687 5357 erndierat

105 5386 409 5458 aiisciplinis,
442 5392 682 5447 habeant
708 5395 862 5464 quasi
907 5395 1177 5461 recentia,
1210 5411 1440 5466 quorum
1486 5394 1685 5449 incita-

102 5483 281 5535 mentis
308 5484 600 5538 addiscunt
626 5500 686 5540 so
710 5485 909 5542 licitius
938 5487 990 5541 in
1035 5503 1228 5558 campo
1271 5487 1682 5557 Scripturarum

102 5581 398 5628 sanctarum
422 5591 668 5640 currere,
691 5578 929 5648 atquein
953 5579 1036 5633 his
1066 5578 1354 5650 operosius
1373 5578 1640 5634 desudare
1667 5597 1682 5632 :

103 5667 234 5720 servi
256 5683 485 5738 quoque
514 5667 719 5725 fomitis
748 5672 1165 5736 nutrimentum,
1205 5673 1347 5744 quod
1377 5687 1442 5727 ex
1473 5687 1562 5727 me
1585 5685 1685 5743 po-

106 5766 189 5810 nit
207 5758 442 5827 adoriri,
475 5761 644 5818 latius
671 5770 728 5820 et
751 5763 974 5820 uberius
995 5763 1276 5836 ampliare.
1299 5763 1534 5820 Maxime
1556 5764 1687 5835 quia

105 5856 144 5898 ει
163 5847 307 5920 ipse,
353 5853 423 5910 ad
454 5852 564 5911 hoc
589 5864 950 5923 provocatus,
981 5856 1209 5914 multum
1236 5871 1324 5914 me
1364 5856 1688 5929 profecisse.

1357 6017 1443 6043 ua).
1467 6033 1488 6040 .-

1710 5953 1765 6019 ἴ

1801 4755 2186 4808 remuneratur
2211 4753 2460 4799 votorum
2489 4739 2784 4808 obsequiis,
2815 4737 2888 4790 ita
2910 4735 3126 4790 demum
3157 4747 3255 4803 ego
3281 4731 3396 4786 suis

1801 4838 2290 4899 intercessionibus
2315 4849 2528 4890 merear
2551 4829 3006 4902 indulgentiarum
3029 4825 3292 4882 beneﬁcio
3317 4839 3394 4878 re-

1800 4937 1976 4992 foveri
2010 4951 2025 4989 :
2059 4947 2270 4989 necnon
2302 4929 2620 5000 publicanus
2643 4941 2766 4980 cum
2792 4923 3023 4976 Domino
3054 4922 3105 4974 in
3137 4920 3239 4974 hoc
3267 4933 3394 4973 con-

1801 5030 1948 5085 vivio
1976 5027 2119 5083 beati
2150 5023 2384 5078 Matthiei
2415 5021 2603 5076 saltem
2633 5018 2852 5072 ultimus
2873 5014 3104 5086 epulari,
3129 5022 3184 5068 et
3206 5018 3394 5066 contra

1806 5135 2058 5193 quosque
2103 5117 2220 5186 ejus
2268 5115 2476 5170 meritis
2508 5110 2799 5167 defensari.
2834 5107 3101 5163 Nimirum
3144 5103 3256 5174 qni,
3298 5115 3396 5172 pro

1809 5213 2032 5270 subulca
2067 5209 2199 5266 tanti
2245 5207 2345 5262 viri
2377 5203 2614 5260 dictandi
2655 5201 2903 5264 audacia,
2938 5197 3080 5254 volui
3105 5194 3394 5248 elucubra—

1808 5315 1921 5362 tam
1946 5346 1961 5370 ,
1989 5319 2152 5374 quam
2198 5297 2552 5372 promiserat,
2584 5293 2776 5349 saltem
2809 5289 3024 5344 furtivis
3061 5284 3241 5348 horis,
3271 5282 3398 5354 quia

1811 5398 1912 5454 sub
1935 5397 2042 5451 hac
2070 5391 2355 5462 disciplina
2377 5387 2538 5442 aliter
2561 5400 2668 5441 non
2692 5391 2868 5446 vacat,
2897 5381 2954 5451 6
2981 5377 3250 5434 scribendi
3275 5391 3402 5458 per-

1811 5490 2023 5546 solvere
2039 5483 2388 5556 diligentiam.
2409 5481 2524 5536 Non
2546 5479 2690 5550 quod
2715 5477 2939 5530 idoneus
2958 5472 3058 5527 sim
3081 5470 3240 5533 forte,
3257 5466 3401 5538 quod

1812 5583 1904 5640 ille
1935 5575 2346 5650 incomparabili
2379 5574 2686 5630 divinarum
2715 5567 3020 5622 litterarum
3050 5562 3276 5620 scicntia
3303 5573 3401 5615 suo

1814 5679 2012 5734 sudore
2046 5671 2389 5744 complesset,
2429 5677 2488 5724 ut
2512 5665 2864 5738 promiserat;
2896 5660 2990 5716 sed
3020 5657 3155 5729 elegi
3185 5671 3253 5712 ex
3281 5669 3401 5709 om-

1815 5771 1998 5835 nibus,
2032 5765 2176 5821 unde
2203 5763 2348 5820 illius
2369 5769 2494 5817 vota
2528 5771 2763 5828 sequens
2789 5769 2927 5826 opus
2956 5751 3270 5808 formarem.
3295 5744 3404 5801 Nec

1815 5863 1940 5919 ideo
1961 5856 2207 5922 profecto
2229 5852 2552 5921 compilator
2574 5859 2820 5909 veterum
2843 5843 3216 5917 appellandus,
3237 5851 3392 5910 quan-
