4032 6358
650 312 721 374 35
1456 314 1515 370 S.
1557 309 1915 375 Prisc-HA8"
1953 309 2304 381 BADBERT}
2342 298 2636 379 ABBATIS
2672 308 3122 379 CORBEIENSKS
3856 309 3924 371 36

649 436 739 499 do,
772 442 828 489 ut
854 431 1062 489 Tullius
1087 429 1255 486 reﬁért
1284 429 1400 499 ipse
1426 444 1522 484 rex
1566 428 1913 499 eloquentius,
1943 428 2233 497 quemdam
2259 428 2312 493 Δ
2338 425 2641 493 Mattbaeus,
2685 438 2741 485 et
2781 429 3014 497 Marcus,
3061 428 3362 501 Lucaeque,
3397 435 3456 484 ut
3499 428 3573 485 illi
3615 430 3897 504 prteﬁgnnt

648 527 961 582 Eleusinum
1002 532 1087 581 est
1115 524 1378 588 imitatus,
1408 521 1497 591 qui
1526 538 1593 579 ex
1619 521 1871 579 omnibus
1903 520 2228 586 Crotonien-

648 620 786 676 sium
831 617 1126 687 virginibus
1175 616 1415 687 quinque
1462 615 1658 686 delegit
1696 616 2059 687 pulchriores.
2085 633 2231 688 quas

648 710 835 767 statuit
862 724 1047 767 coram
1074 708 1268 772 oculis.
1300 709 1429 765 dum
1454 708 1671 765 Helenae
1693 709 1982 780 imaginem
2004 711 2112 771 illis
2134 726 2227 781 pa.

647 801 886 861 tenuibus
931 798 1181 859 mirabile
1212 816 1352 871 opus
1396 800 1647 871 pingeret
1678 820 1690 855 :
1724 812 1783 857 ut
1812 803 1955 872 quod
2002 803 2093 858 uni
2136 818 2229 861 ea-

646 910 764 951 rum
796 895 975 951 minus
1015 904 1161 953 esset
1190 894 1632 966 pulchritudinis,
1677 911 1742 952 ex
1787 897 1872 955 bis
1911 897 2227 957 dettorosius

644 988 903 1058 quidquid
950 988 1263 1061 singillatim
1307 989 1361 1044 in
1410 1004 1470 1045 se
1516 990 1794 1060 pulchrius
1835 993 2219 1061 exprimerent.

644 1087 813 1135 totum
834 1081 1060 1150 pictum:
1085 1096 1197 1136 sote
1221 1080 1493 1138 coloribus
1513 1082 1785 1138 conferret
1816 1102 1829 1137 :
1863 1084 1939 1138 ita
1960 1084 2224 1154 prmfatus

640 1181 825 1227 orator
852 1172 1100 1243 insignis,
1146 1173 1289 1228 sicut
1319 1173 1372 1229 in
1401 1189 1502 1229 suo
1533 1182 1762 1230 testatur
1797 1190 1981 1245 opere,
2013 1192 2081 1231 ex
2107 1192 2224 1231 om.-

638 1261 798 1317 n'tbus
821 1264 915 1334 qui
950 1274 1078 1320 ante
1102 1278 1162 1320 se
1182 1263 1402 1321 fuerunt
1428 1266 1784 1338 philosophis,
1808 1283 1991 1322 coram
2015 1283 2073 1323 se
2091 1283 2220 1323 con-

639 1355 892 1420 stituens,
920 1355 1120 1428 delegit
1147 1358 1289 1413 unde
1333 1358 1621 1415 rhetoricae
1648 1362 1784 1415 artis
1827 1362 2089 1416 lormaret
2108 1356 2220 1416 'mi-

634 1445 804 1501 rabile
834 1447 1237 1513 documentum,
1264 1451 1406 1519 quod
1455 1466 1625 1521 usque
1670 1452 1830 1508 hodie
1861 1453 2112 1509 laudatur
2149 1453 2219 1509 ab

632 1539 903 1605 omnibus,
932 1549 988 1596 et
1031 1541 1251 1611 prodest
1297 1542 1439 1598 illius
1468 1545 1676 1614 peritiae
1706 1546 2087 1602 sectatoribus.
2124 1546 2217 1605 Sic

632 1628 815 1701 itaque
858 1642 914 1687 et
958 1633 1047 1688 alii
1087 1634 1441 1705 quampiures
1487 1636 1734 1693 fecerunt
1772 1639 2096 1710 philosophi.
2132 1640 2213 1696 sic

627 1732 822 1793 poetae,
852 1722 934 1779 sic
976 1726 1138 1779 etiam
1166 1737 1476 1795 nostrarum
1520 1728 1827 1786 litterarum
1875 1734 2214 1803 exposituros

2337 527 2712 593 consentiant;
2754 524 2993 583 Joannes
3031 540 3162 581 vero
3192 540 3260 582 ex
3303 539 3369 579 eo
3400 525 3519 583 loco
3550 525 3659 583 illis
3696 543 3896 585 concor

2334 620 2451 679 dari
2494 621 2758 692 signatur,
2788 637 2897 691 quo
2930 621 2997 687 de
3041 620 3278 687 homine,
3319 619 3411 691 qui
3447 619 3562 688 jam
3609 622 3821 693 triginta
3864 634 3914 678 et

2331 722 2456 769 octo
2474 713 2683 773 habens
2713 730 2883 771 annos
2908 714 2961 769 in
2990 713 3303 767 inﬁrmitate
3329 728 3426 768 sua
3448 712 3601 782 juxta
3630 710 3943 786 piscium],r

2329 819 2450 875 qua:
2492 806 2655 861 semel
2690 806 2741 860 in
2789 821 2931 860 anno
2974 805 3044 861 ab
3070 805 3261 876 angelo
3305 806 3642 868 movebatur,
3678 805 3949 875 iacuisse,

2329 897 2661 967 perhibetur.
2694 896 2794 965 Qui
2822 897 3079 953 nimirum
3117 894 3266 951 locus
3293 912 3398 952 non
3424 896 3492 950 ad
3518 896 3790 960 eumdem,
3819 896 3913 952 ubi

2329 988 2393 1042 de
2422 988 2718 1061 paralytico
2748 997 3022 1053 narratur,
3053 1004 3142 1047 me
3174 997 3405 1055 tacente,
3434 988 3706 1058 pertinere
3741 1004 3913 1043 cunc-

2328 1082 2399 1135 tis
2422 1081 2724 1152 legentibus
2751 1081 2940 1151 liquet.
2974 1080 3127 1147 Quod
3150 1090 3206 1136 ct
3231 1081 3284 1135 in
3312 1080 3721 1151 quampluribus
3749 1079 3911 1147 locis,

2324 1174 2513 1238 lector,
2567 1175 2798 1243 probare
2842 1174 3062 1243 poteris.
3111 1172 3216 1229 Sed
3264 1174 3367 1230 hoc
3406 1184 3511 1238 cst,
3554 1174 3698 1244 quod
3743 1174 3911 1229 iidem

2324 1267 2517 1322 exinde
2548 1280 2790 1330 sensere,
2820 1266 2944 1335 quia
2975 1275 3069 1321 aut
3095 1267 3285 1321 eadem
3324 1265 3482 1320 simul
3515 1266 3784 1331 dixerunt,
3810 1274 3914 1321 aut

2323 1360 2520 1422 vicina,
2560 1367 2655 1415 aut
2684 1368 2834 1415 certe
2863 1358 3057 1430 singuli
3099 1374 3217 1429 qua:
3243 1376 3341 1415 sua
3367 1368 3514 1415 sunt.
3547 1359 3745 1416 Eadem
3774 1374 3908 1417 vero

2321 1456 2532 1512 duobus
2559 1457 2746 1512 dicunt
2771 1459 2977 1519 modis;
3007 1474 3131 1514 cum
3163 1458 3323 1515 simul
3349 1473 3510 1514 sensu
3539 1467 3595 1515 et
3615 1458 3908 1533 superﬁcie

2319 1550 2506 1605 eadem
2537 1550 2803 1615 scribunt,
2829 1560 3064 1606 autcum
3091 1565 3251 1607 sensu
3281 1558 3522 1616 tantum;
3552 1562 3649 1605 aut
3670 1550 3778 1606 sola
3805 1567 3907 1607 su-

2318 1645 2538 1716 perﬁcie
2563 1654 2770 1699 tantum
2799 1644 2986 1699 eadem
3012 1644 3371 1713 accipiuntur.
3401 1642 3573 1699 Sensu
3601 1642 3813 1712 quidem
3843 1654 3903 1698 ct

2318 1738 2624 1807 superﬁcie,
2669 1747 2726 1792 ut
2753 1747 2839 1792 est
2865 1735 2995 1791 illud
3033 1754 3045 1790 :
3084 1734 3209 1790 Non
3251 1746 3324 1793 est
3370 1735 3619 1805 propheta
3651 1737 3759 1790 sine
3802 1736 3904 1790 lio-

627 1813 976 1883 peritissimi;
1007 1817 1173 1872 veluti
1201 1818 1308 1882 hic,
1334 1835 1495 1887 quem
1524 1822 1824 1891 sequimur,
1853 1796 2048 1881 divina:
2078 1825 2212 1896 legis
2244 1796 2289 1859 Β
2317 1796 2471 1896 nare,
2495 1832 2597 1885 nisi
2614 1796 2670 1885 in
2696 1832 2869 1901 patria
2896 1847 2993 1884 sua
3017 1828 3233 1900 (Matth.
3262 1796 3381 1892 xm,
3405 1796 3504 1894 57;
3536 1825 3703 1881 Marc.
3730 1842 3802 1893 vi,
3830 1828 3901 1893 4;

628 1904 916 1975 interpres,
945 1918 997 1962 et
1022 1905 1424 1979 Scripturarum
1452 1922 1763 1969 sanctarum
1797 1914 2059 1971 mirabilis
2080 1932 2212 1971 eno-

633 1997 808 2059 dator,
832 1998 927 2070 qui
951 2014 1088 2069 pene
1109 2000 1177 2057 de
1200 2003 1452 2059 omnibus
1474 2014 1599 2061 ante
1619 2021 1680 2061 se
1705 2021 1801 2062 sua
1821 2007 2043 2069 conﬁcit
2060 2023 2212 2079 spar-

630 2089 732 2145 sim
755 2091 1048 2160 opuscula;
1080 2094 1224 2164 quod
1243 2096 1408 2152 etiam
1432 2097 1485 2152 in
1516 2097 1742 2169 singulis
1772 2102 1885 2171 ipse
1914 2104 1980 2158 de
2004 2119 2065 2159 se
2084 2117 2211 2160 con-

630 2184 771 2239 titerl
800 2185 1023 2241 minime
1048 2189 1321 2244 erubescit
1351 2206 1367 2244 :
1400 2191 1502 2246 sibi
1534 2193 1704 2249 tutius
1725 2196 2002 2251 insinuans
2020 2212 2211 2254 eorum

627 2281 780 2351 sequi
808 2284 1133 2349 doctrinam,
1179 2286 1271 2356 qui
1307 2287 1459 2357 prius
1498 2289 1761 2344 catholica
1789 2290 1842 2345 in
1875 2290 1977 2347 hac
2004 2290 2208 2349 Christi

624 2374 864 2431 Ecclesia
919 2386 1072 2433 recto
1123 2379 1342 2443 tramite
1387 2380 1599 2436 divinas
1641 2390 2012 2440 tractaverunt
2057 2383 2209 2439 Scri-

626 2474 836 2537 pturas.
860 2467 1064 2525 Tamen
1095 2471 1182 2525 ille
1207 2480 1263 2526 ut
1280 2472 1491 2528 arbiter
1511 2475 1577 2529 de
1591 2474 1833 2545 singulis,
1855 2492 1952 2532 nos
1974 2486 2035 2531 ut
2054 2477 2208 2547 pedi-

626 2559 797 2629 sequi,
830 2576 952 2630 quae
976 2571 1102 2631 apta
1129 2572 1290 2619 erant
1316 2564 1602 2635 elegimus,
1633 2582 1663 2620 a
1693 2583 1801 2637 quo
1833 2583 1967 2623 sane
1994 2569 2208 2637 negotio

622 2670 759 2727 pene
786 2657 989 2711 nullum
1016 2658 1326 2726 doctorum,
1354 2661 1399 2716 si
1430 2662 1564 2716 velis
1607 2663 2022 2732 reprehendere.
2052 2663 2207 2717 iuve-

621 2747 739 2801 nies
770 2747 1062 2803 immunem
1098 2767 1110 2801 :
1137 2749 1231 2805 sed
1257 2765 1450 2806 omnes
1482 2752 1944 2820 praedecessorum
1976 2752 2210 2807 catholi-

621 2849 808 2890 corum
838 2837 990 2907 sequi
1040 2837 1351 2895 maluerunt
1386 2841 1641 2912 vestigia,
1683 2849 1740 2897 et
1788 2843 1903 2898 suis
1941 2843 2209 2912 ampliare

620 2944 835 3001 semper
855 2931 1089 3000 ingeniis
1116 2931 1315 2988 ﬁuenta
1343 2934 1605 2991 doctrina:
1631 2934 1867 3001 Christi;
1898 2944 1957 2991 ut
1982 2938 2125 3007 quod
2150 2938 2206 2997 iu

619 3016 817 3075 divinis
847 3020 1041 3076 litteris
1061 3021 1364 3078 occultatur
1387 3026 1783 3091 necessarium,
1807 3027 1905 3082 Dei
1930 3038 2207 3082 reseruate

619 3112 816 3183 gratia,
846 3113 1121 3180 copiosius
1146 3123 1452 3184 patesceret
1477 3116 1546 3171 ad
1591 3114 1843 3175 fructum.
1885 3118 2036 3186 Quos
2075 3134 2205 3189 ergo

618 3213 859 3269 secutus,
887 3206 1025 3277 elegi
1055 3209 1334 3280 egregium
1379 3207 1789 3281 Hieronymum,
1832 3212 2202 3280 Ambrosium,

616 3298 1000 3368 Augustinum,
1046 3309 1104 3355 et
1143 3300 1361 3355 beatum
1410 3299 1766 3372 Gregorium,
1803 3318 2011 3359 necnon
2038 3305 2203 3359 Joan-

621 3406 742 3446 nem
766 3392 1309 3462 Constantinopoleos
1343 3394 1657 3466 episcopum
1683 3436 1699 3462 ,
1736 3411 2034 3466 eorumque
2076 3397 2203 3453 ulti-

617 3496 765 3537 mum
794 3483 991 3538 Bedain
1024 3486 1436 3557 presbyterum;
1465 3503 1696 3557 quorum
1727 3486 2008 3543 adhaerens
2035 3489 2204 3545 vesti-

617 3577 737 3645 giis,
769 3578 837 3631 ab
864 3592 1052 3632 eorum
1083 3580 1333 3635 sensibus
1357 3581 1522 3636 credo
1554 3596 1640 3635 me
1669 3581 1726 3634 in
1758 3580 1907 3636 nullo
1932 3582 2199 3641 deviasse.

617 3667 771 3725 Licet
794 3685 860 3724 ex
913 3670 1032 3725 aliis
1072 3671 1340 3726 interdum
1382 3672 1613 3727 veritate
1642 3673 1896 3728 concordi
1949 3674 2202 3730 nonnulla

618 3759 1035 3830 interponerem.
1075 3763 1206 3828 Quae
1252 3772 1434 3817 tamen
1477 3763 1631 3834 prius
1655 3763 1880 3829 contuli,
1916 3779 1984 3820 ne
2008 3764 2205 3819 admit-

620 3862 812 3916 terem,
857 3853 963 3908 nisi
1011 3855 1154 3920 quod
1203 3863 1295 3909 aut
1326 3853 1537 3926 praefati
1568 3854 1828 3921 dixerint,
1878 3864 1971 3910 aut
2001 3857 2203 3912 veritas

615 3944 742 4000 hinc
769 3944 892 3998 inde
915 3952 1184 4000 consonat
1211 3944 1557 4000 documento.
1590 3944 1821 4016 Propter
1840 3946 1987 4016 quod
2006 3945 2201 4001 borum

615 4034 894 4089 nominum
927 4033 1135 4091 litteras
1157 4035 1212 4091 in
1239 4034 1398 4105 hujus
1430 4036 1613 4107 operis
1638 4036 1881 4107 margine
1914 4036 2203 4107 diligenter

617 4140 891 4197 apponere
926 4127 977 4197 ⁸1
1001 4129 1207 4185 curavi,
1236 4142 1303 4182 ex
1349 4128 1436 4185 his
1459 4136 1519 4202 ut
1560 4129 1732 4198 possit
1772 4108 1943 4183 lector
1978 4140 2202 4182 securus

614 4218 893 4283 incedere,
939 4219 1022 4274 vel
1068 4220 1224 4291 cujus
1252 4235 1449 4291 sequar
1487 4220 1736 4291 vestigia.
1764 4237 1797 4275 e
1826 4220 2045 4289 regione
2073 4232 2203 4273 mox

2311 1921 2442 1978 Luc.
2500 1938 2574 1987 iv,
2606 1921 2709 1987 24;
2757 1919 2920 1976 Joan.
2954 1936 3027 1986 tv,
3066 1919 3191 1985 li);
3222 1934 3345 1989 (inte
3387 1919 3433 1973 si
3485 1916 3807 1987 respexeris.
3843 1919 3903 1974 in

2312 2016 2540 2087 singulis
2570 2015 2919 2086 cvangelistis
2945 2014 3126 2071 verbis
3146 2024 3201 2068 ct
3222 2028 3383 2069 sensu
3402 2011 3590 2068 eadem
3615 2019 3757 2073 sunt.
3779 2011 3903 2067 Ca:-

2313 2118 2485 2166 tcruiu
2515 2125 2679 2169 sensu
2707 2122 2807 2165 nec
2835 2107 3123 2179 superﬁcie
3143 2107 3356 2176 quidem
3381 2105 3598 2163 eadem:
3634 2104 3773 2160 sicut
3797 2105 3903 2160 ba-

2312 2205 2407 2260 bes
2434 2203 2561 2258 illud
2603 2203 2655 2257 in
2684 2200 2852 2262 Luca,
2892 2200 3035 2271 quod
3067 2199 3324 2254 Dominus
3363 2195 3526 2251 Petro
3559 2195 3790 2251 dixerit:
3825 2193 3901 2250 Et

2309 2306 2367 2349 tu
2408 2293 2694 2365 aiiqttando
2735 2306 3010 2349 conuersus
3057 2290 3311 2359 conﬁrma
3354 2289 3546 2358 fratres
3573 2287 3900 2358 tuos(Luc.,

2309 2401 2442 2441 χιιι.
2479 2384 2592 2453 52).
2645 2383 2845 2439 Deinde
2878 2381 3118 2438 Joannes
3148 2421 3163 2446 ,
3206 2380 3349 2450 quod
3396 2378 3655 2437 Dominus
3692 2376 3902 2434 dixerit

2312 2475 2501 2531 Petro:
2525 2473 2582 2530 Si
2605 2473 2780 2545 diligis
2801 2462 2918 2537 me,
2952 2489 3107 2543 pasce
3144 2487 3261 2526 oues
3282 2487 3425 2525 meas
3446 2468 3627 2541 (Joan.
3652 2484 3761 2535 χχι,
3780 2469 3901 2539 l7).

2309 2569 2439 2637 Quae
2465 2573 2708 2639 proiecto
2736 2583 2898 2623 sensu
2923 2567 3111 2622 eadem
3142 2575 3289 2628 sunt,
3323 2566 3456 2619 sicut
3498 2573 3556 2620 et
3584 2564 3672 2619 illa
3697 2564 3763 2619 de
3792 2578 3902 2633 pa-

2310 2659 2557 2730 ralyticu.
2587 2667 2749 2726 atque
2776 2658 2992 2711 homine
3018 2656 3108 2724 qui
3144 2653 3361 2723 iacebat
3392 2664 3712 2722 exspectans
3741 2669 3904 2724 aqum

2310 2762 2549 2806 motum:
2585 2748 2680 2803 scd
2712 2764 2817 2804 non
2848 2746 3133 2816 superﬁcie
3178 2746 3373 2801 sociari
3420 2746 3691 2801 videntur.
3724 2744 3903 2802 Porro

2308 2842 2485 2896 vicina
2523 2840 2773 2898 similiter
2815 2840 3029 2896 duobus
3073 2837 3328 2895 dicuntur
3372 2838 3545 2894 modis
3584 2857 3596 2892 :
3637 2852 3756 2893 cum
3800 2847 3906 2893 aut

2310 2950 2468 2989 sensu
2495 2942 2551 2989 et
2580 2950 2686 2988 non
2717 2932 3002 3003 superﬁcie
3018 2932 3340 3003 junguntur,
3367 2941 3459 2988 aut
3486 2930 3772 2992 superﬁcie
3793 2946 3905 2987 nec

2310 3035 2489 3082 tamen
2523 3040 2685 3081 sensu
2711 3024 3056 3096 copulantur,
3089 3024 3232 3081 sicut
3258 3034 3349 3081 est
3372 3023 3499 3079 illud
3532 3029 3585 3079 in
3610 3024 3773 3087 Luca,
3801 3022 3907 3079 tibi

2311 3120 2420 3174 ait:
2460 3118 2525 3173 At
2552 3118 2633 3172 illi
2674 3116 2971 3175 obtulerunt
2996 3118 3044 3172 ei
3078 3128 3279 3186 partem
3305 3116 3464 3187 piscis
3489 3116 3598 3173 ιιδεὶ
3635 3124 3682 3170 et
3713 3114 3908 3186 {avum

2310 3211 2497 3268 mellis.
2526 3211 2738 3267 Etcum
2772 3210 3164 3269 manducauset
3192 3226 3370 3265 coram
3409 3210 3506 3275 eis,
3531 3223 3739 3263 sumens
3768 3206 3910 3261 reii-

2308 3309 2459 3379 quias
2484 3307 2632 3361 dedit
2669 3306 2743 3361 sit
2768 3304 2918 3375 (Luc.
2945 3319 3093 3368 xxrv,
3115 3302 3228 3372 ΔΞ).
3254 3302 3519 3357 Caeterum
3566 3302 3620 3359 in
3643 3300 3865 3359 Joanne
3888 3317 3910 3359 ε

2317 3397 2466 3454 Venit
2499 3397 2676 3461 Iesus,
2706 3407 2753 3452 et
2778 3396 2974 3465 accepit
3002 3411 3213 3464 partem,
3241 3405 3289 3449 et
3316 3392 3455 3449 dedit
3486 3392 3582 3447 eis.
3610 3399 3661 3444 et
3698 3392 3913 3462 piscem

2306 3489 2552 3545 similiter
2598 3487 2774 3559 (Jaatt.
2809 3502 2924 3551 ut,
2962 3484 3070 3556 l5).
3126 3485 3186 3556 8
3224 3483 3352 3540 Haec
3381 3483 3667 3555 superﬁcie
3697 3486 3916 3539 veri-o-

2306 3598 2428 3638 rum
2475 3590 2683 3643 tantum
2728 3576 2925 3635 similia
2953 3584 3112 3643 sunt,
3164 3590 3327 3632 sensu
3356 3584 3540 3631 autem
3583 3574 3912 3632 dissimilia.

2306 3674 2442 3743 Quia
2493 3687 2593 3728 nec
2620 3671 2811 3726 eadem
2841 3668 3070 3727 historia
3112 3675 3218 3732 est,
3267 3682 3368 3722 nec
3411 3667 3603 3723 eodem
3654 3675 3917 3735 tempore

2304 3777 2492 3838 gesta;
2526 3765 2652 3819 licet
2675 3764 2920 3833 quaedam
2945 3762 3198 3818 vicinitas
3225 3761 3307 3816 eis
3335 3760 3428 3826 sit,
3453 3772 3554 3815 nec
3575 3766 3755 3813 tamen
3781 3776 3917 3816 ma-

2304 3864 2408 3928 gna
2455 3856 2763 3911 diversitas.
2811 3855 3077 3910 Similiter
3116 3870 3281 3910 sensu
3328 3862 3384 3908 et
3424 3868 3531 3908 non
3572 3850 3921 3922 superﬁcie,

2304 3948 2451 4004 velut
2474 3955 2557 4003 est
2583 3947 2713 4002 illud
2743 3961 2811 4001 ex
2848 3947 2951 4005 hoc
2989 3946 3285 4015 Evangelia
3315 3966 3327 3998 :
3358 3943 3516 3999 Liber
3541 3947 3917 4016 generationis

2302 4040 2431 4095 Iesu
2460 4037 2675 4101 Christi,
2705 4051 2873 4105 usque
2896 4035 2988 4102 ad,
3016 4035 3184 4090 virum
3208 4034 3397 4090 Maria:
3422 4033 3487 4089 de
3503 4051 3609 4106 qua
3635 4044 3792 4090 natus
3818 4050 3913 4093 cst

2302 4128 2571 4197 Christus'i
2582 4128 2771 4189 Manli.
2788 4127 2857 4191 i,l
2870 4128 2910 4198 ).
2928 4126 2992 4182 Et
3007 4127 3109 4182 hoc
3124 4126 3266 4197 quod
3282 4122 3606 4183 aitJoaunes
3624 4145 3637 4181 :
3654 4122 3787 4179 Erat
3804 4126 3919 4182 tua:

2304 4239 2442 4287 vera,
2472 4237 2589 4291 qua:
2615 4220 2882 4275 illuminat
2908 4236 3111 4275 omnem
3138 4219 3424 4277 hominem.
3452 4218 3581 4272 Sive
3610 4217 3737 4271 illud
3776 4235 3788 4270 :
3837 4219 3865 4272 I
3877 4238 3918 4274 ιι

614 4324 957 4380 cognoscere.
985 4308 1371 4371 Praetermissis
1394 4313 1575 4383 itaque
1596 4312 1900 4383 speciebus,
1920 4324 2039 4377 quae
2059 4322 2201 4377 saepe
2299 4313 2559 4384 principio
2580 4322 2690 4367 erat
2734 4309 2956 4367 Verbum
2986 4309 3169 4382 (Jaan.
3200 4325 3250 4375 ι,
3271 4310 3348 4381 9).
3371 4309 3508 4378 Quia
3532 4309 3583 4363 in
3624 4309 3708 4362 his
3746 4324 3798 4377 ψ
3826 4326 3921 4364 ω-

613 4419 645 4458 a
692 4404 1005 4459 doctoribus
1051 4407 1311 4471 exterius,
1358 4415 1650 4477 antequam
1698 4403 1871 4459 sancti
1922 4397 2201 4469 Evangelii
2301 4406 2425 4467 dam
2476 4404 2728 4460 vicinitas
2764 4420 3020 4461 sensuum
3067 4403 3522 4472 deprehenditur;
3571 4411 3752 4455 tamen
3800 4418 3923 4459 nec

612 4495 774 4549 verba
807 4494 1107 4558 tradantur,
1136 4496 1455 4567 regulariter
1482 4503 1867 4565 exponuntur;
1898 4491 2001 4546 hoc
2021 4490 2195 4545 solum
2222 4520 2273 4581 Β
2301 4498 2489 4554 eadem
2533 4512 2633 4568 per
2658 4495 2842 4551 omnia
2886 4511 3006 4551 esse
3034 4504 3278 4566 possunt.
3315 4494 3510 4551 Dicunt
3555 4493 3715 4548 etiam
3748 4497 3921 4562 q..od

613 4588 1023 4642 commemorari
1051 4604 1117 4642 cx
1143 4590 1348 4643 eisdem
1373 4589 1674 4643 renonibus
1700 4584 1870 4647 volui,
1897 4598 2034 4653 quos
2065 4582 2195 4638 Am-
2303 4592 2549 4661 qmedam
2581 4589 2832 4645 vicinitas
2862 4587 3021 4642 simul
3054 4602 3214 4642 sensu
3252 4597 3309 4641 et
3351 4584 3635 4653 superﬁcie
3665 4584 3924 4651 Colliga-

612 4676 826 4732 menius
874 4677 1265 4737 Alexandrinus
1313 4679 1383 4733 ob
1429 4678 1779 4734 concordiam
1829 4674 2197 4746 Evangelista-
2303 4690 2414 4747 tur,
2445 4690 2507 4736 ut
2530 4689 2615 4736 est
2643 4682 2759 4736 hinc
2782 4678 3095 4750 genealogia
3127 4678 3181 4733 in
3210 4678 3314 4734 hoc
3344 4678 3482 4743 loco,
3513 4687 3567 4730 et
3590 4675 3676 4729 illa
3705 4676 3761 4729 in
3793 4676 3930 4731 ιιι-

611 4782 755 4833 rum,
780 4768 973 4825 deinde
991 4772 1313 4842 saepedictus
1330 4771 1705 4843 Hieronymus,
1728 4770 1778 4824 in
1795 4766 2020 4840 singulis
2042 4767 2192 4836 locis,
2304 4792 2396 4840 ea;
2431 4775 2555 4830 licet
2584 4774 2641 4830 in
2673 4773 2856 4828 multis
2885 4769 3162 4834 differant,
3195 4772 3321 4841 quia
3368 4770 3422 4827 in
3471 4769 3756 4838 utriusque
3794 4786 3924 4828 una

609 4869 669 4915 ut
693 4867 1076 4920 consonantias
1106 4866 1445 4939 singulorum
1486 4882 1584 4938 per
1629 4864 1871 4937 singulas
1896 4865 2196 4927 sententias
2303 4863 2582 4936 generatio
2623 4863 2824 4921 texitur
2849 4876 2915 4916 ex
2950 4860 3139 4919 eadem
3172 4860 3375 4915 familia
3407 4858 3705 4913 Salvatoris
3772 4859 3930 4920 ιιωο

609 4957 1099 5026 θυννεῑιεηιιειθηιν
1130 4968 1389 5013 curarunt
1410 4956 1659 5029 afﬁgere.
1679 4958 1879 5026 quibus
1904 4956 2075 5012 modis
2097 4972 2195 5012 eos
2305 4958 2425 5014 ideo
2452 4958 2704 5020 dixerim.
2737 4974 2803 5012 ne
2834 4964 3104 5013 tantorum
3153 4955 3393 5011 virorum
3432 4952 3710 5022 proﬁcuus
3739 4951 3931 5011 lano:-

608 5062 731 5105 rum
774 5049 1068 5107 concordia
1111 5059 1259 5105 recte
1293 5050 1649 5120 intelligatur.
1698 5049 1831 5104 Nam
1872 5049 2116 5103 videmus
2140 5048 2195 5102 in
2304 5068 2411 5107 non
2432 5050 2745 5107 intellectus
2764 5049 3057 5119 deperiret.
3082 5047 3217 5114 lmo,
3245 5050 3493 5112 obsecro,
3525 5046 3613 5105 his
3644 5046 3718 5101 ita
3752 5064 3931 5117 prin-

608 5142 1020 5212 quamplurimis
1044 5141 1180 5197 locis
1207 5142 1297 5196 ubi
1322 5156 1421 5211 per
1447 5143 1665 5198 eosdem
1691 5156 1947 5197 numerus
1975 5155 2197 5195 conoor-
2303 5142 2507 5206 missis,
2539 5144 2779 5215 prudens
2820 5140 2991 5197 lector
3017 5143 3200 5209 omnia
3238 5140 3328 5197 illa
3356 5138 3574 5201 sedulus
3621 5139 3927 5209 requirat,

606 5238 738 5292 dare
755 5237 1030 5303 dicuntur,
1056 5239 1198 5307 quod
1240 5236 1373 5292 nihil
1405 5238 1680 5308 pertineat
1706 5238 1777 5292 ad
1822 5237 2195 5295 sensumaltee
2302 5249 2422 5304 quae
2446 5234 2515 5288 ad
2536 5231 2871 5291 intellectum
2893 5234 3066 5293 sancti
3091 5232 3365 5305 Evangelii
3392 5232 3636 5295 exterius
3669 5231 3933 5287 traiun-

602 5327 741 5393 rius,
773 5332 916 5400 quod
941 5332 1081 5387 alter
1100 5330 1293 5387 eodem
1321 5343 1485 5386 sensu
1510 5330 1696 5386 dicere
1721 5330 2114 5401 praesignatur;
2138 5337 2198 5385 ut
2300 5333 2413 5391 tur,
2445 5333 2509 5385 ut.
2537 5323 2607 5385 ad
2630 5338 2697 5380 ea
2720 5339 2842 5394 quis
2885 5325 3217 5389 intrinsecus
3261 5334 3389 5391 sunt
3420 5324 3680 5394 capacior
3732 5337 3892 5379 acce

604 5428 734 5495 puta
772 5432 896 5478 cum
937 5426 1003 5480 de
1041 5424 1359 5497 paralytico,
1399 5423 1491 5495 qui
1528 5440 1559 5479 ιι
1588 5433 1822 5495 quatuor
1855 5421 2191 5496 portabatur,
2302 5417 2411 5475 dat.
