4072 6362
219 417 290 484 31
1127 404 1492 466 EXPOSITIO
1531 403 1596 459 IN
1633 393 1821 460 MATT

1924 397 2069 454 iUM.
2109 425 2178 438 --
2211 383 2606 460 ΡΒΑῑρΑτιο.
2807 421 2812 428 -
3410 374 3483 438 38

235 527 3445 583 MM

1601 690 2135 774 PREFATIO

589 889 821 952 Contra
853 903 950 946 eos
980 881 1089 962 qui
1128 879 1342 942 dicunt
1375 872 1798 958 genealogiam
1832 867 2068 932 Christi
2097 863 2178 926 ad
2210 859 2615 943 Evangelium
2649 876 2774 919 non
2805 853 3137 937 pertinere.

295 1110 626 1166 Sanctarum
649 1099 1050 1167 Scripturarum
1067 1095 1239 1148 virtus
1254 1092 1501 1146 necadeo
1519 1099 1602 1146 est
1617 1091 1810 1144 obscu-
1837 1091 1882 1151 Α
1914 1087 1969 1141 in
2000 1101 2229 1150 carcere,
2277 1080 2501 1153 primum
2551 1078 2740 1148 legitur
2777 1074 2959 1129 Iesum
2991 1071 3339 1142 Evangelinm'
3357 1073 3499 1143 regni

230 1210 348 1258 rata
389 1194 669 1268 mysteriis
699 1201 758 1246 ut
797 1204 916 1243 eam
947 1187 1304 1256 simpliciores
1333 1201 1440 1240 non
1473 1183 1688 1238 valeant
1729 1181 1811 1235 in-

231 1293 490 1361 telligere,
526 1300 702 1356 neque
731 1293 838 1338 tam
876 1289 1063 1350 aperta
1107 1287 1166 1332 ut
1202 1279 1268 1332 ad
1311 1293 1536 1347 purum,
1569 1276 1695 1329 dum
1727 1274 1815 1328 hic

229 1386 450 1444 vivitur,
475 1395 596 1435 eam
631 1376 806 1448 possit
849 1371 1041 1441 aliquis
1074 1379 1376 1440 penetrare.
1410 1368 1608 1421 Verum
1647 1365 1816 1434 magis

231 1483 382 1531 tanta
411 1470 734 1542 praeminet
760 1464 1040 1534 dignitate,
1071 1471 1130 1515 ut
1157 1463 1220 1514 ad
1250 1476 1309 1515 se
1341 1460 1440 1514 nisi
1471 1475 1590 1512 cmn
1614 1458 1815 1528 pietate

234 1582 298 1621 ac
329 1561 627 1619 devotionis
655 1557 853 1612 alfectu
881 1553 1125 1607 volentes
1152 1551 1410 1605 accedere
1437 1549 1681 1602 conuiuas
1709 1555 1814 1602 non

233 1655 534 1728 permittat,
566 1652 662 1706 sed
691 1647 834 1702 infra
871 1659 998 1699 suas
1027 1642 1278 1697 tenebras
1320 1655 1417 1694 suo
1456 1639 1660 1694 erroris
1689 1637 1817 1692 vitio

229 1751 648 1814 circumseptus,
697 1739 965 1794 interdum
1009 1749 1208 1789 vacuos
1253 1732 1610 1801 derelinquat.
1655 1730 1816 1797 Quia,

226 1839 324 1895 etsi
356 1837 448 1890 lux
482 1836 536 1888 in
572 1830 813 1887 tenebris
840 1829 1004 1890 lucet,
1035 1836 1216 1881 tamen
1267 1824 1502 1879 tenebrat
1544 1838 1663 1876 eam
1711 1837 1816 1875 non

227 1925 789 1998 comprehenderunt;
845 1920 988 1990 quia,
1031 1918 1073 1971 si
1121 1932 1240 1972 eam
1289 1914 1524 1969 tenebrae
1569 1928 1816 1982 compre-

224 2022 530 2078 henderent
542 2059 556 2081 ,
573 2015 818 2088 profecto
833 2013 1070 2066 tenebrae
1089 2023 1428 2077 nequaquam
1449 2013 1814 2060 remanerent.

225 2115 538 2185 Aliquando
557 2111 698 2165 enim
723 2107 889 2177 magis
907 2104 1080 2174 possit
1098 2101 1234 2166 ﬁeri,
1258 2109 1314 2153 ut
1337 2115 1440 2152 non
1464 2097 1636 2153 solum
1659 2113 1819 2166 quos-

157 2249 172 2256 -
231 2223 343 2278 que
370 2218 571 2258 vacuos
590 2200 864 2260 exhibeat;
900 2211 1084 2250 verum
1103 2192 1285 2252 etiam,
1312 2189 1434 2258 quia
1461 2189 1511 2242 in
1535 2189 1618 2242 his
1639 2188 1819 2240 divina

232 2298 318 2351 vis
343 2297 498 2356 latet,
523 2294 571 2348 si
591 2292 682 2362 qui
709 2305 823 2344 eam
845 2289 1052 2356 impure
1081 2291 1312 2337 tractare
1338 2281 1645 2348 disponant,
1670 2278 1819 2330 dam-

227 2399 340 2446 net.
387 2389 548 2444 Unde
575 2387 825 2440 nimirum
849 2380 1150 2436 Demetrius
1173 2377 1438 2432 Antiocho
1469 2376 1578 2444 regi
1609 2377 1714 2428 vim
1739 2375 1819 2428 di-

225 2485 368 2538 vitae
411 2481 551 2550 legis
599 2495 723 2534 cum
772 2480 1090 2542 exponeret,
1133 2469 1332 2534 aiebat,
1385 2478 1520 2522 teste
1560 2466 1624 2521 lo
1653 2467 1814 2536 cpho,
1846 2473 1894 2533 Β

226 2576 517 2647 quemdam
569 2571 972 2638 Theopompum
998 2565 1274 2632 exstitisse
1305 2561 1541 2623 nomine,
1583 2559 1698 2626 qui,
1723 2573 1817 2611 vo-

225 2668 342 2722 lens
371 2681 440 2720 ex
467 2663 666 2720 divinis
701 2661 894 2716 litteris
925 2661 977 2714 in
1009 2673 1104 2712 sua
1135 2655 1359 2710 historia
1383 2651 1660 2722 quippiam
1685 2665 1819 2704 con-

227 2767 508 2820 trectare,
565 2755 705 2809 illico
767 2762 949 2806 mente
1015 2749 1263 2803 turbatus
1325 2744 1425 2798 ιἐιὶι
1471 2742 1590 2812 plus
1651 2739 1820 2794 ferme

226 2851 448 2918 triginta
485 2846 719 2905 diebus,
778 2843 951 2897 donec
1008 2841 1223 2894 veniam
1275 2836 1362 2888 vix
1411 2832 1664 2903 precibus
1721 2831 1818 2884 im-

227 2948 462 3010 petraret
488 2954 503 3001 ;
556 2951 621 2992 ac
653 2934 849 2988 deinde
872 2930 1012 3000 quod
1042 2929 1207 2984 fuerit
1230 2928 1278 2980 ei
1304 2942 1399 2996 per
1424 2925 1596 2980 risuzn
1622 2921 1678 2993 9
1707 2935 1808 2975 ete-

229 3031 358 3085 litus
397 3029 756 3090 declaratum,
787 3026 890 3080 hoc
947 3023 1020 3079 illi
1067 3023 1184 3076 ideo
1238 3017 1517 3076 accidisse,
1566 3015 1818 3084 quoniam

228 3120 528 3191 irreligiose
560 3120 740 3173 divina
789 3124 1063 3171 scrutatus
1110 3118 1274 3175 esset,
1319 3116 1482 3176 atque
1515 3104 1819 3159 hominibus

227 3231 290 3270 ea
327 3213 573 3284 proferre
605 3209 832 3280 impuris
859 3207 1034 3261 vellet.
1065 3204 1197 3271 Quae
1237 3202 1361 3255 dum
1404 3198 1643 3254 scribere
1667 3195 1756 3265 qui
1793 3225 1820 3264 -τ

225 3305 431 3368 visset,
483 3317 605 3357 mox
659 3307 893 3360 tuentem
944 3296 1141 3350 dicitur
1189 3291 1477 3359 recepisse.
1527 3287 1821 3341 Referebat

225 3397 390 3451 etiam
417 3405 474 3448 et
499 3393 568 3448 de
595 3391 900 3446 Theodecte
939 3385 1320 3456 tragtediarum
1355 3389 1532 3449 poeta,
1558 3377 1701 3447 quod
1736 3377 1818 3430 ni-

227 3504 320 3543 sus
355 3497 506 3542 esset
545 3487 598 3539 in
649 3484 830 3552 aliquo
868 3479 1292 3534 dramaticorum
1345 3487 1543 3542 genere
1598 3485 1716 3538 qua:
1764 3467 1817 3520 in

229 3583 428 3637 divinis
480 3581 748 3635 habentur
808 3576 1179 3633 interserere;
1236 3566 1465 3634 ideoque
1515 3560 1820 3616 obscuratis

229 3672 410 3728 senilis
427 3671 720 3726 caecitatem
751 3664 932 3720 subito
976 3659 1288 3716 incurrisse.
1317 3657 1434 3724 Quo
1474 3653 1616 3708 iacto
1639 3653 1820 3720 itaque

231 3766 502 3822 discimus
523 3761 774 3815 Faustum
814 3755 1167 3812 Manicbreum
1203 3748 1402 3804 mentis
1428 3745 1614 3800 oculos
1641 3743 1819 3797 subito

231 3860 564 3932 perdidisse.
616 3855 710 3922 Qui
756 3868 878 3908 cum
925 3850 992 3904 ad
1041 3843 1418 3915 exponendum

233 3931 445 4012 temere
488 3951 663 4023 potius
698 3962 861 4018 quam
909 3945 1136 4004 devote,
1182 3953 1280 4009 per
1329 3933 1665 3990 contrarium
1719 3931 1820 3986 sibi

229 4048 468 4117 denique
488 4019 774 4098 infaustus
829 4035 1172 4097 accessisset,
1221 4019 1361 4083 tuox'
1395 4036 1454 4081 ut
1495 4023 1819 4096 principium

233 4114 640 4196 beati—Matthxi
663 4132 864 4202 attigit,
900 4127 1043 4183 velut
1080 4123 1288 4180 caelesti
1315 4120 1519 4176 lumine
1548 4114 1820 4187 repercul-

233 4248 348 4296 sus,
369 4239 556 4284 rotare
581 4226 736 4297 quasi
785 4229 894 4293 prae
930 4217 1196 4288 vertigine
1219 4214 1409 4284 coepit,
1443 4220 1496 4266 et
1527 4209 1665 4264 infra
1690 4223 1821 4263 suas

233 4339 290 4378 se
317 4331 443 4377 tene
467 4335 574 4373 ιηε
623 4314 938 4386 profundius
969 4307 1272 4364 reclinavit.
1307 4305 1517 4372 Quibus
1567 4300 1821 4356 nimirum

232 4433 290 4475 se
329 4433 438 4472 non
473 4415 659 4468 valens
697 4411 970 4480 explicare
1000 4404 1258 4467 tenebris,
1292 4399 1555 4469 majorem
1582 4394 1823 4467 profecto

235 4509 458 4580 impegit
508 4505 818 4574 caliginem.
853 4500 941 4554 Ait
993 4497 1137 4552 enim
1183 4494 1284 4548 sibi
1328 4492 1466 4560 ipse,
1511 4487 1693 4543 nescio
1722 4487 1825 4541 sub

233 4576 340 4676 quo
385 4576 621 4670 dialogo,
652 4596 807 4667 quasi
840 4594 894 4646 in
945 4603 1174 4661 persona
1223 4584 1502 4655 cujusdam
1529 4576 1822 4635 Christiani

233 4669 648 4761 seinter-rogans
668 4703 682 4742 :
700 4686 968 4756 Accipisne
997 4675 1444 4747 Evangelium?——
1461 4672 1710 4734 Maxime,
1738 4669 1812 4722 in-

236 4788 371 4856 quit.
397 4783 634 4855 Tmnaue
662 4779 783 4834 ille:
814 4775 1039 4830 Proinde
1067 4774 1158 4828 ait.
1177 4773 1231 4824 ἐι
1263 4779 1441 4824 natum
1467 4765 1642 4833 accipe
1667 4763 1822 4816 Chri-

236 4891 394 4932 stum.
421 4905 490 4917 --
520 4874 638 4927 Non
683 4873 757 4925 ita
784 4879 882 4930 est,
913 4867 1102 4935 inquit.
1141 4863 1320 4932 Neque
1346 4861 1480 4914 enim
1509 4871 1824 4926 consequens

235 4981 327 5028 est,
370 4969 492 5021 utsi
521 4963 864 5032 Erangeiium
898 4959 1119 5026 accipio,
1149 4952 1346 5007 idcirco
1371 4961 1415 5003 et
1460 4960 1641 5002 natum
1672 4944 1822 4998 Chri-

235 5073 374 5118 stum
406 5060 666 5128 accipiam
691 5068 708 5107 :
739 5053 859 5124 quia
891 5045 1234 5118 Evrmgelinm
1260 5042 1468 5111 quidem
1513 5057 1544 5088 a
1569 5035 1822 5105 pradica-

237 5153 376 5206 tione
397 5148 592 5204 Christi
615 5158 662 5200 et
697 5162 808 5200 esse
844 5143 1018 5208 coepit,
1043 5148 1090 5192 et
1123 5133 1404 5191 nmuinuri.
1439 5130 1504 5185 In
1525 5146 1626 5200 quo
1651 5137 1824 5180 tamen

241 5243 524 5313 Evangelia
555 5255 810 5311 nusquam
852 5251 906 5289 se
941 5243 1120 5286 natum
1167 5243 1230 5281 ex
1277 5222 1574 5279 hominibus
1597 5236 1705 5274 esse
1737 5217 1816 5270 tli-

244 5338 328 5390 :i.
364 5335 432 5387 At
477 5350 600 5388 tero
656 5328 960 5401 genealogia
1005 5325 1136 5378 adeo
1187 5337 1291 5374 non
1337 5328 1411 5372 cst
1457 5311 1822 5382 Evangelium,

241 5439 298 5481 ut
333 5429 442 5498 ipse
469 5426 586 5496 ejus
629 5424 854 5492 scriptor
881 5436 971 5475 nec
1001 5432 1162 5471 ausus
1211 5413 1277 5468 sit
1313 5425 1428 5464 eam
1484 5405 1824 5476 Emngelium

242 5523 536 5575 nominare.
591 5517 731 5584 Quid
779 5515 916 5570 enim
966 5510 1216 5578 scripsit?
1269 5505 1428 5560 Liber
1475 5496 1825 5572 generationis

238 5609 369 5664 Iesu
389 5607 586 5664 Christi
614 5607 712 5676 ﬁlii
735 5605 922 5660 David.
938 5633 1012 5646 -—
1029 5601 1154 5658 Non
1166 5615 1308 5669 ergo,
1326 5594 1518 5665 inquit,
1539 5586 1826 5658 Evangelii,
1888 5624 1901 5644 .

239 5701 331 5755 sed
355 5701 488 5754 liber
523 5697 898 5776 generationis.
923 5692 1122 5763 Quippe
1146 5690 1238 5745 ubi
1269 5698 1316 5743 et
1360 5684 1511 5740 stella
1537 5679 1824 5744 inducitur,

239 5808 360 5864 qua!
377 5769 656 5861 conﬁrmat
678 5769 928 5861 genesim,
943 5795 996 5839 ut
1020 5793 1153 5838 recte
1179 5778 1512 5836 Genesidium
1536 5769 1829 5840 nuncupari

233 5887 602 5958 “meum
619 5879 981 5952 Euangelium.
1008 5876 1146 5932 Nam
1162 5881 1275 5946 post
1293 5869 1550 5925 inclusum
1571 5865 1828 5917 Joannem

1853 5189 1903 5249 D

1916 1178 2206 1247 pru’dicare
2229 1175 2458 1244 coepisse.
2505 1171 2646 1241 Ergo
2683 1169 2936 1242 quidquid
2961 1178 3078 1222 ante
3106 1167 3200 1219 hoc
3225 1178 3496 1220 narratum

1917 1281 2015 1328 est,
2031 1269 2382 1338 genealogiam
2400 1282 2507 1319 esse
2527 1273 2748 1328 constat,
2763 1279 2862 1316 nun
2881 1259 3236 1328 anngelium.
3257 1259 3500 1327 Alioquin

1916 1361 2040 1431 quid
2065 1358 2370 1428 impediebat
2399 1366 2445 1408 et
2471 1353 2798 1410 Muttltaeunt,
2822 1347 3162 1418 Erungelium
3199 1346 3325 1401 Iesu
3353 1345 3502 1400 Chri-

1917 1456 1983 1506 sti
2009 1451 2135 1504 Filii
2157 1451 2252 1504 Dei
2280 1465 2488 1520 ponere,
2505 1447 2636 1499 sicut
2658 1456 2703 1498 et
2737 1441 2971 1496 Murcum
2994 1440 3178 1510 fecisse
3203 1435 3503 1491 cernimus?

1919 1546 2019 1598 nisi
2040 1545 2163 1614 quia
2185 1541 2474 1610 improbum
2504 1536 2701 1609 putavit
2733 1533 3090 1604 genealogiam
3117 1545 3298 1584 vocare
3326 1527 3502 1580 Erum

1918 1613 2128 1708 gelium.
2161 1632 2205 1688 Ο
2233 1632 2479 1685 insanum
2531 1626 2718 1696 caput!
2757 1621 3006 1690 Nunquid
3058 1635 3160 1674 non
3218 1613 3503 1670 manifeste

1920 1729 2240 1798 colligimus,
2273 1725 2438 1784 hunc,
2470 1735 2592 1774 cum
2645 1726 2786 1772 esset
2829 1717 2895 1769 de
2939 1725 3102 1786 gente
3134 1711 3499 1773 tenebrarum,

1919 1833 2080 1888 quam
2103 1829 2294 1870 omnes
2325 1808 2603 1865 Manicbaei
2639 1805 2960 1877 praedicant,
2991 1804 3170 1856 lumen
3203 1800 3445 1854 veritatis
3471 1814 3501 1851 a

1919 1906 2186 1980 principio
2215 1904 2360 1957 l‘erre
2389 1915 2494 1954 non
2523 1899 2786 1967 potuisse,
2811 1903 2866 1949 et
2893 1893 3010 1948 ideo
3041 1891 3167 1946 talia
3199 1887 3504 1943 vomuisse?

1919 1999 2226 2056 Praesertim
2259 1994 2383 2065 quia
2411 2001 2554 2046 totus
2580 1991 2666 2044 hic
2693 1989 2844 2042 locus
2869 1995 3057 2040 contra
3095 1982 3312 2039 eosdem
3347 1980 3502 2046 facit,

1920 2093 2012 2163 qui
2045 2105 2144 2144 nec
2174 2088 2337 2148 Vetus
2373 2082 2638 2151 recipiunt
2691 2078 3101 2132 Testamentum
3129 2113 3144 2138 ,
3197 2087 3294 2126 nec
3343 2070 3504 2125 Chri-

1922 2191 2063 2238 stum
2086 2194 2272 2234 verum
2308 2175 2470 2229 fuisse
2515 2170 2811 2232 Itmnineut,
2859 2181 3032 2234 neque
3061 2164 3208 2219 nasci
3242 2163 3307 2216 de
3341 2161 3503 2216 Maria

1926 2272 2141 2343 Virgine
2170 2273 2484 2324 asseverant
2510 2262 2770 2332 potuisse.
2820 2258 2970 2314 Unde
3001 2271 3130 2320 nos,
3179 2253 3502 2308 catholicam

1925 2370 2170 2418 tenentes
2203 2361 2381 2419 (idern,
2427 2353 2667 2424 profecto
2698 2349 2992 2404 mser-imus
3031 2360 3153 2400 cum
3205 2343 3504 2400 secundum

1923 2452 2228 2506 Manlia-um
2263 2446 2365 2518 ιο
2387 2443 2697 2515 genealogis
2724 2438 3075 2498 declaratum,
3101 2444 3154 2488 et
3181 2433 3333 2503 juxta
3358 2430 3502 2500 quod

1927 2542 2161 2598 Verbum
2190 2552 2317 2592 caro
2363 2535 2563 2589 factum
2595 2540 2676 2586 est
2703 2532 2768 2585 de
2807 2529 2968 2582 Maria
3003 2525 3224 2595 Virgine
3279 2533 3460 2577 nathm
3488 2540 3502 2576 :

1924 2649 2133 2690 necnon
2165 2639 2220 2684 et
2247 2643 2432 2682 verum
2489 2623 2762 2678 hominem
2793 2631 3089 2686 verumque
3142 2616 3305 2668 Deum
3339 2614 3506 2669 exsti-

1927 2727 2072 2787 tisse,
2110 2738 2214 2776 non
2252 2718 2425 2774 solum
2466 2716 2533 2768 ab
2565 2713 2683 2767 istis
2730 2708 3105 2781 evangelistis,
3133 2706 3226 2760 sed
3255 2705 3418 2759 etiam
3450 2711 3504 2758 et

1923 2818 1991 2872 ab
2012 2815 2201 2885 angelo
2236 2811 2584 2883 praedicatum
2614 2803 2954 2876 agnovimus.
2985 2799 3124 2867 Quid
3147 2797 3314 2868 ergo?
3355 2795 3504 2850 Nun-

1923 2911 2048 2982 quid
2078 2910 2212 2964 liber
2241 2903 2514 2974 Evangelii
2561 2901 2666 2955 dici
2700 2914 2802 2952 non
2845 2896 3018 2967 potuit
3045 2895 3240 2948 merito
3271 2891 3355 2947 vel
3401 2907 3505 2944 non

1923 3001 2126 3064 debuit,
2153 2998 2293 3052 sicut
2319 2995 2406 3050 hic
2439 2992 2668 3046 Faustus
2698 2997 2924 3042 conatur
2961 3000 3235 3050 asserere;
3265 2981 3500 3036 tuamne

1923 3110 2043 3148 cum
2100 3088 2300 3143 Paulus
2355 3083 2630 3155 apostolus
2685 3079 2880 3134 clamet
2929 3084 3267 3146 segregatum
3334 3089 3391 3127 se
3445 3072 3498 3125 in

1923 3181 2272 3253 Evangelium
2310 3177 2425 3240 Dei,
2453 3173 2594 3244 quod
2625 3180 2748 3224 ante
2775 3161 3097 3242 p'rmniscrat
3126 3166 3176 3219 in
3203 3165 3289 3220 5οι
3309 3163 3500 3233 ipturis

1923 3273 2127 3332 sanctis
2161 3272 2225 3324 de
2251 3267 2388 3324 Filio
2432 3279 2552 3328 suo,
2586 3262 2674 3331 qui
2723 3263 2896 3314 factus
2940 3267 3020 3312 est
3061 3272 3123 3310 ex
3158 3253 3362 3310 semine
3411 3253 3510 3307 Da-

1922 3368 2008 3422 vid
2049 3364 2340 3422 secundum
2374 3356 2629 3414 carnem?
2674 3354 2825 3421 Quod
2875 3353 3096 3406 verbum
3133 3345 3408 3417 Evitzgclii
3459 3346 3504 3400 si

1922 3462 2155 3533 Faustus
2205 3455 2550 3524 intelligeret,
2589 3464 2862 3519 antiquam
2919 3445 3191 3501 Christum
3240 3457 3338 3512 per
3369 3439 3507 3496 hanc

1921 3552 2288 3628 genealogiam
2341 3546 2634 3602 secundum
2685 3555 2902 3596 carnem
2952 3554 3015 3592 ex
3076 3535 3282 3591 semine
3335 3531 3505 3586 David

1924 3645 2138 3700 venisse
2163 3640 2384 3695 ornuino
2415 3642 2650 3705 negaret.
2687 3628 3033 3698 Evangelium
3079 3625 3276 3696 quippe
3322 3623 3510 3676 Cura-ce

1925 3734 2163 3796 dicitur,
2223 3729 2364 3799 quod
2415 3724 2604 3779 Latine
2654 3722 2850 3775 bonum
2906 3716 3186 3776 mmtium,
3238 3712 3320 3766 vel
3367 3711 3506 3766 bona

1469 3838 1816 3910 Evangelinm
1847 3828 1892 3891 C
1924 3822 2264 3882 aununliatio
2312 3834 2376 3873 ex
2410 3817 2617 3884 integro
2665 3807 3010 3880 pne-dicatur.
3062 3805 3216 3872 Quod
3268 3802 3503 3872 quidem,

1927 3933 2049 3974 cum
2104 3913 2305 3984 aliquid
2347 3911 2546 3964 bonum
2596 3903 2968 3964 armuntiatur,
3001 3899 3100 3952 etsi
3143 3909 3357 3965 semper
3391 3909 3508 3948 om-

1924 4009 2054 4064 nino
2101 3983 2209 4060 dici
2252 4007 2448 4072 potest,
2493 3994 2708 4067 proprie
2761 3983 2936 4045 tamen
2973 3987 3215 4058 profecto
3262 3986 3364 4038 hoc
3411 3997 3510 4035 vo-

1926 4097 2174 4158 cabulum
2228 4107 2408 4148 tenere
2448 4085 2631 4143 debuit
2677 4083 2764 4136 illa
2816 4077 3154 4135 annuutiatio
3208 4073 3510 4130 S'JVMOI‘iS

1926 4195 1980 4248 in
2018 4189 2352 4254 carne,'qu:e
2399 4179 2552 4235 nobis
2601 4189 2761 4230 cuine
2811 4173 3008 4226 bonum
3061 4167 3288 4221 contulit
3341 4161 3514 4216 :licet

1926 4282 2233 4342 Mattlueus,
2283 4274 2394 4344 qui,
2443 4267 2736 4326 secundum
2783 4264 2985 4333 patrios
3041 4275 3205 4318 usus,
3253 4271 3321 4308 ex
3367 4254 3514 4322 prin-

1926 4372 2069 4445 cipio
2095 4369 2215 4425 libri
2268 4365 2436 4435 magis
2481 4375 2674 4414 nomen
2705 4355 2915 4411 indidit,
2973 4349 3127 4403 Liber
3155 4345 3508 4417 generationis

1879 4465 1892 4473 ’
1929 4435 2144 4522 dixerit.
2199 4459 2326 4514 Nam
2389 4465 2442 4509 et
2491 4454 2542 4507 in
2603 4460 2722 4503 ortu
2797 4441 3094 4499 salvatoris
3142 4435 3389 4501 aligelum
3441 4435 3508 4488 ad

1929 4564 2173 4628 pastores
2216 4547 2478 4604 Ceciuisse
2506 4541 2733 4612 legimus
2760 4554 2773 4590 ε
2808 4535 2964 4596 Ecce,
2995 4525 3188 4599 inquit,
3217 4527 3511 4596 erangeiizo

1928 4649 2068 4706 vobis
2097 4643 2346 4718 gaudium
2373 4650 2640 4706 magnum,
2675 4629 2813 4700 quod
2838 4627 2931 4680 erit
2977 4623 3118 4677 omni
3150 4618 3359 4688 populo,
3390 4619 3511 4688 quia

1929 4751 2081 4796 natus
2097 4710 2176 4790 est
2201 4733 2341 4788 voltis
2364 4729 2515 4781 hodie
2544 4724 2785 4778 Salvator
2818 4717 2970 4786 (Luc.
3003 4731 3060 4776 tt,
3091 4713 3199 4766 10].
3227 4710 3379 4777 Quoi
3411 4724 3509 4761 au-

1933 4841 2037 4886 tem
2072 4823 2426 4895 evangelizat,
2456 4815 2582 4886 quid
2612 4821 2716 4867 est...
2744 4811 2845 4864 nisi
2879 4805 3002 4876 quia
3051 4803 3345 4858 secundum
3389 4812 3520 4867 pro:

1931 4926 2212 4997 prietatem
2260 4917 2452 4983 Itngttzc
2476 4907 2679 4962 Latinae
2722 4903 2920 4955 bonum
2953 4895 3107 4950 nolis
3132 4891 3400 4946 nuntium.
3431 4886 3510 4938 ri-

1931 4978 2124 5073 delicet
2155 5010 2429 5066 Chrisnun
2462 5011 2668 5057 natum,
2720 4987 3036 5048 amnmtiat?
3080 4984 3228 5052 Quod
3271 4981 3392 5045 erit,
3432 4978 3512 5032 in-

1931 5113 2067 5183 Quit,
2103 5103 2354 5176 gaudium
2406 5095 2550 5152 omni
2599 5088 2815 5162 populo.
2851 5085 3002 5138 Unde
3049 5079 3251 5148 liquido
3299 5078 3511 5128 constat

1931 5163 2056 5276 quia
2088 5196 2310 5268 angelus
2337 5192 2496 5244 dicit:
2534 5188 2736 5239 Bonan
2771 5177 3037 5234 annuntio
3061 5170 3209 5225 Vobis
3242 5163 3508 5228 mmtiutn,

2858 5271 2868 5276 ⁸
3193 5258 3209 5276 ἶ
3255 5265 3411 5276 -ν-ι--η
3441 5254 3508 5276 με.

1931 5254 2072 5368 quod
2109 5254 2210 5346 erit
2238 5285 2491 5358 gaudium
2521 5276 2666 5333 onini
2712 5271 2927 5343 populo,
2961 5282 3025 5321 eo
3069 5258 3210 5331 quod
3255 5265 3414 5311 natus
3439 5254 3512 5306 sit

1931 5344 2086 5441 :obis
2135 5344 2294 5436 hodie
2338 5375 2586 5430 Salvator
2633 5370 2685 5422 in
2737 5366 2956 5420 civitate
2996 5353 3201 5410 David,
3246 5349 3310 5402 de
3359 5344 3511 5412 cujus

1933 5480 2062 5536 olim
2094 5477 2262 5546 stirpe
2294 5470 2450 5526 nobis
2484 5464 2662 5519 fuerat
2705 5455 3084 5521 rent-omissus.
3115 5443 3246 5511 Quia
3279 5439 3512 5494 Faustus

1933 5537 2260 5630 Manichmus
2287 5561 2529 5636 profecto
2559 5553 2837 5612 mentitur,
2865 5543 3005 5614 quod
3040 5537 3323 5594 Mattbmus
3350 5545 3510 5636 gone:

1937 5666 2202 5723 rationem
2229 5617 2313 5714 rei
2345 5652 2678 5709 nativitatem
2701 5635 2900 5695 Christi
2934 5628 3280 5702 Evangelium
3311 5635 3413 5676 non
3440 5617 3512 5672 sit

1941 5773 2105 5816 ausus
2146 5751 2461 5810 nominare,
2513 5739 2608 5795 sed
2663 5729 3010 5791 Genesidit‘nn
3060 5720 3238 5794 potius
3267 5709 3512 5770 debuerit

1943 5847 2217 5923 appellari.
2264 5842 2481 5911 Ignorat
2527 5829 2670 5886 enim
2723 5822 3044 5880 manifeste,
3097 5812 3289 5883 quibus
3337 5799 3509 5857 modis
