  <div class='ocr_page' id='page_1' title='image "/cluster/home/n/w/nwhite01/storage/ocr_20150623/120/hvd.32044015466923/025.png"; bbox 0 0 4032 6358; ppageno 0'>
   <div class='ocr_carea' id='block_1_1' title="bbox 533 414 3789 498">
    <p class='ocr_par' dir='ltr' id='par_1_1' title="bbox 533 414 3789 498">
     <span class='ocr_line' id='line_1_1' title="bbox 533 414 3789 498; baseline -0.005 -9"><span class='ocrx_word' id='word_1_1' title='bbox 533 443 604 498; x_wconf 75' lang='lat'><strong>39</strong></span> <span class='ocrx_word' id='word_1_2' title='bbox 1263 416 1268 423; x_wconf 73' lang='grc'><em>’</em></span> <span class='ocrx_word' id='word_1_3' title='bbox 1336 424 1396 482; x_wconf 90' lang='lat' dir='ltr'><strong>S.</strong></span> <span class='ocrx_word' id='word_1_4' title='bbox 1434 419 1792 481; x_wconf 81' lang='lat' dir='ltr'><strong>PASCHASII</strong></span> <span class='ocrx_word' id='word_1_5' title='bbox 1831 419 2178 478; x_wconf 80' lang='lat' dir='ltr'><strong>RADBERTI</strong></span> <span class='ocrx_word' id='word_1_6' title='bbox 2215 421 2510 480; x_wconf 80' lang='lat' dir='ltr'><strong>ABBATlS</strong></span> <span class='ocrx_word' id='word_1_7' title='bbox 2549 417 2997 479; x_wconf 77' lang='lat' dir='ltr'><strong>CORBEIE‘NSIS</strong></span> <span class='ocrx_word' id='word_1_8' title='bbox 3714 414 3789 473; x_wconf 64' lang='lat'><strong>‘0</strong></span> 
     </span>
    </p>
   </div>
   <div class='ocr_carea' id='block_1_2' title="bbox 536 533 3794 628">
    <p class='ocr_par' dir='ltr' id='par_1_2' title="bbox 536 533 3794 628">
     <span class='ocr_line' id='line_1_2' title="bbox 536 533 3794 628; baseline -0.007 -15"><span class='ocrx_word' id='word_1_9' title='bbox 536 553 881 628; x_wconf 84' lang='lat' dir='ltr'><strong>Evangelium</strong></span> <span class='ocrx_word' id='word_1_10' title='bbox 902 556 1049 606; x_wconf 71' lang='lat' dir='ltr'><strong>recte</strong></span> <span class='ocrx_word' id='word_1_11' title='bbox 1069 544 1298 603; x_wconf 81' lang='lat' dir='ltr'><strong>dicatur.</strong></span> <span class='ocrx_word' id='word_1_12' title='bbox 1324 539 1667 614; x_wconf 83' lang='lat' dir='ltr'><strong>Evangelium</strong></span> <span class='ocrx_word' id='word_1_13' title='bbox 1689 539 1886 610; x_wconf 85' lang='lat' dir='ltr'><strong>quippe</strong></span> <span class='ocrx_word' id='word_1_14' title='bbox 1907 545 2110 609; x_wconf 88' lang='lat' dir='ltr'><strong>septem</strong></span> <span class='ocrx_word' id='word_1_15' title='bbox 2138 543 2188 604; x_wconf 74' lang='grc' dir='ltr'><strong>Α</strong></span> <span class='ocrx_word' id='word_1_16' title='bbox 2216 539 2448 614; x_wconf 90' lang='lat' dir='ltr'><strong>fuerat),</strong></span> <span class='ocrx_word' id='word_1_17' title='bbox 2475 543 2616 614; x_wconf 91' lang='lat' dir='ltr'><strong>quod</strong></span> <span class='ocrx_word' id='word_1_18' title='bbox 2641 542 2784 597; x_wconf 88' lang='lat' dir='ltr'><strong>Deus</strong></span> <span class='ocrx_word' id='word_1_19' title='bbox 2814 538 3054 595; x_wconf 77' lang='lat' dir='ltr'><strong>Trinitas</strong></span> <span class='ocrx_word' id='word_1_20' title='bbox 3076 542 3245 628; x_wconf 86' lang='lat' dir='ltr'><strong>esset,</strong></span> <span class='ocrx_word' id='word_1_21' title='bbox 3279 535 3403 628; x_wconf 88' lang='lat' dir='ltr'><strong>luce</strong></span> <span class='ocrx_word' id='word_1_22' title='bbox 3425 533 3626 590; x_wconf 89' lang='lat' dir='ltr'><strong>clarius</strong></span> <span class='ocrx_word' id='word_1_23' title='bbox 3650 534 3794 628; x_wconf 81' lang='lat' dir='ltr'><strong>desi-</strong></span> 
     </span>
    </p>
   </div>
   <div class='ocr_carea' id='block_1_3' title="bbox 535 629 2112 722">
    <p class='ocr_par' dir='ltr' id='par_1_3' title="bbox 535 629 2112 722">
     <span class='ocr_line' id='line_1_3' title="bbox 535 629 2112 722; baseline -0.013 -18"><span class='ocrx_word' id='word_1_24' title='bbox 535 643 904 722; x_wconf 73' lang='lat' dir='ltr'><strong>principaliter</strong></span> <span class='ocrx_word' id='word_1_25' title='bbox 947 637 1122 697; x_wconf 86' lang='lat' dir='ltr'><strong>modis</strong></span> <span class='ocrx_word' id='word_1_26' title='bbox 1168 636 1386 699; x_wconf 89' lang='lat' dir='ltr'><strong>dicitur,</strong></span> <span class='ocrx_word' id='word_1_27' title='bbox 1422 633 1549 705; x_wconf 86' lang='lat' dir='ltr'><strong>quia</strong></span> <span class='ocrx_word' id='word_1_28' title='bbox 1595 632 1661 688; x_wconf 92' lang='lat' dir='ltr'><strong>de</strong></span> <span class='ocrx_word' id='word_1_29' title='bbox 1709 630 1926 685; x_wconf 78' lang='lat' dir='ltr'><strong>Christo</strong></span> <span class='ocrx_word' id='word_1_30' title='bbox 1956 629 2112 684; x_wconf 90' lang='lat' dir='ltr'><strong>nobis</strong></span> 
     </span>
    </p>
   </div>
   <div class='ocr_carea' id='block_1_4' title="bbox 538 723 2114 814">
    <p class='ocr_par' dir='ltr' id='par_1_4' title="bbox 538 723 2114 814">
     <span class='ocr_line' id='line_1_4' title="bbox 538 723 2114 814; baseline -0.013 -17"><span class='ocrx_word' id='word_1_31' title='bbox 538 741 768 814; x_wconf 90' lang='lat' dir='ltr'><strong>primum</strong></span> <span class='ocrx_word' id='word_1_32' title='bbox 803 737 1002 793; x_wconf 90' lang='lat' dir='ltr'><strong>bonum</strong></span> <span class='ocrx_word' id='word_1_33' title='bbox 1052 730 1477 789; x_wconf 84' lang='lat' dir='ltr'><strong>incarnationem</strong></span> <span class='ocrx_word' id='word_1_34' title='bbox 1530 725 1758 782; x_wconf 84' lang='lat' dir='ltr'><strong>nuntiat.</strong></span> <span class='ocrx_word' id='word_1_35' title='bbox 1805 723 2114 780; x_wconf 90' lang='lat' dir='ltr'><strong>Secundum</strong></span> 
     </span>
    </p>
   </div>
   <div class='ocr_carea' id='block_1_5' title="bbox 536 815 2182 900">
    <p class='ocr_par' dir='ltr' id='par_1_5' title="bbox 536 815 2182 900">
     <span class='ocr_line' id='line_1_5' title="bbox 536 815 2182 900; baseline -0.012 -13"><span class='ocrx_word' id='word_1_36' title='bbox 536 840 735 896; x_wconf 83' lang='lat' dir='ltr'><strong>autem,</strong></span> <span class='ocrx_word' id='word_1_37' title='bbox 765 829 906 900; x_wconf 87' lang='lat' dir='ltr'><strong>quod</strong></span> <span class='ocrx_word' id='word_1_38' title='bbox 937 828 1132 898; x_wconf 91' lang='lat' dir='ltr'><strong>ipsum,</strong></span> <span class='ocrx_word' id='word_1_39' title='bbox 1172 832 1232 878; x_wconf 93' lang='lat' dir='ltr'><strong>ut</strong></span> <span class='ocrx_word' id='word_1_40' title='bbox 1260 829 1503 877; x_wconf 92' lang='lat' dir='ltr'><strong>nostrum</strong></span> <span class='ocrx_word' id='word_1_41' title='bbox 1548 817 1917 873; x_wconf 86' lang='lat' dir='ltr'><strong>sanctificaret</strong></span> <span class='ocrx_word' id='word_1_42' title='bbox 1942 815 2119 887; x_wconf 88' lang='lat' dir='ltr'><strong>bapti-</strong></span> <span class='ocrx_word' id='word_1_43' title='bbox 2174 874 2182 884; x_wconf 41' lang='grc' dir='ltr'>ι</span> 
     </span>
    </p>
   </div>
   <div class='ocr_carea' id='block_1_6' title="bbox 536 910 2116 991">
    <p class='ocr_par' dir='ltr' id='par_1_6' title="bbox 536 910 2116 991">
     <span class='ocr_line' id='line_1_6' title="bbox 536 910 2116 991; baseline -0.011 -11"><span class='ocrx_word' id='word_1_44' title='bbox 536 940 679 986; x_wconf 91' lang='lat' dir='ltr'><strong>sma,</strong></span> <span class='ocrx_word' id='word_1_45' title='bbox 709 921 1038 991; x_wconf 68' lang='lat' dir='ltr'><strong>baptizatum</strong></span> <span class='ocrx_word' id='word_1_46' title='bbox 1088 921 1372 970; x_wconf 86' lang='lat' dir='ltr'><strong>monstrat.</strong></span> <span class='ocrx_word' id='word_1_47' title='bbox 1405 910 1648 966; x_wconf 85' lang='lat' dir='ltr'><strong>Tertium</strong></span> <span class='ocrx_word' id='word_1_48' title='bbox 1676 923 1825 971; x_wconf 89' lang='lat' dir='ltr'><strong>vero,</strong></span> <span class='ocrx_word' id='word_1_49' title='bbox 1850 923 1971 962; x_wconf 91' lang='lat' dir='ltr'><strong>eum</strong></span> <span class='ocrx_word' id='word_1_50' title='bbox 2017 923 2116 977; x_wconf 92' lang='lat' dir='ltr'><strong>pro</strong></span> 
     </span>
    </p>
   </div>
   <div class='ocr_carea' id='block_1_7' title="bbox 535 1000 2116 1084">
    <p class='ocr_par' dir='ltr' id='par_1_7' title="bbox 535 1000 2116 1084">
     <span class='ocr_line' id='line_1_7' title="bbox 535 1000 2116 1084; baseline -0.011 -12"><span class='ocrx_word' id='word_1_51' title='bbox 535 1015 692 1072; x_wconf 87' lang='lat' dir='ltr'><strong>nobis</strong></span> <span class='ocrx_word' id='word_1_52' title='bbox 736 1027 952 1084; x_wconf 90' lang='lat' dir='ltr'><strong>passum</strong></span> <span class='ocrx_word' id='word_1_53' title='bbox 1009 1006 1294 1066; x_wconf 82' lang='lat' dir='ltr'><strong>manifeste</strong></span> <span class='ocrx_word' id='word_1_54' title='bbox 1329 1003 1591 1060; x_wconf 85' lang='lat' dir='ltr'><strong>declarat.</strong></span> <span class='ocrx_word' id='word_1_55' title='bbox 1642 1000 1930 1068; x_wconf 82' lang='lat' dir='ltr'><strong>Quartum,</strong></span> <span class='ocrx_word' id='word_1_56' title='bbox 1973 1001 2116 1070; x_wconf 90' lang='lat' dir='ltr'><strong>quod</strong></span> 
     </span>
    </p>
   </div>
   <div class='ocr_carea' id='block_1_8' title="bbox 532 1093 2120 1180">
    <p class='ocr_par' dir='ltr' id='par_1_8' title="bbox 532 1093 2120 1180">
     <span class='ocr_line' id='line_1_8' title="bbox 532 1093 2120 1180; baseline -0.011 -14"><span class='ocrx_word' id='word_1_57' title='bbox 532 1108 775 1180; x_wconf 88' lang='lat' dir='ltr'><strong>sepultus</strong></span> <span class='ocrx_word' id='word_1_58' title='bbox 801 1108 896 1172; x_wconf 92' lang='lat' dir='ltr'><strong>sit,</strong></span> <span class='ocrx_word' id='word_1_59' title='bbox 944 1103 1217 1160; x_wconf 88' lang='lat' dir='ltr'><strong>infernum</strong></span> <span class='ocrx_word' id='word_1_60' title='bbox 1267 1100 1454 1154; x_wconf 90' lang='lat' dir='ltr'><strong>adiens</strong></span> <span class='ocrx_word' id='word_1_61' title='bbox 1475 1096 1599 1166; x_wconf 86' lang='lat' dir='ltr'><strong>jura</strong></span> <span class='ocrx_word' id='word_1_62' title='bbox 1645 1093 1977 1166; x_wconf 79' lang='lat' dir='ltr'><strong>confregerit</strong></span> <span class='ocrx_word' id='word_1_63' title='bbox 2016 1093 2120 1148; x_wconf 89' lang='lat' dir='ltr'><strong>ini-</strong></span> 
     </span>
    </p>
   </div>
   <div class='ocr_carea' id='block_1_9' title="bbox 534 1184 2117 1263">
    <p class='ocr_par' dir='ltr' id='par_1_9' title="bbox 534 1184 2117 1263">
     <span class='ocr_line' id='line_1_9' title="bbox 534 1184 2117 1263; baseline -0.011 -7"><span class='ocrx_word' id='word_1_64' title='bbox 534 1198 681 1256; x_wconf 88' lang='lat' dir='ltr'><strong>mici.</strong></span> <span class='ocrx_word' id='word_1_65' title='bbox 713 1196 884 1252; x_wconf 83' lang='lat' dir='ltr'><strong>Porro</strong></span> <span class='ocrx_word' id='word_1_66' title='bbox 935 1195 1182 1263; x_wconf 89' lang='lat' dir='ltr'><strong>quintum</strong></span> <span class='ocrx_word' id='word_1_67' title='bbox 1228 1189 1384 1245; x_wconf 91' lang='lat' dir='ltr'><strong>nobis</strong></span> <span class='ocrx_word' id='word_1_68' title='bbox 1419 1189 1617 1244; x_wconf 90' lang='lat' dir='ltr'><strong>bonum</strong></span> <span class='ocrx_word' id='word_1_69' title='bbox 1665 1185 1942 1258; x_wconf 67' lang='lat' dir='ltr'><strong>praedicat,</strong></span> <span class='ocrx_word' id='word_1_70' title='bbox 1976 1184 2117 1252; x_wconf 89' lang='lat' dir='ltr'><strong>quod</strong></span> 
     </span>
    </p>
   </div>
   <div class='ocr_carea' id='block_1_10' title="bbox 534 1277 2115 1357">
    <p class='ocr_par' dir='ltr' id='par_1_10' title="bbox 534 1277 2115 1357">
     <span class='ocr_line' id='line_1_10' title="bbox 534 1277 2115 1357; baseline -0.011 -11"><span class='ocrx_word' id='word_1_71' title='bbox 534 1290 690 1348; x_wconf 89' lang='lat' dir='ltr'><strong>tertia</strong></span> <span class='ocrx_word' id='word_1_72' title='bbox 723 1289 808 1344; x_wconf 89' lang='lat' dir='ltr'><strong>die</strong></span> <span class='ocrx_word' id='word_1_73' title='bbox 834 1288 900 1342; x_wconf 88' lang='lat' dir='ltr'><strong>ab</strong></span> <span class='ocrx_word' id='word_1_74' title='bbox 935 1287 1033 1357; x_wconf 82' lang='grc' dir='ltr'><strong>ιι</strong></span> <span class='ocrx_word' id='word_1_75' title='bbox 1064 1283 1254 1340; x_wconf 81' lang='lat' dir='ltr'><strong>inferis</strong></span> <span class='ocrx_word' id='word_1_76' title='bbox 1285 1282 1458 1337; x_wconf 86' lang='lat' dir='ltr'><strong>victor</strong></span> <span class='ocrx_word' id='word_1_77' title='bbox 1487 1279 1765 1344; x_wconf 84' lang='lat' dir='ltr'><strong>ascendit;</strong></span> <span class='ocrx_word' id='word_1_78' title='bbox 1798 1293 1861 1332; x_wconf 91' lang='lat' dir='ltr'><strong>ac</strong></span> <span class='ocrx_word' id='word_1_79' title='bbox 1903 1277 2115 1340; x_wconf 90' lang='lat' dir='ltr'><strong>deinde,</strong></span> 
     </span>
    </p>
   </div>
   <div class='ocr_carea' id='block_1_11' title="bbox 531 1367 2118 1442">
    <p class='ocr_par' dir='ltr' id='par_1_11' title="bbox 531 1367 2118 1442">
     <span class='ocr_line' id='line_1_11' title="bbox 531 1367 2118 1442; baseline -0.012 -4"><span class='ocrx_word' id='word_1_80' title='bbox 531 1382 598 1437; x_wconf 91' lang='lat' dir='ltr'><strong>ad</strong></span> <span class='ocrx_word' id='word_1_81' title='bbox 628 1379 1051 1436; x_wconf 79' lang='lat' dir='ltr'><strong>confirmandam</strong></span> <span class='ocrx_word' id='word_1_82' title='bbox 1105 1375 1262 1430; x_wconf 87' lang='lat' dir='ltr'><strong>fidem</strong></span> <span class='ocrx_word' id='word_1_83' title='bbox 1305 1370 1694 1442; x_wconf 88' lang='lat' dir='ltr'><strong>apostolorum,</strong></span> <span class='ocrx_word' id='word_1_84' title='bbox 1739 1383 1837 1438; x_wconf 91' lang='lat' dir='ltr'><strong>per</strong></span> <span class='ocrx_word' id='word_1_85' title='bbox 1881 1367 2118 1437; x_wconf 89' lang='lat' dir='ltr'><strong>quadra-</strong></span> 
     </span>
    </p>
   </div>
   <div class='ocr_carea' id='block_1_12' title="bbox 532 1458 2116 1545">
    <p class='ocr_par' dir='ltr' id='par_1_12' title="bbox 532 1458 2116 1545">
     <span class='ocr_line' id='line_1_12' title="bbox 532 1458 2116 1545; baseline -0.011 -18"><span class='ocrx_word' id='word_1_86' title='bbox 532 1474 678 1545; x_wconf 86' lang='lat' dir='ltr'><strong>ginta</strong></span> <span class='ocrx_word' id='word_1_87' title='bbox 709 1471 824 1525; x_wconf 88' lang='lat' dir='ltr'><strong>dies</strong></span> <span class='ocrx_word' id='word_1_88' title='bbox 852 1470 904 1522; x_wconf 93' lang='lat' dir='ltr'><strong>in</strong></span> <span class='ocrx_word' id='word_1_89' title='bbox 937 1479 1082 1523; x_wconf 90' lang='lat' dir='ltr'><strong>terra</strong></span> <span class='ocrx_word' id='word_1_90' title='bbox 1133 1472 1487 1520; x_wconf 82' lang='lat' dir='ltr'><strong>conversatus</strong></span> <span class='ocrx_word' id='word_1_91' title='bbox 1531 1459 1857 1516; x_wconf 91' lang='lat' dir='ltr'><strong>ostenditur.</strong></span> <span class='ocrx_word' id='word_1_92' title='bbox 1891 1458 2116 1513; x_wconf 79' lang='lat' dir='ltr'><strong>Sextum</strong></span> 
     </span>
    </p>
   </div>
   <div class='ocr_carea' id='block_1_13' title="bbox 533 1547 2119 1635">
    <p class='ocr_par' dir='ltr' id='par_1_13' title="bbox 533 1547 2119 1635">
     <span class='ocr_line' id='line_1_13' title="bbox 533 1547 2119 1635; baseline -0.011 -16"><span class='ocrx_word' id='word_1_93' title='bbox 533 1579 799 1635; x_wconf 85' lang='lat' dir='ltr'><strong>namque,</strong></span> <span class='ocrx_word' id='word_1_94' title='bbox 846 1560 988 1630; x_wconf 90' lang='lat' dir='ltr'><strong>quod</strong></span> <span class='ocrx_word' id='word_1_95' title='bbox 1028 1554 1444 1628; x_wconf 83' lang='lat' dir='ltr'><strong>quadragesimo</strong></span> <span class='ocrx_word' id='word_1_96' title='bbox 1490 1552 1577 1606; x_wconf 91' lang='lat' dir='ltr'><strong>die</strong></span> <span class='ocrx_word' id='word_1_97' title='bbox 1621 1566 1807 1606; x_wconf 90' lang='lat' dir='ltr'><strong>coram</strong></span> <span class='ocrx_word' id='word_1_98' title='bbox 1841 1547 2119 1618; x_wconf 89' lang='lat' dir='ltr'><strong>discipulis</strong></span> 
     </span>
    </p>
   </div>
   <div class='ocr_carea' id='block_1_14' title="bbox 532 1640 2119 1716">
    <p class='ocr_par' dir='ltr' id='par_1_14' title="bbox 532 1640 2119 1716">
     <span class='ocr_line' id='line_1_14' title="bbox 532 1640 2119 1716; baseline -0.013 -4"><span class='ocrx_word' id='word_1_99' title='bbox 532 1655 824 1712; x_wconf 86' lang='lat' dir='ltr'><strong>secundum</strong></span> <span class='ocrx_word' id='word_1_100' title='bbox 874 1663 1094 1707; x_wconf 89' lang='lat' dir='ltr'><strong>carnem</strong></span> <span class='ocrx_word' id='word_1_101' title='bbox 1143 1646 1310 1703; x_wconf 62' lang='lat' dir='ltr'><strong>caelos</strong></span> <span class='ocrx_word' id='word_1_102' title='bbox 1359 1645 1536 1716; x_wconf 90' lang='lat' dir='ltr'><strong>petiit,</strong></span> <span class='ocrx_word' id='word_1_103' title='bbox 1568 1652 1623 1698; x_wconf 90' lang='lat' dir='ltr'><strong>et</strong></span> <span class='ocrx_word' id='word_1_104' title='bbox 1669 1640 2119 1712; x_wconf 85' lang='lat' dir='ltr'><strong>quinquagesimo</strong></span> 
     </span>
    </p>
   </div>
   <div class='ocr_carea' id='block_1_15' title="bbox 533 1728 2118 1820">
    <p class='ocr_par' dir='ltr' id='par_1_15' title="bbox 533 1728 2118 1820">
     <span class='ocr_line' id='line_1_15' title="bbox 533 1728 2118 1820; baseline -0.015 -17"><span class='ocrx_word' id='word_1_105' title='bbox 533 1755 658 1820; x_wconf 90' lang='lat' dir='ltr'><strong>post</strong></span> <span class='ocrx_word' id='word_1_106' title='bbox 704 1742 1159 1801; x_wconf 89' lang='lat' dir='ltr'><strong>resurrectionem</strong></span> <span class='ocrx_word' id='word_1_107' title='bbox 1218 1737 1482 1808; x_wconf 88' lang='lat' dir='ltr'><strong>Spiritum</strong></span> <span class='ocrx_word' id='word_1_108' title='bbox 1538 1742 1786 1789; x_wconf 90' lang='lat' dir='ltr'><strong>sanctum</strong></span> <span class='ocrx_word' id='word_1_109' title='bbox 1842 1732 1907 1784; x_wconf 91' lang='lat' dir='ltr'><strong>de</strong></span> <span class='ocrx_word' id='word_1_110' title='bbox 1965 1728 2118 1783; x_wconf 59' lang='lat' dir='ltr'><strong>caelis</strong></span> 
     </span>
    </p>
   </div>
   <div class='ocr_carea' id='block_1_16' title="bbox 531 1823 2114 1909">
    <p class='ocr_par' dir='ltr' id='par_1_16' title="bbox 531 1823 2114 1909">
     <span class='ocr_line' id='line_1_16' title="bbox 531 1823 2114 1909; baseline -0.015 -13"><span class='ocrx_word' id='word_1_111' title='bbox 531 1849 657 1896; x_wconf 84' lang='lat' dir='ltr'><strong>ante</strong></span> <span class='ocrx_word' id='word_1_112' title='bbox 686 1837 1010 1909; x_wconf 89' lang='lat' dir='ltr'><strong>promissum</strong></span> <span class='ocrx_word' id='word_1_113' title='bbox 1055 1833 1349 1887; x_wconf 89' lang='lat' dir='ltr'><strong>clementer</strong></span> <span class='ocrx_word' id='word_1_114' title='bbox 1396 1825 1604 1881; x_wconf 73' lang='lat' dir='ltr'><strong>effudit.</strong></span> <span class='ocrx_word' id='word_1_115' title='bbox 1643 1823 1943 1892; x_wconf 86' lang='lat' dir='ltr'><strong>Septimum</strong></span> <span class='ocrx_word' id='word_1_116' title='bbox 1985 1836 2114 1874; x_wconf 90' lang='lat' dir='ltr'><strong>vero</strong></span> 
     </span>
    </p>
   </div>
   <div class='ocr_carea' id='block_1_17' title="bbox 2215 624 3797 705">
    <p class='ocr_par' dir='ltr' id='par_1_17' title="bbox 2215 624 3797 705">
     <span class='ocr_line' id='line_1_17' title="bbox 2215 624 3797 705; baseline -0.005 -17"><span class='ocrx_word' id='word_1_117' title='bbox 2215 635 2437 705; x_wconf 84' lang='lat' dir='ltr'><strong>gnavit;</strong></span> <span class='ocrx_word' id='word_1_118' title='bbox 2492 650 2557 690; x_wconf 88' lang='lat' dir='ltr'><strong>ex</strong></span> <span class='ocrx_word' id='word_1_119' title='bbox 2620 650 2728 704; x_wconf 93' lang='lat' dir='ltr'><strong>quo</strong></span> <span class='ocrx_word' id='word_1_120' title='bbox 2771 631 3013 704; x_wconf 87' lang='lat' dir='ltr'><strong>profecto</strong></span> <span class='ocrx_word' id='word_1_121' title='bbox 3080 627 3431 700; x_wconf 73' lang='lat' dir='ltr'><strong>intelligimus</strong></span> <span class='ocrx_word' id='word_1_122' title='bbox 3476 624 3797 699; x_wconf 83' lang='lat' dir='ltr'><strong>mysterium</strong></span> 
     </span>
    </p>
   </div>
   <div class='ocr_carea' id='block_1_18' title="bbox 2215 721 3796 796">
    <p class='ocr_par' dir='ltr' id='par_1_18' title="bbox 2215 721 3796 796">
     <span class='ocr_line' id='line_1_18' title="bbox 2215 721 3796 796; baseline 0 -18"><span class='ocrx_word' id='word_1_123' title='bbox 2215 725 2358 796; x_wconf 89' lang='lat' dir='ltr'><strong>quod</strong></span> <span class='ocrx_word' id='word_1_124' title='bbox 2387 725 2599 781; x_wconf 57' lang='lat' dir='ltr'><strong>saeculis</strong></span> <span class='ocrx_word' id='word_1_125' title='bbox 2625 734 2680 780; x_wconf 89' lang='lat' dir='ltr'><strong>et</strong></span> <span class='ocrx_word' id='word_1_126' title='bbox 2724 724 3166 796; x_wconf 78' lang='lat' dir='ltr'><strong>generationibus</strong></span> <span class='ocrx_word' id='word_1_127' title='bbox 3211 723 3439 778; x_wconf 89' lang='lat' dir='ltr'><strong>necdum</strong></span> <span class='ocrx_word' id='word_1_128' title='bbox 3472 721 3649 778; x_wconf 89' lang='lat' dir='ltr'><strong>fuerat</strong></span> <span class='ocrx_word' id='word_1_129' title='bbox 3696 724 3796 778; x_wconf 85' lang='lat' dir='ltr'><strong>de-</strong></span> 
     </span>
    </p>
   </div>
   <div class='ocr_carea' id='block_1_19' title="bbox 2218 815 3799 889">
    <p class='ocr_par' dir='ltr' id='par_1_19' title="bbox 2218 815 3799 889">
     <span class='ocr_line' id='line_1_19' title="bbox 2218 815 3799 889; baseline -0.001 -16"><span class='ocrx_word' id='word_1_130' title='bbox 2218 817 2502 874; x_wconf 89' lang='lat' dir='ltr'><strong>claratum.</strong></span> <span class='ocrx_word' id='word_1_131' title='bbox 2551 818 2807 889; x_wconf 88' lang='lat' dir='ltr'><strong>Sequitur</strong></span> <span class='ocrx_word' id='word_1_132' title='bbox 2847 820 3054 875; x_wconf 90' lang='lat' dir='ltr'><strong>interea</strong></span> <span class='ocrx_word' id='word_1_133' title='bbox 3103 818 3286 889; x_wconf 88' lang='lat' dir='ltr'><strong>passio</strong></span> <span class='ocrx_word' id='word_1_134' title='bbox 3330 815 3653 882; x_wconf 88' lang='lat' dir='ltr'><strong>Salvatoris,</strong></span> <span class='ocrx_word' id='word_1_135' title='bbox 3701 831 3799 888; x_wconf 91' lang='lat' dir='ltr'><strong>per</strong></span> 
     </span>
    </p>
   </div>
   <div class='ocr_carea' id='block_1_20' title="bbox 2217 911 3801 982">
    <p class='ocr_par' dir='ltr' id='par_1_20' title="bbox 2217 911 3801 982">
     <span class='ocr_line' id='line_1_20' title="bbox 2217 911 3801 982; baseline 0.003 -18"><span class='ocrx_word' id='word_1_136' title='bbox 2217 925 2377 980; x_wconf 91' lang='lat' dir='ltr'><strong>quam</strong></span> <span class='ocrx_word' id='word_1_137' title='bbox 2420 911 2744 982; x_wconf 86' lang='lat' dir='ltr'><strong>patefactum</strong></span> <span class='ocrx_word' id='word_1_138' title='bbox 2800 921 2884 968; x_wconf 91' lang='lat' dir='ltr'><strong>est</strong></span> <span class='ocrx_word' id='word_1_139' title='bbox 2923 911 3208 967; x_wconf 90' lang='lat' dir='ltr'><strong>consilium</strong></span> <span class='ocrx_word' id='word_1_140' title='bbox 3259 912 3400 982; x_wconf 90' lang='lat' dir='ltr'><strong>quod</strong></span> <span class='ocrx_word' id='word_1_141' title='bbox 3446 927 3546 967; x_wconf 91' lang='lat' dir='ltr'><strong>nec</strong></span> <span class='ocrx_word' id='word_1_142' title='bbox 3593 912 3801 982; x_wconf 75' lang='lat' dir='ltr'><strong>angelis</strong></span> 
     </span>
    </p>
   </div>
   <div class='ocr_carea' id='block_1_21' title="bbox 2215 1003 3795 1075">
    <p class='ocr_par' dir='ltr' id='par_1_21' title="bbox 2215 1003 3795 1075">
     <span class='ocr_line' id='line_1_21' title="bbox 2215 1003 3795 1075; baseline 0 -17"><span class='ocrx_word' id='word_1_143' title='bbox 2215 1012 2337 1058; x_wconf 90' lang='lat' dir='ltr'><strong>erat</strong></span> <span class='ocrx_word' id='word_1_144' title='bbox 2359 1004 2622 1059; x_wconf 86' lang='lat' dir='ltr'><strong>creditum</strong></span> <span class='ocrx_word' id='word_1_145' title='bbox 2641 1045 2654 1067; x_wconf 92' lang='lat'><strong>,</strong></span> <span class='ocrx_word' id='word_1_146' title='bbox 2684 1019 2782 1059; x_wconf 89' lang='lat' dir='ltr'><strong>nec</strong></span> <span class='ocrx_word' id='word_1_147' title='bbox 2826 1003 2880 1058; x_wconf 91' lang='lat' dir='ltr'><strong>in</strong></span> <span class='ocrx_word' id='word_1_148' title='bbox 2912 1003 3072 1058; x_wconf 92' lang='lat' dir='ltr'><strong>terris</strong></span> <span class='ocrx_word' id='word_1_149' title='bbox 3102 1004 3315 1075; x_wconf 88' lang='lat' dir='ltr'><strong>penitus</strong></span> <span class='ocrx_word' id='word_1_150' title='bbox 3344 1004 3795 1060; x_wconf 87' lang='lat' dir='ltr'><strong>demonstratum.</strong></span> 
     </span>
    </p>
   </div>
   <div class='ocr_carea' id='block_1_22' title="bbox 2221 1092 3802 1168">
    <p class='ocr_par' dir='ltr' id='par_1_22' title="bbox 2221 1092 3802 1168">
     <span class='ocr_line' id='line_1_22' title="bbox 2221 1092 3802 1168; baseline 0.003 -21"><span class='ocrx_word' id='word_1_151' title='bbox 2221 1092 2373 1161; x_wconf 85' lang='lat' dir='ltr'><strong>Quod</strong></span> <span class='ocrx_word' id='word_1_152' title='bbox 2393 1097 2438 1148; x_wconf 91' lang='lat' dir='ltr'><strong>si</strong></span> <span class='ocrx_word' id='word_1_153' title='bbox 2460 1096 2836 1168; x_wconf 75' lang='lat' dir='ltr'><strong>cognovissent,</strong></span> <span class='ocrx_word' id='word_1_154' title='bbox 2865 1096 3037 1164; x_wconf 91' lang='lat' dir='ltr'><strong>inquit</strong></span> <span class='ocrx_word' id='word_1_155' title='bbox 3059 1095 3367 1166; x_wconf 86' lang='lat' dir='ltr'><strong>Apostolus,</strong></span> <span class='ocrx_word' id='word_1_156' title='bbox 3397 1112 3662 1168; x_wconf 80' lang='lat' dir='ltr'><strong>nunquam</strong></span> <span class='ocrx_word' id='word_1_157' title='bbox 3694 1095 3802 1151; x_wconf 90' lang='lat' dir='ltr'><strong>Do-</strong></span> 
     </span>
    </p>
   </div>
   <div class='ocr_carea' id='block_1_23' title="bbox 2218 1185 3804 1259">
    <p class='ocr_par' dir='ltr' id='par_1_23' title="bbox 2218 1185 3804 1259">
     <span class='ocr_line' id='line_1_23' title="bbox 2218 1185 3804 1259; baseline 0.004 -21"><span class='ocrx_word' id='word_1_158' title='bbox 2218 1185 2418 1239; x_wconf 88' lang='lat' dir='ltr'><strong>minum</strong></span> <span class='ocrx_word' id='word_1_159' title='bbox 2462 1186 2642 1257; x_wconf 76' lang='lat' dir='ltr'><strong>gloria:</strong></span> <span class='ocrx_word' id='word_1_160' title='bbox 2688 1187 3067 1256; x_wconf 58' lang='lat' dir='ltr'><strong>cruci/inissent</strong></span> <span class='ocrx_word' id='word_1_161' title='bbox 3102 1187 3165 1259; x_wconf 95' lang='grc'><strong>(1</strong></span> <span class='ocrx_word' id='word_1_162' title='bbox 3199 1186 3321 1242; x_wconf 89' lang='lat' dir='ltr'><strong>Cor.</strong></span> <span class='ocrx_word' id='word_1_163' title='bbox 3355 1204 3415 1254; x_wconf 87' lang='lat' dir='ltr'><strong>ll,</strong></span> <span class='ocrx_word' id='word_1_164' title='bbox 3439 1189 3514 1259; x_wconf 88' lang='lat'><strong>8).</strong></span> <span class='ocrx_word' id='word_1_165' title='bbox 3549 1187 3703 1246; x_wconf 86' lang='lat' dir='ltr'><strong>Unde</strong></span> <span class='ocrx_word' id='word_1_166' title='bbox 3746 1195 3804 1244; x_wconf 86' lang='lat' dir='ltr'><strong>et</strong></span> 
     </span>
    </p>
   </div>
   <div class='ocr_carea' id='block_1_24' title="bbox 2218 1276 3798 1350">
    <p class='ocr_par' dir='ltr' id='par_1_24' title="bbox 2218 1276 3798 1350">
     <span class='ocr_line' id='line_1_24' title="bbox 2218 1276 3798 1350; baseline 0.001 -20"><span class='ocrx_word' id='word_1_167' title='bbox 2218 1293 2316 1348; x_wconf 81' lang='lat' dir='ltr'><strong>per</strong></span> <span class='ocrx_word' id='word_1_168' title='bbox 2340 1276 2554 1343; x_wconf 89' lang='lat' dir='ltr'><strong>Isaiam,</strong></span> <span class='ocrx_word' id='word_1_169' title='bbox 2582 1277 2721 1333; x_wconf 91' lang='lat' dir='ltr'><strong>idem</strong></span> <span class='ocrx_word' id='word_1_170' title='bbox 2746 1279 2928 1348; x_wconf 84' lang='lat' dir='ltr'><strong>magni</strong></span> <span class='ocrx_word' id='word_1_171' title='bbox 2951 1278 3162 1334; x_wconf 91' lang='lat' dir='ltr'><strong>consilii</strong></span> <span class='ocrx_word' id='word_1_172' title='bbox 3189 1279 3414 1350; x_wconf 89' lang='lat' dir='ltr'><strong>angelus</strong></span> <span class='ocrx_word' id='word_1_173' title='bbox 3435 1288 3798 1350; x_wconf 79' lang='lat' dir='ltr'><strong>nuncupatur.</strong></span> 
     </span>
    </p>
   </div>
   <div class='ocr_carea' id='block_1_25' title="bbox 2219 1368 3804 1442">
    <p class='ocr_par' dir='ltr' id='par_1_25' title="bbox 2219 1368 3804 1442">
     <span class='ocr_line' id='line_1_25' title="bbox 2219 1368 3804 1442; baseline 0.005 -20"><span class='ocrx_word' id='word_1_174' title='bbox 2219 1368 2336 1436; x_wconf 91' lang='lat' dir='ltr'><strong>Quo</strong></span> <span class='ocrx_word' id='word_1_175' title='bbox 2387 1369 2630 1440; x_wconf 90' lang='lat' dir='ltr'><strong>profecto</strong></span> <span class='ocrx_word' id='word_1_176' title='bbox 2682 1371 2882 1442; x_wconf 90' lang='lat' dir='ltr'><strong>liquet,</strong></span> <span class='ocrx_word' id='word_1_177' title='bbox 2922 1371 2973 1425; x_wconf 94' lang='lat' dir='ltr'><strong>in</strong></span> <span class='ocrx_word' id='word_1_178' title='bbox 3025 1381 3230 1426; x_wconf 73' lang='lat' dir='ltr'><strong>mterno</strong></span> <span class='ocrx_word' id='word_1_179' title='bbox 3278 1389 3378 1427; x_wconf 88' lang='lat' dir='ltr'><strong>suo</strong></span> <span class='ocrx_word' id='word_1_180' title='bbox 3427 1373 3657 1429; x_wconf 90' lang='lat' dir='ltr'><strong>consilio</strong></span> <span class='ocrx_word' id='word_1_181' title='bbox 3699 1374 3804 1430; x_wconf 91' lang='lat' dir='ltr'><strong>hoc</strong></span> 
     </span>
    </p>
   </div>
   <div class='ocr_carea' id='block_1_26' title="bbox 2219 1461 3803 1533">
    <p class='ocr_par' dir='ltr' id='par_1_26' title="bbox 2219 1461 3803 1533">
     <span class='ocr_line' id='line_1_26' title="bbox 2219 1461 3803 1533; baseline 0.001 -17"><span class='ocrx_word' id='word_1_182' title='bbox 2219 1461 2461 1532; x_wconf 86' lang='lat' dir='ltr'><strong>mysterii</strong></span> <span class='ocrx_word' id='word_1_183' title='bbox 2508 1472 2906 1517; x_wconf 88' lang='lat' dir='ltr'><strong>sacramentum</strong></span> <span class='ocrx_word' id='word_1_184' title='bbox 2951 1478 3165 1533; x_wconf 90' lang='lat' dir='ltr'><strong>semper</strong></span> <span class='ocrx_word' id='word_1_185' title='bbox 3197 1462 3362 1518; x_wconf 82' lang='lat' dir='ltr'><strong>fuisse</strong></span> <span class='ocrx_word' id='word_1_186' title='bbox 3403 1463 3803 1530; x_wconf 86' lang='lat' dir='ltr'><strong>absconditum,</strong></span> 
     </span>
    </p>
   </div>
   <div class='ocr_carea' id='block_1_27' title="bbox 2218 1553 3800 1625">
    <p class='ocr_par' dir='ltr' id='par_1_27' title="bbox 2218 1553 3800 1625">
     <span class='ocr_line' id='line_1_27' title="bbox 2218 1553 3800 1625; baseline 0.004 -18"><span class='ocrx_word' id='word_1_187' title='bbox 2218 1553 2362 1624; x_wconf 92' lang='lat' dir='ltr'><strong>quod</strong></span> <span class='ocrx_word' id='word_1_188' title='bbox 2414 1555 2723 1609; x_wconf 84' lang='lat' dir='ltr'><strong>novissimis</strong></span> <span class='ocrx_word' id='word_1_189' title='bbox 2773 1557 3106 1625; x_wconf 87' lang='lat' dir='ltr'><strong>temporibus</strong></span> <span class='ocrx_word' id='word_1_190' title='bbox 3149 1557 3400 1612; x_wconf 90' lang='lat' dir='ltr'><strong>omnibus</strong></span> <span class='ocrx_word' id='word_1_191' title='bbox 3429 1566 3513 1612; x_wconf 84' lang='lat' dir='ltr'><strong>est</strong></span> <span class='ocrx_word' id='word_1_192' title='bbox 3554 1557 3800 1612; x_wconf 80' lang='lat' dir='ltr'><strong>declara-</strong></span> 
     </span>
    </p>
   </div>
   <div class='ocr_carea' id='block_1_28' title="bbox 2221 1644 3806 1720">
    <p class='ocr_par' dir='ltr' id='par_1_28' title="bbox 2221 1644 3806 1720">
     <span class='ocr_line' id='line_1_28' title="bbox 2221 1644 3806 1720; baseline 0.004 -22"><span class='ocrx_word' id='word_1_193' title='bbox 2221 1653 2353 1699; x_wconf 90' lang='lat' dir='ltr'><strong>tum.</strong></span> <span class='ocrx_word' id='word_1_194' title='bbox 2383 1644 2647 1700; x_wconf 65' lang='lat' dir='ltr'><strong>Caaterum</strong></span> <span class='ocrx_word' id='word_1_195' title='bbox 2671 1647 2882 1702; x_wconf 91' lang='lat' dir='ltr'><strong>consilii</strong></span> <span class='ocrx_word' id='word_1_196' title='bbox 2909 1648 3075 1702; x_wconf 91' lang='lat' dir='ltr'><strong>nostri</strong></span> <span class='ocrx_word' id='word_1_197' title='bbox 3107 1663 3316 1702; x_wconf 92' lang='lat' dir='ltr'><strong>summa</strong></span> <span class='ocrx_word' id='word_1_198' title='bbox 3355 1665 3422 1704; x_wconf 89' lang='lat' dir='ltr'><strong>ex</strong></span> <span class='ocrx_word' id='word_1_199' title='bbox 3470 1649 3572 1704; x_wconf 84' lang='lat' dir='ltr'><strong>hoc</strong></span> <span class='ocrx_word' id='word_1_200' title='bbox 3597 1649 3806 1720; x_wconf 83' lang='lat' dir='ltr'><strong>colligi-</strong></span> 
     </span>
    </p>
   </div>
   <div class='ocr_carea' id='block_1_29' title="bbox 2219 1737 3806 1809">
    <p class='ocr_par' dir='ltr' id='par_1_29' title="bbox 2219 1737 3806 1809">
     <span class='ocr_line' id='line_1_29' title="bbox 2219 1737 3806 1809; baseline 0.003 -21"><span class='ocrx_word' id='word_1_201' title='bbox 2219 1743 2327 1801; x_wconf 91' lang='lat' dir='ltr'><strong>tur,</strong></span> <span class='ocrx_word' id='word_1_202' title='bbox 2351 1743 2410 1790; x_wconf 90' lang='lat' dir='ltr'><strong>ut</strong></span> <span class='ocrx_word' id='word_1_203' title='bbox 2439 1738 2638 1792; x_wconf 90' lang='lat' dir='ltr'><strong>mortui</strong></span> <span class='ocrx_word' id='word_1_204' title='bbox 2670 1737 2867 1792; x_wconf 68' lang='lat' dir='ltr'><strong>saeculo</strong></span> <span class='ocrx_word' id='word_1_205' title='bbox 2894 1739 3318 1792; x_wconf 89' lang='lat' dir='ltr'><strong>commoriamur</strong></span> <span class='ocrx_word' id='word_1_206' title='bbox 3343 1737 3582 1804; x_wconf 84' lang='lat' dir='ltr'><strong>Christo,</strong></span> <span class='ocrx_word' id='word_1_207' title='bbox 3612 1740 3656 1793; x_wconf 86' lang='lat' dir='ltr'><strong>si</strong></span> <span class='ocrx_word' id='word_1_208' title='bbox 3697 1755 3806 1809; x_wconf 86' lang='lat' dir='ltr'><strong>quo</strong></span> 
     </span>
    </p>
   </div>
   <div class='ocr_carea' id='block_1_30' title="bbox 2220 1826 3808 1899">
    <p class='ocr_par' dir='ltr' id='par_1_30' title="bbox 2220 1826 3808 1899">
     <span class='ocr_line' id='line_1_30' title="bbox 2220 1826 3808 1899; baseline 0.003 -20"><span class='ocrx_word' id='word_1_209' title='bbox 2220 1826 2378 1879; x_wconf 91' lang='lat' dir='ltr'><strong>modo</strong></span> <span class='ocrx_word' id='word_1_210' title='bbox 2405 1828 2454 1881; x_wconf 90' lang='lat' dir='ltr'><strong>ei</strong></span> <span class='ocrx_word' id='word_1_211' title='bbox 2481 1829 2766 1884; x_wconf 82' lang='lat' dir='ltr'><strong>convivere</strong></span> <span class='ocrx_word' id='word_1_212' title='bbox 2807 1829 3074 1899; x_wconf 91' lang='lat' dir='ltr'><strong>possimus</strong></span> <span class='ocrx_word' id='word_1_213' title='bbox 3117 1831 3208 1899; x_wconf 88' lang='lat' dir='ltr'><strong>qui</strong></span> <span class='ocrx_word' id='word_1_214' title='bbox 3238 1845 3305 1884; x_wconf 76' lang='lat' dir='ltr'><strong>ex</strong></span> <span class='ocrx_word' id='word_1_215' title='bbox 3350 1830 3577 1886; x_wconf 89' lang='lat' dir='ltr'><strong>mortuis</strong></span> <span class='ocrx_word' id='word_1_216' title='bbox 3624 1847 3808 1886; x_wconf 83' lang='lat' dir='ltr'><strong>resur-</strong></span> 
     </span>
    </p>
   </div>
   <div class='ocr_carea' id='block_1_31' title="bbox 532 1909 2121 1994">
    <p class='ocr_par' dir='ltr' id='par_1_31' title="bbox 532 1910 2112 1986">
     <span class='ocr_line' id='line_1_31' title="bbox 532 1910 2112 1986; baseline -0.015 1"><span class='ocrx_word' id='word_1_217' title='bbox 532 1930 688 1986; x_wconf 87' lang='lat' dir='ltr'><strong>nobis</strong></span> <span class='ocrx_word' id='word_1_218' title='bbox 733 1930 930 1985; x_wconf 88' lang='lat' dir='ltr'><strong>bonmn</strong></span> <span class='ocrx_word' id='word_1_219' title='bbox 991 1925 1168 1978; x_wconf 89' lang='lat' dir='ltr'><strong>adhuc</strong></span> <span class='ocrx_word' id='word_1_220' title='bbox 1209 1918 1492 1980; x_wconf 86' lang='lat' dir='ltr'><strong>denuntiat</strong></span> <span class='ocrx_word' id='word_1_221' title='bbox 1525 1925 1580 1970; x_wconf 93' lang='lat' dir='ltr'><strong>et</strong></span> <span class='ocrx_word' id='word_1_222' title='bbox 1624 1912 1933 1984; x_wconf 90' lang='lat' dir='ltr'><strong>promittit,</strong></span> <span class='ocrx_word' id='word_1_223' title='bbox 1985 1910 2112 1963; x_wconf 91' lang='lat' dir='ltr'><strong>illud</strong></span> 
     </span>
    </p>
   </div>
   <div class='ocr_carea' id='block_1_32' title="bbox 2221 1909 3805 1994">
    <p class='ocr_par' dir='ltr' id='par_1_32' title="bbox 2221 1919 3805 1994">
     <span class='ocr_line' id='line_1_32' title="bbox 2221 1919 3805 1994; baseline 0.005 -22"><span class='ocrx_word' id='word_1_224' title='bbox 2221 1919 2380 1973; x_wconf 90' lang='lat' dir='ltr'><strong>rexit.</strong></span> <span class='ocrx_word' id='word_1_225' title='bbox 2407 1920 2478 1974; x_wconf 87' lang='lat' dir='ltr'><strong>At</strong></span> <span class='ocrx_word' id='word_1_226' title='bbox 2520 1937 2649 1976; x_wconf 88' lang='lat' dir='ltr'><strong>vero</strong></span> <span class='ocrx_word' id='word_1_227' title='bbox 2693 1923 2836 1992; x_wconf 91' lang='lat' dir='ltr'><strong>quod</strong></span> <span class='ocrx_word' id='word_1_228' title='bbox 2866 1923 3106 1994; x_wconf 86' lang='lat' dir='ltr'><strong>sepultus</strong></span> <span class='ocrx_word' id='word_1_229' title='bbox 3129 1924 3197 1977; x_wconf 91' lang='lat' dir='ltr'><strong>ad</strong></span> <span class='ocrx_word' id='word_1_230' title='bbox 3231 1923 3470 1979; x_wconf 86' lang='lat' dir='ltr'><strong>infernos</strong></span> <span class='ocrx_word' id='word_1_231' title='bbox 3495 1925 3805 1991; x_wconf 89' lang='lat' dir='ltr'><strong>descendit,</strong></span> 
     </span>
    </p>
   </div>
   <div class='ocr_carea' id='block_1_33' title="bbox 530 2001 2114 2087">
    <p class='ocr_par' dir='ltr' id='par_1_33' title="bbox 530 2001 2114 2087">
     <span class='ocr_line' id='line_1_33' title="bbox 530 2001 2114 2087; baseline -0.015 -10"><span class='ocrx_word' id='word_1_232' title='bbox 530 2021 775 2082; x_wconf 88' lang='lat' dir='ltr'><strong>scilicet,</strong></span> <span class='ocrx_word' id='word_1_233' title='bbox 825 2017 1039 2087; x_wconf 85' lang='lat' dir='ltr'><strong>quando</strong></span> <span class='ocrx_word' id='word_1_234' title='bbox 1074 2023 1334 2068; x_wconf 85' lang='lat' dir='ltr'><strong>venturus</strong></span> <span class='ocrx_word' id='word_1_235' title='bbox 1381 2009 1447 2062; x_wconf 89' lang='lat' dir='ltr'><strong>ad</strong></span> <span class='ocrx_word' id='word_1_236' title='bbox 1493 2005 1763 2062; x_wconf 82' lang='lat' dir='ltr'><strong>Judieium</strong></span> <span class='ocrx_word' id='word_1_237' title='bbox 1803 2001 2114 2057; x_wconf 87' lang='lat' dir='ltr'><strong>redditurus</strong></span> 
     </span>
    </p>
   </div>
   <div class='ocr_carea' id='block_1_34' title="bbox 529 2095 2115 2179">
    <p class='ocr_par' dir='ltr' id='par_1_34' title="bbox 529 2095 2115 2179">
     <span class='ocr_line' id='line_1_34' title="bbox 529 2095 2115 2179; baseline -0.015 -9"><span class='ocrx_word' id='word_1_238' title='bbox 529 2123 612 2170; x_wconf 89' lang='lat' dir='ltr'><strong>est</strong></span> <span class='ocrx_word' id='word_1_239' title='bbox 644 2111 934 2179; x_wconf 88' lang='lat' dir='ltr'><strong>unicuique</strong></span> <span class='ocrx_word' id='word_1_240' title='bbox 965 2115 1125 2178; x_wconf 92' lang='lat' dir='ltr'><strong>prout</strong></span> <span class='ocrx_word' id='word_1_241' title='bbox 1163 2104 1345 2176; x_wconf 88' lang='lat' dir='ltr'><strong>gessit.</strong></span> <span class='ocrx_word' id='word_1_242' title='bbox 1381 2102 1633 2156; x_wconf 84' lang='lat' dir='ltr'><strong>Dicturus</strong></span> <span class='ocrx_word' id='word_1_243' title='bbox 1676 2107 1760 2153; x_wconf 90' lang='lat' dir='ltr'><strong>est</strong></span> <span class='ocrx_word' id='word_1_244' title='bbox 1802 2095 1946 2152; x_wconf 91' lang='lat' dir='ltr'><strong>enim</strong></span> <span class='ocrx_word' id='word_1_245' title='bbox 1993 2109 2115 2148; x_wconf 89' lang='lat' dir='ltr'><strong>san-</strong></span> 
     </span>
    </p>
   </div>
   <div class='ocr_carea' id='block_1_35' title="bbox 530 2191 2117 2268">
    <p class='ocr_par' dir='ltr' id='par_1_35' title="bbox 530 2191 2117 2268">
     <span class='ocr_line' id='line_1_35' title="bbox 530 2191 2117 2268; baseline -0.016 -4"><span class='ocrx_word' id='word_1_246' title='bbox 530 2209 632 2265; x_wconf 86' lang='lat' dir='ltr'><strong>ctis</strong></span> <span class='ocrx_word' id='word_1_247' title='bbox 665 2225 677 2260; x_wconf 91' lang='lat'><strong>:</strong></span> <span class='ocrx_word' id='word_1_248' title='bbox 712 2205 924 2268; x_wconf 87' lang='lat' dir='ltr'><strong>Venite,</strong></span> <span class='ocrx_word' id='word_1_249' title='bbox 952 2199 1203 2257; x_wconf 74' lang='lat' dir='ltr'><strong>benedicti</strong></span> <span class='ocrx_word' id='word_1_250' title='bbox 1246 2196 1424 2250; x_wconf 89' lang='lat' dir='ltr'><strong>Patris</strong></span> <span class='ocrx_word' id='word_1_251' title='bbox 1471 2195 1592 2257; x_wconf 89' lang='lat' dir='ltr'><strong>mei,</strong></span> <span class='ocrx_word' id='word_1_252' title='bbox 1617 2191 1860 2263; x_wconf 86' lang='lat' dir='ltr'><strong>percipite</strong></span> <span class='ocrx_word' id='word_1_253' title='bbox 1903 2204 2117 2258; x_wconf 83' lang='lat' dir='ltr'><strong>regnum</strong></span> 
     </span>
    </p>
   </div>
   <div class='ocr_carea' id='block_1_36' title="bbox 527 2279 2112 2370">
    <p class='ocr_par' dir='ltr' id='par_1_36' title="bbox 527 2279 2112 2370">
     <span class='ocr_line' id='line_1_36' title="bbox 527 2279 2112 2370; baseline -0.015 -15"><span class='ocrx_word' id='word_1_254' title='bbox 527 2299 668 2370; x_wconf 89' lang='lat' dir='ltr'><strong>quod</strong></span> <span class='ocrx_word' id='word_1_255' title='bbox 709 2297 848 2353; x_wconf 83' lang='lat' dir='ltr'><strong>vobis</strong></span> <span class='ocrx_word' id='word_1_256' title='bbox 887 2306 1130 2366; x_wconf 87' lang='lat' dir='ltr'><strong>paratum</strong></span> <span class='ocrx_word' id='word_1_257' title='bbox 1177 2301 1249 2345; x_wconf 87' lang='lat' dir='ltr'><strong>est</strong></span> <span class='ocrx_word' id='word_1_258' title='bbox 1303 2289 1367 2342; x_wconf 87' lang='lat' dir='ltr'><strong>ab</strong></span> <span class='ocrx_word' id='word_1_259' title='bbox 1413 2287 1613 2356; x_wconf 85' lang='lat' dir='ltr'><strong>origine</strong></span> <span class='ocrx_word' id='word_1_260' title='bbox 1661 2285 1844 2337; x_wconf 78' lang='lat' dir='ltr'><strong>mundi</strong></span> <span class='ocrx_word' id='word_1_261' title='bbox 1891 2279 2112 2352; x_wconf 81' lang='lat' dir='ltr'><strong>(Matth.</strong></span> 
     </span>
    </p>
   </div>
   <div class='ocr_carea' id='block_1_37' title="bbox 529 2377 2120 2462">
    <p class='ocr_par' dir='ltr' id='par_1_37' title="bbox 529 2377 2120 2462">
     <span class='ocr_line' id='line_1_37' title="bbox 529 2377 2120 2462; baseline -0.013 -15"><span class='ocrx_word' id='word_1_262' title='bbox 529 2407 657 2456; x_wconf 89' lang='lat' dir='ltr'><strong>xxv,</strong></span> <span class='ocrx_word' id='word_1_263' title='bbox 689 2390 803 2462; x_wconf 69' lang='lat'><strong>35).</strong></span> <span class='ocrx_word' id='word_1_264' title='bbox 837 2389 916 2444; x_wconf 82' lang='lat' dir='ltr'><strong>Ex</strong></span> <span class='ocrx_word' id='word_1_265' title='bbox 969 2387 1051 2442; x_wconf 91' lang='lat' dir='ltr'><strong>his</strong></span> <span class='ocrx_word' id='word_1_266' title='bbox 1098 2400 1226 2455; x_wconf 81' lang='lat' dir='ltr'><strong>ergo</strong></span> <span class='ocrx_word' id='word_1_267' title='bbox 1271 2381 1589 2451; x_wconf 88' lang='lat' dir='ltr'><strong>conjicimus</strong></span> <span class='ocrx_word' id='word_1_268' title='bbox 1637 2377 1780 2448; x_wconf 91' lang='lat' dir='ltr'><strong>quod</strong></span> <span class='ocrx_word' id='word_1_269' title='bbox 1831 2377 1943 2431; x_wconf 73' lang='lat' dir='ltr'><strong>haec</strong></span> <span class='ocrx_word' id='word_1_270' title='bbox 1993 2381 2120 2429; x_wconf 89' lang='lat' dir='ltr'><strong>sunt</strong></span> 
     </span>
    </p>
   </div>
   <div class='ocr_carea' id='block_1_38' title="bbox 527 2468 2118 2556">
    <p class='ocr_par' dir='ltr' id='par_1_38' title="bbox 527 2468 2118 2556">
     <span class='ocr_line' id='line_1_38' title="bbox 527 2468 2118 2556; baseline -0.013 -15"><span class='ocrx_word' id='word_1_271' title='bbox 527 2493 733 2556; x_wconf 83' lang='lat' dir='ltr'><strong>septem</strong></span> <span class='ocrx_word' id='word_1_272' title='bbox 763 2481 847 2535; x_wconf 92' lang='lat' dir='ltr'><strong>illa</strong></span> <span class='ocrx_word' id='word_1_273' title='bbox 880 2479 1073 2551; x_wconf 80' lang='lat' dir='ltr'><strong>sigilla,</strong></span> <span class='ocrx_word' id='word_1_274' title='bbox 1103 2478 1298 2547; x_wconf 86' lang='lat' dir='ltr'><strong>quibus</strong></span> <span class='ocrx_word' id='word_1_275' title='bbox 1333 2475 1386 2528; x_wconf 92' lang='lat' dir='ltr'><strong>in</strong></span> <span class='ocrx_word' id='word_1_276' title='bbox 1421 2470 1743 2543; x_wconf 79' lang='lat' dir='ltr'><strong>Apocalypsi</strong></span> <span class='ocrx_word' id='word_1_277' title='bbox 1779 2468 1918 2523; x_wconf 91' lang='lat' dir='ltr'><strong>liber</strong></span> <span class='ocrx_word' id='word_1_278' title='bbox 1945 2468 2118 2538; x_wconf 84' lang='lat' dir='ltr'><strong>signa-</strong></span> 
     </span>
    </p>
   </div>
   <div class='ocr_carea' id='block_1_39' title="bbox 529 2561 2119 2644">
    <p class='ocr_par' dir='ltr' id='par_1_39' title="bbox 529 2561 2119 2644">
     <span class='ocr_line' id='line_1_39' title="bbox 529 2561 2119 2644; baseline -0.014 -8"><span class='ocrx_word' id='word_1_279' title='bbox 529 2588 615 2636; x_wconf 85' lang='lat' dir='ltr'><strong>tus</strong></span> <span class='ocrx_word' id='word_1_280' title='bbox 645 2585 983 2632; x_wconf 87' lang='lat' dir='ltr'><strong>monstratur</strong></span> <span class='ocrx_word' id='word_1_281' title='bbox 1011 2574 1200 2644; x_wconf 78' lang='lat' dir='ltr'><strong>(Apoc.</strong></span> <span class='ocrx_word' id='word_1_282' title='bbox 1230 2587 1285 2633; x_wconf 90' lang='lat' dir='ltr'><strong>v,</strong></span> <span class='ocrx_word' id='word_1_283' title='bbox 1318 2571 1400 2639; x_wconf 88' lang='lat' dir='ltr'><strong>l);</strong></span> <span class='ocrx_word' id='word_1_284' title='bbox 1452 2568 1505 2622; x_wconf 90' lang='lat' dir='ltr'><strong>in</strong></span> <span class='ocrx_word' id='word_1_285' title='bbox 1552 2582 1660 2636; x_wconf 89' lang='lat' dir='ltr'><strong>quo</strong></span> <span class='ocrx_word' id='word_1_286' title='bbox 1691 2563 1934 2634; x_wconf 87' lang='lat' dir='ltr'><strong>profecto</strong></span> <span class='ocrx_word' id='word_1_287' title='bbox 1981 2561 2119 2615; x_wconf 88' lang='lat' dir='ltr'><strong>libro</strong></span> 
     </span>
    </p>
   </div>
   <div class='ocr_carea' id='block_1_40' title="bbox 526 2651 2118 2740">
    <p class='ocr_par' dir='ltr' id='par_1_40' title="bbox 526 2651 2118 2740">
     <span class='ocr_line' id='line_1_40' title="bbox 526 2651 2118 2740; baseline -0.011 -18"><span class='ocrx_word' id='word_1_288' title='bbox 526 2683 861 2740; x_wconf 77' lang='lat' dir='ltr'><strong>quzecunqne</strong></span> <span class='ocrx_word' id='word_1_289' title='bbox 883 2675 1011 2720; x_wconf 90' lang='lat' dir='ltr'><strong>sunt</strong></span> <span class='ocrx_word' id='word_1_290' title='bbox 1059 2661 1275 2732; x_wconf 89' lang='lat' dir='ltr'><strong>impleta</strong></span> <span class='ocrx_word' id='word_1_291' title='bbox 1301 2661 1353 2714; x_wconf 91' lang='lat' dir='ltr'><strong>in</strong></span> <span class='ocrx_word' id='word_1_292' title='bbox 1381 2657 1620 2721; x_wconf 78' lang='lat' dir='ltr'><strong>Christo,</strong></span> <span class='ocrx_word' id='word_1_293' title='bbox 1659 2653 1884 2726; x_wconf 80' lang='lat' dir='ltr'><strong>myStice</strong></span> <span class='ocrx_word' id='word_1_294' title='bbox 1917 2651 2118 2720; x_wconf 91' lang='lat' dir='ltr'><strong>scripta</strong></span> 
     </span>
    </p>
   </div>
   <div class='ocr_carea' id='block_1_41' title="bbox 527 2742 2119 2828">
    <p class='ocr_par' dir='ltr' id='par_1_41' title="bbox 527 2742 2119 2828">
     <span class='ocr_line' id='line_1_41' title="bbox 527 2742 2119 2828; baseline -0.012 -15"><span class='ocrx_word' id='word_1_295' title='bbox 527 2755 698 2815; x_wconf 84' lang='lat' dir='ltr'><strong>fuisse</strong></span> <span class='ocrx_word' id='word_1_296' title='bbox 722 2759 1030 2828; x_wconf 87' lang='lat' dir='ltr'><strong>probamus.</strong></span> <span class='ocrx_word' id='word_1_297' title='bbox 1058 2753 1209 2810; x_wconf 89' lang='lat' dir='ltr'><strong>Unde</strong></span> <span class='ocrx_word' id='word_1_298' title='bbox 1245 2751 1453 2806; x_wconf 90' lang='lat' dir='ltr'><strong>duobus</strong></span> <span class='ocrx_word' id='word_1_299' title='bbox 1481 2750 1534 2804; x_wconf 91' lang='lat' dir='ltr'><strong>in</strong></span> <span class='ocrx_word' id='word_1_300' title='bbox 1561 2749 1648 2802; x_wconf 90' lang='lat' dir='ltr'><strong>via</strong></span> <span class='ocrx_word' id='word_1_301' title='bbox 1679 2748 1743 2802; x_wconf 91' lang='lat' dir='ltr'><strong>de</strong></span> <span class='ocrx_word' id='word_1_302' title='bbox 1771 2760 1828 2800; x_wconf 89' lang='lat' dir='ltr'><strong>se</strong></span> <span class='ocrx_word' id='word_1_303' title='bbox 1853 2742 2119 2813; x_wconf 80' lang='lat' dir='ltr'><strong>loquenti-</strong></span> 
     </span>
    </p>
   </div>
   <div class='ocr_carea' id='block_1_42' title="bbox 526 2835 2117 2922">
    <p class='ocr_par' dir='ltr' id='par_1_42' title="bbox 526 2835 2117 2922">
     <span class='ocr_line' id='line_1_42' title="bbox 526 2835 2117 2922; baseline -0.014 -13"><span class='ocrx_word' id='word_1_304' title='bbox 526 2853 631 2910; x_wconf 87' lang='lat' dir='ltr'><strong>bus</strong></span> <span class='ocrx_word' id='word_1_305' title='bbox 655 2850 948 2922; x_wconf 76' lang='lat' dir='ltr'><strong>exprobrat</strong></span> <span class='ocrx_word' id='word_1_306' title='bbox 978 2848 1163 2902; x_wconf 89' lang='lat' dir='ltr'><strong>dicens</strong></span> <span class='ocrx_word' id='word_1_307' title='bbox 1194 2863 1207 2899; x_wconf 91' lang='lat'><strong>:</strong></span> <span class='ocrx_word' id='word_1_308' title='bbox 1245 2843 1290 2898; x_wconf 91' lang='lat'><em>0</em></span> <span class='ocrx_word' id='word_1_309' title='bbox 1332 2843 1472 2897; x_wconf 85' lang='lat' dir='ltr'><strong>tardi</strong></span> <span class='ocrx_word' id='word_1_310' title='bbox 1511 2839 1666 2894; x_wconf 85' lang='lat' dir='ltr'><strong>corde</strong></span> <span class='ocrx_word' id='word_1_311' title='bbox 1705 2839 1773 2891; x_wconf 90' lang='lat' dir='ltr'><strong>ad</strong></span> <span class='ocrx_word' id='word_1_312' title='bbox 1803 2835 2117 2890; x_wconf 85' lang='lat' dir='ltr'><strong>credendum</strong></span> 
     </span>
    </p>
   </div>
   <div class='ocr_carea' id='block_1_43' title="bbox 527 2929 2130 3013">
    <p class='ocr_par' dir='ltr' id='par_1_43' title="bbox 527 2929 2130 3013">
     <span class='ocr_line' id='line_1_43' title="bbox 527 2929 2130 3013; baseline -0.012 -14"><span class='ocrx_word' id='word_1_313' title='bbox 527 2947 584 2999; x_wconf 90' lang='lat' dir='ltr'><strong>in</strong></span> <span class='ocrx_word' id='word_1_314' title='bbox 605 2942 842 2999; x_wconf 90' lang='lat' dir='ltr'><strong>omnibus</strong></span> <span class='ocrx_word' id='word_1_315' title='bbox 873 2940 1197 3013; x_wconf 77' lang='lat' dir='ltr'><strong>qutelocutce</strong></span> <span class='ocrx_word' id='word_1_316' title='bbox 1240 2945 1360 2991; x_wconf 86' lang='lat' dir='ltr'><strong>sunt</strong></span> <span class='ocrx_word' id='word_1_317' title='bbox 1397 2931 1725 3001; x_wconf 69' lang='lat' dir='ltr'><strong>Scriptum!</strong></span> <span class='ocrx_word' id='word_1_318' title='bbox 1759 2930 1822 2984; x_wconf 83' lang='lat' dir='ltr'><strong>Et</strong></span> <span class='ocrx_word' id='word_1_319' title='bbox 1867 2929 2130 2999; x_wconf 74' lang='lat' dir='ltr'><strong>incipiens</strong></span> 
     </span>
    </p>
   </div>
   <div class='ocr_carea' id='block_1_44' title="bbox 528 3021 2119 3106">
    <p class='ocr_par' dir='ltr' id='par_1_44' title="bbox 528 3021 2119 3106">
     <span class='ocr_line' id='line_1_44' title="bbox 528 3021 2119 3106; baseline -0.011 -15"><span class='ocrx_word' id='word_1_320' title='bbox 528 3053 563 3092; x_wconf 90' lang='lat' dir='ltr'><strong>a</strong></span> <span class='ocrx_word' id='word_1_321' title='bbox 586 3034 768 3106; x_wconf 78' lang='lat' dir='ltr'><strong>Moyse</strong></span> <span class='ocrx_word' id='word_1_322' title='bbox 797 3041 844 3087; x_wconf 90' lang='lat' dir='ltr'><strong>et</strong></span> <span class='ocrx_word' id='word_1_323' title='bbox 883 3030 1165 3102; x_wconf 85' lang='lat' dir='ltr'><strong>praphctis,</strong></span> <span class='ocrx_word' id='word_1_324' title='bbox 1200 3026 1644 3098; x_wconf 84' lang='lat' dir='ltr'><strong>interpretabatur</strong></span> <span class='ocrx_word' id='word_1_325' title='bbox 1678 3022 1783 3076; x_wconf 84' lang='lat' dir='ltr'><strong>illis</strong></span> <span class='ocrx_word' id='word_1_326' title='bbox 1833 3021 2010 3076; x_wconf 87' lang='lat' dir='ltr'><strong>omnia</strong></span> <span class='ocrx_word' id='word_1_327' title='bbox 2063 3021 2119 3074; x_wconf 90' lang='lat' dir='ltr'><strong>in</strong></span> 
     </span>
    </p>
   </div>
   <div class='ocr_carea' id='block_1_45' title="bbox 529 3115 2114 3196">
    <p class='ocr_par' dir='ltr' id='par_1_45' title="bbox 529 3115 2114 3196">
     <span class='ocr_line' id='line_1_45' title="bbox 529 3115 2114 3196; baseline -0.01 -12"><span class='ocrx_word' id='word_1_328' title='bbox 529 3127 768 3184; x_wconf 86' lang='lat' dir='ltr'><strong>omnibus</strong></span> <span class='ocrx_word' id='word_1_329' title='bbox 787 3123 1072 3196; x_wconf 86' lang='lat' dir='ltr'><strong>Scripturis</strong></span> <span class='ocrx_word' id='word_1_330' title='bbox 1098 3139 1215 3194; x_wconf 67' lang='lat' dir='ltr'><strong>qua:</strong></span> <span class='ocrx_word' id='word_1_331' title='bbox 1238 3122 1433 3190; x_wconf 85' lang='lat' dir='ltr'><strong>scripta</strong></span> <span class='ocrx_word' id='word_1_332' title='bbox 1456 3128 1604 3173; x_wconf 89' lang='lat' dir='ltr'><strong>erant</strong></span> <span class='ocrx_word' id='word_1_333' title='bbox 1632 3117 1696 3172; x_wconf 87' lang='lat' dir='ltr'><strong>de</strong></span> <span class='ocrx_word' id='word_1_334' title='bbox 1717 3135 1775 3172; x_wconf 89' lang='lat' dir='ltr'><strong>eo</strong></span> <span class='ocrx_word' id='word_1_335' title='bbox 1792 3115 1942 3176; x_wconf 83' lang='lat' dir='ltr'><strong>(Luc.</strong></span> <span class='ocrx_word' id='word_1_336' title='bbox 1968 3131 2114 3179; x_wconf 71' lang='lat' dir='ltr'><strong>xxxv,</strong></span> 
     </span>
    </p>
   </div>
   <div class='ocr_carea' id='block_1_46' title="bbox 525 3207 2119 3292">
    <p class='ocr_par' dir='ltr' id='par_1_46' title="bbox 525 3207 2119 3292">
     <span class='ocr_line' id='line_1_46' title="bbox 525 3207 2119 3292; baseline -0.009 -18"><span class='ocrx_word' id='word_1_337' title='bbox 525 3218 642 3292; x_wconf 76' lang='grc'><strong>25).</strong></span> <span class='ocrx_word' id='word_1_338' title='bbox 673 3215 1134 3286; x_wconf 85' lang='lat' dir='ltr'><strong>lnterpretabatnr</strong></span> <span class='ocrx_word' id='word_1_339' title='bbox 1161 3222 1340 3267; x_wconf 91' lang='lat' dir='ltr'><strong>autem</strong></span> <span class='ocrx_word' id='word_1_340' title='bbox 1373 3226 1479 3264; x_wconf 91' lang='lat' dir='ltr'><strong>non</strong></span> <span class='ocrx_word' id='word_1_341' title='bbox 1507 3209 1650 3262; x_wconf 89' lang='lat' dir='ltr'><strong>aliud</strong></span> <span class='ocrx_word' id='word_1_342' title='bbox 1676 3223 1838 3278; x_wconf 90' lang='lat' dir='ltr'><strong>quam</strong></span> <span class='ocrx_word' id='word_1_343' title='bbox 1880 3207 2119 3276; x_wconf 89' lang='lat' dir='ltr'><strong>Evange-</strong></span> 
     </span>
    </p>
   </div>
   <div class='ocr_carea' id='block_1_47' title="bbox 2221 2011 3808 2089">
    <p class='ocr_par' dir='ltr' id='par_1_47' title="bbox 2221 2011 3808 2089">
     <span class='ocr_line' id='line_1_47' title="bbox 2221 2011 3808 2089; baseline 0.008 -26"><span class='ocrx_word' id='word_1_344' title='bbox 2221 2011 2346 2081; x_wconf 88' lang='lat' dir='ltr'><strong>quid</strong></span> <span class='ocrx_word' id='word_1_345' title='bbox 2397 2012 2540 2067; x_wconf 88' lang='lat' dir='ltr'><strong>aliud</strong></span> <span class='ocrx_word' id='word_1_346' title='bbox 2586 2030 2745 2084; x_wconf 90' lang='lat' dir='ltr'><strong>quam</strong></span> <span class='ocrx_word' id='word_1_347' title='bbox 2803 2015 2974 2070; x_wconf 88' lang='lat' dir='ltr'><strong>virtus</strong></span> <span class='ocrx_word' id='word_1_348' title='bbox 3023 2016 3355 2072; x_wconf 86' lang='lat' dir='ltr'><strong>fortitudinis</strong></span> <span class='ocrx_word' id='word_1_349' title='bbox 3405 2018 3540 2072; x_wconf 89' lang='lat' dir='ltr'><strong>fuit?</strong></span> <span class='ocrx_word' id='word_1_350' title='bbox 3577 2019 3650 2072; x_wconf 70' lang='lat' dir='ltr'><strong>De</strong></span> <span class='ocrx_word' id='word_1_351' title='bbox 3697 2036 3808 2089; x_wconf 94' lang='lat' dir='ltr'><strong>quo</strong></span> 
     </span>
    </p>
   </div>
   <div class='ocr_carea' id='block_1_48' title="bbox 2221 2101 3808 2181">
    <p class='ocr_par' dir='ltr' id='par_1_48' title="bbox 2221 2101 3808 2181">
     <span class='ocr_line' id='line_1_48' title="bbox 2221 2101 3808 2181; baseline 0.007 -24"><span class='ocrx_word' id='word_1_352' title='bbox 2221 2101 2504 2160; x_wconf 87' lang='lat' dir='ltr'><strong>Psalmista</strong></span> <span class='ocrx_word' id='word_1_353' title='bbox 2533 2107 2685 2175; x_wconf 92' lang='lat' dir='ltr'><strong>quasi</strong></span> <span class='ocrx_word' id='word_1_354' title='bbox 2731 2122 2798 2162; x_wconf 89' lang='lat' dir='ltr'><strong>ex</strong></span> <span class='ocrx_word' id='word_1_355' title='bbox 2831 2110 3102 2179; x_wconf 79' lang='lat' dir='ltr'><strong>praeconio</strong></span> <span class='ocrx_word' id='word_1_356' title='bbox 3141 2109 3442 2165; x_wconf 66' lang='lat' dir='ltr'><strong>caelestium</strong></span> <span class='ocrx_word' id='word_1_357' title='bbox 3488 2110 3808 2181; x_wconf 87' lang='lat' dir='ltr'><strong>angelorum</strong></span> 
     </span>
    </p>
   </div>
   <div class='ocr_carea' id='block_1_49' title="bbox 2220 2197 3808 2274">
    <p class='ocr_par' dir='ltr' id='par_1_49' title="bbox 2220 2197 3808 2274">
     <span class='ocr_line' id='line_1_49' title="bbox 2220 2197 3808 2274; baseline 0.004 -23"><span class='ocrx_word' id='word_1_358' title='bbox 2220 2197 2369 2252; x_wconf 87' lang='lat' dir='ltr'><strong>canit</strong></span> <span class='ocrx_word' id='word_1_359' title='bbox 2398 2215 2410 2250; x_wconf 89' lang='lat'><strong>:</strong></span> <span class='ocrx_word' id='word_1_360' title='bbox 2446 2197 2652 2266; x_wconf 84' lang='lat' dir='ltr'><strong>Tollite,</strong></span> <span class='ocrx_word' id='word_1_361' title='bbox 2702 2201 2914 2271; x_wconf 91' lang='lat' dir='ltr'><strong>inquit,</strong></span> <span class='ocrx_word' id='word_1_362' title='bbox 2953 2213 3131 2272; x_wconf 87' lang='lat' dir='ltr'><strong>portas</strong></span> <span class='ocrx_word' id='word_1_363' title='bbox 3164 2204 3425 2274; x_wconf 82' lang='lat' dir='ltr'><strong>principes</strong></span> <span class='ocrx_word' id='word_1_364' title='bbox 3469 2215 3666 2259; x_wconf 77' lang='lat' dir='ltr'><strong>vestras</strong></span> <span class='ocrx_word' id='word_1_365' title='bbox 3692 2245 3708 2270; x_wconf 92' lang='lat'><strong>,</strong></span> <span class='ocrx_word' id='word_1_366' title='bbox 3759 2215 3808 2260; x_wconf 87' lang='lat' dir='ltr'><strong>et</strong></span> 
     </span>
    </p>
   </div>
   <div class='ocr_carea' id='block_1_50' title="bbox 2221 2289 3810 2370">
    <p class='ocr_par' dir='ltr' id='par_1_50' title="bbox 2221 2289 3810 2370">
     <span class='ocr_line' id='line_1_50' title="bbox 2221 2289 3810 2370; baseline 0.007 -27"><span class='ocrx_word' id='word_1_367' title='bbox 2221 2289 2493 2344; x_wconf 82' lang='lat' dir='ltr'><strong>elevamini</strong></span> <span class='ocrx_word' id='word_1_368' title='bbox 2539 2303 2703 2363; x_wconf 81' lang='lat' dir='ltr'><strong>porta:</strong></span> <span class='ocrx_word' id='word_1_369' title='bbox 2749 2294 3058 2362; x_wconf 66' lang='lat' dir='ltr'><strong>a&#39;ternales,</strong></span> <span class='ocrx_word' id='word_1_370' title='bbox 3108 2308 3155 2350; x_wconf 90' lang='lat' dir='ltr'><strong>et</strong></span> <span class='ocrx_word' id='word_1_371' title='bbox 3195 2297 3427 2350; x_wconf 82' lang='lat' dir='ltr'><strong>introibit</strong></span> <span class='ocrx_word' id='word_1_372' title='bbox 3475 2296 3587 2352; x_wconf 75' lang='lat' dir='ltr'><strong>Rex</strong></span> <span class='ocrx_word' id='word_1_373' title='bbox 3625 2298 3810 2370; x_wconf 77' lang='lat' dir='ltr'><strong>gloria:</strong></span> 
     </span>
    </p>
   </div>
   <div class='ocr_carea' id='block_1_51' title="bbox 2224 2378 3809 2456">
    <p class='ocr_par' dir='ltr' id='par_1_51' title="bbox 2224 2378 3809 2456">
     <span class='ocr_line' id='line_1_51' title="bbox 2224 2378 3809 2456; baseline 0.008 -24"><span class='ocrx_word' id='word_1_374' title='bbox 2224 2378 2396 2449; x_wconf 83' lang='lat' dir='ltr'><strong>(Psal.</strong></span> <span class='ocrx_word' id='word_1_375' title='bbox 2439 2399 2614 2447; x_wconf 68' lang='grc' dir='ltr'><strong>χχιιι,</strong></span> <span class='ocrx_word' id='word_1_376' title='bbox 2661 2385 2737 2455; x_wconf 89' lang='grc'><strong>7).</strong></span> <span class='ocrx_word' id='word_1_377' title='bbox 2787 2385 2993 2452; x_wconf 85' lang='lat' dir='ltr'><strong>Quibus</strong></span> <span class='ocrx_word' id='word_1_378' title='bbox 3042 2388 3431 2456; x_wconf 86' lang='lat' dir='ltr'><strong>respondentes</strong></span> <span class='ocrx_word' id='word_1_379' title='bbox 3477 2389 3809 2444; x_wconf 52' lang='lat' dir='ltr'><strong>adversariae</strong></span> 
     </span>
    </p>
   </div>
   <div class='ocr_carea' id='block_1_52' title="bbox 2221 2474 3810 2550">
    <p class='ocr_par' dir='ltr' id='par_1_52' title="bbox 2221 2474 3810 2550">
     <span class='ocr_line' id='line_1_52' title="bbox 2221 2474 3810 2550; baseline 0.009 -27"><span class='ocrx_word' id='word_1_380' title='bbox 2221 2480 2538 2541; x_wconf 85' lang='lat' dir='ltr'><strong>potestates,</strong></span> <span class='ocrx_word' id='word_1_381' title='bbox 2558 2475 2836 2529; x_wconf 77' lang='lat' dir='ltr'><strong>dixerunt:</strong></span> <span class='ocrx_word' id='word_1_382' title='bbox 2858 2474 2924 2530; x_wconf 84' lang='lat' dir='ltr'><strong>Et</strong></span> <span class='ocrx_word' id='word_1_383' title='bbox 2949 2479 3062 2548; x_wconf 82' lang='lat' dir='ltr'><strong>quis</strong></span> <span class='ocrx_word' id='word_1_384' title='bbox 3083 2489 3156 2532; x_wconf 88' lang='lat' dir='ltr'><strong>est</strong></span> <span class='ocrx_word' id='word_1_385' title='bbox 3181 2479 3276 2532; x_wconf 85' lang='lat' dir='ltr'><strong>iste</strong></span> <span class='ocrx_word' id='word_1_386' title='bbox 3302 2478 3412 2533; x_wconf 74' lang='lat' dir='ltr'><strong>[lex</strong></span> <span class='ocrx_word' id='word_1_387' title='bbox 3433 2480 3613 2550; x_wconf 75' lang='lat' dir='ltr'><strong>gloritr</strong></span> <span class='ocrx_word' id='word_1_388' title='bbox 3631 2484 3654 2533; x_wconf 68' lang='grc' dir='ltr'><em>Ρ</em></span> <span class='ocrx_word' id='word_1_389' title='bbox 3671 2480 3810 2536; x_wconf 86' lang='lat' dir='ltr'><strong>Tum</strong></span> 
     </span>
    </p>
   </div>
   <div class='ocr_carea' id='block_1_53' title="bbox 2224 2565 3813 2641">
    <p class='ocr_par' dir='ltr' id='par_1_53' title="bbox 2224 2565 3813 2641">
     <span class='ocr_line' id='line_1_53' title="bbox 2224 2565 3813 2641; baseline 0.006 -23"><span class='ocrx_word' id='word_1_390' title='bbox 2224 2565 2398 2619; x_wconf 88' lang='lat' dir='ltr'><strong>sancti</strong></span> <span class='ocrx_word' id='word_1_391' title='bbox 2423 2566 2596 2635; x_wconf 84' lang='lat' dir='ltr'><strong>angeli</strong></span> <span class='ocrx_word' id='word_1_392' title='bbox 2619 2585 2632 2620; x_wconf 90' lang='lat'><strong>:</strong></span> <span class='ocrx_word' id='word_1_393' title='bbox 2660 2567 2936 2632; x_wconf 87' lang='lat' dir='ltr'><strong>Dominus,</strong></span> <span class='ocrx_word' id='word_1_394' title='bbox 2961 2569 3228 2640; x_wconf 89' lang='lat' dir='ltr'><strong>inquiunt,</strong></span> <span class='ocrx_word' id='word_1_395' title='bbox 3246 2570 3394 2640; x_wconf 79' lang='lat' dir='ltr'><strong>fortis</strong></span> <span class='ocrx_word' id='word_1_396' title='bbox 3415 2581 3461 2624; x_wconf 90' lang='lat' dir='ltr'><strong>et</strong></span> <span class='ocrx_word' id='word_1_397' title='bbox 3489 2582 3688 2641; x_wconf 83' lang='lat' dir='ltr'><strong>potens,</strong></span> <span class='ocrx_word' id='word_1_398' title='bbox 3707 2571 3813 2627; x_wconf 83' lang='lat' dir='ltr'><strong>Do-</strong></span> 
     </span>
    </p>
   </div>
   <div class='ocr_carea' id='block_1_54' title="bbox 2223 2655 3810 2732">
    <p class='ocr_par' dir='ltr' id='par_1_54' title="bbox 2223 2655 3810 2732">
     <span class='ocr_line' id='line_1_54' title="bbox 2223 2655 3810 2732; baseline 0.008 -25"><span class='ocrx_word' id='word_1_399' title='bbox 2223 2655 2393 2710; x_wconf 81' lang='lat' dir='ltr'><strong>minus</strong></span> <span class='ocrx_word' id='word_1_400' title='bbox 2413 2668 2592 2727; x_wconf 86' lang='lat' dir='ltr'><strong>potens</strong></span> <span class='ocrx_word' id='word_1_401' title='bbox 2615 2660 2668 2712; x_wconf 87' lang='lat' dir='ltr'><strong>in</strong></span> <span class='ocrx_word' id='word_1_402' title='bbox 2691 2659 3125 2728; x_wconf 70' lang='lat' dir='ltr'><strong>pra&#39;lio.Verum,</strong></span> <span class='ocrx_word' id='word_1_403' title='bbox 3141 2663 3284 2732; x_wconf 88' lang='lat' dir='ltr'><strong>quod</strong></span> <span class='ocrx_word' id='word_1_404' title='bbox 3312 2663 3414 2717; x_wconf 90' lang='lat' dir='ltr'><strong>nisi</strong></span> <span class='ocrx_word' id='word_1_405' title='bbox 3435 2663 3664 2732; x_wconf 88' lang='lat' dir='ltr'><strong>primmn</strong></span> <span class='ocrx_word' id='word_1_406' title='bbox 3691 2663 3810 2719; x_wconf 84' lang='lat' dir='ltr'><strong>alli-</strong></span> 
     </span>
    </p>
   </div>
   <div class='ocr_carea' id='block_1_55' title="bbox 2222 2751 3808 2828">
    <p class='ocr_par' dir='ltr' id='par_1_55' title="bbox 2222 2751 3808 2828">
     <span class='ocr_line' id='line_1_55' title="bbox 2222 2751 3808 2828; baseline 0.004 -23"><span class='ocrx_word' id='word_1_407' title='bbox 2222 2764 2399 2822; x_wconf 83' lang='lat' dir='ltr'><strong>gasset</strong></span> <span class='ocrx_word' id='word_1_408' title='bbox 2423 2751 2711 2814; x_wconf 87' lang='lat' dir='ltr'><strong>fortem.et</strong></span> <span class='ocrx_word' id='word_1_409' title='bbox 2739 2770 2887 2808; x_wconf 86' lang='lat' dir='ltr'><strong>arma</strong></span> <span class='ocrx_word' id='word_1_410' title='bbox 2915 2755 3082 2825; x_wconf 83' lang='lat' dir='ltr'><strong>ipsius</strong></span> <span class='ocrx_word' id='word_1_411' title='bbox 3103 2755 3362 2820; x_wconf 88' lang='lat' dir='ltr'><strong>auferret,</strong></span> <span class='ocrx_word' id='word_1_412' title='bbox 3383 2773 3656 2827; x_wconf 89' lang='lat' dir='ltr'><strong>nunquam</strong></span> <span class='ocrx_word' id='word_1_413' title='bbox 3682 2772 3808 2828; x_wconf 87' lang='lat' dir='ltr'><strong>spo-</strong></span> 
     </span>
    </p>
   </div>
   <div class='ocr_carea' id='block_1_56' title="bbox 2223 2843 3811 2925">
    <p class='ocr_par' dir='ltr' id='par_1_56' title="bbox 2223 2843 3811 2925">
     <span class='ocr_line' id='line_1_56' title="bbox 2223 2843 3811 2925; baseline 0.005 -27"><span class='ocrx_word' id='word_1_414' title='bbox 2223 2843 2291 2898; x_wconf 89' lang='lat' dir='ltr'><strong>lia</strong></span> <span class='ocrx_word' id='word_1_415' title='bbox 2319 2844 2436 2915; x_wconf 88' lang='lat' dir='ltr'><strong>ejus</strong></span> <span class='ocrx_word' id='word_1_416' title='bbox 2461 2861 2560 2900; x_wconf 91' lang='lat' dir='ltr'><strong>suo</strong></span> <span class='ocrx_word' id='word_1_417' title='bbox 2581 2845 2705 2914; x_wconf 87' lang='lat' dir='ltr'><strong>jure</strong></span> <span class='ocrx_word' id='word_1_418' title='bbox 2732 2847 3063 2902; x_wconf 74' lang='lat' dir='ltr'><strong>distribuens</strong></span> <span class='ocrx_word' id='word_1_419' title='bbox 3105 2848 3356 2903; x_wconf 75' lang='lat' dir='ltr'><strong>Ecclesia:</strong></span> <span class='ocrx_word' id='word_1_420' title='bbox 3384 2859 3634 2919; x_wconf 84' lang='lat' dir='ltr'><strong>potenter</strong></span> <span class='ocrx_word' id='word_1_421' title='bbox 3664 2851 3811 2925; x_wconf 84' lang='lat' dir='ltr'><strong>dice-</strong></span> 
     </span>
    </p>
   </div>
   <div class='ocr_carea' id='block_1_57' title="bbox 2223 2936 3813 3010">
    <p class='ocr_par' dir='ltr' id='par_1_57' title="bbox 2223 2936 3813 3010">
     <span class='ocr_line' id='line_1_57' title="bbox 2223 2936 3813 3010; baseline 0.004 -21"><span class='ocrx_word' id='word_1_422' title='bbox 2223 2943 2326 2997; x_wconf 89' lang='lat' dir='ltr'><strong>ret.</strong></span> <span class='ocrx_word' id='word_1_423' title='bbox 2345 2937 2486 3005; x_wconf 81' lang='lat' dir='ltr'><strong>quod</strong></span> <span class='ocrx_word' id='word_1_424' title='bbox 2510 2945 2676 3006; x_wconf 75' lang='lat' dir='ltr'><strong>porta:</strong></span> <span class='ocrx_word' id='word_1_425' title='bbox 2706 2936 2896 2992; x_wconf 88' lang='lat' dir='ltr'><strong>inferni</strong></span> <span class='ocrx_word' id='word_1_426' title='bbox 2920 2939 3182 2995; x_wconf 88' lang='lat' dir='ltr'><strong>adversus</strong></span> <span class='ocrx_word' id='word_1_427' title='bbox 3209 2957 3327 2994; x_wconf 87' lang='lat' dir='ltr'><strong>eam</strong></span> <span class='ocrx_word' id='word_1_428' title='bbox 3357 2956 3463 2994; x_wconf 90' lang='lat' dir='ltr'><strong>non</strong></span> <span class='ocrx_word' id='word_1_429' title='bbox 3486 2939 3813 3010; x_wconf 67' lang='lat' dir='ltr'><strong>ptmvaleant</strong></span> 
     </span>
    </p>
   </div>
   <div class='ocr_carea' id='block_1_58' title="bbox 2223 3029 3811 3103">
    <p class='ocr_par' dir='ltr' id='par_1_58' title="bbox 2223 3029 3811 3103">
     <span class='ocr_line' id='line_1_58' title="bbox 2223 3029 3811 3103; baseline 0.004 -21"><span class='ocrx_word' id='word_1_430' title='bbox 2223 3029 2436 3101; x_wconf 78' lang='lat' dir='ltr'><strong>(Matth.</strong></span> <span class='ocrx_word' id='word_1_431' title='bbox 2469 3046 2578 3094; x_wconf 83' lang='lat' dir='ltr'><strong>xvt,</strong></span> <span class='ocrx_word' id='word_1_432' title='bbox 2612 3032 2722 3103; x_wconf 78' lang='lat'><strong>73).</strong></span> <span class='ocrx_word' id='word_1_433' title='bbox 2752 3031 2904 3088; x_wconf 90' lang='lat' dir='ltr'><strong>Unde</strong></span> <span class='ocrx_word' id='word_1_434' title='bbox 2934 3034 3046 3088; x_wconf 90' lang='lat' dir='ltr'><strong>suis</strong></span> <span class='ocrx_word' id='word_1_435' title='bbox 3084 3034 3341 3088; x_wconf 91' lang='lat' dir='ltr'><strong>militibus</strong></span> <span class='ocrx_word' id='word_1_436' title='bbox 3379 3033 3557 3088; x_wconf 89' lang='lat' dir='ltr'><strong>adhuc</strong></span> <span class='ocrx_word' id='word_1_437' title='bbox 3581 3033 3650 3089; x_wconf 89' lang='lat' dir='ltr'><strong>de</strong></span> <span class='ocrx_word' id='word_1_438' title='bbox 3672 3034 3811 3089; x_wconf 65' lang='lat' dir='ltr'><strong>caelo</strong></span> 
     </span>
    </p>
   </div>
   <div class='ocr_carea' id='block_1_59' title="bbox 2222 3122 3812 3200">
    <p class='ocr_par' dir='ltr' id='par_1_59' title="bbox 2222 3122 3812 3200">
     <span class='ocr_line' id='line_1_59' title="bbox 2222 3122 3812 3200; baseline 0.004 -23"><span class='ocrx_word' id='word_1_439' title='bbox 2222 3122 2422 3178; x_wconf 89' lang='lat' dir='ltr'><strong>clamat</strong></span> <span class='ocrx_word' id='word_1_440' title='bbox 2441 3125 2656 3180; x_wconf 81' lang='lat' dir='ltr'><strong>dicens:</strong></span> <span class='ocrx_word' id='word_1_441' title='bbox 2673 3122 2931 3194; x_wconf 76' lang='lat' dir='ltr'><strong>Conﬁdite</strong></span> <span class='ocrx_word' id='word_1_442' title='bbox 2948 3166 2963 3190; x_wconf 95' lang='lat'><strong>,</strong></span> <span class='ocrx_word' id='word_1_443' title='bbox 2995 3143 3086 3196; x_wconf 84' lang='lat' dir='ltr'><strong>ego</strong></span> <span class='ocrx_word' id='word_1_444' title='bbox 3120 3127 3214 3181; x_wconf 84' lang='lat' dir='ltr'><strong>vici</strong></span> <span class='ocrx_word' id='word_1_445' title='bbox 3231 3127 3483 3181; x_wconf 88' lang='lat' dir='ltr'><strong>mundum</strong></span> <span class='ocrx_word' id='word_1_446' title='bbox 3499 3127 3680 3200; x_wconf 83' lang='lat' dir='ltr'><strong>(Joan.</strong></span> <span class='ocrx_word' id='word_1_447' title='bbox 3696 3143 3812 3194; x_wconf 72' lang='lat' dir='ltr'><strong>xv&#39;t,</strong></span> 
     </span>
    </p>
   </div>
   <div class='ocr_carea' id='block_1_60' title="bbox 2222 3212 3816 3283">
    <p class='ocr_par' dir='ltr' id='par_1_60' title="bbox 2222 3212 3816 3283">
     <span class='ocr_line' id='line_1_60' title="bbox 2222 3212 3816 3283; baseline 0.005 -17"><span class='ocrx_word' id='word_1_448' title='bbox 2222 3212 2334 3283; x_wconf 77' lang='lat'><strong>33).</strong></span> <span class='ocrx_word' id='word_1_449' title='bbox 2353 3215 2430 3270; x_wconf 86' lang='lat' dir='ltr'><strong>Ac</strong></span> <span class='ocrx_word' id='word_1_450' title='bbox 2452 3216 2495 3270; x_wconf 85' lang='lat' dir='ltr'><strong>si</strong></span> <span class='ocrx_word' id='word_1_451' title='bbox 2522 3215 2695 3270; x_wconf 90' lang='lat' dir='ltr'><strong>dicat:</strong></span> <span class='ocrx_word' id='word_1_452' title='bbox 2715 3216 2907 3272; x_wconf 83' lang='lat' dir='ltr'><strong>Fortes</strong></span> <span class='ocrx_word' id='word_1_453' title='bbox 2922 3225 3095 3271; x_wconf 91' lang='lat' dir='ltr'><strong>estote</strong></span> <span class='ocrx_word' id='word_1_454' title='bbox 3118 3228 3304 3272; x_wconf 91' lang='lat' dir='ltr'><strong>contra</strong></span> <span class='ocrx_word' id='word_1_455' title='bbox 3329 3219 3507 3272; x_wconf 88' lang='lat' dir='ltr'><strong>omnia</strong></span> <span class='ocrx_word' id='word_1_456' title='bbox 3521 3221 3816 3275; x_wconf 83' lang='lat' dir='ltr'><strong>adversan-</strong></span> 
     </span>
    </p>
   </div>
   <div class='ocr_carea' id='block_1_61' title="bbox 527 3286 3816 3380">
    <p class='ocr_par' dir='ltr' id='par_1_61' title="bbox 527 3286 3816 3380">
     <span class='ocr_line' id='line_1_61' title="bbox 527 3286 3816 3380; baseline 0.002 -20"><span class='ocrx_word' id='word_1_457' title='bbox 527 3286 682 3373; x_wconf 38' lang='lat' dir='ltr'><strong>liu&#39;m,</strong></span> <span class='ocrx_word' id='word_1_458' title='bbox 707 3309 758 3363; x_wconf 83' lang='lat' dir='ltr'><strong>id</strong></span> <span class='ocrx_word' id='word_1_459' title='bbox 781 3318 884 3372; x_wconf 89' lang='lat' dir='ltr'><strong>est,</strong></span> <span class='ocrx_word' id='word_1_460' title='bbox 913 3306 1150 3376; x_wconf 90' lang='lat' dir='ltr'><strong>seipsmn</strong></span> <span class='ocrx_word' id='word_1_461' title='bbox 1174 3318 1336 3374; x_wconf 89' lang='lat' dir='ltr'><strong>quem</strong></span> <span class='ocrx_word' id='word_1_462' title='bbox 1368 3299 1702 3370; x_wconf 73' lang='lat' dir='ltr'><strong>exponebat;</strong></span> <span class='ocrx_word' id='word_1_463' title='bbox 1735 3298 1876 3366; x_wconf 83' lang='lat' dir='ltr'><strong>quod</strong></span> <span class='ocrx_word' id='word_1_464' title='bbox 1899 3297 2114 3366; x_wconf 80' lang='lat' dir='ltr'><strong>quidem</strong></span> <span class='ocrx_word' id='word_1_465' title='bbox 2145 3286 2190 3348; x_wconf 67' lang='grc' dir='ltr'><strong>(ἶ</strong></span> <span class='ocrx_word' id='word_1_466' title='bbox 2223 3305 2456 3376; x_wconf 86' lang='lat' dir='ltr'><strong>tia,quia</strong></span> <span class='ocrx_word' id='word_1_467' title='bbox 2484 3308 2537 3362; x_wconf 93' lang='lat' dir='ltr'><strong>in</strong></span> <span class='ocrx_word' id='word_1_468' title='bbox 2569 3324 2685 3363; x_wconf 91' lang='lat' dir='ltr'><strong>mea</strong></span> <span class='ocrx_word' id='word_1_469' title='bbox 2711 3307 3025 3364; x_wconf 89' lang='lat' dir='ltr'><strong>fortitudine</strong></span> <span class='ocrx_word' id='word_1_470' title='bbox 3053 3319 3232 3364; x_wconf 91' lang='lat' dir='ltr'><strong>vestra</strong></span> <span class='ocrx_word' id='word_1_471' title='bbox 3259 3311 3500 3380; x_wconf 86' lang='lat' dir='ltr'><strong>profecto</strong></span> <span class='ocrx_word' id='word_1_472' title='bbox 3521 3312 3626 3366; x_wconf 92' lang='lat' dir='ltr'><strong>erit</strong></span> <span class='ocrx_word' id='word_1_473' title='bbox 3646 3312 3816 3368; x_wconf 57' lang='lat' dir='ltr'><strong>victo.</strong></span> 
     </span>
    </p>
   </div>
   <div class='ocr_carea' id='block_1_62' title="bbox 523 3387 2116 3474">
    <p class='ocr_par' dir='ltr' id='par_1_62' title="bbox 523 3387 2116 3474">
     <span class='ocr_line' id='line_1_62' title="bbox 523 3387 2116 3474; baseline -0.01 -18"><span class='ocrx_word' id='word_1_474' title='bbox 523 3401 636 3474; x_wconf 88' lang='lat' dir='ltr'><strong>jam</strong></span> <span class='ocrx_word' id='word_1_475' title='bbox 659 3399 785 3454; x_wconf 91' lang='lat' dir='ltr'><strong>olim</strong></span> <span class='ocrx_word' id='word_1_476' title='bbox 825 3399 966 3453; x_wconf 91' lang='lat' dir='ltr'><strong>Deus</strong></span> <span class='ocrx_word' id='word_1_477' title='bbox 998 3396 1316 3466; x_wconf 90' lang='lat' dir='ltr'><strong>promiserat</strong></span> <span class='ocrx_word' id='word_1_478' title='bbox 1361 3393 1413 3447; x_wconf 90' lang='lat' dir='ltr'><strong>in</strong></span> <span class='ocrx_word' id='word_1_479' title='bbox 1461 3389 1760 3460; x_wconf 82' lang='lat' dir='ltr'><strong>Scripturis</strong></span> <span class='ocrx_word' id='word_1_480' title='bbox 1804 3387 2008 3443; x_wconf 79' lang='lat' dir='ltr'><strong>sanctis</strong></span> <span class='ocrx_word' id='word_1_481' title='bbox 2049 3388 2116 3441; x_wconf 86' lang='lat' dir='ltr'><strong>de</strong></span> 
     </span>
    </p>
   </div>
   <div class='ocr_carea' id='block_1_63' title="bbox 527 3481 2116 3560">
    <p class='ocr_par' dir='ltr' id='par_1_63' title="bbox 527 3481 2116 3560">
     <span class='ocr_line' id='line_1_63' title="bbox 527 3481 2116 3560; baseline -0.008 -12"><span class='ocrx_word' id='word_1_482' title='bbox 527 3491 670 3548; x_wconf 84' lang='lat' dir='ltr'><strong>Filio</strong></span> <span class='ocrx_word' id='word_1_483' title='bbox 703 3507 823 3555; x_wconf 90' lang='lat' dir='ltr'><strong>suo,</strong></span> <span class='ocrx_word' id='word_1_484' title='bbox 853 3490 943 3560; x_wconf 88' lang='lat' dir='ltr'><strong>qui</strong></span> <span class='ocrx_word' id='word_1_485' title='bbox 969 3489 1146 3544; x_wconf 85' lang='lat' dir='ltr'><strong>factus</strong></span> <span class='ocrx_word' id='word_1_486' title='bbox 1179 3495 1263 3542; x_wconf 90' lang='lat' dir='ltr'><strong>est</strong></span> <span class='ocrx_word' id='word_1_487' title='bbox 1289 3502 1358 3542; x_wconf 84' lang='lat' dir='ltr'><strong>ex</strong></span> <span class='ocrx_word' id='word_1_488' title='bbox 1384 3485 1591 3540; x_wconf 79' lang='lat' dir='ltr'><strong>semine</strong></span> <span class='ocrx_word' id='word_1_489' title='bbox 1620 3483 1790 3538; x_wconf 88' lang='lat' dir='ltr'><strong>David</strong></span> <span class='ocrx_word' id='word_1_490' title='bbox 1820 3481 2116 3537; x_wconf 90' lang='lat' dir='ltr'><strong>secundum</strong></span> 
     </span>
    </p>
   </div>
   <div class='ocr_carea' id='block_1_64' title="bbox 530 3573 2118 3654">
    <p class='ocr_par' dir='ltr' id='par_1_64' title="bbox 530 3573 2118 3654">
     <span class='ocr_line' id='line_1_64' title="bbox 530 3573 2118 3654; baseline -0.01 -11"><span class='ocrx_word' id='word_1_491' title='bbox 530 3599 770 3643; x_wconf 75' lang='lat' dir='ltr'><strong>Carnem.</strong></span> <span class='ocrx_word' id='word_1_492' title='bbox 801 3581 970 3636; x_wconf 86' lang='lat' dir='ltr'><strong>Nemo</strong></span> <span class='ocrx_word' id='word_1_493' title='bbox 1002 3580 1162 3654; x_wconf 89' lang='lat' dir='ltr'><strong>igitur</strong></span> <span class='ocrx_word' id='word_1_494' title='bbox 1185 3588 1330 3634; x_wconf 88' lang='lat' dir='ltr'><strong>recte</strong></span> <span class='ocrx_word' id='word_1_495' title='bbox 1352 3587 1530 3648; x_wconf 81' lang='lat' dir='ltr'><strong>potest</strong></span> <span class='ocrx_word' id='word_1_496' title='bbox 1551 3577 1848 3647; x_wconf 82' lang='lat' dir='ltr'><strong>ambigere,</strong></span> <span class='ocrx_word' id='word_1_497' title='bbox 1884 3575 1936 3628; x_wconf 91' lang='lat' dir='ltr'><strong>in</strong></span> <span class='ocrx_word' id='word_1_498' title='bbox 1963 3573 2118 3629; x_wconf 80' lang='lat' dir='ltr'><strong>Chri-</strong></span> 
     </span>
    </p>
   </div>
   <div class='ocr_carea' id='block_1_65' title="bbox 530 3666 2118 3745">
    <p class='ocr_par' dir='ltr' id='par_1_65' title="bbox 530 3666 2118 3745">
     <span class='ocr_line' id='line_1_65' title="bbox 530 3666 2118 3745; baseline -0.008 -13"><span class='ocrx_word' id='word_1_499' title='bbox 530 3685 614 3732; x_wconf 89' lang='lat' dir='ltr'><strong>sto</strong></span> <span class='ocrx_word' id='word_1_500' title='bbox 635 3683 840 3745; x_wconf 89' lang='lat' dir='ltr'><strong>septem</strong></span> <span class='ocrx_word' id='word_1_501' title='bbox 871 3671 958 3726; x_wconf 91' lang='lat' dir='ltr'><strong>illa</strong></span> <span class='ocrx_word' id='word_1_502' title='bbox 983 3671 1156 3742; x_wconf 86' lang='lat' dir='ltr'><strong>sigilla</strong></span> <span class='ocrx_word' id='word_1_503' title='bbox 1194 3686 1316 3725; x_wconf 90' lang='lat' dir='ltr'><strong>esse</strong></span> <span class='ocrx_word' id='word_1_504' title='bbox 1347 3669 1546 3730; x_wconf 85' lang='lat' dir='ltr'><strong>soluta,</strong></span> <span class='ocrx_word' id='word_1_505' title='bbox 1570 3667 1825 3737; x_wconf 86' lang='lat' dir='ltr'><strong>quoniam</strong></span> <span class='ocrx_word' id='word_1_506' title='bbox 1860 3666 2118 3720; x_wconf 87' lang='lat' dir='ltr'><strong>divinitus</strong></span> 
     </span>
    </p>
   </div>
   <div class='ocr_carea' id='block_1_66' title="bbox 530 3759 2118 3840">
    <p class='ocr_par' dir='ltr' id='par_1_66' title="bbox 530 3759 2118 3840">
     <span class='ocr_line' id='line_1_66' title="bbox 530 3759 2118 3840; baseline -0.01 -14"><span class='ocrx_word' id='word_1_507' title='bbox 530 3783 848 3840; x_wconf 79' lang='lat' dir='ltr'><strong>responsum</strong></span> <span class='ocrx_word' id='word_1_508' title='bbox 875 3773 960 3820; x_wconf 87' lang='lat' dir='ltr'><strong>est</strong></span> <span class='ocrx_word' id='word_1_509' title='bbox 998 3783 1014 3820; x_wconf 86' lang='lat'><strong>:</strong></span> <span class='ocrx_word' id='word_1_510' title='bbox 1051 3764 1184 3817; x_wconf 84' lang='lat' dir='ltr'><strong>Ecce</strong></span> <span class='ocrx_word' id='word_1_511' title='bbox 1206 3762 1285 3817; x_wconf 87' lang='lat' dir='ltr'><strong>leo</strong></span> <span class='ocrx_word' id='word_1_512' title='bbox 1311 3763 1374 3816; x_wconf 88' lang='lat' dir='ltr'><strong>de</strong></span> <span class='ocrx_word' id='word_1_513' title='bbox 1404 3761 1540 3815; x_wconf 83' lang='lat' dir='ltr'><strong>tribu</strong></span> <span class='ocrx_word' id='word_1_514' title='bbox 1565 3760 1731 3820; x_wconf 84' lang='lat' dir='ltr'><strong>Juda,</strong></span> <span class='ocrx_word' id='word_1_515' title='bbox 1764 3760 1919 3813; x_wconf 66' lang='lat' dir='ltr'><strong>radix</strong></span> <span class='ocrx_word' id='word_1_516' title='bbox 1948 3759 2118 3811; x_wconf 69' lang='lat' dir='ltr'><strong>David</strong></span> 
     </span>
    </p>
   </div>
   <div class='ocr_carea' id='block_1_67' title="bbox 529 3851 2116 3934">
    <p class='ocr_par' dir='ltr' id='par_1_67' title="bbox 529 3851 2116 3934">
     <span class='ocr_line' id='line_1_67' title="bbox 529 3851 2116 3934; baseline -0.009 -17"><span class='ocrx_word' id='word_1_517' title='bbox 529 3863 732 3934; x_wconf 87' lang='lat' dir='ltr'><strong>aperire</strong></span> <span class='ocrx_word' id='word_1_518' title='bbox 763 3860 1034 3922; x_wconf 87' lang='lat' dir='ltr'><strong>librum,et</strong></span> <span class='ocrx_word' id='word_1_519' title='bbox 1061 3855 1252 3910; x_wconf 81' lang='lat' dir='ltr'><strong>solvere</strong></span> <span class='ocrx_word' id='word_1_520' title='bbox 1281 3865 1472 3925; x_wconf 85' lang='lat' dir='ltr'><strong>septem</strong></span> <span class='ocrx_word' id='word_1_521' title='bbox 1495 3853 1769 3924; x_wconf 86' lang='lat' dir='ltr'><strong>signacula</strong></span> <span class='ocrx_word' id='word_1_522' title='bbox 1795 3852 1908 3922; x_wconf 80' lang='lat' dir='ltr'><strong>ejus</strong></span> <span class='ocrx_word' id='word_1_523' title='bbox 1933 3851 2116 3920; x_wconf 80' lang='lat' dir='ltr'><strong>(Apoc.</strong></span> 
     </span>
    </p>
   </div>
   <div class='ocr_carea' id='block_1_68' title="bbox 530 3937 2120 4021">
    <p class='ocr_par' dir='ltr' id='par_1_68' title="bbox 530 3937 2120 4021">
     <span class='ocr_line' id='line_1_68' title="bbox 530 3937 2120 4021; baseline -0.008 -14"><span class='ocrx_word' id='word_1_524' title='bbox 530 3967 585 4017; x_wconf 86' lang='lat' dir='ltr'><strong>v,</strong></span> <span class='ocrx_word' id='word_1_525' title='bbox 613 3948 846 4021; x_wconf 70' lang='lat' dir='ltr'><strong>5).Qu;e</strong></span> <span class='ocrx_word' id='word_1_526' title='bbox 894 3947 1168 4019; x_wconf 87' lang='lat' dir='ltr'><strong>signacula</strong></span> <span class='ocrx_word' id='word_1_527' title='bbox 1222 3943 1507 4000; x_wconf 82' lang='lat' dir='ltr'><strong>manifeste</strong></span> <span class='ocrx_word' id='word_1_528' title='bbox 1561 3954 1692 3998; x_wconf 91' lang='lat' dir='ltr'><strong>tunc</strong></span> <span class='ocrx_word' id='word_1_529' title='bbox 1744 3942 1920 3997; x_wconf 85' lang='lat' dir='ltr'><strong>soluta</strong></span> <span class='ocrx_word' id='word_1_530' title='bbox 1955 3937 2120 3994; x_wconf 85' lang='lat' dir='ltr'><strong>fuisse</strong></span> 
     </span>
    </p>
   </div>
   <div class='ocr_carea' id='block_1_69' title="bbox 531 4035 2120 4116">
    <p class='ocr_par' dir='ltr' id='par_1_69' title="bbox 531 4035 2120 4116">
     <span class='ocr_line' id='line_1_69' title="bbox 531 4035 2120 4116; baseline -0.008 -16"><span class='ocrx_word' id='word_1_531' title='bbox 531 4045 856 4116; x_wconf 87' lang='lat' dir='ltr'><strong>probantur,</strong></span> <span class='ocrx_word' id='word_1_532' title='bbox 887 4057 1010 4096; x_wconf 91' lang='lat' dir='ltr'><strong>cum</strong></span> <span class='ocrx_word' id='word_1_533' title='bbox 1039 4039 1217 4093; x_wconf 90' lang='lat' dir='ltr'><strong>omnia</strong></span> <span class='ocrx_word' id='word_1_534' title='bbox 1242 4039 1355 4093; x_wconf 74' lang='lat' dir='ltr'><strong>haec</strong></span> <span class='ocrx_word' id='word_1_535' title='bbox 1385 4039 1642 4110; x_wconf 79' lang='lat' dir='ltr'><strong>mysteria</strong></span> <span class='ocrx_word' id='word_1_536' title='bbox 1675 4038 1725 4091; x_wconf 92' lang='lat' dir='ltr'><strong>in</strong></span> <span class='ocrx_word' id='word_1_537' title='bbox 1748 4035 1966 4090; x_wconf 85' lang='lat' dir='ltr'><strong>Christo</strong></span> <span class='ocrx_word' id='word_1_538' title='bbox 1995 4041 2120 4089; x_wconf 88' lang='lat' dir='ltr'><strong>sunt</strong></span> 
     </span>
    </p>
   </div>
   <div class='ocr_carea' id='block_1_70' title="bbox 533 4125 2120 4204">
    <p class='ocr_par' dir='ltr' id='par_1_70' title="bbox 533 4125 2120 4204">
     <span class='ocr_line' id='line_1_70' title="bbox 533 4125 2120 4204; baseline -0.007 -15"><span class='ocrx_word' id='word_1_539' title='bbox 533 4134 843 4204; x_wconf 90' lang='lat' dir='ltr'><strong>adimpleta.</strong></span> <span class='ocrx_word' id='word_1_540' title='bbox 876 4132 1082 4202; x_wconf 81' lang='lat' dir='ltr'><strong>Quippe</strong></span> <span class='ocrx_word' id='word_1_541' title='bbox 1108 4140 1162 4185; x_wconf 91' lang='lat' dir='ltr'><strong>et</strong></span> <span class='ocrx_word' id='word_1_542' title='bbox 1194 4131 1247 4186; x_wconf 91' lang='lat' dir='ltr'><strong>in</strong></span> <span class='ocrx_word' id='word_1_543' title='bbox 1277 4130 1482 4185; x_wconf 90' lang='lat' dir='ltr'><strong>eisdem</strong></span> <span class='ocrx_word' id='word_1_544' title='bbox 1511 4130 1717 4200; x_wconf 67' lang='lat' dir='ltr'><strong>~sigillis</strong></span> <span class='ocrx_word' id='word_1_545' title='bbox 1745 4139 1950 4198; x_wconf 84' lang='lat' dir='ltr'><strong>septem</strong></span> <span class='ocrx_word' id='word_1_546' title='bbox 1980 4125 2120 4181; x_wconf 85' lang='lat' dir='ltr'><strong>dona</strong></span> 
     </span>
    </p>
   </div>
   <div class='ocr_carea' id='block_1_71' title="bbox 534 4217 2121 4293">
    <p class='ocr_par' dir='ltr' id='par_1_71' title="bbox 534 4217 2121 4293">
     <span class='ocr_line' id='line_1_71' title="bbox 534 4217 2121 4293; baseline -0.005 -14"><span class='ocrx_word' id='word_1_547' title='bbox 534 4224 704 4279; x_wconf 83' lang='lat' dir='ltr'><strong>sancti</strong></span> <span class='ocrx_word' id='word_1_548' title='bbox 755 4223 990 4293; x_wconf 90' lang='lat' dir='ltr'><strong>Spiritus</strong></span> <span class='ocrx_word' id='word_1_549' title='bbox 1039 4222 1292 4277; x_wconf 91' lang='lat' dir='ltr'><strong>omnibus</strong></span> <span class='ocrx_word' id='word_1_550' title='bbox 1317 4231 1445 4278; x_wconf 89' lang='lat' dir='ltr'><strong>sunt</strong></span> <span class='ocrx_word' id='word_1_551' title='bbox 1493 4221 1754 4277; x_wconf 66' lang='lat' dir='ltr'><strong>revelita.</strong></span> <span class='ocrx_word' id='word_1_552' title='bbox 1790 4217 1923 4272; x_wconf 81' lang='lat' dir='ltr'><strong>Nam</strong></span> <span class='ocrx_word' id='word_1_553' title='bbox 1975 4217 2121 4272; x_wconf 89' lang='lat' dir='ltr'><strong>ineo</strong></span> 
     </span>
    </p>
   </div>
   <div class='ocr_carea' id='block_1_72' title="bbox 534 4310 2120 4384">
    <p class='ocr_par' dir='ltr' id='par_1_72' title="bbox 534 4310 2120 4384">
     <span class='ocr_line' id='line_1_72' title="bbox 534 4310 2120 4384; baseline -0.005 -16"><span class='ocrx_word' id='word_1_554' title='bbox 534 4315 678 4384; x_wconf 91' lang='lat' dir='ltr'><strong>quod</strong></span> <span class='ocrx_word' id='word_1_555' title='bbox 701 4314 844 4370; x_wconf 90' lang='lat' dir='ltr'><strong>nasci</strong></span> <span class='ocrx_word' id='word_1_556' title='bbox 873 4314 1164 4370; x_wconf 75' lang='lat' dir='ltr'><strong>Secundum</strong></span> <span class='ocrx_word' id='word_1_557' title='bbox 1185 4329 1403 4369; x_wconf 88' lang='lat' dir='ltr'><strong>carnem</strong></span> <span class='ocrx_word' id='word_1_558' title='bbox 1426 4312 1614 4372; x_wconf 83' lang='lat' dir='ltr'><strong>voluit,</strong></span> <span class='ocrx_word' id='word_1_559' title='bbox 1633 4310 1757 4382; x_wconf 92' lang='lat' dir='ltr'><strong>quid</strong></span> <span class='ocrx_word' id='word_1_560' title='bbox 1788 4310 1930 4364; x_wconf 89' lang='lat' dir='ltr'><strong>aliud</strong></span> <span class='ocrx_word' id='word_1_561' title='bbox 1957 4321 2120 4378; x_wconf 89' lang='lat' dir='ltr'><strong>quam</strong></span> 
     </span>
    </p>
   </div>
   <div class='ocr_carea' id='block_1_73' title="bbox 534 4400 2121 4478">
    <p class='ocr_par' dir='ltr' id='par_1_73' title="bbox 534 4400 2121 4478">
     <span class='ocr_line' id='line_1_73' title="bbox 534 4400 2121 4478; baseline -0.007 -16"><span class='ocrx_word' id='word_1_562' title='bbox 534 4407 798 4478; x_wconf 86' lang='lat' dir='ltr'><strong>sapientia</strong></span> <span class='ocrx_word' id='word_1_563' title='bbox 833 4407 924 4462; x_wconf 91' lang='lat' dir='ltr'><strong>Dei</strong></span> <span class='ocrx_word' id='word_1_564' title='bbox 950 4405 1129 4461; x_wconf 85' lang='lat' dir='ltr'><strong>Patris</strong></span> <span class='ocrx_word' id='word_1_565' title='bbox 1172 4415 1300 4462; x_wconf 92' lang='lat' dir='ltr'><strong>tunc</strong></span> <span class='ocrx_word' id='word_1_566' title='bbox 1330 4406 1563 4476; x_wconf 90' lang='lat' dir='ltr'><strong>primum</strong></span> <span class='ocrx_word' id='word_1_567' title='bbox 1595 4405 1647 4458; x_wconf 94' lang='lat' dir='ltr'><strong>in</strong></span> <span class='ocrx_word' id='word_1_568' title='bbox 1682 4402 1840 4457; x_wconf 87' lang='lat' dir='ltr'><strong>terris</strong></span> <span class='ocrx_word' id='word_1_569' title='bbox 1864 4416 1921 4456; x_wconf 90' lang='lat' dir='ltr'><strong>se</strong></span> <span class='ocrx_word' id='word_1_570' title='bbox 1967 4400 2121 4453; x_wconf 82' lang='lat' dir='ltr'><strong>inno-</strong></span> 
     </span>
    </p>
   </div>
   <div class='ocr_carea' id='block_1_74' title="bbox 535 4495 2121 4570">
    <p class='ocr_par' dir='ltr' id='par_1_74' title="bbox 535 4495 2121 4570">
     <span class='ocr_line' id='line_1_74' title="bbox 535 4495 2121 4570; baseline -0.005 -16"><span class='ocrx_word' id='word_1_571' title='bbox 535 4499 674 4554; x_wconf 88' lang='lat' dir='ltr'><strong>tuit?</strong></span> <span class='ocrx_word' id='word_1_572' title='bbox 703 4499 870 4554; x_wconf 83' lang='lat' dir='ltr'><strong>Antea</strong></span> <span class='ocrx_word' id='word_1_573' title='bbox 918 4515 1049 4554; x_wconf 87' lang='lat' dir='ltr'><strong>vero</strong></span> <span class='ocrx_word' id='word_1_574' title='bbox 1095 4515 1308 4570; x_wconf 78' lang='lat' dir='ltr'><strong>seraper</strong></span> <span class='ocrx_word' id='word_1_575' title='bbox 1355 4498 1706 4554; x_wconf 84' lang='lat' dir='ltr'><strong>absconditus</strong></span> <span class='ocrx_word' id='word_1_576' title='bbox 1745 4495 1866 4559; x_wconf 89' lang='lat' dir='ltr'><strong>fuit,</strong></span> <span class='ocrx_word' id='word_1_577' title='bbox 1912 4495 1978 4548; x_wconf 92' lang='lat' dir='ltr'><strong>de</strong></span> <span class='ocrx_word' id='word_1_578' title='bbox 2012 4508 2121 4563; x_wconf 93' lang='lat' dir='ltr'><strong>quo</strong></span> 
     </span>
    </p>
   </div>
   <div class='ocr_carea' id='block_1_75' title="bbox 534 4584 2117 4664">
    <p class='ocr_par' dir='ltr' id='par_1_75' title="bbox 534 4584 2117 4664">
     <span class='ocr_line' id='line_1_75' title="bbox 534 4584 2117 4664; baseline -0.008 -17"><span class='ocrx_word' id='word_1_579' title='bbox 534 4593 795 4664; x_wconf 85' lang='lat' dir='ltr'><strong>propheta</strong></span> <span class='ocrx_word' id='word_1_580' title='bbox 824 4592 990 4648; x_wconf 88' lang='lat' dir='ltr'><strong>dicit:</strong></span> <span class='ocrx_word' id='word_1_581' title='bbox 1024 4591 1102 4646; x_wconf 87' lang='lat' dir='ltr'><strong>Tu</strong></span> <span class='ocrx_word' id='word_1_582' title='bbox 1128 4610 1180 4646; x_wconf 91' lang='lat' dir='ltr'><strong>es</strong></span> <span class='ocrx_word' id='word_1_583' title='bbox 1214 4592 1350 4646; x_wconf 86' lang='lat' dir='ltr'><strong>Deus</strong></span> <span class='ocrx_word' id='word_1_584' title='bbox 1389 4589 1744 4651; x_wconf 87' lang='lat' dir='ltr'><strong>absconditus,</strong></span> <span class='ocrx_word' id='word_1_585' title='bbox 1777 4596 1824 4640; x_wconf 90' lang='lat' dir='ltr'><strong>et</strong></span> <span class='ocrx_word' id='word_1_586' title='bbox 1858 4584 2117 4638; x_wconf 86' lang='lat' dir='ltr'><strong>nescieba-</strong></span> 
     </span>
    </p>
   </div>
   <div class='ocr_carea' id='block_1_76' title="bbox 536 4659 2196 4755">
    <p class='ocr_par' dir='ltr' id='par_1_76' title="bbox 536 4659 2196 4755">
     <span class='ocr_line' id='line_1_76' title="bbox 536 4659 2196 4755; baseline -0.008 -17"><span class='ocrx_word' id='word_1_587' title='bbox 536 4659 652 4738; x_wconf 75' lang='lat' dir='ltr'><strong>mus</strong></span> <span class='ocrx_word' id='word_1_588' title='bbox 679 4694 727 4738; x_wconf 90' lang='lat' dir='ltr'><strong>te</strong></span> <span class='ocrx_word' id='word_1_589' title='bbox 754 4683 889 4754; x_wconf 84' lang='lat' dir='ltr'><strong>(fsa.</strong></span> <span class='ocrx_word' id='word_1_590' title='bbox 933 4699 1057 4748; x_wconf 75' lang='lat' dir='ltr'><strong>XLV,</strong></span> <span class='ocrx_word' id='word_1_591' title='bbox 1091 4683 1200 4755; x_wconf 82' lang='lat' dir='ltr'><strong>l5).</strong></span> <span class='ocrx_word' id='word_1_592' title='bbox 1237 4682 1413 4749; x_wconf 91' lang='lat' dir='ltr'><strong>Unde,</strong></span> <span class='ocrx_word' id='word_1_593' title='bbox 1450 4696 1573 4736; x_wconf 89' lang='lat' dir='ltr'><strong>cum</strong></span> <span class='ocrx_word' id='word_1_594' title='bbox 1602 4695 1659 4734; x_wconf 92' lang='lat' dir='ltr'><strong>se</strong></span> <span class='ocrx_word' id='word_1_595' title='bbox 1693 4676 1958 4731; x_wconf 89' lang='lat' dir='ltr'><strong>nascendo</strong></span> <span class='ocrx_word' id='word_1_596' title='bbox 1996 4689 2112 4728; x_wconf 83' lang='lat' dir='ltr'><strong>ma-</strong></span> <span class='ocrx_word' id='word_1_597' title='bbox 2145 4659 2196 4718; x_wconf 83' lang='lat' dir='ltr'><strong>D</strong></span> 
     </span>
    </p>
   </div>
   <div class='ocr_carea' id='block_1_77' title="bbox 536 4766 2120 4844">
    <p class='ocr_par' dir='ltr' id='par_1_77' title="bbox 536 4766 2120 4844">
     <span class='ocr_line' id='line_1_77' title="bbox 536 4766 2120 4844; baseline -0.008 -12"><span class='ocrx_word' id='word_1_598' title='bbox 536 4775 789 4832; x_wconf 88' lang='lat' dir='ltr'><strong>nifestius</strong></span> <span class='ocrx_word' id='word_1_599' title='bbox 816 4793 943 4832; x_wconf 91' lang='lat' dir='ltr'><strong>mnn</strong></span> <span class='ocrx_word' id='word_1_600' title='bbox 970 4778 1018 4831; x_wconf 91' lang='grc' dir='ltr'>ὀ</span> <span class='ocrx_word' id='word_1_601' title='bbox 1061 4775 1290 4839; x_wconf 72' lang='grc' dir='ltr'><strong>ἰηΐιιιεέι,</strong></span> <span class='ocrx_word' id='word_1_602' title='bbox 1315 4773 1443 4844; x_wconf 90' lang='lat' dir='ltr'><strong>quid</strong></span> <span class='ocrx_word' id='word_1_603' title='bbox 1473 4772 1617 4828; x_wconf 91' lang='lat' dir='ltr'><strong>aliud</strong></span> <span class='ocrx_word' id='word_1_604' title='bbox 1661 4785 1822 4841; x_wconf 91' lang='lat' dir='ltr'><strong>quam</strong></span> <span class='ocrx_word' id='word_1_605' title='bbox 1858 4779 1988 4822; x_wconf 89' lang='lat' dir='ltr'><strong>tunc</strong></span> <span class='ocrx_word' id='word_1_606' title='bbox 2012 4766 2120 4836; x_wconf 89' lang='lat' dir='ltr'><strong>pri-</strong></span> 
     </span>
    </p>
   </div>
   <div class='ocr_carea' id='block_1_78' title="bbox 536 4858 2122 4940">
    <p class='ocr_par' dir='ltr' id='par_1_78' title="bbox 536 4858 2122 4940">
     <span class='ocr_line' id='line_1_78' title="bbox 536 4858 2122 4940; baseline -0.009 -15"><span class='ocrx_word' id='word_1_607' title='bbox 536 4883 684 4925; x_wconf 88' lang='lat' dir='ltr'><strong>mum</strong></span> <span class='ocrx_word' id='word_1_608' title='bbox 711 4867 943 4940; x_wconf 89' lang='lat' dir='ltr'><strong>sigillum</strong></span> <span class='ocrx_word' id='word_1_609' title='bbox 971 4867 1169 4923; x_wconf 85' lang='lat' dir='ltr'><strong>solvit?</strong></span> <span class='ocrx_word' id='word_1_610' title='bbox 1199 4866 1276 4920; x_wconf 86' lang='lat' dir='ltr'><strong>Ac</strong></span> <span class='ocrx_word' id='word_1_611' title='bbox 1319 4863 1542 4934; x_wconf 79' lang='lat' dir='ltr'><strong>perinde</strong></span> <span class='ocrx_word' id='word_1_612' title='bbox 1568 4860 1710 4930; x_wconf 93' lang='lat' dir='ltr'><strong>quod</strong></span> <span class='ocrx_word' id='word_1_613' title='bbox 1737 4858 1936 4913; x_wconf 92' lang='lat' dir='ltr'><strong>dudum</strong></span> <span class='ocrx_word' id='word_1_614' title='bbox 1966 4873 2122 4912; x_wconf 88' lang='lat' dir='ltr'><strong>mun-</strong></span> 
     </span>
    </p>
   </div>
   <div class='ocr_carea' id='block_1_79' title="bbox 537 4948 2118 5026">
    <p class='ocr_par' dir='ltr' id='par_1_79' title="bbox 537 4948 2118 5026">
     <span class='ocr_line' id='line_1_79' title="bbox 537 4948 2118 5026; baseline -0.009 -11"><span class='ocrx_word' id='word_1_615' title='bbox 537 4960 636 5015; x_wconf 87' lang='lat' dir='ltr'><strong>dus</strong></span> <span class='ocrx_word' id='word_1_616' title='bbox 665 4960 913 5023; x_wconf 86' lang='lat' dir='ltr'><strong>nescivit,</strong></span> <span class='ocrx_word' id='word_1_617' title='bbox 945 4958 1144 5013; x_wconf 88' lang='lat' dir='ltr'><strong>donum</strong></span> <span class='ocrx_word' id='word_1_618' title='bbox 1199 4954 1480 5026; x_wconf 66' lang='lat' dir='ltr'><strong>sapientia:</strong></span> <span class='ocrx_word' id='word_1_619' title='bbox 1534 4951 1808 5006; x_wconf 70' lang='lat' dir='ltr'><strong>credendo</strong></span> <span class='ocrx_word' id='word_1_620' title='bbox 1855 4948 2118 5020; x_wconf 91' lang='lat' dir='ltr'><strong>percepit.</strong></span> 
     </span>
    </p>
   </div>
   <div class='ocr_carea' id='block_1_80' title="bbox 537 5040 2122 5120">
    <p class='ocr_par' dir='ltr' id='par_1_80' title="bbox 537 5040 2122 5120">
     <span class='ocr_line' id='line_1_80' title="bbox 537 5040 2122 5120; baseline -0.008 -13"><span class='ocrx_word' id='word_1_621' title='bbox 537 5049 672 5108; x_wconf 89' lang='lat' dir='ltr'><strong>Cum</strong></span> <span class='ocrx_word' id='word_1_622' title='bbox 720 5060 900 5105; x_wconf 89' lang='lat' dir='ltr'><strong>autem</strong></span> <span class='ocrx_word' id='word_1_623' title='bbox 933 5055 1248 5120; x_wconf 77' lang='lat' dir='ltr'><strong>perventura</strong></span> <span class='ocrx_word' id='word_1_624' title='bbox 1279 5054 1363 5100; x_wconf 88' lang='lat' dir='ltr'><strong>est</strong></span> <span class='ocrx_word' id='word_1_625' title='bbox 1404 5044 1470 5098; x_wconf 89' lang='lat' dir='ltr'><strong>ad</strong></span> <span class='ocrx_word' id='word_1_626' title='bbox 1519 5043 1805 5112; x_wconf 85' lang='lat' dir='ltr'><strong>baptisma,</strong></span> <span class='ocrx_word' id='word_1_627' title='bbox 1839 5040 1996 5110; x_wconf 89' lang='lat' dir='ltr'><strong>quasi</strong></span> <span class='ocrx_word' id='word_1_628' title='bbox 2039 5054 2122 5094; x_wconf 77' lang='lat' dir='ltr'><strong>se-</strong></span> 
     </span>
    </p>
   </div>
   <div class='ocr_carea' id='block_1_81' title="bbox 537 5129 2124 5204">
    <p class='ocr_par' dir='ltr' id='par_1_81' title="bbox 537 5129 2124 5204">
     <span class='ocr_line' id='line_1_81' title="bbox 537 5129 2124 5204; baseline -0.008 -7"><span class='ocrx_word' id='word_1_629' title='bbox 537 5142 772 5198; x_wconf 89' lang='lat' dir='ltr'><strong>cundum</strong></span> <span class='ocrx_word' id='word_1_630' title='bbox 803 5139 991 5194; x_wconf 84' lang='lat' dir='ltr'><strong>salutis</strong></span> <span class='ocrx_word' id='word_1_631' title='bbox 1027 5145 1229 5192; x_wconf 75' lang='lat' dir='ltr'><strong>nostra:</strong></span> <span class='ocrx_word' id='word_1_632' title='bbox 1258 5133 1493 5204; x_wconf 86' lang='lat' dir='ltr'><strong>sigillum</strong></span> <span class='ocrx_word' id='word_1_633' title='bbox 1519 5131 1712 5197; x_wconf 88' lang='lat' dir='ltr'><strong>solvit;</strong></span> <span class='ocrx_word' id='word_1_634' title='bbox 1746 5132 1797 5185; x_wconf 92' lang='lat' dir='ltr'><strong>in</strong></span> <span class='ocrx_word' id='word_1_635' title='bbox 1830 5147 1938 5202; x_wconf 85' lang='lat' dir='ltr'><strong>quo</strong></span> <span class='ocrx_word' id='word_1_636' title='bbox 1969 5129 2124 5184; x_wconf 81' lang='lat' dir='ltr'><strong>nobis</strong></span> 
     </span>
    </p>
   </div>
   <div class='ocr_carea' id='block_1_82' title="bbox 539 5223 2127 5305">
    <p class='ocr_par' dir='ltr' id='par_1_82' title="bbox 539 5223 2127 5305">
     <span class='ocr_line' id='line_1_82' title="bbox 539 5223 2127 5305; baseline -0.011 -15"><span class='ocrx_word' id='word_1_637' title='bbox 539 5234 789 5305; x_wconf 86' lang='lat' dir='ltr'><strong>spiritum</strong></span> <span class='ocrx_word' id='word_1_638' title='bbox 818 5228 1187 5300; x_wconf 75' lang='lat' dir='ltr'><strong>intelligentiae</strong></span> <span class='ocrx_word' id='word_1_639' title='bbox 1212 5268 1227 5292; x_wconf 92' lang='lat'><strong>,</strong></span> <span class='ocrx_word' id='word_1_640' title='bbox 1277 5226 1446 5281; x_wconf 63' lang='lat' dir='ltr'><strong>caelus</strong></span> <span class='ocrx_word' id='word_1_641' title='bbox 1493 5223 1806 5288; x_wconf 85' lang='lat' dir='ltr'><strong>rcserando,</strong></span> <span class='ocrx_word' id='word_1_642' title='bbox 1838 5223 2127 5293; x_wconf 86' lang='lat' dir='ltr'><strong>dignanter</strong></span> 
     </span>
    </p>
   </div>
   <div class='ocr_carea' id='block_1_83' title="bbox 537 5312 2123 5400">
    <p class='ocr_par' dir='ltr' id='par_1_83' title="bbox 537 5312 2123 5400">
     <span class='ocr_line' id='line_1_83' title="bbox 537 5312 2123 5400; baseline -0.009 -18"><span class='ocrx_word' id='word_1_643' title='bbox 537 5326 814 5400; x_wconf 82' lang='lat' dir='ltr'><strong>patefecit.</strong></span> <span class='ocrx_word' id='word_1_644' title='bbox 847 5324 980 5391; x_wconf 86' lang='lat' dir='ltr'><strong>Quia</strong></span> <span class='ocrx_word' id='word_1_645' title='bbox 1029 5318 1349 5374; x_wconf 77' lang='lat' dir='ltr'><strong>altissimum</strong></span> <span class='ocrx_word' id='word_1_646' title='bbox 1387 5324 1470 5371; x_wconf 92' lang='lat' dir='ltr'><strong>est</strong></span> <span class='ocrx_word' id='word_1_647' title='bbox 1500 5315 1799 5385; x_wconf 86' lang='lat' dir='ltr'><strong>intelligere</strong></span> <span class='ocrx_word' id='word_1_648' title='bbox 1847 5314 1989 5384; x_wconf 89' lang='lat' dir='ltr'><strong>quod</strong></span> <span class='ocrx_word' id='word_1_649' title='bbox 2023 5312 2123 5367; x_wconf 91' lang='lat' dir='ltr'><strong>fui-</strong></span> 
     </span>
    </p>
   </div>
   <div class='ocr_carea' id='block_1_84' title="bbox 540 5405 2116 5482">
    <p class='ocr_par' dir='ltr' id='par_1_84' title="bbox 540 5405 2116 5482">
     <span class='ocr_line' id='line_1_84' title="bbox 540 5405 2116 5482; baseline -0.01 -10"><span class='ocrx_word' id='word_1_650' title='bbox 540 5433 682 5476; x_wconf 90' lang='lat' dir='ltr'><strong>mus,</strong></span> <span class='ocrx_word' id='word_1_651' title='bbox 714 5427 768 5467; x_wconf 88' lang='lat' dir='ltr'><strong>et</strong></span> <span class='ocrx_word' id='word_1_652' title='bbox 798 5412 957 5466; x_wconf 88' lang='lat' dir='ltr'><strong>modo</strong></span> <span class='ocrx_word' id='word_1_653' title='bbox 980 5409 1150 5482; x_wconf 85' lang='lat' dir='ltr'><strong>gratia</strong></span> <span class='ocrx_word' id='word_1_654' title='bbox 1184 5407 1566 5476; x_wconf 78' lang='lat' dir='ltr'><strong>Redemptoris</strong></span> <span class='ocrx_word' id='word_1_655' title='bbox 1589 5407 1730 5474; x_wconf 85' lang='lat' dir='ltr'><strong>quod</strong></span> <span class='ocrx_word' id='word_1_656' title='bbox 1757 5405 1885 5461; x_wconf 87' lang='lat' dir='ltr'><strong>facti</strong></span> <span class='ocrx_word' id='word_1_657' title='bbox 1913 5420 2116 5459; x_wconf 89' lang='lat' dir='ltr'><strong>sumus.</strong></span> 
     </span>
    </p>
   </div>
   <div class='ocr_carea' id='block_1_85' title="bbox 541 5495 2122 5572">
    <p class='ocr_par' dir='ltr' id='par_1_85' title="bbox 541 5495 2122 5572">
     <span class='ocr_line' id='line_1_85' title="bbox 541 5495 2122 5572; baseline -0.009 -7"><span class='ocrx_word' id='word_1_658' title='bbox 541 5509 760 5565; x_wconf 80' lang='lat' dir='ltr'><strong>Necnon</strong></span> <span class='ocrx_word' id='word_1_659' title='bbox 807 5514 860 5557; x_wconf 88' lang='lat' dir='ltr'><strong>et</strong></span> <span class='ocrx_word' id='word_1_660' title='bbox 889 5502 1040 5566; x_wconf 88' lang='lat' dir='ltr'><strong>illud,</strong></span> <span class='ocrx_word' id='word_1_661' title='bbox 1066 5501 1208 5572; x_wconf 89' lang='lat' dir='ltr'><strong>quod</strong></span> <span class='ocrx_word' id='word_1_662' title='bbox 1250 5517 1354 5555; x_wconf 82' lang='lat' dir='ltr'><strong>vox</strong></span> <span class='ocrx_word' id='word_1_663' title='bbox 1394 5498 1572 5554; x_wconf 85' lang='lat' dir='ltr'><strong>Patris</strong></span> <span class='ocrx_word' id='word_1_664' title='bbox 1604 5497 1997 5554; x_wconf 87' lang='lat' dir='ltr'><strong>manifestando</strong></span> <span class='ocrx_word' id='word_1_665' title='bbox 2038 5495 2122 5550; x_wconf 82' lang='lat' dir='ltr'><strong>Fi-</strong></span> 
     </span>
    </p>
   </div>
   <div class='ocr_carea' id='block_1_86' title="bbox 542 5588 2126 5665">
    <p class='ocr_par' dir='ltr' id='par_1_86' title="bbox 542 5588 2126 5665">
     <span class='ocr_line' id='line_1_86' title="bbox 542 5588 2126 5665; baseline -0.009 -8"><span class='ocrx_word' id='word_1_666' title='bbox 542 5601 674 5657; x_wconf 88' lang='lat' dir='ltr'><strong>lium</strong></span> <span class='ocrx_word' id='word_1_667' title='bbox 697 5598 929 5665; x_wconf 89' lang='lat' dir='ltr'><strong>desuper</strong></span> <span class='ocrx_word' id='word_1_668' title='bbox 946 5595 1215 5649; x_wconf 89' lang='lat' dir='ltr'><strong>intonuit:</strong></span> <span class='ocrx_word' id='word_1_669' title='bbox 1246 5592 1385 5659; x_wconf 83' lang='lat' dir='ltr'><strong>Quia</strong></span> <span class='ocrx_word' id='word_1_670' title='bbox 1407 5593 1491 5646; x_wconf 91' lang='lat' dir='ltr'><strong>hic</strong></span> <span class='ocrx_word' id='word_1_671' title='bbox 1515 5606 1587 5646; x_wconf 86' lang='lat' dir='ltr'><strong>est</strong></span> <span class='ocrx_word' id='word_1_672' title='bbox 1613 5590 1786 5645; x_wconf 81' lang='lat' dir='ltr'><strong>Filius</strong></span> <span class='ocrx_word' id='word_1_673' title='bbox 1802 5606 1946 5644; x_wconf 88' lang='lat' dir='ltr'><strong>meus</strong></span> <span class='ocrx_word' id='word_1_674' title='bbox 1967 5588 2126 5643; x_wconf 86' lang='lat' dir='ltr'><strong>dilec-</strong></span> 
     </span>
    </p>
   </div>
   <div class='ocr_carea' id='block_1_87' title="bbox 541 5679 2124 5758">
    <p class='ocr_par' dir='ltr' id='par_1_87' title="bbox 541 5679 2124 5758">
     <span class='ocr_line' id='line_1_87' title="bbox 541 5679 2124 5758; baseline -0.008 -14"><span class='ocrx_word' id='word_1_675' title='bbox 541 5699 649 5751; x_wconf 83' lang='lat' dir='ltr'><strong>tus,</strong></span> <span class='ocrx_word' id='word_1_676' title='bbox 679 5685 734 5740; x_wconf 91' lang='lat' dir='ltr'><strong>in</strong></span> <span class='ocrx_word' id='word_1_677' title='bbox 756 5703 860 5758; x_wconf 82' lang='lat' dir='ltr'><strong>quo</strong></span> <span class='ocrx_word' id='word_1_678' title='bbox 887 5686 1015 5741; x_wconf 84' lang='lat' dir='ltr'><strong>mihi</strong></span> <span class='ocrx_word' id='word_1_679' title='bbox 1034 5687 1138 5758; x_wconf 69' lang='grc'><strong>12</strong></span> <span class='ocrx_word' id='word_1_680' title='bbox 1158 5684 1449 5756; x_wconf 85' lang='lat' dir='ltr'><strong>complacui</strong></span> <span class='ocrx_word' id='word_1_681' title='bbox 1466 5703 1485 5738; x_wconf 86' lang='lat'><strong><em>:</em></strong></span> <span class='ocrx_word' id='word_1_682' title='bbox 1514 5685 1684 5754; x_wconf 86' lang='lat' dir='ltr'><strong>ipsum</strong></span> <span class='ocrx_word' id='word_1_683' title='bbox 1709 5681 1886 5736; x_wconf 88' lang='lat' dir='ltr'><strong>audite</strong></span> <span class='ocrx_word' id='word_1_684' title='bbox 1908 5679 2124 5752; x_wconf 82' lang='lat' dir='ltr'><strong>(Matth.</strong></span> 
     </span>
    </p>
   </div>
   <div class='ocr_carea' id='block_1_88' title="bbox 544 5773 2128 5855">
    <p class='ocr_par' dir='ltr' id='par_1_88' title="bbox 544 5773 2128 5855">
     <span class='ocr_line' id='line_1_88' title="bbox 544 5773 2128 5855; baseline -0.008 -15"><span class='ocrx_word' id='word_1_685' title='bbox 544 5797 628 5848; x_wconf 85' lang='lat' dir='ltr'><strong>ut,</strong></span> <span class='ocrx_word' id='word_1_686' title='bbox 652 5784 742 5850; x_wconf 80' lang='lat' dir='ltr'><strong>l&#39;l,</strong></span> <span class='ocrx_word' id='word_1_687' title='bbox 772 5791 830 5840; x_wconf 87' lang='lat' dir='ltr'><strong>et</strong></span> <span class='ocrx_word' id='word_1_688' title='bbox 849 5798 983 5849; x_wconf 85' lang='lat' dir='ltr'><strong>xvn,</strong></span> <span class='ocrx_word' id='word_1_689' title='bbox 1017 5782 1096 5854; x_wconf 83' lang='lat'><strong>5).</strong></span> <span class='ocrx_word' id='word_1_690' title='bbox 1137 5781 1245 5838; x_wconf 90' lang='lat' dir='ltr'><strong>Sed</strong></span> <span class='ocrx_word' id='word_1_691' title='bbox 1270 5791 1326 5838; x_wconf 88' lang='lat' dir='ltr'><strong>et</strong></span> <span class='ocrx_word' id='word_1_692' title='bbox 1351 5780 1587 5855; x_wconf 91' lang='lat' dir='ltr'><strong>Spiritus</strong></span> <span class='ocrx_word' id='word_1_693' title='bbox 1615 5785 1838 5834; x_wconf 88' lang='lat' dir='ltr'><strong>sanctus</strong></span> <span class='ocrx_word' id='word_1_694' title='bbox 1867 5775 1921 5830; x_wconf 91' lang='lat' dir='ltr'><strong>in</strong></span> <span class='ocrx_word' id='word_1_695' title='bbox 1949 5773 2128 5846; x_wconf 78' lang='lat' dir='ltr'><strong>Specie</strong></span> 
     </span>
    </p>
   </div>
   <div class='ocr_carea' id='block_1_89' title="bbox 543 5870 2126 5951">
    <p class='ocr_par' dir='ltr' id='par_1_89' title="bbox 543 5870 2126 5951">
     <span class='ocr_line' id='line_1_89' title="bbox 543 5870 2126 5951; baseline -0.008 -16"><span class='ocrx_word' id='word_1_696' title='bbox 543 5875 837 5946; x_wconf 69' lang='lat' dir='ltr'><strong>columbae,</strong></span> <span class='ocrx_word' id='word_1_697' title='bbox 871 5877 1002 5936; x_wconf 90' lang='lat' dir='ltr'><strong>inibi</strong></span> <span class='ocrx_word' id='word_1_698' title='bbox 1050 5877 1226 5951; x_wconf 81' lang='lat' dir='ltr'><strong>(quod</strong></span> <span class='ocrx_word' id='word_1_699' title='bbox 1259 5875 1498 5935; x_wconf 86' lang='lat' dir='ltr'><strong>nondum</strong></span> <span class='ocrx_word' id='word_1_700' title='bbox 1544 5881 1730 5948; x_wconf 82' lang='lat' dir='ltr'><strong>aperte</strong></span> <span class='ocrx_word' id='word_1_701' title='bbox 1777 5870 2126 5946; x_wconf 69' lang='lat' dir='ltr'><strong>praedicatum</strong></span> 
     </span>
    </p>
   </div>
   <div class='ocr_carea' id='block_1_90' title="bbox 2222 3399 3819 3474">
    <p class='ocr_par' dir='ltr' id='par_1_90' title="bbox 2222 3399 3819 3474">
     <span class='ocr_line' id='line_1_90' title="bbox 2222 3399 3819 3474; baseline 0.002 -20"><span class='ocrx_word' id='word_1_702' title='bbox 2222 3400 2324 3454; x_wconf 91' lang='lat' dir='ltr'><strong>ria.</strong></span> <span class='ocrx_word' id='word_1_703' title='bbox 2351 3399 2612 3470; x_wconf 92' lang='lat' dir='ltr'><strong>Spiritum</strong></span> <span class='ocrx_word' id='word_1_704' title='bbox 2635 3417 2764 3474; x_wconf 89' lang='lat' dir='ltr'><strong>ergo</strong></span> <span class='ocrx_word' id='word_1_705' title='bbox 2784 3402 2938 3458; x_wconf 89' lang='lat' dir='ltr'><strong>nobis</strong></span> <span class='ocrx_word' id='word_1_706' title='bbox 2959 3403 3198 3458; x_wconf 78' lang='lat' dir='ltr'><strong>scientiae</strong></span> <span class='ocrx_word' id='word_1_707' title='bbox 3228 3403 3277 3456; x_wconf 92' lang='lat' dir='ltr'><strong>in</strong></span> <span class='ocrx_word' id='word_1_708' title='bbox 3306 3403 3435 3472; x_wconf 91' lang='lat' dir='ltr'><strong>quin</strong></span> <span class='ocrx_word' id='word_1_709' title='bbox 3447 3412 3498 3455; x_wconf 90' lang='lat' dir='ltr'><strong>to</strong></span> <span class='ocrx_word' id='word_1_710' title='bbox 3524 3418 3635 3456; x_wconf 72' lang='lat' dir='ltr'><strong>sua:</strong></span> <span class='ocrx_word' id='word_1_711' title='bbox 3659 3417 3819 3457; x_wconf 83' lang='lat' dir='ltr'><strong>reve-</strong></span> 
     </span>
    </p>
   </div>
   <div class='ocr_carea' id='block_1_91' title="bbox 2220 3491 3819 3564">
    <p class='ocr_par' dir='ltr' id='par_1_91' title="bbox 2220 3491 3819 3564">
     <span class='ocr_line' id='line_1_91' title="bbox 2220 3491 3819 3564; baseline 0.003 -18"><span class='ocrx_word' id='word_1_712' title='bbox 2220 3491 2436 3548; x_wconf 89' lang='lat' dir='ltr'><strong>lationis</strong></span> <span class='ocrx_word' id='word_1_713' title='bbox 2460 3493 2633 3563; x_wconf 89' lang='lat' dir='ltr'><strong>sigillo</strong></span> <span class='ocrx_word' id='word_1_714' title='bbox 2655 3495 2906 3549; x_wconf 90' lang='lat' dir='ltr'><strong>nimirum</strong></span> <span class='ocrx_word' id='word_1_715' title='bbox 2934 3504 3060 3550; x_wconf 91' lang='lat' dir='ltr'><strong>tunc</strong></span> <span class='ocrx_word' id='word_1_716' title='bbox 3081 3495 3310 3564; x_wconf 89' lang='lat' dir='ltr'><strong>aperuit,</strong></span> <span class='ocrx_word' id='word_1_717' title='bbox 3329 3493 3612 3548; x_wconf 90' lang='lat' dir='ltr'><strong>cumidem</strong></span> <span class='ocrx_word' id='word_1_718' title='bbox 3640 3493 3819 3550; x_wconf 79' lang='lat' dir='ltr'><strong>victor</strong></span> 
     </span>
    </p>
   </div>
   <div class='ocr_carea' id='block_1_92' title="bbox 2222 3584 3818 3658">
    <p class='ocr_par' dir='ltr' id='par_1_92' title="bbox 2222 3584 3818 3658">
     <span class='ocr_line' id='line_1_92' title="bbox 2222 3584 3818 3658; baseline 0.003 -20"><span class='ocrx_word' id='word_1_719' title='bbox 2222 3585 2289 3639; x_wconf 88' lang='lat' dir='ltr'><strong>ab</strong></span> <span class='ocrx_word' id='word_1_720' title='bbox 2325 3584 2512 3640; x_wconf 93' lang='lat' dir='ltr'><strong>inferis</strong></span> <span class='ocrx_word' id='word_1_721' title='bbox 2543 3601 2852 3657; x_wconf 88' lang='lat' dir='ltr'><strong>resurgens,</strong></span> <span class='ocrx_word' id='word_1_722' title='bbox 2877 3596 2930 3643; x_wconf 92' lang='lat' dir='ltr'><strong>et</strong></span> <span class='ocrx_word' id='word_1_723' title='bbox 2974 3603 3120 3658; x_wconf 76' lang='lat' dir='ltr'><strong>spem</strong></span> <span class='ocrx_word' id='word_1_724' title='bbox 3152 3587 3305 3642; x_wconf 91' lang='lat' dir='ltr'><strong>nobis</strong></span> <span class='ocrx_word' id='word_1_725' title='bbox 3353 3585 3671 3657; x_wconf 67' lang='lat' dir='ltr'><strong>resurgendi</strong></span> <span class='ocrx_word' id='word_1_726' title='bbox 3717 3601 3818 3642; x_wconf 88' lang='lat' dir='ltr'><strong>so-</strong></span> 
     </span>
    </p>
   </div>
   <div class='ocr_carea' id='block_1_93' title="bbox 2221 3677 3818 3750">
    <p class='ocr_par' dir='ltr' id='par_1_93' title="bbox 2221 3677 3818 3750">
     <span class='ocr_line' id='line_1_93' title="bbox 2221 3677 3818 3750; baseline 0.003 -18"><span class='ocrx_word' id='word_1_727' title='bbox 2221 3677 2382 3733; x_wconf 84' lang='lat' dir='ltr'><strong>lidius</strong></span> <span class='ocrx_word' id='word_1_728' title='bbox 2422 3677 2800 3743; x_wconf 85' lang='lat' dir='ltr'><strong>confirmavit;</strong></span> <span class='ocrx_word' id='word_1_729' title='bbox 2838 3695 2935 3750; x_wconf 93' lang='lat' dir='ltr'><strong>pro</strong></span> <span class='ocrx_word' id='word_1_730' title='bbox 2964 3696 3072 3750; x_wconf 92' lang='lat' dir='ltr'><strong>quo</strong></span> <span class='ocrx_word' id='word_1_731' title='bbox 3119 3678 3412 3748; x_wconf 84' lang='lat' dir='ltr'><strong>Apostolus</strong></span> <span class='ocrx_word' id='word_1_732' title='bbox 3455 3677 3656 3734; x_wconf 74' lang='lat' dir='ltr'><strong>dlecto</strong></span> <span class='ocrx_word' id='word_1_733' title='bbox 3703 3677 3818 3736; x_wconf 88' lang='lat' dir='ltr'><strong>filio</strong></span> 
     </span>
    </p>
   </div>
   <div class='ocr_carea' id='block_1_94' title="bbox 2225 3769 3823 3826">
    <p class='ocr_par' dir='ltr' id='par_1_94' title="bbox 2225 3769 3823 3826">
     <span class='ocr_line' id='line_1_94' title="bbox 2225 3769 3823 3826; baseline 0 -2"><span class='ocrx_word' id='word_1_734' title='bbox 2225 3786 2448 3826; x_wconf 91' lang='lat' dir='ltr'><strong>monens</strong></span> <span class='ocrx_word' id='word_1_735' title='bbox 2479 3773 2557 3826; x_wconf 91' lang='lat' dir='ltr'><strong>ait</strong></span> <span class='ocrx_word' id='word_1_736' title='bbox 2584 3790 2596 3825; x_wconf 89' lang='lat'><strong>:</strong></span> <span class='ocrx_word' id='word_1_737' title='bbox 2623 3770 2884 3826; x_wconf 83' lang='lat' dir='ltr'><strong>Memento</strong></span> <span class='ocrx_word' id='word_1_738' title='bbox 2911 3772 3092 3826; x_wconf 69' lang='lat' dir='ltr'><strong>Iesum</strong></span> <span class='ocrx_word' id='word_1_739' title='bbox 3124 3769 3388 3826; x_wconf 84' lang='lat' dir='ltr'><strong>Christum</strong></span> <span class='ocrx_word' id='word_1_740' title='bbox 3427 3786 3458 3824; x_wconf 90' lang='lat' dir='ltr'><strong>a</strong></span> <span class='ocrx_word' id='word_1_741' title='bbox 3486 3771 3705 3824; x_wconf 82' lang='lat' dir='ltr'><strong>mortuis</strong></span> <span class='ocrx_word' id='word_1_742' title='bbox 3732 3787 3823 3824; x_wconf 89' lang='lat' dir='ltr'><strong>re-</strong></span> 
     </span>
    </p>
   </div>
   <div class='ocr_carea' id='block_1_95' title="bbox 2223 3858 3821 3931">
    <p class='ocr_par' dir='ltr' id='par_1_95' title="bbox 2223 3858 3821 3931">
     <span class='ocr_line' id='line_1_95' title="bbox 2223 3858 3821 3931; baseline -0.001 -15"><span class='ocrx_word' id='word_1_743' title='bbox 2223 3867 2509 3918; x_wconf 77' lang='lat' dir='ltr'><strong>surrcxisse</strong></span> <span class='ocrx_word' id='word_1_744' title='bbox 2538 3881 2603 3917; x_wconf 80' lang='lat' dir='ltr'><strong>ex</strong></span> <span class='ocrx_word' id='word_1_745' title='bbox 2653 3865 2846 3918; x_wconf 89' lang='lat' dir='ltr'><strong>semine</strong></span> <span class='ocrx_word' id='word_1_746' title='bbox 2899 3862 3093 3922; x_wconf 85' lang='lat' dir='ltr'><strong>David.</strong></span> <span class='ocrx_word' id='word_1_747' title='bbox 3139 3863 3424 3918; x_wconf 81' lang='lat' dir='ltr'><strong>secundum</strong></span> <span class='ocrx_word' id='word_1_748' title='bbox 3471 3858 3821 3931; x_wconf 84' lang='lat' dir='ltr'><strong>Evangelium</strong></span> 
     </span>
    </p>
   </div>
   <div class='ocr_carea' id='block_1_96' title="bbox 2223 3951 3820 4022">
    <p class='ocr_par' dir='ltr' id='par_1_96' title="bbox 2223 3951 3820 4022">
     <span class='ocr_line' id='line_1_96' title="bbox 2223 3951 3820 4022; baseline 0.001 -18"><span class='ocrx_word' id='word_1_749' title='bbox 2223 3969 2393 4005; x_wconf 87' lang='lat' dir='ltr'><strong>meum</strong></span> <span class='ocrx_word' id='word_1_750' title='bbox 2427 3952 2512 4022; x_wconf 90' lang='lat' dir='ltr'><strong>(II</strong></span> <span class='ocrx_word' id='word_1_751' title='bbox 2541 3953 2674 4006; x_wconf 85' lang='lat' dir='ltr'><strong>Tim.</strong></span> <span class='ocrx_word' id='word_1_752' title='bbox 2703 3969 2774 4015; x_wconf 90' lang='grc' dir='ltr'><strong>ιι,</strong></span> <span class='ocrx_word' id='word_1_753' title='bbox 2797 3954 2873 4018; x_wconf 88' lang='grc'><strong>8).</strong></span> <span class='ocrx_word' id='word_1_754' title='bbox 2897 3951 3146 4021; x_wconf 83' lang='lat' dir='ltr'><strong>Magnum</strong></span> <span class='ocrx_word' id='word_1_755' title='bbox 3170 3955 3332 4021; x_wconf 77' lang='lat' dir='ltr'><strong>igitur</strong></span> <span class='ocrx_word' id='word_1_756' title='bbox 3354 3961 3436 4006; x_wconf 81' lang='lat' dir='ltr'><strong>est</strong></span> <span class='ocrx_word' id='word_1_757' title='bbox 3463 3952 3602 4006; x_wconf 87' lang='lat' dir='ltr'><strong>scire</strong></span> <span class='ocrx_word' id='word_1_758' title='bbox 3632 3967 3820 4005; x_wconf 82' lang='lat' dir='ltr'><strong>sacra-</strong></span> 
     </span>
    </p>
   </div>
   <div class='ocr_carea' id='block_1_97' title="bbox 2224 4041 3820 4110">
    <p class='ocr_par' dir='ltr' id='par_1_97' title="bbox 2224 4041 3820 4110">
     <span class='ocr_line' id='line_1_97' title="bbox 2224 4041 3820 4110; baseline 0 -14"><span class='ocrx_word' id='word_1_759' title='bbox 2224 4052 2464 4096; x_wconf 87' lang='lat' dir='ltr'><strong>mentum</strong></span> <span class='ocrx_word' id='word_1_760' title='bbox 2495 4041 2930 4105; x_wconf 88' lang='lat' dir='ltr'><strong>resurrectionis,</strong></span> <span class='ocrx_word' id='word_1_761' title='bbox 2957 4043 3009 4094; x_wconf 94' lang='lat' dir='ltr'><strong>in</strong></span> <span class='ocrx_word' id='word_1_762' title='bbox 3038 4057 3142 4110; x_wconf 93' lang='lat' dir='ltr'><strong>qua</strong></span> <span class='ocrx_word' id='word_1_763' title='bbox 3163 4041 3368 4094; x_wconf 90' lang='lat' dir='ltr'><strong>Christi</strong></span> <span class='ocrx_word' id='word_1_764' title='bbox 3403 4041 3456 4094; x_wconf 93' lang='lat' dir='ltr'><strong>in</strong></span> <span class='ocrx_word' id='word_1_765' title='bbox 3499 4042 3656 4096; x_wconf 86' lang='lat' dir='ltr'><strong>nobis</strong></span> <span class='ocrx_word' id='word_1_766' title='bbox 3685 4043 3820 4097; x_wconf 85' lang='lat' dir='ltr'><strong>cha-</strong></span> 
     </span>
    </p>
   </div>
   <div class='ocr_carea' id='block_1_98' title="bbox 2226 4130 3821 4201">
    <p class='ocr_par' dir='ltr' id='par_1_98' title="bbox 2226 4130 3821 4201">
     <span class='ocr_line' id='line_1_98' title="bbox 2226 4130 3821 4201; baseline -0.001 -14"><span class='ocrx_word' id='word_1_767' title='bbox 2226 4133 2360 4187; x_wconf 86' lang='lat' dir='ltr'><strong>ritas</strong></span> <span class='ocrx_word' id='word_1_768' title='bbox 2389 4131 2764 4187; x_wconf 84' lang='lat' dir='ltr'><strong>confirmatur.</strong></span> <span class='ocrx_word' id='word_1_769' title='bbox 2799 4131 2949 4186; x_wconf 84' lang='lat' dir='ltr'><strong>Unde</strong></span> <span class='ocrx_word' id='word_1_770' title='bbox 3001 4132 3141 4186; x_wconf 90' lang='lat' dir='ltr'><strong>idem</strong></span> <span class='ocrx_word' id='word_1_771' title='bbox 3193 4130 3481 4201; x_wconf 74' lang='lat' dir='ltr'><strong>Apostolus</strong></span> <span class='ocrx_word' id='word_1_772' title='bbox 3529 4133 3668 4188; x_wconf 76' lang='lat' dir='ltr'><strong>scire</strong></span> <span class='ocrx_word' id='word_1_773' title='bbox 3717 4149 3821 4186; x_wconf 88' lang='lat' dir='ltr'><strong>nos</strong></span> 
     </span>
    </p>
   </div>
   <div class='ocr_carea' id='block_1_99' title="bbox 2226 4222 3817 4296">
    <p class='ocr_par' dir='ltr' id='par_1_99' title="bbox 2226 4222 3817 4296">
     <span class='ocr_line' id='line_1_99' title="bbox 2226 4222 3817 4296; baseline 0.001 -18"><span class='ocrx_word' id='word_1_774' title='bbox 2226 4223 2496 4279; x_wconf 85' lang='lat' dir='ltr'><strong>desiderat</strong></span> <span class='ocrx_word' id='word_1_775' title='bbox 2517 4223 3005 4292; x_wconf 90' lang='lat' dir='ltr'><strong>supereminentem</strong></span> <span class='ocrx_word' id='word_1_776' title='bbox 3028 4222 3350 4278; x_wconf 88' lang='lat' dir='ltr'><strong>charitatem</strong></span> <span class='ocrx_word' id='word_1_777' title='bbox 3371 4223 3572 4280; x_wconf 91' lang='lat' dir='ltr'><strong>Christi</strong></span> <span class='ocrx_word' id='word_1_778' title='bbox 3593 4227 3610 4295; x_wconf 96' lang='lat'><strong>(</strong></span> <span class='ocrx_word' id='word_1_779' title='bbox 3623 4225 3817 4296; x_wconf 85' lang='lat' dir='ltr'><strong>Ephes.</strong></span> 
     </span>
    </p>
   </div>
   <div class='ocr_carea' id='block_1_100' title="bbox 2227 4311 3821 4383">
    <p class='ocr_par' dir='ltr' id='par_1_100' title="bbox 2227 4311 3821 4383">
     <span class='ocr_line' id='line_1_100' title="bbox 2227 4311 3821 4383; baseline 0.004 -19"><span class='ocrx_word' id='word_1_780' title='bbox 2227 4326 2308 4375; x_wconf 87' lang='grc' dir='ltr'><strong>ιιι,</strong></span> <span class='ocrx_word' id='word_1_781' title='bbox 2329 4311 2439 4382; x_wconf 83' lang='grc'>19).</span> <span class='ocrx_word' id='word_1_782' title='bbox 2458 4311 2598 4381; x_wconf 83' lang='lat' dir='ltr'><strong>Ergo</strong></span> <span class='ocrx_word' id='word_1_783' title='bbox 2621 4322 2676 4367; x_wconf 89' lang='lat' dir='ltr'><strong>et</strong></span> <span class='ocrx_word' id='word_1_784' title='bbox 2699 4327 2820 4368; x_wconf 89' lang='lat' dir='ltr'><strong>cum</strong></span> <span class='ocrx_word' id='word_1_785' title='bbox 2839 4320 3049 4367; x_wconf 83' lang='lat' dir='ltr'><strong>sextum</strong></span> <span class='ocrx_word' id='word_1_786' title='bbox 3075 4312 3599 4383; x_wconf 85' lang='lat' dir='ltr'><strong>sigillum,videlicet</strong></span> <span class='ocrx_word' id='word_1_787' title='bbox 3629 4329 3821 4370; x_wconf 88' lang='lat' dir='ltr'><strong>ascen-</strong></span> 
     </span>
    </p>
   </div>
   <div class='ocr_carea' id='block_1_101' title="bbox 2225 4404 3818 4477">
    <p class='ocr_par' dir='ltr' id='par_1_101' title="bbox 2225 4404 3818 4477">
     <span class='ocr_line' id='line_1_101' title="bbox 2225 4404 3818 4477; baseline 0.003 -18"><span class='ocrx_word' id='word_1_788' title='bbox 2225 4405 2433 4460; x_wconf 92' lang='lat' dir='ltr'><strong>sionem</strong></span> <span class='ocrx_word' id='word_1_789' title='bbox 2461 4421 2639 4469; x_wconf 90' lang='lat' dir='ltr'><strong>suam,</strong></span> <span class='ocrx_word' id='word_1_790' title='bbox 2667 4405 2823 4460; x_wconf 91' lang='lat' dir='ltr'><strong>nobis</strong></span> <span class='ocrx_word' id='word_1_791' title='bbox 2851 4404 2903 4459; x_wconf 93' lang='lat' dir='ltr'><strong>in</strong></span> <span class='ocrx_word' id='word_1_792' title='bbox 2930 4420 3091 4460; x_wconf 90' lang='lat' dir='ltr'><strong>carne</strong></span> <span class='ocrx_word' id='word_1_793' title='bbox 3117 4406 3387 4469; x_wconf 82' lang='lat' dir='ltr'><strong>exhibuit,</strong></span> <span class='ocrx_word' id='word_1_794' title='bbox 3425 4406 3628 4477; x_wconf 89' lang='lat' dir='ltr'><strong>liquido</strong></span> <span class='ocrx_word' id='word_1_795' title='bbox 3653 4405 3818 4475; x_wconf 87' lang='lat' dir='ltr'><strong>juxta</strong></span> 
     </span>
    </p>
   </div>
   <div class='ocr_carea' id='block_1_102' title="bbox 2225 4496 3818 4568">
    <p class='ocr_par' dir='ltr' id='par_1_102' title="bbox 2225 4496 3818 4568">
     <span class='ocr_line' id='line_1_102' title="bbox 2225 4496 3818 4568; baseline 0.003 -19"><span class='ocrx_word' id='word_1_796' title='bbox 2225 4496 2442 4566; x_wconf 87' lang='lat' dir='ltr'><strong>pietatis</strong></span> <span class='ocrx_word' id='word_1_797' title='bbox 2470 4512 2582 4552; x_wconf 85' lang='lat' dir='ltr'><strong>suae</strong></span> <span class='ocrx_word' id='word_1_798' title='bbox 2618 4497 2956 4568; x_wconf 86' lang='lat' dir='ltr'><strong>mysterium,</strong></span> <span class='ocrx_word' id='word_1_799' title='bbox 2987 4504 3117 4552; x_wconf 91' lang='lat' dir='ltr'><strong>tunc</strong></span> <span class='ocrx_word' id='word_1_800' title='bbox 3151 4496 3292 4552; x_wconf 91' lang='lat' dir='ltr'><strong>viam</strong></span> <span class='ocrx_word' id='word_1_801' title='bbox 3337 4497 3493 4552; x_wconf 89' lang='lat' dir='ltr'><strong>nobis</strong></span> <span class='ocrx_word' id='word_1_802' title='bbox 3533 4497 3818 4554; x_wconf 67' lang='lat' dir='ltr'><strong>caelestem</strong></span> 
     </span>
    </p>
   </div>
   <div class='ocr_carea' id='block_1_103' title="bbox 2224 4589 3821 4661">
    <p class='ocr_par' dir='ltr' id='par_1_103' title="bbox 2224 4589 3821 4661">
     <span class='ocr_line' id='line_1_103' title="bbox 2224 4589 3821 4661; baseline 0.003 -18"><span class='ocrx_word' id='word_1_803' title='bbox 2224 4589 2511 4660; x_wconf 91' lang='lat' dir='ltr'><strong>patefecit,</strong></span> <span class='ocrx_word' id='word_1_804' title='bbox 2535 4599 2588 4644; x_wconf 91' lang='lat' dir='ltr'><strong>et</strong></span> <span class='ocrx_word' id='word_1_805' title='bbox 2620 4605 2873 4661; x_wconf 88' lang='lat' dir='ltr'><strong>magnum</strong></span> <span class='ocrx_word' id='word_1_806' title='bbox 2911 4599 3312 4646; x_wconf 90' lang='lat' dir='ltr'><strong>sacramentum</strong></span> <span class='ocrx_word' id='word_1_807' title='bbox 3356 4591 3821 4648; x_wconf 80' lang='lat' dir='ltr'><strong>reconciliationis</strong></span> 
     </span>
    </p>
   </div>
   <div class='ocr_carea' id='block_1_104' title="bbox 2224 4683 3816 4755">
    <p class='ocr_par' dir='ltr' id='par_1_104' title="bbox 2224 4683 3816 4755">
     <span class='ocr_line' id='line_1_104' title="bbox 2224 4683 3816 4755; baseline 0 -16"><span class='ocrx_word' id='word_1_808' title='bbox 2224 4683 2460 4740; x_wconf 88' lang='lat' dir='ltr'><strong>ostendit</strong></span> <span class='ocrx_word' id='word_1_809' title='bbox 2485 4692 2600 4750; x_wconf 89' lang='lat' dir='ltr'><strong>:ut,</strong></span> <span class='ocrx_word' id='word_1_810' title='bbox 2623 4683 2714 4754; x_wconf 89' lang='lat' dir='ltr'><strong>qui</strong></span> <span class='ocrx_word' id='word_1_811' title='bbox 2740 4684 2883 4755; x_wconf 87' lang='lat' dir='ltr'><strong>digni</strong></span> <span class='ocrx_word' id='word_1_812' title='bbox 2913 4683 3050 4738; x_wconf 86' lang='lat' dir='ltr'><strong>infra</strong></span> <span class='ocrx_word' id='word_1_813' title='bbox 3079 4693 3350 4738; x_wconf 89' lang='lat' dir='ltr'><strong>terrenum</strong></span> <span class='ocrx_word' id='word_1_814' title='bbox 3371 4683 3678 4755; x_wconf 85' lang='lat' dir='ltr'><strong>paradisum</strong></span> <span class='ocrx_word' id='word_1_815' title='bbox 3708 4684 3816 4754; x_wconf 70' lang='grc' dir='ltr'><strong>ιθ</strong></span> 
     </span>
    </p>
   </div>
   <div class='ocr_carea' id='block_1_105' title="bbox 2226 4775 3818 4847">
    <p class='ocr_par' dir='ltr' id='par_1_105' title="bbox 2226 4775 3818 4847">
     <span class='ocr_line' id='line_1_105' title="bbox 2226 4775 3818 4847; baseline 0.001 -17"><span class='ocrx_word' id='word_1_816' title='bbox 2226 4791 2332 4830; x_wconf 91' lang='lat' dir='ltr'><strong>non</strong></span> <span class='ocrx_word' id='word_1_817' title='bbox 2359 4775 2557 4831; x_wconf 88' lang='lat' dir='ltr'><strong>fuimus</strong></span> <span class='ocrx_word' id='word_1_818' title='bbox 2582 4776 2785 4830; x_wconf 91' lang='lat' dir='ltr'><strong>diutius</strong></span> <span class='ocrx_word' id='word_1_819' title='bbox 2812 4791 3151 4845; x_wconf 88' lang='lat' dir='ltr'><strong>permanere,</strong></span> <span class='ocrx_word' id='word_1_820' title='bbox 3185 4775 3319 4829; x_wconf 92' lang='lat' dir='ltr'><strong>uniti</strong></span> <span class='ocrx_word' id='word_1_821' title='bbox 3350 4775 3403 4830; x_wconf 93' lang='lat' dir='ltr'><strong>in</strong></span> <span class='ocrx_word' id='word_1_822' title='bbox 3437 4791 3665 4847; x_wconf 91' lang='lat' dir='ltr'><strong>corpore</strong></span> <span class='ocrx_word' id='word_1_823' title='bbox 3691 4777 3818 4847; x_wconf 85' lang='lat' dir='ltr'><strong>ejus</strong></span> 
     </span>
    </p>
   </div>
   <div class='ocr_carea' id='block_1_106' title="bbox 2227 4864 3817 4922">
    <p class='ocr_par' dir='ltr' id='par_1_106' title="bbox 2227 4864 3817 4922">
     <span class='ocr_line' id='line_1_106' title="bbox 2227 4864 3817 4922; baseline 0.001 -1"><span class='ocrx_word' id='word_1_824' title='bbox 2227 4867 2294 4921; x_wconf 87' lang='lat' dir='ltr'><strong>ad</strong></span> <span class='ocrx_word' id='word_1_825' title='bbox 2321 4865 2561 4922; x_wconf 82' lang='lat' dir='ltr'><strong>coelestia</strong></span> <span class='ocrx_word' id='word_1_826' title='bbox 2604 4866 2656 4919; x_wconf 93' lang='lat' dir='ltr'><strong>in</strong></span> <span class='ocrx_word' id='word_1_827' title='bbox 2693 4865 2884 4921; x_wconf 91' lang='lat' dir='ltr'><strong>melius</strong></span> <span class='ocrx_word' id='word_1_828' title='bbox 2938 4864 3217 4922; x_wconf 87' lang='lat' dir='ltr'><strong>reformati</strong></span> <span class='ocrx_word' id='word_1_829' title='bbox 3271 4866 3682 4922; x_wconf 90' lang='lat' dir='ltr'><strong>transferamur.</strong></span> <span class='ocrx_word' id='word_1_830' title='bbox 3729 4866 3817 4922; x_wconf 88' lang='lat' dir='ltr'><strong>Ad</strong></span> 
     </span>
    </p>
   </div>
   <div class='ocr_carea' id='block_1_107' title="bbox 2230 4959 3817 5031">
    <p class='ocr_par' dir='ltr' id='par_1_107' title="bbox 2230 4959 3817 5031">
     <span class='ocr_line' id='line_1_107' title="bbox 2230 4959 3817 5031; baseline 0.001 -17"><span class='ocrx_word' id='word_1_831' title='bbox 2230 4961 2476 5016; x_wconf 90' lang='lat' dir='ltr'><strong>ultimum</strong></span> <span class='ocrx_word' id='word_1_832' title='bbox 2507 4975 2636 5016; x_wconf 86' lang='lat' dir='ltr'><strong>vero</strong></span> <span class='ocrx_word' id='word_1_833' title='bbox 2666 4960 2901 5031; x_wconf 90' lang='lat' dir='ltr'><strong>Spiritus</strong></span> <span class='ocrx_word' id='word_1_834' title='bbox 2931 4960 3144 5016; x_wconf 89' lang='lat' dir='ltr'><strong>timoris</strong></span> <span class='ocrx_word' id='word_1_835' title='bbox 3175 4959 3569 5023; x_wconf 87' lang='lat' dir='ltr'><strong>manifestatur,</strong></span> <span class='ocrx_word' id='word_1_836' title='bbox 3596 4959 3817 5027; x_wconf 86' lang='lat' dir='ltr'><strong>quando</strong></span> 
     </span>
    </p>
   </div>
   <div class='ocr_carea' id='block_1_108' title="bbox 2230 5053 3814 5126">
    <p class='ocr_par' dir='ltr' id='par_1_108' title="bbox 2230 5053 3814 5126">
     <span class='ocr_line' id='line_1_108' title="bbox 2230 5053 3814 5126; baseline -0.002 -16"><span class='ocrx_word' id='word_1_837' title='bbox 2230 5057 2297 5111; x_wconf 91' lang='lat' dir='ltr'><strong>ad</strong></span> <span class='ocrx_word' id='word_1_838' title='bbox 2312 5055 2573 5125; x_wconf 89' lang='lat' dir='ltr'><strong>judicium</strong></span> <span class='ocrx_word' id='word_1_839' title='bbox 2605 5065 2864 5111; x_wconf 89' lang='lat' dir='ltr'><strong>venturus</strong></span> <span class='ocrx_word' id='word_1_840' title='bbox 2892 5056 3305 5126; x_wconf 85' lang='lat' dir='ltr'><strong>repromittitur.</strong></span> <span class='ocrx_word' id='word_1_841' title='bbox 3337 5053 3402 5106; x_wconf 89' lang='lat' dir='ltr'><strong>Et</strong></span> <span class='ocrx_word' id='word_1_842' title='bbox 3431 5053 3550 5107; x_wconf 91' lang='lat' dir='ltr'><strong>ideo</strong></span> <span class='ocrx_word' id='word_1_843' title='bbox 3575 5053 3814 5121; x_wconf 86' lang='lat' dir='ltr'><strong>interea,</strong></span> 
     </span>
    </p>
   </div>
   <div class='ocr_carea' id='block_1_109' title="bbox 2232 5143 3815 5212">
    <p class='ocr_par' dir='ltr' id='par_1_109' title="bbox 2232 5143 3815 5212">
     <span class='ocr_line' id='line_1_109' title="bbox 2232 5143 3815 5212; baseline -0.003 -8"><span class='ocrx_word' id='word_1_844' title='bbox 2232 5149 2358 5204; x_wconf 92' lang='lat' dir='ltr'><strong>dum</strong></span> <span class='ocrx_word' id='word_1_845' title='bbox 2390 5150 2641 5212; x_wconf 81' lang='lat' dir='ltr'><strong>vivimus,</strong></span> <span class='ocrx_word' id='word_1_846' title='bbox 2676 5148 2776 5203; x_wconf 88' lang='lat' dir='ltr'><strong>sub</strong></span> <span class='ocrx_word' id='word_1_847' title='bbox 2806 5156 2949 5203; x_wconf 89' lang='lat' dir='ltr'><strong>metu</strong></span> <span class='ocrx_word' id='word_1_848' title='bbox 2974 5164 3037 5204; x_wconf 91' lang='lat' dir='ltr'><strong>ac</strong></span> <span class='ocrx_word' id='word_1_849' title='bbox 3067 5158 3300 5204; x_wconf 88' lang='lat' dir='ltr'><strong>tremore</strong></span> <span class='ocrx_word' id='word_1_850' title='bbox 3325 5160 3622 5200; x_wconf 88' lang='lat' dir='ltr'><strong>versemur.</strong></span> <span class='ocrx_word' id='word_1_851' title='bbox 3656 5143 3815 5200; x_wconf 88' lang='lat' dir='ltr'><strong>Unde</strong></span> 
     </span>
    </p>
   </div>
   <div class='ocr_carea' id='block_1_110' title="bbox 2229 5237 3914 5304">
    <p class='ocr_par' dir='ltr' id='par_1_110' title="bbox 2229 5237 3914 5304">
     <span class='ocr_line' id='line_1_110' title="bbox 2229 5237 3914 5304; baseline -0.002 -9"><span class='ocrx_word' id='word_1_852' title='bbox 2229 5239 2483 5295; x_wconf 88' lang='lat' dir='ltr'><strong>Salomon</strong></span> <span class='ocrx_word' id='word_1_853' title='bbox 2510 5241 2562 5296; x_wconf 93' lang='lat' dir='ltr'><strong>in</strong></span> <span class='ocrx_word' id='word_1_854' title='bbox 2591 5241 2696 5295; x_wconf 90' lang='lat' dir='ltr'><strong>fine</strong></span> <span class='ocrx_word' id='word_1_855' title='bbox 2725 5239 2845 5295; x_wconf 89' lang='lat' dir='ltr'><strong>libri</strong></span> <span class='ocrx_word' id='word_1_856' title='bbox 2885 5240 2967 5294; x_wconf 92' lang='lat' dir='ltr'><strong>sui</strong></span> <span class='ocrx_word' id='word_1_857' title='bbox 2997 5241 3093 5304; x_wconf 90' lang='lat' dir='ltr'><strong>ait,</strong></span> <span class='ocrx_word' id='word_1_858' title='bbox 3121 5241 3304 5294; x_wconf 85' lang='lat' dir='ltr'><strong>dicens</strong></span> <span class='ocrx_word' id='word_1_859' title='bbox 3338 5255 3350 5292; x_wconf 89' lang='lat'><strong>:</strong></span> <span class='ocrx_word' id='word_1_860' title='bbox 3377 5237 3543 5292; x_wconf 88' lang='lat' dir='ltr'><strong>Deum</strong></span> <span class='ocrx_word' id='word_1_861' title='bbox 3569 5239 3712 5302; x_wconf 89' lang='lat' dir='ltr'><strong>time,</strong></span> <span class='ocrx_word' id='word_1_862' title='bbox 3760 5249 3813 5292; x_wconf 87' lang='lat' dir='ltr'><strong>et</strong></span> <span class='ocrx_word' id='word_1_863' title='bbox 3907 5295 3914 5301; x_wconf 87' lang='lat'><em>_</em></span> 
     </span>
    </p>
   </div>
   <div class='ocr_carea' id='block_1_111' title="bbox 2227 5331 3814 5405">
    <p class='ocr_par' dir='ltr' id='par_1_111' title="bbox 2227 5331 3814 5405">
     <span class='ocr_line' id='line_1_111' title="bbox 2227 5331 3814 5405; baseline -0.001 -17"><span class='ocrx_word' id='word_1_864' title='bbox 2227 5336 2479 5390; x_wconf 88' lang='lat' dir='ltr'><strong>mandata</strong></span> <span class='ocrx_word' id='word_1_865' title='bbox 2518 5337 2632 5405; x_wconf 86' lang='lat' dir='ltr'><strong>ejus</strong></span> <span class='ocrx_word' id='word_1_866' title='bbox 2670 5335 2926 5399; x_wconf 77' lang='lat' dir='ltr'><strong>observa;</strong></span> <span class='ocrx_word' id='word_1_867' title='bbox 2954 5334 3052 5388; x_wconf 84' lang='lat' dir='ltr'><strong>hoc</strong></span> <span class='ocrx_word' id='word_1_868' title='bbox 3081 5344 3178 5398; x_wconf 85' lang='lat' dir='ltr'><strong>est,</strong></span> <span class='ocrx_word' id='word_1_869' title='bbox 3227 5331 3421 5402; x_wconf 90' lang='lat' dir='ltr'><strong>inquit,</strong></span> <span class='ocrx_word' id='word_1_870' title='bbox 3458 5331 3626 5384; x_wconf 88' lang='lat' dir='ltr'><strong>omnis</strong></span> <span class='ocrx_word' id='word_1_871' title='bbox 3652 5331 3814 5387; x_wconf 86' lang='lat' dir='ltr'><strong>homo</strong></span> 
     </span>
    </p>
   </div>
   <div class='ocr_carea' id='block_1_112' title="bbox 2225 5418 3817 5499">
    <p class='ocr_par' dir='ltr' id='par_1_112' title="bbox 2225 5418 3817 5499">
     <span class='ocr_line' id='line_1_112' title="bbox 2225 5418 3817 5499; baseline -0.002 -21"><span class='ocrx_word' id='word_1_872' title='bbox 2225 5425 2245 5499; x_wconf 90' lang='lat'><strong>(</strong></span> <span class='ocrx_word' id='word_1_873' title='bbox 2276 5423 2450 5481; x_wconf 87' lang='lat' dir='ltr'><strong>Eccle.</strong></span> <span class='ocrx_word' id='word_1_874' title='bbox 2481 5441 2583 5490; x_wconf 84' lang='lat' dir='ltr'><strong>xu,</strong></span> <span class='ocrx_word' id='word_1_875' title='bbox 2612 5425 2677 5480; x_wconf 80' lang='grc'><strong>15</strong></span> <span class='ocrx_word' id='word_1_876' title='bbox 2703 5425 2743 5496; x_wconf 94' lang='grc'>).</span> <span class='ocrx_word' id='word_1_877' title='bbox 2798 5423 2937 5478; x_wconf 81' lang='lat' dir='ltr'><strong>Hinc</strong></span> <span class='ocrx_word' id='word_1_878' title='bbox 2984 5422 3151 5479; x_wconf 90' lang='lat' dir='ltr'><strong>David</strong></span> <span class='ocrx_word' id='word_1_879' title='bbox 3187 5421 3263 5475; x_wconf 88' lang='lat' dir='ltr'><strong>ait</strong></span> <span class='ocrx_word' id='word_1_880' title='bbox 3301 5439 3313 5475; x_wconf 93' lang='lat'>:</span> <span class='ocrx_word' id='word_1_881' title='bbox 3368 5419 3546 5474; x_wconf 86' lang='lat' dir='ltr'><strong>Timor</strong></span> <span class='ocrx_word' id='word_1_882' title='bbox 3596 5418 3817 5476; x_wconf 71' lang='lat' dir='ltr'><strong>Domini</strong></span> 
     </span>
    </p>
   </div>
   <div class='ocr_carea' id='block_1_113' title="bbox 2226 5507 3805 5585">
    <p class='ocr_par' dir='ltr' id='par_1_113' title="bbox 2226 5507 3805 5585">
     <span class='ocr_line' id='line_1_113' title="bbox 2226 5507 3805 5585; baseline -0.004 -14"><span class='ocrx_word' id='word_1_883' title='bbox 2226 5526 2464 5581; x_wconf 85' lang='lat' dir='ltr'><strong>sanctus,</strong></span> <span class='ocrx_word' id='word_1_884' title='bbox 2488 5531 2796 5585; x_wconf 86' lang='lat' dir='ltr'><strong>permanens</strong></span> <span class='ocrx_word' id='word_1_885' title='bbox 2835 5515 2890 5568; x_wconf 90' lang='lat' dir='ltr'><strong>in</strong></span> <span class='ocrx_word' id='word_1_886' title='bbox 2933 5512 3182 5567; x_wconf 80' lang='lat' dir='ltr'><strong>sceculum</strong></span> <span class='ocrx_word' id='word_1_887' title='bbox 3215 5508 3395 5566; x_wconf 61' lang='lat' dir='ltr'><strong>saeculi</strong></span> <span class='ocrx_word' id='word_1_888' title='bbox 3425 5507 3608 5580; x_wconf 88' lang='lat' dir='ltr'><strong>(Psal.</strong></span> <span class='ocrx_word' id='word_1_889' title='bbox 3640 5525 3805 5576; x_wconf 85' lang='lat' dir='ltr'><strong>xvm,</strong></span> 
     </span>
    </p>
   </div>
   <div class='ocr_carea' id='block_1_114' title="bbox 2230 5600 3812 5679">
    <p class='ocr_par' dir='ltr' id='par_1_114' title="bbox 2230 5600 3812 5679">
     <span class='ocr_line' id='line_1_114' title="bbox 2230 5600 3812 5679; baseline -0.005 -14"><span class='ocrx_word' id='word_1_890' title='bbox 2230 5608 2340 5678; x_wconf 78' lang='lat' dir='ltr'><strong>l0).</strong></span> <span class='ocrx_word' id='word_1_891' title='bbox 2377 5609 2473 5664; x_wconf 89' lang='lat' dir='ltr'><strong>His</strong></span> <span class='ocrx_word' id='word_1_892' title='bbox 2498 5624 2630 5679; x_wconf 87' lang='lat' dir='ltr'><strong>ergo</strong></span> <span class='ocrx_word' id='word_1_893' title='bbox 2658 5617 2862 5678; x_wconf 90' lang='lat' dir='ltr'><strong>septem</strong></span> <span class='ocrx_word' id='word_1_894' title='bbox 2891 5606 2944 5660; x_wconf 92' lang='lat' dir='ltr'><strong>in</strong></span> <span class='ocrx_word' id='word_1_895' title='bbox 2968 5604 3187 5659; x_wconf 86' lang='lat' dir='ltr'><strong>Christo</strong></span> <span class='ocrx_word' id='word_1_896' title='bbox 3214 5602 3472 5658; x_wconf 86' lang='lat' dir='ltr'><strong>reseratis</strong></span> <span class='ocrx_word' id='word_1_897' title='bbox 3505 5600 3812 5657; x_wconf 63' lang='lat' dir='ltr'><strong>caelestium</strong></span> 
     </span>
    </p>
   </div>
   <div class='ocr_carea' id='block_1_115' title="bbox 2229 5691 3815 5768">
    <p class='ocr_par' dir='ltr' id='par_1_115' title="bbox 2229 5691 3815 5768">
     <span class='ocr_line' id='line_1_115' title="bbox 2229 5691 3815 5768; baseline -0.007 -12"><span class='ocrx_word' id='word_1_898' title='bbox 2229 5711 2695 5756; x_wconf 89' lang='lat' dir='ltr'><strong>sacramentorum</strong></span> <span class='ocrx_word' id='word_1_899' title='bbox 2749 5696 3052 5768; x_wconf 88' lang='lat' dir='ltr'><strong>mysteriis.</strong></span> <span class='ocrx_word' id='word_1_900' title='bbox 3108 5694 3236 5749; x_wconf 91' lang='lat' dir='ltr'><strong>illud</strong></span> <span class='ocrx_word' id='word_1_901' title='bbox 3289 5692 3442 5749; x_wconf 71' lang='lat' dir='ltr'><strong>Isaia:</strong></span> <span class='ocrx_word' id='word_1_902' title='bbox 3493 5691 3815 5747; x_wconf 87' lang='lat' dir='ltr'><strong>vaticinium</strong></span> 
     </span>
    </p>
   </div>
   <div class='ocr_carea' id='block_1_116' title="bbox 2175 5780 3817 5864">
    <p class='ocr_par' dir='ltr' id='par_1_116' title="bbox 2175 5780 3817 5864">
     <span class='ocr_line' id='line_1_116' title="bbox 2175 5780 3817 5864; baseline -0.008 -16"><span class='ocrx_word' id='word_1_903' title='bbox 2175 5781 2189 5794; x_wconf 79' lang='grc'><em>’</em></span> <span class='ocrx_word' id='word_1_904' title='bbox 2233 5792 2576 5864; x_wconf 88' lang='lat' dir='ltr'><strong>adimpletur,</strong></span> <span class='ocrx_word' id='word_1_905' title='bbox 2608 5789 2698 5845; x_wconf 91' lang='lat' dir='ltr'><strong>ubi</strong></span> <span class='ocrx_word' id='word_1_906' title='bbox 2722 5789 2837 5842; x_wconf 89' lang='lat' dir='ltr'><strong>ait:</strong></span> <span class='ocrx_word' id='word_1_907' title='bbox 2871 5787 2937 5841; x_wconf 83' lang='lat' dir='ltr'><strong>Et</strong></span> <span class='ocrx_word' id='word_1_908' title='bbox 2964 5786 3242 5857; x_wconf 83' lang='lat' dir='ltr'><strong>requiescet</strong></span> <span class='ocrx_word' id='word_1_909' title='bbox 3265 5801 3422 5856; x_wconf 85' lang='lat' dir='ltr'><strong>super</strong></span> <span class='ocrx_word' id='word_1_910' title='bbox 3438 5799 3554 5839; x_wconf 86' lang='lat' dir='ltr'><strong>eum</strong></span> <span class='ocrx_word' id='word_1_911' title='bbox 3584 5780 3817 5852; x_wconf 85' lang='lat' dir='ltr'><strong>Spiritus</strong></span> 
     </span>
    </p>
   </div>
   <div class='ocr_carea' id='block_1_117' title="bbox 2231 5871 3819 5960">
    <p class='ocr_par' dir='ltr' id='par_1_117' title="bbox 2231 5871 3819 5960">
     <span class='ocr_line' id='line_1_117' title="bbox 2231 5871 3819 5960; baseline -0.01 -18"><span class='ocrx_word' id='word_1_912' title='bbox 2231 5883 2464 5950; x_wconf 87' lang='lat' dir='ltr'><strong>Domini,</strong></span> <span class='ocrx_word' id='word_1_913' title='bbox 2481 5879 2916 5953; x_wconf 85' lang='lat' dir='ltr'><strong>spiritus,inquit,</strong></span> <span class='ocrx_word' id='word_1_914' title='bbox 2931 5878 3198 5950; x_wconf 63' lang='lat' dir='ltr'><strong>sapientiae</strong></span> <span class='ocrx_word' id='word_1_915' title='bbox 3212 5887 3258 5933; x_wconf 89' lang='lat' dir='ltr'><strong>et</strong></span> <span class='ocrx_word' id='word_1_916' title='bbox 3271 5874 3588 5939; x_wconf 77' lang='lat' dir='ltr'><strong>intellectus,</strong></span> <span class='ocrx_word' id='word_1_917' title='bbox 3599 5871 3819 5960; x_wconf 69' lang='lat' dir='ltr'><strong>spiritus</strong></span> 
     </span>
    </p>
   </div>
  </div>
