4032 6358
248 382 306 434 ll

1143 367 1511 428 EXPOSITIO
1545 367 1615 425 IN
1653 365 2098 424 MATTHEUM.
2133 393 2206 407 --
2239 363 2632 422 PBASFATIO.

3455 368 3528 426 62

245 491 449 547 consilii
481 499 532 545 et
556 458 913 560 fortitudinis,
942 485 1160 556 spiritus
1186 485 1421 541 scientia
1458 493 1509 540 et
1532 482 1764 556 pietatis,
1788 491 1839 537 et
1865 487 1913 546 Α
1944 480 2173 552 mystice
2223 480 2535 553 prasignati
2562 521 2578 546 ,
2625 480 2743 550 ejus
2791 480 3000 537 scilicet
3053 482 3147 553 qui
3176 522 3193 549 ,
3227 498 3328 554 pro
3372 484 3529 543 nobis

247 581 450 652 replebit
475 577 844 652 eumSpiritus
867 576 1071 633 timoris
1098 575 1315 632 Domini
1345 575 1482 650 (Iso.
1515 592 1596 644 x1,
1616 575 1699 648 2).
1728 574 1841 633 Cur
1942 572 2241 628 clementer
2284 586 2504 643 passus,
2558 570 2749 627 doluit.
2782 569 2990 644 Singuli
3036 587 3168 645 ergo
3194 574 3306 642 isti,
3337 575 3393 631 in
3435 576 3511 636 do

249 689 386 746 ergo,
414 674 668 745 inquam,
698 685 843 728 unus
870 668 1108 741 Spiritus
1147 683 1314 740 super
1346 683 1473 725 eum
1504 668 1839 740 rcquievisse

246 768 476 833 dicitur,
521 780 652 822 cum
705 764 763 820 in
820 770 1030 835 septem
1078 761 1361 834 spiritibus
1405 761 1667 819 continuo
1709 760 1838 817 sub-

243 858 635 930 distinguitur?
672 857 778 913 nisi
806 864 868 911 ut
893 854 1208 912 ostenderet
1235 856 1491 928 gratiam,
1522 870 1646 927 qua:
1671 854 1833 911 simul

238 951 283 1008 ei
309 951 511 1017 inerat,
557 949 746 1006 omnia
785 947 1150 1020 adimplendo,
1200 947 1357 1004 nobis
1401 961 1502 1018 per
1547 946 1830 1003 intervalla

237 1040 626 1096 distribuisse?
672 1038 830 1096 Unde
881 1046 939 1094 et
985 1036 1225 1094 Joannes
1245 1038 1302 1093 in
1358 1036 1683 1110 Apocalypsi
1732 1053 1829 1093 sua

242 1132 419 1203 (Apoc.
468 1148 527 1197 v,
566 1131 625 1202 6)
677 1129 973 1186 introducit
1028 1128 1241 1202 Agnum
1297 1136 1530 1187 stantem
1574 1139 1829 1201 tanquam
1888 1190 1898 1201 ,

239 1223 498 1290 occisum,
526 1222 821 1278 habentem
849 1235 1054 1276 cornua
1090 1229 1318 1291 septem,
1359 1220 1415 1276 in
1436 1219 1634 1291 quibus
1677 1235 1829 1278 mor-

240 1322 339 1367 tem
357 1312 588 1376 devici,
614 1320 671 1367 et
691 1310 881 1367 oculos
914 1318 1143 1381 septem,
1168 1310 1261 1381 qui
1302 1318 1430 1366 sunt
1459 1318 1666 1381 septem
1706 1310 1829 1383 Spi-

233 1405 363 1461 ritus
395 1407 500 1461 Dei
544 1404 698 1460 missi
746 1404 803 1459 in
842 1418 1059 1461 omnem
1098 1412 1342 1459 terram:
1382 1403 1524 1472 Quid
1558 1405 1702 1460 enim
1743 1412 1827 1461 est

234 1502 470 1572 Agnum,
495 1501 551 1556 in
569 1499 754 1555 medio
782 1499 966 1554 throni
996 1505 1053 1554 et
1077 1498 1395 1554 animalium
1418 1512 1486 1553 ac
1518 1498 1823 1565 seniorum,

240 1602 448 1662 septem
475 1606 668 1647 cornua
691 1601 1012 1663 septemque
1034 1591 1224 1646 oculos
1251 1590 1473 1657 habere,
1516 1589 1625 1646 nisi
1650 1597 1826 1661 septe-

236 1684 383 1738 naria
420 1682 654 1752 Spiritus
670 1681 849 1737 sancti
894 1681 1209 1752 operatione
1244 1681 1447 1753 ubique
1490 1696 1588 1753 per
1632 1681 1819 1739 orbem

228 1776 280 1829 in
317 1790 414 1829 sua
460 1773 739 1829 Christum
773 1772 1039 1837 Ecclesia,
1075 1781 1250 1829 marte
1289 1773 1509 1837 divicta,
1549 1773 1820 1845 regnare?

1940 662 2121 720 mibus
2167 663 2281 720 suis
2330 663 2627 721 secundum
2689 663 2901 721 dierum
2949 672 3328 724 transcursum
3389 682 3528 726 con-

1938 753 2083 810 vivia
2127 754 2487 821 celebrantes,
2530 755 2757 811 mittunt
2802 763 2858 811 et
2899 764 3096 814 vocant
3136 764 3249 814 tres
3306 773 3529 818 sorores

1936 860 2087 903 suas.
2123 846 2259 914 Quia
2285 847 2542 903 nimirum
2570 846 2725 914 ﬁdes,
2757 863 2885 919 spes
2922 864 2990 905 ac
3021 850 3262 906 charitas
3287 850 3342 906 in
3372 850 3526 911 nullo

1936 935 2044 992 alio
2066 946 2217 993 recte
2255 937 2544 1008 epulantur
2586 939 2856 1004 convivio,
2889 939 2993 996 nisi
3022 940 3112 997 ubi
3166 941 3282 998 haec
3313 926 3522 1014 septem

1935 1028 2076 1083 dona
2125 1026 2360 1099 Spiritus
2400 1029 2572 1085 sancti
2615 1029 2822 1101 pariter
2858 1031 2913 1086 in
2950 1030 3167 1088 Christo
3199 1032 3522 1105 dignissime

1930 1116 2346 1188 participantur.
2364 1117 2617 1189 Alioquin
2642 1135 2815 1176 vacua
2842 1130 2928 1178 est
2952 1120 3083 1178 ﬁdes
3109 1131 3319 1188 nostra,
3344 1132 3401 1180 et
3423 1138 3521 1181 va-

1930 1223 2032 1266 cua
2065 1224 2162 1281 spe
2199 1210 2531 1278 extollimur,
2571 1212 2619 1269 si
2668 1212 2852 1269 nescio
2907 1228 2973 1270 ex
3022 1229 3130 1285 quo
3176 1216 3372 1284 altero,
3434 1217 3520 1274 vel

1930 1296 2071 1354 forte
2096 1300 2253 1370 quasi
2280 1316 2349 1357 ex
2371 1301 2529 1358 nobis
2558 1301 2796 1359 inaniter
2814 1302 3112 1375 gloriamur
3138 1319 3153 1359 :
3190 1307 3317 1376 quia
3347 1307 3417 1363 de
3456 1322 3543 1376 se,

1929 1393 2160 1464 quisque
2180 1394 2310 1449 dum
2334 1393 2575 1462 inﬂatur,
2606 1397 2791 1454 nescio
2818 1399 2949 1469 quid
2987 1399 3092 1456 sibi
3127 1400 3275 1458 aliud
3324 1418 3513 1475 repro-

1927 1487 2176 1553 mittens,
2202 1486 2412 1545 alienus
2442 1505 2473 1544 a
2495 1490 2647 1562 regni
2675 1492 2951 1548 consortio
2980 1493 3127 1550 velut
3152 1495 3305 1566 palea
3328 1498 3511 1553 venti-

1925 1577 2088 1634 latur.
2122 1577 2230 1635 Sed
2251 1580 2401 1651 quia,
2432 1558 2690 1638 dum'ista
2719 1583 2993 1654 explicare
3014 1558 3282 1655 volumus,
3306 1590 3514 1647 nostris
3540 1558 3553 1631 ξ

1924 1669 2254 1726 involvimur
2301 1672 2502 1739 verbis,
2563 1676 2835 1744 quomodo
2895 1676 3126 1733 celatum
3166 1680 3238 1736 sit
3298 1682 3513 1740 sarculis

1924 1778 1990 1819 ac
2022 1763 2460 1835 generationibus
2482 1768 2824 1838 mysterium,
2878 1771 3023 1838 quod
3076 1772 3232 1828 nobis
3272 1789 3416 1830 nunc
3451 1774 3508 1830 in

225 1865 318 1921 His
338 1866 540 1937 quippe
562 1872 771 1936 septem
805 1864 1084 1931 cornibus,
1131 1864 1332 1920 virtute
1366 1864 1602 1936 Spiritus
1619 1865 1814 1933 sancti,
1846 1857 1896 1919 B
1924 1864 2168 1928 tempore
2192 1856 2484 1912 revelatur.
2520 1857 2774 1929 Nunquid
2797 1859 2961 1931 igitur
2983 1869 3078 1916 aut
3117 1877 3365 1933 superna:
3406 1880 3507 1935 pa-

221 1957 465 2013 Ecclesia
490 1956 548 2011 in
578 1957 733 2028 regni
756 1955 1128 2012 fortitudinem
1150 1955 1461 2022 sublimata,
1490 1956 1673 2013 omnia
1695 1971 1818 2028 pec-

223 2058 468 2105 catorum
526 2064 733 2105 cornua
792 2048 1135 2121 confringit;
1164 2049 1285 2105 istis
1325 2049 1593 2120 siquidem
1644 2049 1816 2107 oculis

225 2142 555 2208 illuminata,
597 2140 769 2211 signis
818 2149 874 2197 et
914 2139 1207 2196 virtutibus
1235 2139 1557 2196 illustratur.
1598 2139 1816 2197 Eisdem

218 2249 349 2289 sane
371 2232 658 2289 columnis
699 2232 913 2297 domus,
967 2245 1131 2301 quam
1174 2229 1278 2287 sibi
1304 2229 1639 2302 Sapientiam
1687 2230 1818 2287 aedi-

219 2328 420 2382 ﬁcasse
468 2323 732 2396 legimus,
767 2322 988 2378 fulcitur
1037 2337 1103 2378 ac
1148 2321 1415 2377 ﬁrmatur.
1448 2322 1581 2390 Qua:
1624 2322 1818 2378 domus

218 2427 412 2475 sancta
450 2417 555 2474 Dei
584 2415 824 2473 Ecclesia
865 2413 987 2472 fore
1010 2416 1290 2487 probatur,
1316 2430 1481 2487 quam
1525 2415 1628 2472 sibi
1658 2414 1819 2471 Chri-

218 2521 360 2577 stus,
394 2511 495 2568 Dei
525 2510 721 2575 virtus,
762 2524 828 2565 ac
869 2508 967 2565 Dei
1008 2508 1274 2580 sapientia
1314 2507 1517 2575 Patris,
1561 2508 1667 2564 isto
1695 2523 1819 2580 sep-

215 2604 435 2661 tenario
466 2604 734 2659 virtutum
773 2616 940 2675 opere
989 2601 1278 2658 dedicavit.
1307 2600 1426 2657 lsta‘
1464 2608 1592 2656 sunt
1633 2607 1817 2655 autem

219 2707 432 2770 septem
472 2695 711 2752 lucentia
763 2693 1091 2751 candelabra
1141 2708 1324 2750 coram
1364 2692 1633 2758 Domino;
1688 2692 1818 2763 quia

217 2791 484 2847 nimirum
514 2790 571 2845 in
599 2787 843 2856 Christo,
894 2787 963 2843 ad
1003 2787 1461 2844 illuminationem
1506 2794 1562 2844 et
1611 2788 1817 2843 redem-

219 2886 463 2956 ptionem
483 2892 753 2949 nostram,
780 2882 1130 2938 fuerunthzec
1144 2880 1362 2952 impleta
1388 2898 1401 2935 :
1428 2888 1483 2937 et
1503 2880 1663 2936 modo
1690 2895 1815 2935 cum

220 2976 475 3032 universo
501 2991 603 3032 suo
651 2989 815 3048 opere
855 2972 1059 3045 iugiter
1095 2988 1280 3029 coram
1312 2973 1425 3028 Deo
1472 2969 1635 3028 Patre
1674 2971 1817 3027 idem

224 3065 536 3138 interpellat
583 3079 686 3135 pro
733 3063 909 3120 nobis.
953 3062 1107 3120 Unde
1135 3074 1191 3119 et
1229 3062 1286 3118 hi
1337 3070 1547 3133 septem
1592 3050 1819 3132 spiritus

223 3175 405 3217 coram
458 3159 823 3215 Dominatore
885 3158 1140 3214 dicuntur
1185 3156 1448 3213 assistere
1496 3173 1511 3210 :
1560 3154 1818 3226 quoniam

1919 1948 2035 2004 tria:
2064 1948 2324 2019 angelicis
2347 1949 2645 2019 spiritibus,
2678 1958 2772 2004 aut
2799 1952 3002 2007 sanctis
3029 1952 3359 2021 hominibus,
3391 1955 3508 2010 sive

1917 2039 1972 2096 in
2000 2055 2164 2096 carne
2184 2041 2489 2097 viventibus
2518 2043 2632 2097 sive
2678 2041 2962 2111 defunctis,
3014 2041 3240 2102 ientura
3280 2046 3511 2104 Redem-

1915 2131 2089 2204 ptoris
2108 2132 2440 2204 dispensatio
2466 2132 2643 2199 latuit,
2664 2141 2725 2189 ut
2746 2148 2867 2191 eam
2909 2134 3101 2192 saltem
3131 2151 3163 2192 a
3209 2137 3367 2209 longe
3399 2139 3511 2209 spi-

1917 2220 2169 2277 ritalibus
2220 2222 2392 2278 oculis
2435 2224 2708 2293 respicere
2756 2240 2864 2281 non
2912 2226 3171 2297 possent?
3226 2227 3358 2295 Quis
3404 2228 3512 2286 hoc

1917 2312 2150 2369 dixerit?
2174 2329 2298 2369 cum
2329 2313 2499 2371 Isaias
2528 2322 2784 2387 tanquam
2828 2317 2882 2372 in
2912 2320 3165 2388 praesenti
3195 2322 3394 2391 posito,
3434 2321 3514 2378 di-

1916 2413 2005 2460 cat
2019 2404 2221 2473 :Quare
2234 2405 2451 2461 rubrum
2463 2416 2537 2462 est
2552 2407 2917 2464 indumentum
2928 2410 3243 2484 tuum?(lsa.
3260 2429 3391 2469 LXIII
3404 2413 3508 2483 ,2.)

1914 2499 1996 2556 Ac
2023 2501 2072 2557 si
2113 2503 2336 2571 diceret,
2365 2505 2494 2575 quid
2534 2515 2619 2562 est
2641 2507 2787 2577 quod
2812 2508 2868 2562 in
2889 2523 3056 2564 carne
3088 2510 3226 2566 mori
3258 2511 3512 2567 voluisti?

1916 2608 2040 2650 cum
2062 2596 2266 2651 nullum
2312 2598 2380 2654 de
2406 2613 2570 2654 carne
2588 2607 2873 2670 peccatum
2904 2602 3153 2657 traxisti?
3176 2602 3280 2674 ιδ
3299 2604 3388 2660 cui
3415 2603 3509 2660 ille

1919 2688 2200 2760 respondit
2225 2708 2239 2743 :
2270 2689 2529 2746 Torcular
2553 2692 2753 2748 calcari
2772 2692 2939 2762 solus,
2966 2705 3012 2750 et
3050 2696 3114 2751 de
3138 2696 3374 2767 gentibus
3404 2713 3512 2753 non

1915 2790 1992 2836 est
2014 2782 2096 2836 vir
2111 2798 2332 2837 mecum.
2365 2782 2527 2839 Solus
2580 2783 2767 2854 utique
2816 2784 3053 2841 torcular
3080 2785 3334 2854 calcavit,
3378 2788 3507 2859 quia

1918 2870 2065 2927 solus
2103 2880 2356 2943 mortem,
2394 2888 2557 2944 quam
2607 2875 2849 2946 pertulit,
2896 2879 3189 2949 superavit.
3249 2877 3402 2936 Unde
3451 2888 3510 2936 et

1917 2964 2156 3022 Joannes
2196 2966 2447 3037 angelum
2489 2983 2548 3023 se
2583 2966 2785 3025 vidisse
2833 2977 3066 3026 testatur
3106 2970 3326 3039 fortem,
3368 2988 3510 3044 pra:-

1920 3058 2189 3115 dicantem
2209 3073 2341 3116 voce
2362 3075 2587 3132 magna:
2616 3060 2747 3127 Quis
2766 3071 2843 3117 est
2861 3062 3050 3135 dignus
3064 3068 3269 3135 aperire
3289 3064 3507 3135 librum,

1919 3159 1966 3203 et
1987 3148 2183 3205 solvere
2202 3159 2394 3220 septem
2425 3150 2700 3222 signacula
2728 3151 2843 3222 ejus
2858 3153 2884 3207 Ρ
2904 3151 3004 3210 Ubi
3029 3155 3287 3211 continuo
3325 3156 3509 3213 subin—

224 3253 485 3325 Ψωφιίά
526 3262 611 3309 εει
660 3250 791 3307 ηιαά
829 3250 973 3322 (μ,οά
1029 3266 1129 3307 nos
1168 3266 1375 3318 sumus,
1401 3250 1504 3306 hoc
1556 3258 1730 3307 ιοιυω
1760 3250 1817 3306 in
1844 3226 1890 3289 C
1921 3237 2136 3295 fertur:
2163 3238 2232 3294 Et
2267 3257 2417 3295 nemo
2443 3250 2645 3313 poterat
2665 3259 2832 3314 neque
2852 3245 2909 3298 in
2935 3244 3061 3300 calo
3079 3261 3243 3325 neque
3267 3246 3324 3301 in
3345 3257 3508 3315 terra,

226 3346 371 3401 illius
397 3345 717 3418 operatione
744 3343 1012 3411 consistit,
1043 3344 1160 3417 qui,
1182 3360 1283 3416 pro
1304 3344 1460 3400 nobis
1485 3342 1817 3411 immolatus,

225 3438 466 3510 quotidie
514 3454 703 3495 coram
747 3436 920 3495 oculis
970 3438 1165 3493 divinae
1216 3436 1523 3508 majestatis
1567 3435 1816 3493 offertur.

224 3530 285 3586 in
310 3532 413 3587 hac
438 3514 610 3603 igitur
633 3531 900 3603 sapientia
928 3528 1023 3585 Dei
1053 3528 1233 3584 Patris
1277 3528 1539 3584 mundum
1569 3544 1693 3584 cum
1722 3543 1820 3583 sua

225 3624 490 3681 discimus
505 3625 720 3681 calcare
740 3623 1006 3696 sapientia
1023 3639 1037 3690 ;
1054 3622 1310 3694 quoniam
1336 3621 1441 3695 ιι
1452 3621 1618 3678 stulta
1634 3620 1819 3676 mundi

221 3714 393 3787 elegit
423 3716 584 3782 Deus,
633 3724 716 3781 ut,
769 3714 933 3771 furtia
987 3729 1215 3785 qumque
1249 3713 1543 3780 calcantes,
1596 3728 1821 3784 agamus

223 3805 472 3878 qualiter
495 3820 678 3861 coram
705 3805 819 3861 Deo
842 3805 1117 3876 sapientes
1138 3804 1501 3860 inveniamur.
1524 3803 1697 3861 Porro
1728 3802 1818 3858 tali

223 3898 504 3954 intellectu
536 3898 582 3953 si
620 3897 752 3968 quid
788 3898 1043 3967 estquod
1076 3897 1428 3969 percipimus,
1461 3896 1687 3952 omnino
1738 3895 1819 3951 in-

226 3989 522 4060 telligimus
543 3997 605 4042 ut
642 3988 816 4043 renati
847 3988 901 4043 in
931 3986 1151 4043 Christo
1177 3988 1245 4042 ad
1272 4001 1462 4043 vocem
1504 3986 1686 4042 Patris
1726 3986 1819 4042 de—

224 4092 388 4148 super
442 4077 788 4133 intonantem
836 4077 1301 4148 obtemperemus,
1350 4075 1453 4131 Ilic
1494 4090 1592 4142 est,
1621 4075 1817 4146 inquit,

226 4165 270 4219 1"
271 4168 399 4222 ilius
416 4184 565 4222 meus
583 4167 803 4224 dilectus
816 4169 873 4223 in
891 4185 995 4240 quo
1008 4168 1135 4222 mihi
1157 4168 1282 4223 bene
1301 4167 1627 4239 complacui;
1646 4168 1819 4238 ipsum

221 4260 403 4315 audite
432 4259 655 4330 (Matth.
684 4275 818 4327 xvu,
842 4260 939 4332 5).
989 4258 1391 4330 Hujuscemodi,
1422 4259 1665 4332 inquam,
1714 4274 1821 4315 vox

222 4368 496 4425 nusquam
534 4354 720 4410 audita
765 4362 866 4420 est,
907 4353 1013 4410 nisi
1061 4369 1227 4424 super
1259 4354 1595 4426 unigenitum
1622 4352 1819 4409 Filium

222 4445 335 4502 Dei.
381 4447 602 4503 Idcirco
652 4446 924 4504 mandatis
977 4448 1096 4520 ejus
1145 4449 1604 4520 obtemperemus,
1636 4448 1680 4504 si
1713 4462 1820 4520 quo

223 4542 384 4598 modo
413 4543 697 4612 possimus
736 4542 918 4599 dicere
958 4558 1083 4597 cum
1118 4541 1387 4613 Propheta
1414 4561 1427 4598 :
1456 4543 1503 4597 Α
1551 4542 1818 4598 mandatis

221 4638 327 4692 tuis
347 4636 613 4701 intellexi,
649 4646 926 4707 propterea
960 4636 1101 4692 odivi
1126 4652 1330 4692 omnem
1365 4636 1501 4692 viam
1528 4636 1821 4707 iniquitatis

222 4727 396 4801 (Psal.
426 4744 624 4796 cxvtu,
666 4730 811 4801 105).
866 4730 1164 4786 Consilium
1213 4739 1395 4787 autem
1444 4739 1694 4787 nostrum
1736 4745 1824 4785 sa-

224 4818 398 4875 lutare
455 4835 521 4876 ac
578 4819 799 4875 unicum
838 4829 945 4888 est,
1010 4828 1071 4876 ut
1100 4819 1318 4877 Christo
1360 4821 1819 4889 commoriamur;

223 4912 346 4982 quia
390 4912 445 4967 si
488 4912 877 4984 compatimur,
916 4920 974 4969 et
1017 4914 1493 4985 conregnabimus.
1549 4912 1820 4970 Caeterum

219 5000 486 5060 fortitudo
511 5010 700 5060 nostra
722 5020 845 5077 quae
873 5019 992 5061 esse
1018 5007 1236 5077 poterit,
1265 5006 1370 5061 nisi
1404 5006 1521 5077 ejus
1545 5007 1822 5062 victoria?

220 5093 513 5150 manifeste
535 5109 660 5150 cum
682 5095 973 5167 Apostolus
1000 5096 1200 5152 clamet
1225 5113 1239 5152 :
1270 5095 1426 5163 Quod
1462 5114 1624 5169 neque
1646 5098 1818 5153 volen-

218 5185 306 5249 tis,
333 5203 507 5258 neque
531 5188 813 5254 currentis,
839 5188 932 5242 sed
960 5190 1254 5244 miserentis
1300 5189 1369 5244 sit
1394 5188 1494 5244 Dei
1523 5189 1703 5261 (Rom.
1737 5206 1819 5257 1x,

220 5279 331 5353 l6).
363 5278 511 5335 Hinc
529 5290 587 5336 et
603 5281 871 5352 Propheta
891 5282 1024 5338 dicit
1046 5299 1061 5337 :
1086 5282 1346 5338 Dominus
1371 5282 1628 5354 fortitudo
1654 5282 1819 5354 plebis

220 5386 328 5426 sui:
376 5371 506 5441 (Ps.
548 5374 722 5438 :rxvit,
766 5374 877 5445 ll).
922 5374 1129 5430 Deinde
1180 5390 1437 5447 magnum
1476 5383 1560 5431 est
1601 5375 1821 5445 pietatis

222 5466 469 5533 senium,
492 5465 641 5537 quod
657 5462 770 5534 jam
792 5466 961 5522 caelos
984 5466 1121 5522 uniti
1154 5465 1209 5522 in
1237 5465 1440 5523 Christi
1470 5482 1699 5538 corpore
1725 5483 1816 5539 pe-

219 5566 445 5613 netrare
484 5572 794 5628 speramus.
839 5557 1099 5615 Ultimum
1140 5574 1269 5616 vero
1311 5560 1523 5616 timoris
1566 5560 1817 5631 spiritum

221 5656 344 5705 tunc
386 5657 545 5705 recte
574 5649 923 5721 percipimus,
961 5649 1205 5720 si,juxta
1252 5650 1400 5707 Petri
1449 5665 1660 5721 vocem,
1692 5667 1816 5709 cum

217 5739 414 5797 timore
462 5755 530 5796 ac
561 5749 800 5796 tremore
846 5750 1086 5797 nostram
1130 5740 1365 5813 denique
1418 5741 1648 5799 salutem
1679 5759 1815 5816 ope-

216 5846 425 5889 ramur.
458 5832 555 5891 lsti
585 5841 715 5889 sunt
760 5833 925 5904 igitur
971 5835 1197 5903 spiritus
1228 5834 1284 5892 in
1317 5843 1525 5907 septem
1565 5835 1692 5894 ﬁliis
1714 5835 1814 5894 Job

627 5930 907 5992 Parson.
944 5930 1138 5994 CXX.

1175 6063 1211 6081 κι

1922 3346 2084 3400 neque
2106 3330 2289 3385 subtus
2325 3341 2541 3399 terram,
2566 3333 2771 3403 aperire
2803 3333 3017 3403 librum,
3066 3353 3228 3409 neque
3257 3338 3514 3410 respicere

1920 3419 2071 3476 illum
2096 3421 2280 3495 (Apoc.
2306 3438 2356 3489 v,
2403 3424 2456 3491 2,
2474 3423 2551 3495 5).
2580 3423 2634 3480 Id
2663 3432 2765 3492 est»,
2799 3441 2961 3483 nemo
2987 3428 3042 3483 in
3071 3429 3245 3499 coelo;
3266 3430 3394 3503 quia
3423 3447 3514 3489 ne-

1921 3527 2028 3584 que
2074 3514 2297 3587 angelus
2342 3514 2594 3571 humanae
2643 3517 2833 3575 salutis
2883 3520 3343 3592 dispensationem
3379 3540 3509 3596 per—

1921 3608 2086 3665 licere
2109 3616 2344 3679 poterat.
2373 3608 2511 3665 Hinc
2558 3609 2727 3666 Isaias
2753 3612 2851 3678 ait,
2880 3628 2988 3668 nou
3020 3616 3265 3687 angelus,
3301 3633 3411 3674 nou
3432 3620 3511 3677 le—

1923 3708 2104 3771 gatus,
2129 3698 2226 3756 sed
2247 3700 2364 3771 ipse
2401 3700 2660 3755 Dominus
2706 3701 2880 3758 salvos
2932 3704 3093 3775 faciet
3121 3723 3229 3763 eos.
3254 3708 3426 3766 Nemo
3456 3711 3512 3766 in

1924 3799 2101 3859 terra;
2125 3791 2253 3861 quia
2275 3806 2450 3863 neque
2475 3792 2637 3849 homo
2658 3793 2849 3850 vivens
2871 3795 2927 3850 iu
2969 3811 3219 3869 corpore,
3254 3815 3321 3859 eo
3365 3802 3513 3872 quod

1924 3883 2086 3939 homo
2110 3883 2457 3940 redimendus
2483 3884 2650 3941 solius
2682 3885 2777 3941 Dei
2803 3888 3068 3944 creatoris
3110 3891 3302 3962 egebat
3355 3895 3511 3950 ausi-

1922 3981 2013 4036 lio.
2038 3978 2224 4053 Neque
2248 3980 2438 4036 subtus
2473 3990 2709 4049 terram;
2734 3982 2991 4053 quoniam
3015 3999 3116 4041 nec
3145 3987 3325 4042 anima
3348 3999 3509 4045 exuta

1923 4089 2173 4145 corpore.
2204 4073 2263 4129 Si
2292 4073 2437 4129 enim
2461 4074 2625 4130 homo
2655 4075 2845 4132 vivens
2872 4077 2925 4132 in
2969 4092 3218 4151 corpore,
3262 4082 3354 4151 qui
3403 4084 3511 4139 usi-

1923 4182 2029 4239 que
2064 4173 2244 4236 potest
2274 4174 2532 4236 tauquam
2551 4166 2773 4224 victima
2802 4169 2962 4235 mori,
2989 4170 3092 4227 hoc
3138 4172 3362 4244 implere
3405 4191 3514 4232 non

1922 4265 2166 4328 poterat;
2200 4264 2407 4327 quanto
2463 4256 2643 4313 minus
2697 4258 2901 4326 anima,
2959 4276 3079 4330 quae
3129 4261 3246 4319 sine
3283 4279 3515 4337 corpore

1925 4347 2061 4403 mori
2109 4345 2476 4402 essentialiter
2522 4347 2636 4418 jam
2684 4364 2791 4403 non
2838 4351 3051 4419 potest?
3091 4350 3198 4407 Sed
3251 4355 3381 4424 quid
3427 4364 3513 4413 est

1924 4441 2067 4510 quod
2102 4438 2267 4494 dicit:
2303 4437 2443 4505 Quia
2464 4455 2614 4495 nemo
2640 4451 2843 4510 poterat
2858 4444 3109 4512 respicere
3136 4443 3327 4499 illum?
3355 4446 3509 4503 Nun-
3604 4454 3613 4462 “

1848 4581 1899 4642 D
1926 4531 2055 4603 quid
2077 4546 2183 4586 non
2212 4531 2330 4600 ipse
2364 4541 2723 4602 conspexerat
2750 4532 2842 4602 qui
2869 4533 3028 4602 paulo
3062 4544 3187 4590 ante
3209 4535 3387 4593 fassus
3407 4546 3511 4604 est,

1931 4625 2069 4692 Quia
2091 4624 2205 4680 uidi
2231 4623 2421 4678 librum
2443 4625 2498 4679 in
2521 4625 2735 4679 dextera
2765 4626 2989 4682 sedentis
3037 4629 3093 4682 in
3143 4629 3351 4697 throno,
3390 4650 3517 4687 scrt-

1924 4727 2072 4789 ptnm
2098 4717 2239 4771 intus
2259 4726 2305 4771 et
2329 4716 2499 4786 foris?
2532 4715 2630 4772 Ubi
2657 4732 2843 4786 qmcso
2864 4719 3017 4773 erat?
3045 4719 3127 4775 An
3152 4720 3293 4777 forte
3335 4740 3512 4795 neque

1927 4813 1980 4868 iu
2008 4804 2367 4880 caelo,’ncque
2393 4810 2445 4865 in
2490 4819 2655 4876 terra,
2690 4827 2864 4881 neque
2906 4814 3096 4870 subtus
3136 4824 3335 4871 terram
3370 4827 3511 4884 erat,

1926 4904 2143 4975 quando
2169 4917 2293 4957 eum
2321 4901 2491 4957 vidit?
2521 4901 2671 4957 llnde
2719 4902 2962 4973 profecto
3010 4904 3140 4960 mihi
3179 4907 3395 4962 videtur
3435 4924 3515 4963 re-

1925 4998 2123 5068 spicere
2151 4997 2254 5051 hoc
2273 4995 2393 5051 loco
2406 5010 2507 5066 pro
2529 4996 2963 5066 comprehendere
2976 4999 3198 5056 dixisse.
3214 5001 3344 5069 Quis
3368 5003 3512 5059 enim

1924 5090 2137 5161 capiat;
2165 5088 2436 5160 quomodo
2476 5088 2789 5144 incarnatus
2834 5089 2905 5146 sit
2948 5090 3066 5147 sine
3088 5092 3294 5148 semine
3350 5094 3514 5163 Deus,

1923 5181 2195 5254 quomodo
2228 5181 2412 5237 clauso
2460 5180 2659 5237 exierit
2709 5190 2884 5250 utero,
2928 5185 3198 5256 quomodo
3255 5184 3516 5245 Dominus

1924 5273 2110 5347 gloriae
2175 5272 2546 5345 crucifigatur,
2622 5289 2746 5328 cum
2788 5274 2936 5331 solus
3003 5275 3164 5330 homo
3212 5277 3515 5335 moriatur?

1923 5367 1994 5424 Et
2038 5367 2249 5439 reliqua
2295 5366 2478 5421 omnia
2520 5381 2640 5436 qua:
2681 5367 2749 5422 de
2781 5365 2997 5423 Christo
3040 5364 3329 5423 ineffabilia
3384 5387 3512 5425 nar-

1926 5458 2151 5514 rantur?
2189 5457 2328 5514 llinc
2390 5466 2475 5514 est
2527 5460 2669 5531 quod
2719 5458 2992 5530 apostolus
3045 5459 3512 5534 incomprehensi-

1923 5550 2062 5609 hilcs
2112 5551 2329 5607 divitias
2388 5551 2591 5608 Christi
2652 5551 2900 5622 gentibus
2952 5552 3250 5622 praedicare
3288 5569 3346 5611 se
3386 5556 3519 5611 dicit

1925 5643 2143 5717 (Ephes.
2174 5642 2351 5716 111,8).
2408 5643 2487 5698 Ex
2505 5658 2613 5713 quo
2634 5642 2801 5714 liquet
2823 5642 2951 5714 quia
2988 5659 3095 5700 non
3138 5644 3313 5701 solum
3355 5660 3517 5703 nemo

1924 5738 2236 5810 angelorum
2276 5735 2361 5792 vel
2400 5735 2681 5791 hominum
2738 5734 2938 5793 librum
2961 5739 3171 5811 aperire
3198 5738 3392 5809 potuit,
3422 5753 3519 5793 vc-

1880 5910 1890 5919 .
1923 5846 2042 5889 rum
2095 5831 2259 5890 etiam
2298 5846 2397 5889 nec
2446 5831 2736 5903 respicere,
2773 5832 2915 5889 sicut
2958 5833 3013 5889 in
3047 5831 3139 5889 Dei
3181 5830 3318 5889 Filio
3369 5848 3521 5892 com-

3558 1370 3569 1397 ἱ
