4032 6358
523 308 598 367 ss
1324 308 1379 364 S.
1421 306 1777 364 PASCHASII
1816 304 2162 362 RADBERTI
2197 304 2490 361 ABBATIS
2524 301 2978 361 CORBEIEINSIS
3712 300 3781 354 4/.

525 423 667 495 pleta
720 430 844 477 sunt
897 422 1095 476 omnia.
1152 419 1286 488 Quia
1340 410 1438 476 etsi
1489 421 1828 477 revelandam
1870 434 1900 473 a
1952 417 2108 489 longe
2133 423 2328 482 Anos.
2361 418 2490 486 Quae
2511 419 2557 472 si
2587 416 2829 487 profecto
2876 415 3107 471 Faustus
3130 413 3459 469 Manichacus
3478 412 3621 468 scire
3663 416 3782 483 qui-

525 515 725 573 Christi
760 514 1211 585 dispensationem
1245 514 1539 584 praevidere
1561 520 1841 583 poterant;
1876 526 1982 567 non
2026 518 2106 565 ta-

521 618 648 663 men
678 606 745 661 ad
772 606 1057 677 liquidum,
1109 613 1167 661 ut
1217 615 1405 676 postea
1458 614 1583 660 sunt
1626 607 1865 677 impleta,
1916 621 2104 661 eorum

522 697 789 767 quispiam
817 698 991 767 potuit
1016 696 1233 753 intueri.
1266 696 1395 762 Sed,
1421 697 1548 766 quia
1583 697 1637 752 in
1674 697 1893 753 Christo
1938 696 2105 752 fuisse

522 786 639 841 haec
664 786 880 855 impleta
903 787 1465 851 commemoravimus,
1511 802 1671 857 super
1724 803 1884 857 quem
1940 788 2104 858 spiri-

522 880 639 931 tum
688 878 966 947 sapientia:
1018 885 1073 930 et
1123 876 1450 941 intellectus,
1500 879 1748 948 spiritum
1796 878 2003 934 consilii
2047 888 2104 934 et

520 964 870 1032 fortitudinis,
897 967 1146 1037 spiritum
1178 967 1420 1025 scientia:
1445 977 1500 1023 et
1540 970 1781 1039 pietatis,
1829 985 1891 1026 ac
1947 970 2104 1040 spiri-

520 1063 633 1109 tum
673 1054 882 1113 timoris
915 1054 1247 1123 requievisse
1285 1057 1637 1127 cognovimus
1696 1077 1707 1110 :
1758 1057 2002 1128 profecto
2048 1066 2104 1113 et

520 1143 573 1200 in
595 1145 857 1210 Ecclesia,
889 1146 1041 1214 quasi
1064 1146 1118 1200 in
1146 1161 1252 1201 uno
1273 1162 1527 1217 corpore,
1553 1148 1797 1204 videlicet
1826 1150 1880 1204 in
1905 1165 2104 1219 sponso

516 1250 798 1310 etsponsa,
827 1239 882 1293 in
901 1240 1017 1294 viro
1038 1248 1202 1308 atque
1221 1248 1409 1310 nupta,
1434 1242 1762 1311 requievisse
1778 1242 1996 1297 minime
2010 1242 2105 1296 du-

517 1329 768 1385 bitemus.
795 1329 903 1385 Sed
932 1328 1283 1385 excellentius
1308 1331 1361 1385 in
1381 1332 1821 1402 capite,quamin
1847 1332 2103 1389 membris

514 1422 774 1479 claruisse
814 1424 1083 1479 novimus.
1125 1421 1264 1479 Sunt
1299 1424 1445 1478 enim
1479 1438 1579 1494 per
1618 1439 1740 1479 eum
1768 1424 1882 1479 haec
1923 1424 2100 1496 16in

512 1516 669 1572 nobis
683 1516 842 1571 dona.
862 1518 967 1571 Sed
1000 1515 1242 1586 nunquid
1268 1524 1379 1570 tam
1401 1515 1729 1586 amplissima
1759 1516 1896 1570 utin
1921 1516 2103 1570 Domi-

510 1620 586 1661 no
595 1614 889 1676 patuerunt
902 1606 926 1660 7
938 1606 1161 1661 Constat
1174 1605 1428 1660 nimirum
1443 1606 1568 1675 quia
1581 1620 1646 1660 ex
1660 1620 1726 1659 eo
1737 1606 2099 1676 percepimus,

509 1699 706 1771 quibus
731 1699 901 1771 gratis
928 1713 993 1754 eo
1029 1698 1244 1755 favente
1291 1697 1624 1769 proficimus.
1664 1697 1772 1752 Sed
1827 1697 1961 1751 alias
1998 1698 2100 1752 ista

2204 512 2390 575 visaet,
2451 525 2787 581 nequaquam
2857 508 3237 577 Genealogiam
3297 506 3501 562 Christi
3566 506 3781 563 Genesi-

2205 604 2350 659 dium
2373 604 2718 674 appellasset,
2747 616 2921 672 neque
2942 609 3129 656 natum
3149 598 3430 656 Christum
3449 599 3675 655 omnino
3697 615 3781 655 ne-

2205 704 2403 766 gasset.
2426 694 2563 750 Hinc
2586 694 2864 757 Dominus,
2896 692 2951 747 in
2971 690 3284 761 Evangelio,
3307 691 3375 745 ad
3414 689 3632 745 Patrem
3665 689 3738 744 ait
3761 707 3776 745 :

2204 785 2469 853 Conﬁteor
2531 785 2643 848 tibi,
2690 781 2873 848 Pater,
2926 782 3145 837 Domine
3188 780 3303 837 ctzli
3349 797 3412 835 ac
3439 791 3614 845 terrae,
3657 781 3779 851 quia

2204 877 2519 932 abscondisti
2540 894 2601 931 ea
2635 895 2668 931 a
2697 874 3015 945 sapientibus
3059 883 3107 927 et
3141 873 3505 943 prudentibus,
3557 882 3606 927 et
3648 888 3782 928 reve-

2203 968 2322 1023 lain
2350 984 2409 1022 ea
2434 967 2665 1039 parvulis
2691 966 2904 1037 (Matth.
2938 982 3018 1032 xt,
3070 966 3184 1037 25).
3230 965 3366 1022 Hinc
3412 981 3600 1022 rursus
3656 981 3783 1037 apo-

2204 1058 2357 1114 stolis
2381 1058 2496 1113 ait:
2543 1055 2695 1112 Vobis
2719 1057 2901 1110 datum
2928 1066 3004 1111 est
3028 1073 3177 1111 nosse
3213 1056 3541 1127 mysterium,
3580 1057 3783 1111 cretei-is

2203 1159 2377 1202 autem
2404 1147 2459 1201 in
2479 1145 2742 1216 parabolis
2783 1145 2935 1217 (Luc.
2964 1162 3086 1211 vin,
3113 1146 3223 1217 10).
3262 1144 3416 1214 Quod
3445 1146 3489 1201 si
3539 1145 3784 1216 profecto

2206 1238 2331 1293 huic
2349 1253 2508 1293 nosse
2530 1237 2713 1292 datum
2742 1245 2906 1301 esset,
2943 1251 3219 1307 nunquam
3277 1237 3357 1294 sic
3413 1237 3598 1295 ebrius
3657 1236 3782 1292 talia

2203 1328 2790 1385 vomuimethescivit
2815 1330 2960 1385 enim
2989 1328 3179 1397 miser,
3205 1330 3329 1399 quia
3352 1344 3462 1385 non
3486 1328 3784 1385 Manichaeo

2202 1423 2443 1494 praestita
2471 1433 2555 1479 est
2591 1424 2941 1497 Apocalypsis
2969 1425 3267 1497 Evangelii,
3312 1425 3411 1481 sed
3455 1423 3583 1482 Jesu
3629 1424 3786 1481 Chri-

2205 1526 2310 1581 sto,
2335 1530 2498 1585 quam
2528 1515 2680 1572 dedit
2699 1517 2775 1571 illi
2808 1518 2952 1573 Deus
2976 1518 3152 1588 palam
3176 1517 3383 1585 facere,
3410 1534 3517 1574 nou
3544 1518 3788 1588 philoso—

2203 1610 2346 1679 phis,
2409 1624 2586 1679 neque
2634 1610 2883 1666 humana:
2928 1611 3206 1680 sapientia:
3250 1609 3468 1677 deditis,
3532 1626 3638 1667 non
3684 1609 3783 1666 Ju-

2206 1700 2337 1755 daeis
2359 1699 2412 1753 in
2439 1699 2554 1770 lege
2574 1700 2947 1770 gloriantibus,
2970 1717 3095 1771 mon
3120 1702 3286 1757 variis
3311 1701 3676 1757 doctrinarum
3692 1718 3786 1757 oc-

513 1789 785 1861 explicare
812 1790 1090 1845 debemus.
1108 1788 1265 1843 Nunc
1288 1788 1355 1843 de
1377 1786 1617 1852 Christo,
1649 1786 1794 1857 quod
1826 1802 2099 1841 summum
2127 1776 2177 1837 Β
2206 1790 2413 1861 cupatis
2443 1791 2737 1857 erroribus,
2767 1806 2939 1862 neque
2966 1794 3050 1848 his
3085 1794 3177 1864 qui
3199 1794 3266 1849 de
3317 1803 3478 1865 gente
3532 1795 3787 1850 tenebra-

510 1881 706 1936 bonum
757 1880 1029 1936 nascendo
1071 1878 1332 1944 intulerit,
1387 1887 1442 1934 et
1495 1879 1701 1949 reliqua
1766 1877 2095 1948 perﬁciendo

509 1973 985 2038 consummaverit,
998 1963 1286 2042 ‘copiosius
1324 1972 1674 2043 gratulemur.
1706 1972 1844 2026 Hine
1864 1986 2097 2041 namque

508 2076 693 2124 sancta
717 2067 813 2122 Dei
849 2065 1090 2122 Ecclesia
1140 2066 1284 2120 hunc
1319 2064 1423 2119 sibi
1449 2064 1517 2119 ad
1568 2063 1799 2120 salutem
1851 2061 2098 2119 sufﬁcere

507 2157 698 2223 credit,
732 2159 835 2213 hoc
856 2171 1124 2212 summum
1162 2169 1283 2211 esse
1303 2154 1654 2228 Evangelium
1686 2164 1941 2227 patenter
1967 2171 2097 2210 cun—
2139 2204 2145 2213 .

507 2248 609 2303 etis
628 2248 905 2319 praedicat.
943 2246 1078 2301 Nam
1102 2255 1157 2302 et
1196 2247 1437 2301 omnium
1481 2246 1921 2302 Christianorum
1969 2261 2093 2317 spes

508 2340 562 2394 in
588 2340 678 2396 his
702 2341 898 2411 pendet
920 2338 1257 2403 muneribus,
1277 2346 1330 2393 et
1352 2337 1591 2394 Charitas
1610 2338 1872 2393 dilatatur
1891 2348 1946 2393 et
1971 2352 2092 2394 ere.

507 2431 632 2496 scit,
654 2430 701 2485 si
728 2445 837 2501 quo
863 2430 1025 2486 modo
1065 2429 1353 2501 diligamus
1404 2443 1528 2485 eum
1575 2429 1668 2499 qui
1703 2429 1854 2500 prior
1902 2428 2091 2483 dilexit

2207 1896 2325 1935 rum
2362 1878 2613 1947 fuerunt;
2658 1880 2751 1936 sed
2805 1882 2977 1937 servis
3025 1883 3162 1950 suis,
3212 1883 3307 1939 sed
3351 1883 3545 1939 divinas
3598 1884 3791 1954 gratiae

2207 1970 2479 2038 subjectis.
2526 1971 2660 2041 lpsis
2707 1972 2852 2027 enim
2912 1973 3170 2030 revelatio
3222 1974 3465 2030 (celestis
3507 1975 3789 2046 Evangelii

2211 2059 2550 2117 manifestius
2605 2062 2862 2132 aperitur.
2896 2061 3164 2119 Nimirum
3196 2074 3255 2119 ut
3282 2065 3528 2122 videntes
3561 2082 3668 2121 non
3709 2067 3791 2120 vi-

2200 2150 2383 2215 deant,
2423 2161 2479 2206 et
2513 2152 2876 2223 intelligentes
2911 2171 3017 2211 non
3049 2156 3378 2228 intelligant;
3412 2167 3469 2214 et
3513 2159 3792 2229 quierant

2198 2230 2432 2297 humiles
2477 2244 2544 2299 de
2575 2245 3108 2303 tenebriseruantur.
3145 2246 3273 2305 Haec
3307 2249 3382 2304 ita
3420 2251 3680 2306 duntaxat
3719 2253 3790 2307 ad

2196 2335 2301 2390 hoc
2322 2335 2770 2406 sulﬁciantdicta,
2823 2342 2966 2411 quod
3020 2357 3150 2400 vere
3203 2341 3529 2416 Genealogia
3580 2344 3790 2401 Christi

2196 2427 2410 2483 initium
2443 2431 2513 2486 sit
2533 2431 2827 2503 Evangelii.

519 2541 3783 2580 —-————C-——————————-—-—————-———————————

1742 2611 2041 2690 LIBER

580 2778 706 2836 Car.
741 2783 780 2837 Ι.
817 2784 991 2852 Liber,
1020 2788 1195 2858 inquit
1222 2789 1531 2865 Matthteus,
1580 2793 1932 2863 generationis
1956 2792 2111 2847 lesu-

2139 2613 2563 2691 PRIMUS.

2200 2793 2337 2847 liber
2368 2791 2509 2863 apud
2535 2790 2753 2847 Graecos
2778 2789 2962 2848 Bihlos
2981 2791 3257 2850 Geneseos
3282 2792 3476 2867 [βίϐλος
3514 2795 3794 2870 γενέσεως]

510 2875 704 2931 Christi
718 2877 819 2946 ﬁlii
832 2877 1436 2949 David,ﬁliiAbraltam.
1451 2883 1560 2939 Cur
1572 2893 1753 2941 autem
1770 2884 1858 2939 tali
1877 2900 2104 2942 exorsus
2130 2874 2176 2938 Ο
2210 2885 2365 2940 titulo
2385 2893 2737 2956 praenotatur.
2756 2884 3015 2952 Quamvis
3044 2894 3100 2942 et
3122 2886 3209 2942 hic
3237 2902 3343 2942 non
3369 2887 3640 2943 immerito
3659 2889 3796 2943 coeli

509 2968 581 3035 sit
604 2971 889 3039 prooemio,
922 2988 1028 3028 non
1064 2975 1160 3031 abs
1191 2990 1249 3030 re
1281 2974 1481 3032 factum
1508 2978 1802 3034 credimus.
1833 2977 2097 3033 Futurum

509 3061 653 3116 enim
680 3062 905 3120 forsitan
936 3064 1079 3122 hunc
1105 3064 1363 3124 Faustum
1394 3079 1641 3134 n0verat,
1664 3070 1756 3139 qui
1781 3068 2098 3126 Testamem

511 3158 623 3206 tum
648 3149 817 3209 Vetus
838 3169 945 3210 non
974 3156 1242 3228 reciperet
1272 3177 1284 3211 :
1314 3167 1369 3214 et
1418 3160 1539 3215 ideo
1569 3159 1661 3214 tali
1684 3176 1815 3217 usus
1834 3169 1917 3215 est
1945 3162 2096 3232 prin-

508 3243 668 3313 cipio,
694 3252 755 3299 ut
806 3261 875 3301 ex
924 3261 989 3302 eo
1026 3248 1169 3304 hunc
1211 3250 1469 3306 continuo
1502 3252 1604 3321 17
1656 3253 1983 3321 repercutiat
2033 3268 2097 3309 ac

508 3337 852 3392 condemnet.
878 3336 1015 3394 Nam
1047 3340 1185 3394 liber
1215 3340 1468 3411 principii
1508 3342 1722 3398 Veteris
1759 3343 2095 3400 Testamenti

505 3424 779 3485 Geneseos
814 3430 1045 3502 denique
1080 3431 1155 3487 'ex
1205 3432 1361 3488 initio
1413 3434 1700 3490 voluminis
1760 3436 2090 3507 appellatur;

506 3520 632 3589 quia
667 3522 719 3576 in
771 3536 856 3589 eo,
908 3525 1205 3579 secundum
1255 3538 1497 3583 nostram
1565 3529 2091 3600 interpretationem,

506 3615 767 3685 scriptum
830 3616 1057 3688 legimus
1095 3637 1107 3671 :
1142 3618 1246 3673 Hic
1281 3630 1357 3675 est
1395 3621 1527 3675 liber
1566 3625 1915 3692 generationis
1961 3626 2092 3681 Adce

507 3705 660 3775 (Gen.
687 3721 742 3772 v,
779 3707 852 3780 1).
879 3707 945 3762 Et
966 3708 1118 3774 illud,
1151 3708 1277 3764 Ista:
1305 3700 1664 3781 generationes
1685 3714 1797 3768 cali
1826 3732 1888 3769 ac
1915 3726 2089 3781 term,

506 3798 716 3867 quando
757 3808 945 3853 creatae
982 3808 1105 3854 sunt
1164 3797 1317 3870 (Gen.
1346 3818 1411 3866 ll,
1464 3802 1542 3874 4).
1581 3804 1661 3875 Ex
1717 3821 1825 3876 quo
1858 3816 2089 3874 constat,

508 3906 826 3960 quocunque
854 3899 1031 3948 tamen
1080 3892 1258 3957 modo,
1291 3910 1357 3950 ex
1398 3910 1465 3952 eo
1503 3899 1645 3967 quod
1690 3900 1742 3953 in
1795 3901 2091 3969 primordio

510 3986 708 4041 ibidem
751 3988 1030 4057 generatio
1083 3989 1209 4043 coeli
1250 4004 1314 4044 ac
1368 3998 1530 4047 terrae
1579 3993 1918 4059 inscribitur,
1963 3995 2090 4064 quia

509 4077 633 4131 inde
655 4074 883 4132 Genesis
933 4078 1252 4148 appellatur.
1300 4079 1367 4135 Et
1415 4082 1536 4138 ideo
1585 4082 1804 4154 dignum
1846 4083 2089 4153 profecto

508 4165 611 4219 fuit
660 4164 796 4220 Novi
833 4166 1163 4223 Testamenti
1222 4170 1434 4225 initium
1465 4212 1481 4239 ,
1523 4182 1787 4243 quantum
1834 4175 2090 4243 possibile

509 4266 648 4322 erat,
671 4257 834 4311 simili
865 4258 1025 4313 modo
1064 4261 1417 4333 praisignari;
1473 4273 1532 4317 ut
1574 4262 1816 4332 ejusdem
1852 4263 1985 4319 Novi
2023 4281 2088 4322 ac

509 4346 721 4403 Veteris
733 4347 1062 4405 Testamenti
1090 4368 1251 4407 unum
1268 4353 1435 4408 Deum
1452 4362 1731 4410 auctorem
1756 4354 1937 4409 taliter
1968 4372 2091 4425 pro-

510 4438 800 4508 mulgando
821 4439 1168 4513 Evangelista
1197 4454 1543 4500 monstraret.
1602 4444 1910 4501 Praesertim
1965 4463 2088 4504 cum

510 4533 650 4585 idem
674 4531 975 4599 Matthams,
1001 4533 1226 4591 Hebraeo
1253 4551 1527 4601 sermone,
1554 4537 1759 4592 eisdem
1779 4538 1872 4607 qui
1897 4554 1961 4593 ex
1987 4539 2091 4596 lle-

508 4622 669 4678 bl‘iBiS
684 4624 1026 4679 crediderant
1051 4626 1334 4695 scripserit
1366 4636 1458 4681 :ut
1486 4628 1630 4697 quod
1666 4627 1866 4682 dudum
1881 4626 1994 4695 jam
2023 4644 2091 4684 ex

510 4714 625 4785 lege
647 4725 1019 4786 perceperant,
1038 4717 1377 4773 manifestius
1396 4727 1867 4786 recognoscerent,
1900 4729 2091 4789 etpro—

508 4805 858 4875 barentquod
886 4820 1011 4861 vere
1043 4806 1390 4877 Evangelium
1424 4806 1629 4861 Christi
1662 4808 2034 4864 testiinonium
2058 4826 2088 4865 a

509 4894 625 4964 lege
640 4896 838 4951 habeat
858 4904 911 4950 et
928 4896 1231 4966 prophetis,
1248 4897 1388 4952 sicut
1402 4908 1802 4968 consequenter
1836 4899 2091 4958 inmultis

509 4986 871 5042 declarabitur
893 4987 1045 5042 locis.
1076 4985 1186 5042 Nec
1208 4988 1430 5043 dubium
1462 4991 1564 5043 hoc
1585 4989 1813 5046 innuero
1832 4992 2087 5067 voluisse,

510 5094 605 5146 per
624 5094 784 5149 quem
810 5087 990 5134 creata
1012 5086 1067 5132 et
1096 5078 1370 5148 redempta
1400 5087 1527 5133 sunt
1550 5082 1731 5135 omnia
1756 5098 1920 5137 unum
1940 5098 2093 5139 eum-

509 5170 736 5238 demque
764 5168 949 5231 Deum,
991 5178 1219 5238 utraque
1252 5169 1443 5241 pagina
1473 5169 1763 5242 designari.
1812 5172 2087 5249 Alioquin,

509 5257 757 5326 quamvis
789 5257 1119 5311 consuetudo
1146 5258 1216 5310 sit
1239 5255 1589 5313 Hebraeorum
1619 5276 1686 5315 ex
1741 5263 1894 5318 initio
1938 5263 2090 5321 libris

509 5362 706 5403 nomen
730 5348 1035 5416 imponere;
1069 5348 1283 5403 videtur
1335 5350 1561 5405 nimium
1615 5368 1910 5410 consonum
1946 5371 2087 5423 esse,

509 5449 567 5493 ut
596 5441 875 5510 utriusque
910 5440 1239 5497 Testamenti
1265 5443 1588 5515 principium
1614 5463 1721 5502 uno
1751 5460 1973 5506 vocetur
1995 5468 2090 5506 no-

511 5532 672 5587 mine.
718 5531 782 5586 Et
809 5534 1101 5590 notandum
1132 5536 1295 5605 quod,
1340 5538 1481 5594 sicut
1516 5538 1647 5594 illud
1677 5542 1970 5597 secundum
2002 5544 2089 5598 lit-

512 5633 681 5679 teram
709 5627 909 5680 carnali
945 5628 1122 5685 lsraeli
1154 5632 1493 5703 proponitur,
1527 5633 1599 5687 ita
1628 5633 1766 5688 istud
1793 5636 1842 5688 in
1875 5636 2092 5692 Christo

506 5715 733 5789 spiritali
771 5721 1039 5789 copiosius
1061 5725 1380 5780 destinatur.
1398 5723 1530 5779 Nam
1560 5737 1613 5780 et
1645 5735 1871 5796 uterque
1900 5744 2087 5783 eontm

2196 2991 2261 3031 ac
2302 2985 2457 3031 terra:
2511 2977 2790 3047 generatio
2828 2976 3015 3032 inferri
3040 2979 3241 3049 possit;
3296 2980 3422 3049 quia
3451 2980 3707 3036 videlicet
3736 2984 3797 3035 in

2197 3067 2416 3124 Christo
2445 3083 2567 3121 cum
2591 3068 2818 3123 sitDeus
2843 3077 2900 3123 et
2921 3068 3103 3134 homo,
3136 3077 3365 3140 utraque
3393 3078 3586 3125 natura
3610 3073 3794 3127 veris-

2197 3156 2334 3212 sime
2354 3158 2847 3226 comprehenditur.
2876 3158 3028 3213 Unde
3049 3167 3104 3214 et
3130 3158 3258 3215 Jesu
3287 3159 3488 3216 Christi
3521 3163 3621 3217 sub
3643 3161 3795 3216 duo-

2196 3248 2297 3303 bus
2320 3247 2628 3302 nominibus
2679 3259 2804 3318 apte
2852 3249 3039 3303 titulus
3091 3250 3427 3318 inscribitur,
3457 3260 3517 3307 ut
3553 3267 3652 3321 per
3694 3268 3793 3308 re-

2196 3340 2339 3413 giani
2356 3348 2410 3394 et
2434 3341 2830 3396 sacerdotalem
2859 3355 3169 3410 personam,
3212 3342 3307 3397 Dei
3334 3352 3392 3398 et
3422 3343 3659 3398 hominis
3682 3360 3798 3399 na-

2198 3441 2318 3489 tura
2348 3434 2503 3504 quasi
2535 3434 2587 3488 in
2628 3433 2806 3487 fronte
2860 3433 3002 3489 illico
3034 3435 3361 3505 designetur.
3394 3434 3552 3490 Jesus
3599 3446 3796 3492 autem

2201 3527 2301 3582 sub
2325 3526 2494 3598 ﬁgura
2528 3526 2762 3580 nominis
2794 3526 2846 3579 in
2876 3525 2982 3581 alio
3011 3527 3122 3598 jam
3151 3529 3443 3597 praecessit.
3495 3527 3601 3584 Sed
3640 3531 3800 3599 quod

2195 3615 2283 3671 ille
2311 3616 2487 3688 typiee
2510 3626 2734 3672 vocatus
2770 3624 2871 3682 est,
2936 3617 3026 3673 hic
3084 3621 3299 3675 tandem
3353 3619 3800 3677 substantialiter

2195 3708 2525 3778 designatur.
2569 3707 2834 3764 Caeterum
2890 3710 3138 3768 Christus
3199 3728 3395 3768 nomen
3434 3711 3594 3768 cilicii
3662 3724 3800 3781 est,

2195 3814 2299 3853 non
2324 3807 2560 3865 naturae;
2588 3816 2652 3856 eo
2682 3804 2825 3871 quod
2848 3813 3041 3859 unctus
3067 3804 3139 3860 sit
3164 3798 3273 3874 prae
3308 3805 3649 3860 consortibus
3670 3805 3804 3861 suis

2195 3888 2247 3941 in
2280 3888 2669 3953 sacerdotium,
2700 3891 2766 3944 ad
2796 3894 3124 3961 expiandum
3169 3909 3270 3962 pro
3305 3894 3479 3948 nobis.
3512 3893 3569 3947 In
3598 3891 3801 3952 Veteri

2193 3994 2409 4049 quoque
2433 3978 2803 4045 Testamento,
2831 3985 2956 4052 quia
2984 3986 3037 4037 in
3064 4000 3167 4037 una
3189 3986 3305 4040 hzee
3328 3986 3515 4040 eadem
3541 4002 3795 4057 persona

2194 4070 2396 4142 expleri
2420 4087 2526 4126 non
2551 4080 2817 4141 poterant,
2849 4075 3275 4131 venitmediator
3299 4076 3394 4131 Dei
3416 4086 3471 4131 et
3501 4076 3802 4136 hominum

2195 4162 2356 4217 homo
2387 4160 2633 4217 Christus
2662 4160 2814 4230 Jesu,
2834 4162 3118 4235 factusque
3144 4166 3303 4222 nobis
3332 4182 3558 4237 regnum
3591 4177 3646 4223 et
3689 4185 3799 4225 sa-

2116 4232 2170 4295 D
2196 4252 2523 4319 cerdotium,
2562 4262 2620 4307 ut
2667 4254 2734 4307 ad
2768 4264 2969 4309 terram
3010 4232 3237 4311 multum
3286 4232 3485 4328 diuque
3533 4260 3801 4331 patribus

2200 4345 2583 4413 repromissum
2639 4344 2777 4400 tilios
2828 4346 3218 4403 introduceret.
3284 4348 3437 4403 Unde
3485 4352 3802 4409 secundum

2195 4435 2578 4506 preprietatem
2607 4437 2839 4493 nominis
2879 4436 3027 4505 Jesu,
3060 4439 3206 4494 velut
3259 4441 3365 4511 ιε
3418 4441 3558 4497 Deus
3586 4452 3802 4512 potens

2194 4535 2280 4580 est
2300 4527 2511 4581 salvare
2538 4528 2857 4594 credentes;
2890 4532 3182 4584 secundum
3222 4546 3351 4586 vero
3395 4531 3555 4586 ollicii
3605 4534 3802 4602 digni-

2198 4627 2363 4674 tatem
2388 4621 2628 4690 quotidie
2652 4621 2901 4676 Christus
2936 4622 3247 4693 interpellat
3280 4638 3380 4694 pro
3408 4624 3582 4680 nobis.
3613 4623 3804 4695 Igitur

2196 4712 2463 4767 notandus
2486 4713 2650 4767 etiam
2676 4712 2777 4768 hoc
2806 4714 2857 4767 in
2892 4714 3009 4770 loco
3039 4716 3233 4770 littera:
3263 4724 3461 4780 textus,
3499 4717 3591 4787 qui
3625 4716 3801 4786 juxta

2195 4803 2455 4857 usitatum
2482 4796 2733 4860 humana:
2764 4806 3051 4861 locutionis
3096 4808 3333 4873 modum,
3367 4808 3546 4863 minus
3582 4810 3800 4870 habere

2194 4900 2429 4954 videtur.
2460 4899 2676 4957 Plenior
2702 4904 2843 4957 enim
2890 4921 3082 4960 sensus
3111 4906 3449 4972 redderetur,
3481 4907 3523 4961 si
3574 4924 3799 4979 praepo-

2195 4992 2314 5046 sitis
2340 4992 2566 5047 duarum
2627 4995 2933 5050 orationum
2998 4998 3302 5067 particulis,
3354 4998 3404 5052 id
3460 5008 3542 5052 est
3585 5014 3802 5068 prono-

2195 5084 2357 5137 minis
2380 5100 2444 5139 ac
2473 5086 2644 5148 verbi,
2694 5084 2796 5139 Hic
2840 5098 2913 5141 est
2947 5088 3077 5143 liber
3097 5091 3445 5161 generationis
3483 5091 3795 5148 diceretur.

2196 5173 2299 5229 Sed
2330 5175 2821 5247 frequentissimus
2867 5180 3171 5237 divinarum
3229 5183 3633 5253 Scripturarunt
3664 5200 3801 5242 mos

2194 5280 2276 5323 est
2297 5279 2353 5323 ut
2386 5270 2437 5322 in
2493 5271 2772 5341 principiis
2824 5273 3084 5329 librorum
3134 5276 3545 5344 przenominata:
3596 5286 3798 5344 partes

2193 5362 2496 5419 orationum
2553 5380 2659 5418 non
2721 5376 3138 5436 anteponantur.
3208 5366 3362 5422 Unde
3411 5382 3507 5421 nec
3570 5364 3803 5424 Marcus

2195 5455 2269 5509 ait
2303 5474 2313 5507 :
2347 5452 2460 5508 Hoc
2482 5466 2554 5510 est
2586 5456 2794 5511 initium
2818 5458 3087 5529 Evangelii
3112 5457 3242 5513 Jesu
3274 5455 3490 5521 Christi,
3511 5454 3639 5510 Filii
3661 5455 3798 5523 Dei,

2200 5549 2291 5601 sed
2316 5556 2524 5601 tantum
2576 5564 2589 5600 :
2644 5548 2863 5603 Initium
2906 5550 3199 5621 Evangelii.
3249 5549 3361 5606 Hac
3392 5549 3806 5607 consuetudine

2200 5655 2329 5695 usus
2351 5650 2427 5695 est
2459 5641 2642 5707 Isaias,
2685 5660 2789 5698 non
2833 5646 3036 5700 addens
3070 5663 3080 5696 :
3112 5643 3237 5699 Haec
3291 5655 3376 5701 est
3412 5646 3551 5701 visio
3609 5643 3799 5712 Isaire,

2199 5731 2289 5784 sed
2336 5733 2694 5802 simpliciter:
2751 5734 2892 5789 l’isio
2946 5736 3127 5802 Isaia’,
3178 5746 3385 5794 tantum
3429 5739 3636 5808 incipit.
3672 5738 3803 5794 llac
