4032 6358
249 348 316 405 is
1104 344 1467 407 exposmo
1502 350 1569 406 IN
1609 340 2050 410 numam.
2094 380 2164 392 —
2200 344 2327 407 un.
2366 351 2410 418 ι,
2447 349 2600 408 car.
2640 348 2680 405 l.
3447 350 3518 410 te

247 478 373 519 usus
399 470 489 519 est
514 460 775 518 Salomon
816 463 875 518 in
896 463 1106 519 duobus
1136 465 1291 521 libris
1328 466 1463 532 suis,
1493 467 1598 523 hac
1645 469 1832 539 utique
1864 485 1918 545 Α
1941 466 2081 522 sicut
2117 467 2219 522 hoc
2262 466 2315 520 in
2354 465 2474 521 loco
2512 464 2757 519 fortassis
2798 476 2863 517 ex
2905 476 3016 533 quo
3054 476 3199 519 nunc
3232 466 3432 536 agitur.
3461 467 3531 522 Et

249 552 528 615 Jeremias,
590 553 692 607 hac
731 553 901 609 etiam
949 554 1025 608 illi
1055 556 1146 624 qui
1174 554 1421 613 Psalmos
1477 558 1647 615 titulis
1698 575 1845 646 prae-1
1938 559 2088 625 alibi,
2113 566 2193 623 ut,
2221 560 2276 613 in
2312 557 2518 628 inferno
2551 556 2667 627 quis
2710 554 3041 623 conﬁtebitur
3080 554 3522 627 tibi?(Psal.vt,

250 654 520 703 notanmt.
553 643 664 700 Sed
693 653 748 699 et
767 644 1009 702 Joannes
1028 646 1574 718 Apocalypsin'suam
1600 650 1675 704 ita
1699 650 1836 705 inci-

248 738 323 809 pit
356 779 370 790 .
400 735 749 807 Apocalypsis
773 737 905 792 Jesu
926 734 1145 803 Christi,
1167 748 1224 795 et
1246 754 1351 794 non
1384 740 1590 796 addidit
1612 741 1724 796 haec
1738 751 1832 797 est.

1938 652 2018 723 5.)
2033 650 2300 706 Ctetertim
2324 650 2416 705 ubi
2442 648 2576 704 dicit
2603 666 2618 702 ;
2648 646 2779 713 Quis
2806 647 3013 716 sapiens
3037 656 3086 701 et
3114 647 3351 718 intelligit
3372 649 3484 704 ha'c
3502 650 3531 704 7

1940 740 2087 815 (Ose.
2109 756 2220 807 ιιι,
2238 740 2351 809 10.)
2391 740 2457 795 Ει
2482 739 2613 795 inibi
2631 755 2643 790 :
2663 736 2795 804 Quis
2829 736 3001 805 ﬁdelis
3026 746 3102 792 est
3126 737 3459 809 dispensatur
3476 750 3526 796 et

246 827 679 898 Quodvidelieet
708 836 947 899 agentes,
983 844 1090 884 non
1111 830 1288 885 solum
1317 837 1617 888 secundum
1634 832 1836 888 idioma
1940 835 2187 905 prudens,
2224 848 2376 905 quem
2427 833 2703 887 constituet
2755 830 3014 885 Dominus
3067 844 3225 900 super
3268 831 3528 900 familiam

245 921 420 977 divina
428 934 550 974 rum
574 919 908 986 litterarum,
935 930 1121 975 verum
1135 921 1302 975 etiam
1325 920 1481 990 juxta
1495 923 1840 979 consuetudi-

244 1029 363 1071 nem
401 1013 778 1080 saecularium,
793 1013 1052 1069 brevitati
1077 1014 1381 1082 studentes,
1405 1008 1838 1073 subauditionem

245 1105 376 1161 tales
404 1105 718 1160 sententias
739 1105 903 1161 etiam
934 1104 1060 1161 alibi
1090 1105 1292 1162 habere
1339 1107 1658 1163 docuerunt.
1678 1104 1842 1162 Verbi

247 1199 437 1267 gratia,
466 1211 597 1252 cum
638 1196 833 1267 legitur
888 1195 1042 1251 Liber
1091 1197 1593 1268 generationis'lesu
1623 1195 1841 1264 Christi,

255 1290 731 1362 subintelligamus
772 1290 1005 1360 plenius,
1038 1290 1141 1345 Hic
1187 1301 1266 1347 est
1316 1291 1448 1347 liber
1496 1294 1845 1363 generationis

246 1378 372 1434 less
399 1376 627 1433 Christi.
641 1379 753 1434 Cur
781 1388 967 1436 autem
1001 1380 1366 1449 generationis
1415 1380 1555 1437 liber
1583 1383 1845 1453 singulari

249 1481 472 1526 notetur
484 1485 729 1534 numero,
759 1486 886 1527 cum
899 1473 1255 1543 quadraginta
1298 1488 1398 1544 per
1416 1473 1663 1531 ordinem
1687 1475 1847 1545 repli-

257 1571 475 1626 ceutur,
513 1561 639 1615 nulli
685 1562 913 1617 dubium
940 1564 1067 1632 quia
1102 1564 1265 1619 unius
1308 1572 1517 1623 tantum
1570 1568 1848 1636 generatio

259 1653 521 1723 quaeritur
544 1651 670 1708 Jesu
719 1652 955 1721 Christi,
1004 1662 1214 1711 cratera:
1257 1671 1388 1713 vero
1442 1668 1667 1729 propter
1706 1660 1848 1715 hanc

251 1744 634 1799 insinuandam
664 1746 735 1801 ad
778 1746 1015 1801 medium
1050 1746 1410 1803 deducuntur.
1434 1748 1502 1804 Et
1527 1764 1635 1804 non
1672 1749 1846 1805 solum

1943 927 2135 981 suam?
2162 924 2315 996 (Luc.
2349 938 2446 989 xtl,
2478 924 2593 996 4‘2.)
2619 921 2729 978 Nec
2760 938 2867 978 non
2898 931 2953 976 et
2979 922 3107 976 illud
3134 924 3148 975 ὲ
3180 922 3242 977 Si
3280 935 3454 978 autem
3476 926 3533 979 in

1944 1017 2110 1072 Deum
2140 1016 2426 1087 peccaverit
2453 1017 2631 1081 homo,
2662 1015 2780 1086 quis
2807 1012 2974 1067 orabit
2999 1027 3093 1083 pro
3112 1013 3213 1067 eo?
3241 1010 3290 1079 (Ι
3321 1011 3448 1083 Reg.
3469 1027 3532 1077 tt,

1943 1108 2060 1179 25.)
2101 1108 2158 1163 ln
2193 1110 2279 1165 his
2305 1110 2468 1181 igitur
2504 1108 2639 1164 locis
2678 1109 2905 1164 idoneus
2933 1108 3229 1177 requiritur
3264 1108 3532 1162 interven-

1946 1208 2054 1265 tor,
2101 1207 2197 1255 aut
2232 1209 2380 1255 certe
2407 1201 2653 1272 sapiens;
2693 1214 2793 1255 nec
2833 1198 3139 1264 excluditur
3170 1198 3393 1268 aliquis,
3441 1201 3536 1254 sed

1948 1292 2228 1362 quaeritur.
2260 1292 2412 1349 Unde
2441 1293 2486 1348 si
2518 1294 2623 1348 hoc
2668 1292 2808 1357 loco,
2835 1296 2952 1362 quis
2984 1292 3224 1346 raritatis
3265 1300 3432 1355 esset,
3464 1293 3535 1345 \i-

1948 1384 2169 1440 deretur
2192 1386 2588 1455 quodammodo
2616 1386 2844 1456 quaestio
2870 1400 2991 1441 esse
3015 1385 3213 1441 soluta.
3242 1384 3346 1440 Sed
3366 1427 3379 1450 ,
3411 1387 3537 1455 quia

1951 1475 2044 1531 hic
2084 1476 2223 1546 quis,
2258 1475 2710 1546 impossibilitatis
2736 1484 2840 1541 est,
2878 1484 2940 1531 ut
2975 1478 3155 1532 verius
3199 1484 3344 1542 reor,
3367 1477 3513 1532 faten

1951 1565 2078 1619 dum
2125 1566 2270 1636 quod
2314 1566 2419 1621 dici
2450 1582 2578 1621 vere
2608 1567 2798 1637 possit,
2828 1567 2954 1637 quia
2996 1575 3080 1623 est
3124 1566 3295 1623 Filius
3342 1568 3435 1623 Dei
3471 1569 3539 1623 ah

1951 1662 2159 1710 aeterno
2206 1654 2371 1710 Patre
2408 1656 2654 1726 genitus,
2710 1656 2783 1710 ita
2812 1664 2994 1712 tamen
3031 1664 3090 1710 ut
3115 1671 3387 1727 nunquam
3420 1657 3538 1711 sine

1952 1746 2069 1816 ipso
2095 1745 2263 1801 fuisse
2295 1745 2455 1801 Pater
2480 1746 2848 1818 intelligatur;
2893 1756 2949 1803 et
2983 1750 3164 1803 omnia
3193 1748 3280 1803 illa
3325 1754 3448 1819 qua:
3476 1748 3538 1801 de

252 1835 304 1891 in
332 1838 634 1907 principio,
669 1837 767 1893 sed
789 1840 956 1893 etiam
997 1854 1169 1909 usque
1213 1839 1269 1894 in
1299 1838 1461 1895 ﬁnem
1514 1839 1635 1895 libri
1674 1847 1845 1897 totum
1878 1852 1927 1914 Β
1952 1838 2047 1893 Dei
2075 1837 2212 1892 Filio
2249 1838 2517 1894 catholica
2550 1838 2684 1895 ﬁdes
2721 1839 3031 1905 conﬁtetur,
3061 1841 3295 1896 dicibilia
3322 1842 3539 1911 quidem

251 1927 353 1983 hoc
376 1929 559 1999 agitur
584 1929 655 1983 de
702 1929 805 1985 hac
859 1930 971 1984 sola
1027 1931 1401 2000 generatione,
1458 1940 1518 1986 ut
1568 1932 1710 1987 idem
1756 1930 1849 2001 qui

249 2026 407 2072 natus
428 2027 515 2073 est
538 2034 643 2089 pro
668 2019 827 2074 nobis
851 2020 993 2075 Deus
1015 2022 1246 2075 cthomo
1275 2021 1624 2091 intelligatur.
1669 2021 1848 2089 Quaeri

249 2110 408 2163 etiam
440 2118 649 2179 potest,
677 2119 731 2165 et
752 2111 1177 2181 profundissima
1207 2113 1434 2182 quaestio
1473 2114 1711 2178 videtur,
1751 2128 1850 2168 cur

251 2199 542 2256 Mattheus
559 2201 777 2271 publica
802 2216 935 2258 voce
955 2202 1112 2256 Liber
1134 2205 1483 2274 generationis
1505 2204 1539 2258 J
1544 2221 1634 2258 esu
1649 2203 1847 2259 Christi

250 2291 469 2356 dixerit,
529 2307 653 2346 eum
696 2292 863 2348 lsaias
897 2292 1096 2349 clamet
1135 2302 1192 2350 et
1232 2295 1397 2362 dicat,
1446 2294 1845 2351 Generationem

249 2385 513 2454 ejus'quis
535 2385 798 2439 enarrabit
818 2387 843 2439 ?
872 2385 1010 2458 (lsa.
1041 2401 1161 2452 Lm,
1190 2386 1268 2460 8.)
1304 2386 1363 2443 Si
1389 2389 1557 2454 enim,
1582 2389 1703 2460 quis
1748 2405 1846 2461 pro

253 2474 694 2545 impossibilitate
737 2476 811 2530 ibi
856 2476 1144 2546 accipitur,
1172 2478 1444 2548 quomodo
1475 2479 1563 2534 hic
1605 2479 1708 2533 iste
1753 2494 1848 2551 ge-

250 2565 589 2619 nerationem
633 2565 755 2635 ejus
798 2582 1024 2622 narrare
1078 2568 1182 2624 sibi
1227 2568 1488 2639 possibile
1533 2568 1846 2638 judicavit?

251 2654 363 2711 Nisi
406 2657 537 2727 quia
567 2658 642 2712 ibi
675 2659 742 2712 de
769 2658 1140 2729 generatione,
1164 2676 1285 2733 quae
1309 2660 1608 2717 secundum
1636 2661 1840 2716 Divini-

254 2756 418 2804 tatem
445 2758 557 2814 est,
585 2751 788 2806 dictum
813 2759 1065 2820 putamus
1089 2771 1102 2806 :
1126 2752 1216 2807 hic
1269 2762 1451 2809 autem
1491 2753 1560 2808 de
1600 2768 1835 2825 genera-

252 2842 420 2906 tione,
454 2857 619 2911 quam
644 2858 745 2914 pro
772 2843 927 2898 nobis
960 2844 1255 2900 secundum
1282 2845 1554 2900 hominem
1581 2845 1839 2916 suscepit,

255 2950 567 3005 quanquam
597 2946 656 2991 et
681 2937 784 2991 ista
814 2953 1008 3009 magna
1047 2953 1115 2993 ex
1142 2948 1296 3009 parte
1318 2940 1697 2995 inenarrabilis
1721 2955 1844 2996 esse

252 3031 521 3083 credatur.
552 3028 938 3085 Verumtamen
965 3030 1072 3099 illa,
1099 3048 1198 3104 per
1220 3048 1384 3104 quam
1416 3034 1631 3105 genitus
1661 3043 1745 3090 est
1773 3035 1842 3089 ab

251 3137 473 3195 aeterno,
530 3137 647 3184 tota
691 3130 978 3187 inellabilis
1030 3139 1083 3186 et
1117 3131 1683 3204 incomprehensibilis
1720 3146 1842 3187 esse

1953 1924 2228 1985 esse.'Sed
2256 1930 2530 1999 quomodo
2561 1930 2666 1994 sit,
2696 1930 2781 1984 vel
2805 1929 3041 2000 qualiter
3064 1940 3299 1987 internus
3328 1932 3539 2001 genitus

1951 2021 2043 2085 sit,
2075 2021 2331 2075 nimirum
2357 2034 2529 2076 sacrae
2559 2022 2861 2085 nativitatis
2890 2034 3174 2088 arcanum,
3204 2036 3304 2077 nec
3328 2030 3538 2093 aposto-

1950 2113 2123 2168 lorum
2143 2115 2410 2183 quispiam
2448 2114 2636 2168 didicit
2657 2154 2670 2174 .
2695 2128 2796 2168 nec
2820 2114 3208 2184 prophetarum
3239 2116 3536 2183 comperit,

1950 2217 2049 2258 nec
2077 2203 2394 2275 angelorum
2429 2204 2611 2271 scivit,
2643 2219 2820 2275 neque
2845 2214 3094 2259 creatura
3119 2205 3225 2260 ulla
3263 2207 3538 2277 cognovit.

1947 2293 2156 2350 idcirco
2180 2296 2381 2359 videte,
2405 2294 2450 2351 si
2476 2296 2596 2366 ejus
2624 2297 2881 2351 nativitas
2908 2312 2937 2350 a
2954 2298 3221 2368 propheta
3238 2312 3346 2352 non
3364 2298 3541 2367 potuit

1948 2386 2058 2457 ao
2081 2387 2351 2453 enarrari,
2366 2387 2491 2459 quis
2512 2395 2661 2443 recte
2681 2387 2859 2443 valeat
2878 2388 3119 2458 proﬁteri
3144 2402 3204 2443 se
3228 2395 3388 2443 nostc
3409 2404 3542 2458 quo-

1947 2479 2107 2533 modo
2150 2480 2388 2549 potuerit
2421 2493 2453 2532 a
2495 2478 2657 2535 Patre
2704 2479 2869 2535 Filius
2909 2479 3196 2548 generari?
3243 2478 3541 2535 Narramus

1948 2567 2131 2637 itaque
2181 2570 2249 2624 de
2294 2583 2361 2623 eo
2402 2584 2468 2624 ae
2510 2569 2792 2624 verissime
2845 2568 3168 2627 conﬁtemur
3203 2569 3458 2636 quoniam
3505 2582 3536 2622 a

1952 2658 2110 2714 Patre
2125 2666 2209 2714 est
2226 2658 2399 2714 Filius
2417 2668 2719 2716 coaeternus
2735 2698 2750 2725 ,
2773 2659 2868 2714 sed
2897 2659 3166 2728 quomodo
3190 2659 3261 2714 sit
3279 2684 3293 2723 ς
3318 2659 3538 2729 penitus

1948 2752 2279 2822 ignoramus.
2322 2750 2463 2807 Hinc
2504 2751 2634 2807 illud
2663 2752 2717 2807 in
2747 2753 2885 2808 libro
2913 2751 3045 2808 Job:
3081 2750 3406 2823 Sapientiam
3435 2752 3535 2808 Dei

1947 2839 2127 2896 Patris
2157 2843 2297 2897 unde
2326 2844 2554 2897 invenies
2573 2843 2599 2895 7
2627 2843 2773 2896 Latet
2802 2843 2939 2898 enim
2964 2842 3031 2896 ab
3055 2843 3220 2898 oculis
3246 2843 3535 2909 hominum,

1947 2943 1997 2987 et
2028 2950 2061 2986 a
2092 2932 2387 2989 volucribus
2413 2933 2529 2989 cali
2560 2934 2814 2989 absconsa
2837 2944 2911 2988 est
2940 2932 3084 3005 (Job.
3112 2949 3302 2999 xxvm,
3336 2933 3449 3006 20),
3482 2935 3536 2989 id

1945 3033 2052 3092 est,
2078 3026 2244 3081 etiam
2264 3026 2396 3095 ipsis
2416 3025 2621 3098 angelis
2645 3026 2937 3098 incognita.
2966 3026 3033 3080 Et
3058 3026 3185 3082 alibi
3210 3044 3223 3079 :
3253 3025 3431 3080 Radix
3450 3038 3534 3081 sa-

1945 3117 2154 3186 pientia:
2189 3118 2276 3171 cui
2307 3117 2532 3172 revelata
2575 3118 2692 3172 est?
2732 3117 2902 3188 (Eccl.
2932 3133 2972 3183 ι,
3001 3118 3079 3189 6.)
3116 3116 3283 3189 Origo
3326 3118 3542 3174 scilicet

250 3223 532 3291 probatur.
562 3220 678 3276 Nisi
724 3221 855 3276 illud
883 3222 1114 3277 obsistat
1152 3224 1297 3292 quod
1326 3220 1564 3277 Joannes
1600 3222 1676 3276 ait
1722 3241 1735 3275 :
1776 3221 1843 3276 In
1870 3224 1916 3287 C
1948 3207 2070 3263 Filii
2100 3206 2220 3275 Dei:
2246 3223 2313 3265 οο
2338 3210 2482 3280 quo“
2509 3225 2674 3280 super
2693 3209 3009 3281 anﬁelomm
3038 3210 3203 3265 θιίδη)
3236 3210 3533 3282 imeuiﬁen‘

249 3316 503 3385 principio
530 3324 645 3369 erat
672 3312 914 3381 Verbum,
936 3315 1040 3387 ιθ
1054 3328 1102 3373 et
1127 3316 1351 3372 Verbum
1364 3325 1475 3371 erat
1498 3316 1638 3386 apud
1653 3313 1841 3380 Deum,

250 3416 295 3460 et
324 3407 468 3461 Deus
490 3418 605 3461 erat
654 3407 878 3463 Verbum
925 3409 1106 3469 (Joan.
1136 3410 1207 3482 ι).
1278 3410 1420 3480 Ergo
1456 3410 1583 3464 dum
1629 3409 1738 3473 ait,
1778 3407 1843 3460 In

247 3499 507 3570 principia
530 3511 641 3554 erat
674 3499 921 3569 Verbum,
947 3503 1188 3557 narravit
1211 3501 1436 3572 aliquid,
1458 3509 1514 3557 et
1542 3516 1664 3556 cum
1688 3498 1842 3554 addi-

250 3594 330 3647 dit
344 3595 472 3663 quid
486 3594 589 3649 hoc
611 3593 845 3650 Verbum
871 3603 1036 3661 esset,
1050 3606 1104 3651 et
1125 3596 1268 3665 quod
1282 3594 1423 3664 apud
1438 3593 1605 3649 Deum
1629 3591 1845 3645 Patrem

251 3698 423 3747 esset.
447 3685 561 3753 jam
587 3701 694 3742 non
721 3686 896 3759 solum
925 3686 1125 3756 aliquid
1158 3686 1223 3741 de
1253 3701 1337 3750 eo,
1370 3685 1466 3741 sed
1494 3683 1662 3739 multa
1683 3681 1838 3736 dixit.

249 3776 412 3833 Unde
462 3793 569 3832 non
606 3777 1052 3833 ineonvenienter
1079 3792 1211 3833 sane
1251 3777 1537 3846 quaeritur,
1572 3773 1844 3844 quomodo

248 3868 563 3933 ineﬁ‘abilis,
586 3869 633 3923 si
662 3867 816 3923 eﬁ'ari
844 3868 1048 3938 possit,
1085 3876 1235 3922 recte
1266 3864 1642 3922 dicatur?Aut
1664 3863 1709 3919 si
1735 3876 1842 3917 non

250 3959 445 4028 possit.
477 3958 750 4028 quomodo
786 3965 848 4011 ut
873 3957 1198 4027 probamus,
1229 3956 1504 4027 quidpiam
1532 3956 1598 4010 de
1625 3968 1692 4009 eo
1719 3967 1842 4007 nar-

250 4050 440 4103 ratur?
470 4048 608 4103 Nam
636 4057 694 4105 et
727 4059 913 4105 sancta
951 4050 1047 4105 Dei
1076 4048 1314 4104 Ecclesia
1338 4063 1405 4103 ex
1433 4046 1678 4102 omnium
1707 4045 1844 4100 divi-

248 4158 445 4199 narum
476 4142 887 4213 Scripturarum
917 4142 1245 4200 auctoritate
1271 4140 1562 4211 colligens,
1588 4137 1744 4208 plura
1776 4136 1845 4192 de

246 4235 350 4291 hac
395 4236 582 4289 divina
614 4236 900 4290 nativitate
939 4234 1202 4290 catholice
1232 4233 1540 4288 conlitetur.
1587 4229 1842 4286 Forsitan

246 4344 376 4401 ergo
399 4331 621 4398 quando
642 4328 845 4383 dictum
870 4336 973 4395 est,
996 4327 1395 4383 Generationem
1419 4326 1533 4396 ejus
1554 4325 1671 4395 quis
1688 4340 1844 4379 enar-

248 4424 381 4476 rabit
405 4423 434 4476 2
462 4438 572 4478 non
599 4422 1115 4493 impossibilitatem,
1142 4421 1236 4477 sed
1260 4422 1538 4477 raritatem
1584 4418 1843 4474 narrandi

245 4513 525 4575 ostendit,
551 4512 692 4569 sicut
714 4514 846 4568 etin
874 4513 993 4568 aliis
1026 4513 1431 4584 Scripturarum
1461 4511 1596 4567 locis
1623 4511 1838 4582 legitur.

246 4606 493 4677 [icuique
555 4606 721 4661 habes
776 4607 831 4661 in
891 4604 1101 4675 psalmo
1151 4624 1163 4659 :

245 4701 373 4759 tabit
402 4701 462 4753 in
491 4699 831 4754 tabernaculo
861 4700 988 4754 tuo?
1011 4708 1103 4753 aut
1130 4699 1245 4770 quis
1274 4699 1554 4769 requiescet
1584 4698 1640 4751 in
1672 4706 1845 4751 monte

248 4804 428 4848 sancto
470 4804 567 4846 tuo
588 4793 614 4846 ?
641 4790 814 4864 (Psal.
842 4806 954 4859 xiv,
984 4793 1060 4863 i.)
1079 4791 1197 4846 Non
1225 4791 1370 4847 enim
1398 4791 1527 4846 dicit
1552 4790 1696 4861 quod
1725 4791 1846 4847 nul-

247 4887 329 4942 lus
355 4887 651 4951 habitabit,
695 4902 795 4941 nec
841 4887 964 4949 hoc,
1006 4887 1151 4956 quod
1186 4901 1344 4941 nemo
1385 4886 1710 4955 requiescat,
1747 4884 1844 4940 sed

244 4981 389 5048 quod
417 4993 578 5033 rarus
600 4987 659 5033 et
685 4994 792 5033 non
836 4979 937 5032 nisi
966 4978 1189 5033 electus.
1222 4976 1288 5035 Et
1310 5018 1323 5040 ,
1356 4985 1414 5030 ut
1454 4977 1595 5033 scias
1627 4977 1726 5031 hoc
1753 4991 1842 5030 ve-

243 5089 365 5127 rum
393 5088 543 5138 esse,
572 5073 828 5128 continuo
853 5071 1039 5127 deﬁnit
1065 5070 1240 5141 qualis
1266 5070 1369 5125 loci
1399 5070 1544 5125 illius
1573 5068 1845 5125 habitator

244 5180 363 5220 esse
399 5163 619 5219 debeat.
652 5162 722 5218 Et
767 5163 820 5217 in
869 5161 975 5217 alio
1022 5161 1228 5232 psalmo
1269 5179 1281 5214 :
1318 5160 1452 5226 Quis
1499 5160 1739 5214 ascendet
1790 5160 1841 5212 in

242 5268 475 5311 manem
489 5255 747 5311 Domini?
773 5264 862 5308 aut
875 5256 990 5324 quis
1013 5255 1169 5309 stabit
1201 5254 1255 5306 in
1280 5263 1453 5308 monte
1483 5262 1664 5307 sancto
1693 5251 1845 5320 ejus?

246 5345 432 5417 (Psal.
468 5361 633 5412 mu,
668 5346 761 5417 ὃ.)
795 5345 866 5401 Ut
902 5346 973 5401 sit
1015 5361 1230 5411 sensus,
1273 5360 1380 5400 non
1414 5344 1721 5413 quicunque
1775 5341 1841 5396 de

248 5439 403 5510 vulgo
435 5438 522 5493 vel
551 5438 730 5509 plebe,
761 5440 855 5494 sed
883 5439 1006 5494 vitae
1026 5438 1286 5509 egregiae,
1312 5436 1711 5507 singularisque
1730 5450 1844 5490 me-

246 5530 355 5585 riti.
379 5528 825 5600 Quotiescunque
843 5530 960 5599 quis
982 5529 1179 5585 dicitur
1199 5529 1255 5583 in
1280 5527 1478 5585 divinis
1498 5528 1713 5591 litteris,
1738 5543 1842 5583 non

244 5620 424 5675 nullus
445 5659 459 5681 ,
504 5619 604 5675 sed
631 5618 823 5690 aliquis
852 5619 1126 5678 interdum
1161 5618 1515 5690 signiﬁcatur.
1564 5618 1840 5674 interdum

244 5722 462 5777 autem,
515 5712 1009 5783 impossibilitatem
1052 5713 1327 5769 ostendit:
1363 5714 1505 5769 sicut
1535 5712 1695 5771 illud.
1724 5714 1843 5784 quis

1951 3301 2079 3356 tiam
2124 3311 2286 3373 atque
2332 3303 2614 3358 scientiam
2660 3309 2766 3358 est.
2797 3302 2952 3359 Unde
3001 3302 3261 3372 probatur
3309 3304 3532 3357 omnino

1947 3394 2225 3464 generatio
2250 3394 2368 3462 ejus
2395 3393 2693 3450 secundum
2720 3393 3068 3449 Divinitatem
3091 3434 3105 3459 ,
3153 3408 3219 3449 ex
3248 3402 3364 3453 toto
3389 3394 3531 3463 quod

1948 3485 2233 3542 ineﬁabilis
2261 3495 2363 3542 est.
2387 3487 2593 3543 idcirco
2619 3486 2687 3540 ad
2710 3501 2830 3540 eam
2861 3501 2981 3555 quae
2998 3485 3154 3555 juxta
3180 3500 3400 3541 carnem
3427 3492 3534 3548 est,

1945 3594 2259 3650 quanquam
2288 3588 2344 3633 et
2370 3580 2484 3649 ipsa
2506 3594 2571 3633 ex
2590 3588 2745 3649 parte
2767 3578 3146 3634 inenarrabilis
3185 3580 3278 3644 sit,
3304 3577 3533 3633 Domino

1946 3669 2185 3735 favente,
2214 3670 2513 3724 veniamus.

2021 3758 2150 3813 Filii
2198 3759 2366 3814 David
2387 3800 2404 3826 ,
2453 3759 2553 3829 ﬁlii
2602 3758 2889 3814 Abraham.
2922 3757 3039 3815 Non
3070 3758 3166 3814 abs
3217 3775 3276 3816 re
3331 3758 3535 3814 factum

1950 3853 2192 3909 creditur
2213 3869 2334 3918 cur,
2359 3869 2424 3908 ex
2453 3854 2599 3908 omni
2631 3853 2880 3923 prosapia
2915 3851 3128 3908 Veteris
3173 3852 3527 3919 Testamenti,

1947 3945 2047 4001 hos
2065 3946 2201 4001 duos
2225 3955 2432 4001 tantum
2446 3954 2630 4016 patres
2650 3946 2914 4019 posuerit,
2939 3961 3170 4018 quorum
3192 3945 3335 4002 ﬁlius
3354 3945 3529 4002 solum

1947 4039 2240 4095 secundum
2283 4053 2504 4095 carnem
2548 4037 2799 4095 Christus
2826 4039 3059 4095 dicatur.
3098 4038 3179 4093 Ex
3210 4054 3319 4109 quo
3346 4038 3528 4109 profe-

1947 4140 2036 4187 cto
2062 4131 2232 4202 liquet
2261 4132 2411 4201 quia,
2442 4146 2566 4187 cum
2593 4131 2676 4187 eis
2703 4130 2967 4187 scriberet
2993 4131 3087 4201 qui
3117 4145 3186 4186 ex
3230 4130 3348 4202 lege
3372 4130 3530 4185 Chri-

1945 4232 2087 4278 stum
2121 4231 2384 4278 noverant
2410 4223 2818 4294 repromissum,
2848 4222 3017 4279 voluit
3037 4222 3158 4278 luce
3176 4222 3378 4278 clarius
3410 4237 3538 4294 ape-

1948 4316 2059 4370 rire
2087 4316 2229 4386 quod
2268 4317 2383 4385 ipse
2410 4324 2559 4372 esset
2582 4317 2673 4388 qui
2701 4316 2905 4373 eisdem
2935 4316 3093 4390 longe
3121 4316 3299 4372 fuerat
3329 4317 3418 4372 diu
3448 4332 3532 4372 re-

1946 4409 2270 4481 promissus.
2303 4409 2386 4464 Ad
2437 4410 2538 4465 hos
2572 4409 2773 4465 etenim
2816 4417 3026 4464 tantum
3054 4424 3122 4464 ex
3150 4408 3431 4473 omnibus,
3479 4410 3533 4463 in

1948 4503 2132 4559 Veteri
2165 4501 2518 4559 Testamento
2544 4500 2687 4557 facta
2714 4500 2913 4572 legitur
2940 4502 3312 4572 repromissio,
3362 4503 3532 4571 utqui

1225 4605 1475 4670 Domine,
1527 4605 1643 4675 quis
1694 4602 1845 4656 habi-
1874 4585 2018 4651 Dde
2056 4596 2278 4650 istorum
2327 4594 2533 4649 semine
2579 4591 2820 4649 futurum
2865 4591 2968 4648 sibi
2999 4591 3239 4648 scierant
3285 4590 3535 4645 Salvato-

1954 4703 2087 4753 rem,
2115 4685 2337 4742 liberius
2361 4684 2695 4754 reciperent,
2723 4698 2847 4738 cum
2877 4682 3144 4739 vidissent
3162 4682 3217 4737 in
3249 4696 3373 4738 eum
3402 4697 3532 4736 con-

1948 4796 2079 4837 sona
2122 4793 2255 4836 voce
2302 4778 2439 4850 legis
2467 4787 2523 4832 et
2547 4777 2929 4848 prophetarum
2952 4776 3133 4832 omnia
3155 4776 3411 4831 vaticinia
3442 4776 3538 4829 ad-

1948 4870 2178 4941 impleri.
2216 4869 2350 4925 Nam
2374 4868 2609 4924 Abrahae
2632 4881 2731 4937 per
2758 4867 3109 4938 semetipsum
3131 4867 3291 4934 Deus,
3319 4865 3533 4936 quando

1948 4962 2141 5017 Filium
2172 4976 2328 5017 suum
2354 4960 2569 5025 obtulit,
2597 4960 2765 5029 jurat;
2789 4959 3012 5016 dicens:
3044 4956 3151 5014 Per
3173 4958 3528 5025 memetipsum

1936 5052 2118 5123 jurnvi
2146 5052 2270 5121 quia
2290 5051 2458 5121 fecisti
2480 5066 2590 5105 rem
2609 5051 2767 5111 hanc,
2785 5060 2834 5105 et
2861 5066 2967 5105 non
2993 5049 3263 5120 pepercisti
3282 5046 3395 5116 [ilio
3416 5057 3526 5114 tuo,

1946 5144 2243 5200 benedicam
2272 5144 2384 5209 tibi,
2424 5153 2471 5197 et
2502 5141 2859 5213 multiplicabo
2883 5157 3056 5197 semen
3081 5151 3227 5195 tuum
3255 5129 3388 5193 sicut
3409 5141 3537 5193 stel-

1947 5233 2026 5289 las
2058 5234 2199 5299 caeli,
2234 5243 2280 5288 et
2305 5233 2437 5289 velut
2461 5250 2677 5288 arenam
2714 5249 2831 5305 quin
2860 5244 2934 5287 est
2955 5231 3212 5288 inalittore
3243 5230 3426 5285 maris.
3464 5230 3531 5285 Et

1945 5329 2221 5399 possidebit
2250 5346 2424 5384 semen
2453 5339 2601 5383 tuum
2631 5337 2809 5398 portas
2845 5325 3175 5380 inimicorum
3202 5340 3451 5391 suorum;
3485 5335 3533 5379 et

1948 5422 2311 5478 benedicentur
2337 5425 2390 5477 in
2419 5425 2613 5477 semine
2645 5434 2733 5476 tuo
2772 5437 2947 5476 omnes
2986 5422 3158 5489 gentes
3198 5429 3382 5484 terrm,
3409 5420 3534 5490 quia

1949 5516 2165 5570 obedisti
2194 5518 2305 5570 voci
2328 5532 2454 5570 mea?
2480 5514 2626 5587 (Gen.
2648 5512 3102 5583 xxn,l6).Quem
3130 5514 3306 5567 locum
3336 5511 3534 5566 Paulus

1950 5609 2223 5679 apostolus
2247 5610 2321 5665 ita
2346 5610 2593 5666 edisserit
2620 5609 2803 5665 dicens
2824 5625 2837 5661 :
2861 5606 3085 5663 Abraha:
3097 5602 3252 5662 dicite
3272 5616 3389 5660 sunt
3414 5622 3533 5674 pro-

1949 5704 2221 5757 misstones
2234 5713 2281 5756 et
2306 5702 2489 5757 semini
2514 5700 2646 5769 ejus.
2674 5698 2790 5753 Non
2809 5701 2945 5755 enim
2967 5700 3124 5755 dicit:
3152 5710 3197 5753 et
3224 5696 3530 5761 seminibus,

246 5805 448 5863 audivit
483 5821 717 5874 unquam
739 5806 875 5872 tale,
914 5815 1006 5862 aut
1044 5807 1160 5864 auis
1206 5806 1330 5860 vidit
1373 5806 1494 5861 huic
1531 5803 1739 5860 simile?
1774 5803 1851 5859 Et.
1954 5794 2153 5867 inquit,
2183 5795 2336 5867 quasi
2365 5794 2415 5848 in
2446 5793 2644 5861 multis,
2690 5795 2780 5849 scd
2816 5796 2964 5862 quasi
2997 5797 3053 5848 in
3087 5810 3189 5848 uno
3215 5806 3231 5843 :
3260 5805 3305 5846 ct
3348 5790 3535 5845 semini
