4032 6358
504 329 575 384 Η
1310 326 1367 381 S.
1407 322 1764 382 PASCHASII
1803 318 2156 378 RADBEBTI
2189 318 2482 376 ABBATIS
2518 314 2967 377 CORBEIENSIS
3702 317 3776 373 48

501 450 615 508 tuo,
638 440 780 511 quod
804 438 1132 496 estCItristus
1155 432 1298 509 (Gul.
1322 454 1377 505 v,
1409 438 1590 511 16).ln
1603 437 1977 508 quonimirum
2003 451 2087 492 se-
2112 440 2167 500 Α
2189 435 2348 491 beata
2392 435 2554 507 Virgo
2611 433 2779 489 Maria
2815 433 2962 489 canit
2990 450 3002 486 :
3031 430 3356 486 Recordatus
3399 430 3773 488 misericordia:

500 532 669 599 mine,
696 532 752 588 id
777 540 862 589 est
884 532 941 587 in
963 531 1204 597 Christo,
1227 531 1614 586 benedicentur
1634 543 1825 585 omnes
1848 536 2036 599 gentes
2064 543 2079 581 :

500 630 563 680 ut
616 623 761 680 idem
827 623 1106 680 Abraham
1152 637 1250 691 per
1316 621 1744 677 immutationem
1800 619 2082 686 nominis,

500 714 595 788 qui
650 723 771 772 erat
815 713 978 770 Pater
1031 713 1277 769 excelsus
1307 753 1323 776 ,
1377 713 1532 767 ﬁeret
1583 720 1736 788 pater
1790 709 2085 765 multarum

501 785 765 878 gentium.
821 802 941 859 Non
982 803 1127 873 quod
1177 802 1553 873 interpretatio
1589 785 1826 856 nominis
1870 799 1976 855 hoc
2001 807 2085 855 to-

501 903 619 952 tum
644 896 954 961 contineat;
981 895 1077 951 sed
1102 894 1228 963 quia
1259 892 1494 964 Spiritus
1515 902 1745 950 sanctus
1788 908 1887 964 per
1932 892 2079 965 Moy-

499 1005 598 1047 sen
633 990 913 1046 subdendo
949 990 1182 1060 gentium
1203 989 1374 1044 voluit
1400 990 1744 1061 subintelligi.
1778 989 1942 1046 Pater
1990 1006 2087 1044 au-

502 1091 612 1138 tem
639 1081 932 1137 multarum
955 1081 1196 1152 gentium
1219 1095 1329 1136 non
1355 1080 1571 1136 aliunde
1618 1097 1782 1151 quam
1813 1096 1911 1152 per
1928 1080 2088 1136 Chri-

499 1181 644 1230 stum
671 1212 689 1238 ,
719 1172 787 1228 de
814 1187 924 1242 quo
956 1172 1123 1227 David
1160 1172 1308 1227 canit
1331 1172 1484 1242 juxta
1550 1173 1878 1243 promissum
1925 1169 2085 1239 hujus

497 1262 632 1319 loci:
651 1262 721 1317 Et
741 1261 1107 1317 benedicentur
1123 1263 1179 1316 in
1199 1262 1312 1331 ipso
1331 1278 1507 1316 omnes
1528 1262 1694 1316 tribus
1717 1271 1891 1325 terrae,
1907 1276 2085 1315 omnes

498 1352 603 1423 21
627 1362 801 1424 gentes
827 1351 1237 1423 magni/icabunt
1258 1368 1374 1405 eum
1399 1349 1573 1423 (Psal.
1604 1368 1755 1418 LXXI,
1783 1352 1893 1423 18).
1925 1351 2087 1408 Vides

498 1450 680 1498 autem
722 1458 886 1512 quam
936 1456 1171 1497 consona
1216 1456 1350 1496 voce
1388 1439 1625 1510 Spiritus
1653 1449 1875 1501 sanctus
1910 1442 2089 1496 adhuc

496 1548 595 1603 per
621 1532 947 1604 Prophetatn
974 1531 1302 1602 repromittit
1324 1531 1754 1587 benedictionem
1773 1531 2014 1587 omnium
2030 1531 2087 1585 in

497 1623 739 1693 Christo,
760 1640 923 1696 quem
944 1625 1145 1680 dudum
1177 1638 1359 1680 semen
1381 1623 1614 1678 Abrahae
1639 1624 1970 1679 nominabat.
2005 1622 2090 1678 ld-

496 1717 645 1774 circo
668 1732 907 1788 praesens
935 1716 1280 1788 Evangelista
1305 1715 1477 1771 ﬁlium
1503 1731 1627 1771 eum
1654 1715 1886 1771 Abrahm
1914 1713 2089 1769 modis

495 1808 750 1865 omnibus
785 1809 1081 1881 approbat;
1119 1817 1181 1864 ut
1208 1824 1331 1864 eum
1371 1823 1477 1863 non
1509 1808 1682 1863 solum
1707 1807 1876 1863 Judtei
1902 1849 1918 1872 ,
1950 1822 2088 1877 quo-

497 1916 618 1959 rum
641 1912 763 1958 erat
784 1903 1155 1974 repromissio,
1173 1918 1362 1959 verum
1390 1902 1554 1958 etiam
1570 1916 1762 1957 omnes
1775 1910 1983 1973 gentes,
2002 1901 2086 1956 vel

498 2010 691 2051 omnes
720 1995 899 2053 tribus
937 2004 1099 2051 terrae
1136 1995 1455 2067 gaudenter,
1487 1995 1553 2049 de
1595 1995 1805 2051 semine
1832 1993 1949 2063 ejus
1971 1991 2085 2061 jam

494 2089 709 2144 venisse
734 2089 1090 2160 susciperent,
1109 2104 1210 2159 per
1225 2103 1386 2159 quem
1400 2097 1456 2143 et
1468 2088 1740 2144 Abraham
1755 2096 1911 2158 pater
1930 2086 2087 2141 ﬁeret

495 2179 789 2236 multarum
812 2182 1075 2252 gentium.
1106 2178 1236 2245 Sed,
1267 2180 1392 2251 quia
1419 2180 1487 2236 de
1511 2181 1718 2235 semine
1744 2179 1861 2248 ejus
1890 2176 2087 2248 duplex

496 2271 847 2341 repromissio
871 2279 1013 2337 erat,
1043 2286 1151 2326 una
1188 2270 1441 2326 videlicet
1461 2270 1666 2337 carnis,
1692 2269 1797 2324 alia
1824 2283 1955 2324 vero
1980 2267 2088 2337 spi-

496 2356 666 2429 ritus;
691 2364 926 2433 primum
946 2362 1151 2419 dictum
1178 2369 1262 2418 est
1282 2363 1408 2432 quia
1422 2362 1527 2417 erit
1552 2376 1736 2418 semen
1767 2370 1916 2416 tuum
1946 2360 2087 2415 sicut

493 2453 673 2524 pulvis
713 2463 891 2510 terrae.
922 2453 1149 2519 Deinde,
1174 2453 1420 2524 quamvis
1444 2462 1500 2509 et
1522 2454 1625 2523 ipsi
1649 2454 1715 2509 de
1742 2452 1963 2523 pulvere
1982 2451 2089 2507 eri-

497 2556 714 2617 gantur,
746 2547 839 2617 qui
868 2546 924 2601 iu
950 2547 1190 2602 secundo
1219 2545 1696 2617 repromittuntur,
1728 2552 1910 2600 tamen
1946 2542 2088 2597 sicut

496 2638 668 2695 stellae
693 2638 816 2695 ctuti
835 2678 852 2704 ,
875 2638 1043 2694 futuri
1074 2654 1183 2695 non
1218 2646 1414 2693 natura
1434 2678 1449 2703 ,
1478 2619 1578 2693 sed
1602 2637 1799 2709 gratia,
1830 2635 2086 2707 pollicen-

498 2736 607 2783 tur.
632 2728 703 2783 At
724 2742 855 2785 vero
879 2729 997 2784 haec
1019 2728 1207 2784 ultima
1234 2728 1539 2787 benedictio
1564 2728 1648 2784 sui
1676 2737 1966 2799 utrumque
1990 2742 2085 2797 ge-

498 2837 602 2876 nus
633 2821 1027 2893 benedictionis
1074 2821 1448 2891 amplectitur,
1494 2836 1560 2877 eo
1601 2822 1746 2892 quod
1787 2821 1841 2874 in
1870 2819 2088 2875 Christo

497 2913 676 2972 renati
722 2913 819 2969 ﬁlii
849 2914 1160 2980 Abraham,
1205 2921 1260 2969 et
1304 2913 1551 2969 carnales
1592 2912 1989 2983 quodammodo
2031 2920 2089 2966 et

498 3005 809 3076 spirituales
832 3006 1210 3072 inveniuntur;
1226 3015 1286 3061 ut
1315 3005 1405 3060 alii
1427 3005 1645 3060 nomine
1670 3012 1828 3059 tenus
1850 3011 2080 3068 tantum,

501 3096 593 3153 alii
614 3113 744 3154 vero
765 3098 1065 3155 secundum
1087 3097 1370 3154 electionis
1389 3097 1616 3168 gratiam
1633 3098 1689 3151 in
1710 3096 1919 3152 semine
1937 3110 2087 3150 eom-

2185 542 2331 590 suaz,
2369 526 2504 579 sicut
2531 524 2758 579 .locutus
2811 532 2886 578 est
2935 521 3004 576 ad
3037 530 3212 592 patres
3262 530 3466 576 nostros
3495 562 3512 585 ,
3560 521 3776 580 scilicet

2185 616 2451 671 Abraham
2472 626 2521 671 et
2538 617 2726 672 semini
2745 615 2884 686 ejus,
2909 631 3070 685 usque
3097 615 3152 668 in
3175 613 3448 670 circulum.
3475 611 3647 685 Hujus
3672 614 3776 671 ita-

2186 721 2291 777 que
2318 707 2517 763 Filium
2544 748 2559 772 ,
2588 708 2729 763 sicut
2754 714 2984 778 Oportet,
3020 703 3296 761 Christum
3325 704 3570 776 profecto
3594 705 3774 763 credi-

2185 814 2352 855 mus:
2402 815 2565 870 super
2604 814 2766 870 quem
2795 806 2852 854 et
2896 797 3003 853 alia
3036 798 3439 868 quamplurima
3482 798 3776 854 concinunt

2186 899 2499 947 sanctarum
2539 890 2755 960 eloquia
2794 887 3222 960 Seripturarum.
3264 887 3416 944 Unde
3461 903 3563 945 nec
3610 887 3773 944 debeo

2187 994 2308 1034 mus
2333 979 2497 1034 ullam
2527 978 2596 1035 de
2623 994 2689 1034 eo
2716 977 2859 1033 ultra
2883 977 3277 1034 dubitationem
3321 978 3595 1049 recipere;
3642 978 3776 1049 quin

2186 1070 2365 1140 potius
2392 1069 2460 1124 de
2486 1068 2655 1123 David
2689 1067 2932 1133 semine,
2980 1067 3277 1122 secundum
3309 1065 3624 1137 Seripturas
3651 1083 3776 1123 san-

2186 1169 2309 1218 ctas
2346 1162 2618 1232 quomodo
2676 1161 2750 1215 sit
2811 1160 3175 1230 repromissus
3216 1160 3516 1216 videamus.
3564 1161 3776 1216 Iuravit

2185 1254 2443 1310 Dominus
2466 1252 2635 1308 David
2655 1293 2671 1319 ,
2707 1252 2884 1322 inquit
2913 1251 3149 1323 Spiritus
3174 1260 3396 1308 sanctus
3421 1293 3437 1316 .
3469 1253 3739 1308 ueritatem
3759 1293 3776 1320 ,

2187 1358 2234 1403 et
2264 1365 2366 1402 non
2396 1346 2742 1416 frustrabitur
2768 1362 2888 1399 eum
2916 1347 2935 1415 (
2951 1343 3099 1400 Psal.
3129 1361 3316 1411 cum,
3343 1344 3427 1414 1).
3465 1343 3607 1412 Quid
3646 1361 3779 1417 ergo

2181 1435 2430 1507 juravit?
2485 1434 2699 1490 Juravit
2757 1434 2873 1488 illi:
2904 1434 2984 1488 De
3023 1433 3199 1503 fructu
3239 1436 3428 1489 uentris
3467 1436 3545 1489 tui
3585 1451 3777 1504 ponant

2188 1545 2346 1600 super
2377 1528 2550 1583 sedem
2571 1543 2762 1581 meam.
2781 1526 2919 1582 Hinc
2944 1542 3179 1596 namque
3198 1527 3389 1581 beatus
3416 1525 3616 1582 Paulus
3648 1542 3781 1598 apo—

2188 1621 2359 1679 stolus
2387 1620 2441 1676 in
2461 1619 2701 1690 Epistula
2725 1618 2792 1674 (si
2818 1618 3079 1674 llebrteos
3108 1619 3183 1673 ait
3214 1637 3227 1672 :
3262 1616 3447 1673 Omnis
3486 1629 3781 1674 controuer-

2189 1712 2282 1769 site
2310 1712 2433 1781 ﬁnis
2450 1711 2816 1782 juramentum
2838 1719 2912 1764 est
2933 1708 3093 1782 (Heb.
3112 1725 3188 1775 vt,
3214 1710 3325 1781 16).
3348 1709 3435 1775 Et,
3457 1709 3585 1780 quia
3604 1710 3782 1767 homi-

2116 1800 2163 1861 B
2193 1818 2288 1859 nes
2316 1819 2415 1874 per
2443 1800 2679 1871 majores
2704 1816 2832 1857 suos
2857 1801 3045 1872 jurant
3067 1842 3083 1867 ,
3121 1800 3264 1857 Deus
3292 1810 3476 1857 autem
3513 1817 3636 1857 cum
3669 1817 3781 1858 non

2191 1895 2419 1951 haberet
2448 1896 2712 1966 majorem
2743 1911 2835 1962 se,
2871 1910 2969 1966 per
2995 1911 3155 1966 quem
3172 1896 3384 1966 juraret
3402 1936 3419 1963 ,
3453 1911 3552 1967 per
3581 1905 3780 1950 semet-

2190 1985 2365 2055 ipsum
2388 1984 2595 2056 juravit
2632 1987 2843 2051 dicens,
2870 2003 2962 2057 per
3000 1989 3359 2055 memetipsum
3392 1986 3570 2057 juravi
3608 1984 3780 2058 (Cen.

2193 2091 2333 2141 χιιι,
2362 2075 2477 2146 16),
2497 2084 2555 2130 ut
2574 2090 2739 2147 supra
2753 2075 2990 2131 ostendi.
3008 2075 3075 2130 Et
3093 2075 3160 2129 ad
3185 2074 3354 2131 David
3373 2077 3782 2132 rursusdictum

2189 2176 2483 2245 probamus
2537 2175 2793 2230 :Juravit
2833 2175 3099 2231 Dominus
3145 2175 3316 2230 David
3366 2177 3662 2232 veritatem.
3711 2177 3785 2232 Et

2192 2266 2312 2322 ideo
2356 2265 2979 2337 quisquejuramentum
3002 2265 3099 2323 Dei
3128 2267 3306 2333 audis,
3345 2268 3560 2322 etiamsi
3600 2268 3784 2324 incre-

2190 2358 2347 2415 dulus
2384 2374 2468 2425 es,
2496 2359 2726 2415 emolliri
2756 2361 2942 2429 debes,
2974 2369 3033 2414 ut
3056 2360 3159 2416 ﬁde
3189 2360 3465 2416 Christum
3494 2377 3561 2417 ex
3584 2362 3781 2416 borum

2190 2452 2399 2508 semine
2426 2461 2613 2507 natum
2636 2453 2928 2524 percipias.
2953 2452 3090 2509 Hinc
3120 2453 3176 2508 in
3201 2453 3309 2510 alio
3329 2469 3547 2526 quoque
3570 2454 3786 2525 psalmo

2190 2545 2453 2616 scriptum
2475 2544 2705 2615 legimus
2727 2562 2741 2598 :
2760 2543 2935 2600 Semel
2957 2545 3137 2615 juravi
3162 2546 3217 2599 in
3244 2555 3424 2600 sancto
3450 2561 3563 2599 meo
3588 2543 3780 2616 (Psul.

2190 2651 2458 2701 Lxxxvut,
2479 2635 2594 2708 35).
2616 2636 2685 2691 Et
2711 2635 2841 2707 quid
2856 2645 2942 2690 est
2962 2636 3017 2691 in
3042 2644 3223 2690 sancto
3245 2652 3379 2701 meo,
3402 2635 3505 2691 nisi
3536 2635 3591 2689 in
3617 2637 3784 2691 union

2190 2728 2327 2781 Filio
2361 2726 2465 2783 sibi
2519 2728 2779 2797 corequali
2818 2742 2883 2781 ac
2914 2727 3131 2793 dilecto,
3167 2729 3259 2799 qui
3298 2728 3445 2785 solus
3470 2728 3706 2784 Sanctus
3729 2738 3787 2784 et

2193 2817 2407 2874 Veritas
2434 2818 2777 2889 appellatur?
2804 2819 2944 2887 Quid
2972 2829 3153 2874 autem
3178 2818 3466 2888 juraverit,
3482 2820 3624 2876 illico
3648 2823 3783 2877 sub-

2191 2912 2456 2968 infertur:
2499 2910 2560 2968 Si
2595 2908 3078 2981 David'mentiar,
3120 2930 3218 2986 pro
3259 2930 3326 2971 eo
3372 2916 3516 2987 quod
3564 2926 3648 2973 est
3674 2934 3786 2972 non

2190 3008 2434 3074 mentiar,
2455 3024 2630 3063 semen
2649 3008 2765 3076 eius
2806 3008 2860 3061 in
2890 3019 3144 3063 reternum
3168 3008 3415 3063 manebit.
3459 3007 3527 3064 Et
3560 3011 3785 3065 thronus

2189 3098 2304 3167 ejus
2328 3099 2463 3152 sicut
2482 3097 2562 3154 sol
2600 3100 2656 3152 in
2683 3108 2959 3169 conspectu
2988 3116 3138 3166 meo;
3163 3109 3209 3155 et
3232 3102 3367 3155 sicut
3398 3100 3525 3155 luna
3550 3102 3787 3172 perfecta

503 3199 779 3262 putentur.
812 3189 949 3245 Nam
975 3199 1031 3245 et
1063 3190 1131 3246 de
1149 3191 1253 3247 hoc
1281 3189 1489 3244 semine
1523 3188 1687 3244 simili
1711 3189 1903 3254 modo,
1943 3187 2088 3256 quod
2115 3168 2161 3232 ο
2192 3190 2248 3244 in
2273 3200 2526 3245 aeternum
2545 3231 2561 3257 ,
2601 3203 2649 3246 et
2673 3168 2819 3247 testis
2845 3193 2902 3246 in
2931 3191 3055 3246 caelo
3083 3191 3276 3260 ﬁdelis.
3304 3192 3447 3264 Ergo
3473 3168 3564 3264 qui
3593 3168 3788 3249 volunt

502 3282 559 3337 in
580 3296 648 3336 eo
689 3296 878 3337 omnes
924 3289 1112 3352 gentes
1154 3280 1578 3346 benedicantur,
1625 3278 1783 3350 longe
1828 3286 1953 3349 post
1993 3292 2090 3348 per

501 3372 699 3428 Isaiam
747 3373 1070 3443 prophetam
1118 3370 1408 3442 repetitum
1455 3369 1703 3442 legimus,
1753 3378 1816 3424 ut
1860 3366 2091 3424 manife-

503 3466 642 3524 stius
668 3474 1006 3537 putesceret,
1032 3480 1375 3537 nequaquam
1406 3465 1473 3520 de
1496 3464 1650 3520 Isaac
1678 3464 1771 3534 qui
1790 3464 1905 3532 jam
1945 3479 2091 3519 mor-

503 3569 629 3617 tuus
656 3567 797 3627 erat,
820 3573 997 3631 neque
1035 3558 1103 3614 de
1146 3558 1254 3614 alio
1292 3572 1453 3629 quam
1492 3556 1560 3612 de
1597 3555 1850 3621 Christo,
1893 3556 2089 3612 debere

506 3651 754 3725 intelligi.
783 3650 923 3707 Hinc
969 3650 1167 3721 quippe
1194 3664 1292 3720 per
1321 3649 1570 3704 eumdem
1590 3647 1786 3703 Isaiam
1829 3646 1972 3703 Deus
2005 3647 2087 3703 lo-

500 3745 687 3814 quitur
714 3761 729 3797 :
761 3743 1022 3808 Educam,
1051 3742 1245 3811 inquit,
1276 3742 1341 3796 de
1360 3740 1528 3796 Iacob
1548 3758 1742 3807 semen,
1780 3750 1830 3796 et
1857 3742 1921 3795 de
1942 3741 2089 3796 Juda

500 3834 847 3905 possidentem
872 3842 1072 3887 montes
1092 3841 1301 3888 sanctos
1336 3850 1475 3888 meos
1497 3834 1547 3906 (I
1553 3852 1632 3889 sa.
1677 3851 1803 3900 va,
1829 3834 1908 3906 8).
1940 3833 2085 3901 Quo-

501 3942 624 3982 rum
654 3928 964 3997 utrumque,
990 3941 1057 3981 ex
1083 3926 1281 3997 quibus
1304 3927 1393 3982 hic
1428 3927 1640 3984 futurus
1668 3928 2084 3999 repromittitur,

501 4019 571 4076 de
611 4016 847 4075 Abrahae
890 4017 1060 4091 stirpe
1100 4016 1270 4075 fuisse
1311 4022 1656 4076 manifestum
1699 4022 1980 4077 habemus.
2021 4019 2089 4073 Et

500 4109 624 4167 ideo
660 4108 773 4166 Deo
798 4118 951 4181 grata
994 4110 1228 4167 societas
1247 4111 1532 4184 collegium
1567 4123 1817 4168 sanctum
1858 4110 2088 4166 ﬁdenter

504 4213 687 4262 teneat
716 4219 904 4260 verum
949 4204 1247 4261 alvearium
1277 4207 1695 4268 monachorum,
1742 4206 1885 4262 sicut
1911 4206 1967 4260 in
1995 4220 2087 4260 ca-

504 4287 705 4355 tholica
741 4295 866 4365 fide,
893 4313 1001 4354 non
1027 4298 1167 4355 lacte
1198 4309 1431 4365 tantum,
1462 4300 1560 4355 sed
1584 4298 1752 4354 etiam
1774 4297 1945 4353 solido
1966 4296 2088 4353 cibo

500 4391 644 4465 pasti
666 4406 873 4449 sumus.
911 4391 1070 4461 Quia,
1101 4393 1203 4450 etsi
1232 4395 1437 4450 dictum
1458 4400 1544 4448 est
1577 4407 1592 4447 :
1632 4392 1863 4458 Quwrite
1898 4391 2085 4444 Domi-

2192 3282 2258 3337 de
2289 3280 2577 3338 Salomone
2605 3284 2708 3338 hoc
2727 3283 2930 3337 dictum
2959 3283 3222 3352 accipere,
3246 3284 3485 3355 cogitent
3507 3288 3788 3355 quomodo

2193 3373 2421 3430 thronus
2442 3375 2558 3445 ejus
2579 3374 2721 3429 sicut
2743 3373 2825 3428 sol
2848 3373 2901 3428 in
2923 3383 3217 3445 conspectu
3240 3374 3419 3431 Patris
3442 3374 3628 3441 fuerit,
3652 3391 3785 3432 cum

2193 3464 2476 3537 Scriptura
2527 3473 2715 3520 sancta
2765 3464 2910 3521 dicat
2953 3466 3098 3535 quod
3150 3481 3403 3523 aversum
3439 3467 3626 3524 sitcor
3660 3466 3787 3537 ejus

2188 3567 2413 3628 propter
2450 3555 2918 3626 concupiscentias
2961 3556 3320 3626 feminarum,
3370 3566 3428 3614 et
3468 3558 3788 3617 adoraverit

2188 3658 2450 3713 Astaroth
2490 3665 2547 3712 et
2581 3655 2822 3713 Cbamos
2847 3656 3022 3713 Deum
3058 3658 3430 3727 Sidoniorum,
3460 3675 3527 3716 ac
3570 3659 3788 3730 reliqua

2189 3760 2439 3822 portenta
2469 3753 2713 3824 gentium
2756 3752 2875 3825 (III
2916 3752 3047 3825 Reg.
3087 3754 3186 3826 si).
3237 3754 3391 3811 Unde
3436 3755 3505 3811 ad
3532 3753 3785 3810 ultimum

2188 3843 2352 3899 infert
2382 3846 2524 3913 quod
2562 3861 2669 3901 non
2710 3855 2830 3901 erat
2875 3846 3018 3901 Deus
3060 3863 3181 3902 cum
3229 3845 3534 3902 Salomone.
3565 3846 3621 3901 Si
3651 3861 3791 3918 ergo

2187 3946 2295 3987 non
2342 3946 2461 3987 erat
2510 3932 2655 3988 Deus
2700 3948 2821 3986 cum
2872 3934 3184 3999 Salomone,
3234 3936 3505 4003 quomodo
3550 3936 3789 3993 thronus

2186 4026 2305 4098 ejus
2329 4025 2471 4081 sicut
2493 4026 2574 4080 sol
2596 4025 2652 4079 in
2667 4035 2958 4096 conspectu
2993 4026 3086 4082 Dei
3119 4027 3295 4082 Patris
3339 4026 3615 4099 fulgebat?
3635 4030 3792 4088 Pra-

2187 4121 2378 4179 sertim
2400 4135 2525 4175 cum
2547 4127 2603 4175 et
2624 4117 2861 4175 fmdatus
2889 4119 3103 4176 dicatur
3124 4119 3272 4175 omni
3300 4119 3639 4176 immunditia
3660 4122 3792 4178 libi-

2188 4214 2361 4279 dinis,
2388 4219 2445 4268 et
2470 4221 2693 4283 propter
2721 4210 3083 4268 idololatriam
3110 4211 3187 4267 ‘sit
3225 4211 3638 4268 condemnatus.
3672 4213 3790 4271 Aut

2188 4305 2462 4378 quomodo
2500 4305 2645 4362 sicut
2675 4304 2803 4359 luna
2845 4303 3122 4375 perfectus
3154 4304 3224 4360 sit
3242 4304 3298 4360 in
3322 4311 3617 4373 aeternum,
3654 4320 3789 4361 cum

2188 4398 2369 4454 subito
2388 4397 2534 4453 velut
2548 4396 2846 4468 flagitiosus
2865 4397 3133 4452 corruerit
3156 4396 3211 4451 in
3235 4397 3482 4453 ruinam?
3501 4396 3788 4468 Quinimo,

448 4539 453 4553 ι
502 4498 650 4545 num.
676 4484 894 4556 qntcrite
919 4482 1107 4553 faciem
1138 4484 1251 4554 ejus
1271 4498 1470 4554 semper
1506 4480 1690 4554 (Psal.
1721 4496 1826 4546 ειν,
1859 4480 1944 4552 4),
1976 4495 2082 4534 non

2191 4490 2236 4546 si
2264 4488 2537 4562 perfectus
2560 4496 2724 4554 esset,
2757 4489 2900 4559 quod
2944 4488 3160 4559 penitus
3191 4505 3297 4545 non
3320 4490 3601 4559 probatur,
3638 4506 3784 4561 quo-

498 4574 663 4631 alium
693 4586 872 4635 tamen
896 4593 924 4632 a
948 4578 1059 4633 Deo
1086 4583 1298 4647 oportet
1317 4588 1581 4645 quaerere,
1612 4572 1757 4644 quod
1783 4587 1922 4627 unus
1949 4581 2035 4627 est
2067 4587 2083 4638 ;

499 4667 596 4725 sed
638 4684 806 4724 unum
855 4669 1214 4738 eamdemque
1257 4667 1513 4722 ardenter
1542 4664 1905 4736 investigare,
1942 4666 2086 4735 quod

499 4763 744 4819 infinitus
770 4772 875 4819 est.
907 4760 1061 4818 Unde
1087 4763 1252 4817 istum
1278 4767 1462 4815 teneat
1481 4757 1614 4813 ﬁdes
1640 4765 1848 4821 nostra,
1879 4757 1925 4811 si
1947 4757 2087 4813 forte

498 4870 624 4914 cum
645 4854 1034 4911 veneritFilius
1065 4842 1315 4917 hominis,
1334 4852 1524 4908 saltem
1552 4850 1713 4906 ﬁdem
1737 4851 1975 4922 reperiat
1999 4866 2088 4906 su-

496 4962 598 5019 per
627 4956 851 5002 terram.
898 4944 1130 5009 Interea,
1179 4943 1223 4997 si
1280 4941 1574 4997 Zacharias
1603 4941 1670 4997 ad
1717 4941 2085 4998 testimonium

498 5040 798 5111 quaeritur,
842 5037 934 5110 qui
962 5037 1148 5107 utique
1168 5049 1238 5089 ex
1265 5034 1560 5104 Evangelio
1580 5035 1761 5106 justus
1801 5037 2083 5106 probatur,

499 5130 759 5199 quoniam
797 5127 967 5184 Judaei
1007 5123 1302 5196 Evangelio
1331 5124 1751 5193 contradicunt,
1801 5128 2088 5184 manifeste

501 5219 808 5289 colligimus
854 5219 999 5274 hunc
1026 5230 1151 5272 esse
1191 5228 1376 5271 semen
1398 5215 1652 5284 Abrahae,
1677 5220 1743 5274 de
1771 5234 1880 5289 quo
1908 5219 2038 5275 dicit
2074 5237 2086 5272 :

500 5308 813 5366 Benedictus
832 5308 1094 5362 Dominus
1112 5307 1253 5363 Deus
1280 5306 1472 5375 Israel,
1500 5311 1626 5379 quia
1647 5309 1871 5366 uisitauit
1896 5320 1942 5365 et
1971 5310 2092 5381 fecit

499 5402 908 5472 redemptionem
946 5401 1109 5472 plebis
1133 5419 1245 5459 sua:
1277 5420 1297 5470 ,'
1330 5404 1467 5458 sicut
1492 5403 1699 5460 locutus
1744 5415 1839 5472 est,
1880 5404 2088 5477 inquit,

499 5511 593 5566 per
612 5512 670 5550 os
701 5503 1024 5560 sanctorum,
1056 5495 1200 5567 quia
1224 5495 1419 5552 saeculo
1443 5506 1563 5553 sunt
1584 5496 1958 5569 prophetarum
1977 5499 2092 5569 ejus

503 5586 658 5659 (Luc.
700 5605 741 5653 ι,
773 5586 884 5658 68).
914 5586 1121 5643 Deinde
1149 5596 1208 5643 ut
1230 5589 1605 5656 subaudiatur,
1629 5590 1734 5646 hoc
1754 5599 1839 5647 est
1858 5589 1966 5661 22
1991 5591 2089 5655 ait,

502 5678 894 5748 Jusjurandum
918 5679 1058 5752 quod
1088 5681 1293 5750 juravit
1335 5682 1405 5735 ad
1458 5682 1720 5737 Abraham
1755 5693 1954 5753 putrem
1997 5699 2091 5739 no-

504 5780 704 5841 strum,
755 5783 1002 5828 acturum
1045 5790 1097 5828 se
1149 5772 1294 5827 nobis
1330 5772 1482 5843 (an.
1531 5790 1570 5841 ι,
1598 5775 1708 5846 54).
1747 5773 1857 5833 Nec
1905 5791 2017 5834 non
2036 5786 2093 5835 et

2192 4580 2354 4637 modo
2384 4579 2541 4635 testis
2566 4578 2620 4632 in
2664 4578 2801 4634 caelo
2835 4577 3007 4634 ﬁdelis
3047 4576 3223 4645 foret,
3251 4580 3343 4651 qui
3373 4594 3651 4650 nunquam
3680 4596 3785 4651 pe-

2191 4679 2501 4727 netraverat
2527 4669 2732 4726 cmlos?
2763 4667 2857 4724 Vel
2884 4669 2989 4742 23
3018 4671 3160 4726 unde
3193 4671 3246 4726 in
3282 4671 3421 4728 coelo
3449 4670 3650 4739 ﬁdelis,
3686 4675 3785 4743 qui

2190 4776 2352 4831 super
2371 4770 2598 4825 terram,
2614 4760 2755 4816 idola
2777 4763 3106 4828 venerando,
3129 4761 3299 4819 falsus
3325 4763 3579 4819 inventus
3590 4774 3676 4819 est
3707 4773 3787 4819 te-

2191 4855 2291 4910 stis
2310 4856 2334 4909 ?
2351 4852 2562 4910 Similes
2584 4855 2745 4920 enim,
2761 4854 2836 4909 ait
2850 4854 3151 4924 Scriptura,
3167 4853 3273 4910 illis
3301 4855 3438 4925 ﬁunt
3462 4856 3553 4927 qui
3573 4856 3797 4926 faciunt.

2189 4964 2273 5014 ea,
2298 4955 2347 5002 et
2374 4962 2551 5001 omnes
2571 4947 2661 5017 qui
2684 4946 2955 5016 conﬁdunt
2978 4949 3035 5002 in
3054 4949 3130 5003 eis
3153 4946 3326 5019 (Psal.
3362 4962 3516 5013 cxttt,
3547 4947 3625 5020 8).
3669 4947 3784 5005 Sed

2190 5041 2315 5112 quia
2329 5040 2396 5095 de
2409 5039 2700 5095 Salomone
2716 5054 3058 5110 nequaquam
3080 5040 3221 5095 istud
3234 5048 3412 5111 potest
3422 5038 3645 5112 intelligi
3655 5080 3671 5106 ,
3685 5056 3780 5098 ne-

2193 5150 2345 5191 cesse
2371 5143 2456 5190 cst
2484 5148 2647 5204 super
2673 5130 2948 5189 Christum
2965 5172 2982 5200 ,
3003 5132 3133 5189 velit
3152 5132 3287 5189 nolit
3308 5132 3584 5201 inimicus,
3612 5133 3784 5190 inter-

2195 5227 2419 5300 pretari;
2443 5234 2502 5280 ut
2519 5226 2589 5281 sit
2604 5225 2745 5282 idem
2760 5225 2929 5281 David
2945 5240 3153 5291 semen,
3169 5223 3253 5295 euj
3261 5242 3324 5281 us
3338 5227 3567 5283 thronus
3579 5226 3633 5282 in
3659 5242 3784 5282 con-

2198 5330 2384 5393 spectu
2414 5319 2508 5375 Dei
2531 5319 2709 5375 Patris
2729 5318 2931 5390 jugiter
2958 5318 3224 5391 splendet.
3242 5318 3395 5376 Unde
3417 5327 3473 5375 et
3493 5319 3547 5374 in
3575 5328 3781 5386 monte,

2199 5411 2418 5484 quando
2448 5409 2862 5481 transﬁguratus
2883 5418 2968 5467 est
2994 5425 3178 5467 coram
3213 5410 3492 5481 discipulis
3520 5410 3635 5467 suis
3653 5451 3670 5477 ,
3694 5411 3780 5466 fa-

2198 5504 2310 5559 cies
2334 5502 2453 5574 ejus
2482 5501 2697 5558 refulsit
2714 5501 2866 5558 velut
2897 5502 2979 5559 sol
3005 5518 3129 5558 cum
3176 5502 3320 5559 lucet
3341 5503 3397 5558 in
3426 5503 3629 5559 virtute
3660 5519 3778 5560 sua.

2199 5595 2332 5651 Nam
2364 5607 2420 5652 ct
2477 5597 2743 5669 propheta
2771 5597 2840 5654 de
2874 5612 2943 5655 eo
2972 5613 2985 5651 :
3019 5596 3197 5664 Vobis,
3231 5595 3426 5667 inquit,
3461 5599 3553 5670 qui
3590 5598 3784 5654 timetis

2196 5686 2390 5752 Deum,
2419 5688 2617 5742 orietur
2643 5689 2722 5742 sol
2736 5687 2964 5758 justitite
2985 5685 3206 5759 (Malae.
3239 5701 3314 5754 tv,
3336 5686 3414 5758 2).
3446 5686 3549 5757 Qui
3585 5688 3656 5744 sit
3684 5703 3781 5743 au-

2198 5790 2307 5838 tem
2337 5780 2441 5840 iste
2466 5779 2724 5847 thronus,
2758 5780 2940 5837 inultis
2988 5779 3042 5835 in
3092 5777 3225 5836 locis
3268 5777 3550 5850 Scriptura
3592 5789 3780 5838 sancta

2208 5930 2215 5935 ·
2296 5924 2341 5944 ὧν
