4032 6358
253 360 316 414 ιθ
875 423 880 426 ἱ
1107 351 1190 406 EX
1205 349 1468 407 POSITIO
1506 350 1572 408 IN
1613 348 1877 407 ΜΑΤΤΗΛ

1983 351 2051 408 Μ.
2094 383 2164 395 --
2204 352 2332 410 LIB.
2371 352 2413 418 l,
2453 354 2606 411 CAP.
2647 355 2686 411 Ι.
3466 361 3534 413 50

254 473 547 532 Ecclesium
573 485 691 524 esse
714 468 971 533 declarat,
1003 469 1054 522 in
1077 483 1182 537 qua
1207 469 1350 523 Deus
1379 469 1524 524 velut
1552 483 1646 524 rex
1671 471 1725 525 in
1749 483 1847 524 suo
1873 471 1930 533 Α
1952 469 2067 542 Ego
2087 488 2203 525 sunt
2239 472 2464 537 ostium;
2499 489 2590 542 per
2613 489 2691 526 me
2714 474 2759 527 si
2786 474 2903 544 quis
2937 474 3228 540 introierit,
3251 475 3536 530 salvabitur

257 569 443 622 throno
498 561 778 632 praesidet.
833 558 962 626 Qum
1011 557 1290 624 nimirum,
1341 559 1467 630 quia
1520 569 1680 632 caput
1727 559 1845 629 ejus

263 658 506 716 Christus
533 663 639 714 est,
689 653 826 708 sicut
878 651 959 706 sol
1005 651 1060 706 in
1089 660 1385 722 conspectu
1412 652 1590 708 Patris
1639 652 1845 724 fulgere

255 754 469 817 dicitur,
518 758 574 805 et
606 749 750 803 sicut
778 747 903 802 luna
939 746 1180 818 perfecta
1207 748 1261 804 in
1305 757 1569 805 aeternum
1599 764 1843 805 manere.

253 851 395 908 Luna
425 861 565 902 vero
594 853 819 916 propter
845 843 1128 914 prmsentis
1159 843 1285 898 vitae
1315 843 1584 898 defectum
1610 844 1845 899 dicitur:

255 940 491 1014 perfecta
518 952 688 1002 vero,
720 936 847 1005 quia
877 934 988 1005 jam
1039 935 1265 990 inhmret
1290 935 1453 1005 capiti
1486 951 1606 1000 suo,
1652 951 1718 989 ex
1742 950 1849 1004 quo

256 1030 581 1089 immortalis
605 1037 770 1098 atque
797 1037 997 1082 aeterna
1028 1028 1204 1082 modis
1225 1027 1476 1084 omnibus
1503 1027 1847 1097 praedicatur.

255 1125 320 1180 Et
369 1121 676 1178 notandum
732 1119 875 1188 quod
907 1119 994 1173 hic
1021 1118 1247 1172 thronus
1287 1118 1514 1173 seminis
1541 1117 1852 1188 repromissi

259 1231 390 1271 unus
420 1229 552 1268 cum
598 1228 699 1267 suo
724 1213 900 1282 capite
929 1221 1162 1276 constat,
1199 1219 1252 1267 et
1281 1212 1447 1266 totius
1488 1212 1569 1267 sui
1611 1211 1856 1281 corporis

260 1307 538 1362 membris.
575 1304 646 1360 Ut
670 1311 836 1373 caput
861 1301 1114 1357 videlicet
1140 1311 1384 1357 nostrum
1405 1301 1615 1356 unitum
1642 1302 1858 1372 corpori

261 1407 480 1470 propter
528 1405 737 1450 natura:
775 1395 1106 1450 consortium
1145 1393 1476 1463 intelligatur
1517 1413 1528 1447 :
1574 1394 1862 1464 praesidere

268 1504 420 1552 vero,
467 1487 584 1556 quia
617 1487 758 1541 Deus
806 1493 912 1549 est,
967 1494 1110 1539 recte
1155 1485 1208 1539 in
1237 1501 1336 1540 suo
1365 1486 1581 1548 throno,
1620 1485 1671 1538 id
1701 1493 1784 1539 est
1808 1485 1860 1538 in

275 1595 368 1634 sua
400 1577 654 1641 Ecclesia,
687 1573 948 1632 divinitus
979 1577 1274 1632 iutimetur.
1307 1576 1578 1632 Ponamus
1608 1577 1784 1632 adhuc
1810 1586 1868 1631 et

269 1669 413 1724 aliud
441 1668 832 1728 testimonium,
862 1667 1004 1736 quod
1032 1667 1173 1723 idem
1195 1667 1263 1721 de
1291 1669 1498 1723 semine
1528 1666 1695 1722 David
1729 1666 1868 1722 futu-

264 1778 356 1816 rus
377 1761 754 1814 annuntietur.
787 1759 858 1812 Et
883 1760 1083 1828 factum
1110 1768 1208 1824 est,
1238 1759 1414 1828 inquit
1441 1759 1493 1812 in
1522 1759 1661 1814 libro
1688 1757 1866 1814 Verba
1921 1775 1929 1787 δ

1948 561 2129 633 (Joan.
2189 579 2245 628 x,
2298 562 2376 634 9).
2442 562 2580 618 Sunt
2625 565 2768 620 enim
2796 573 2924 623 ante
2969 566 3115 624 fores
3160 567 3343 639 templi
3381 570 3537 641 quasi

1947 652 2213 708 columnae
2262 655 2550 725 antepositi
2578 696 2594 720 ,
2629 657 2756 726 quia
2791 657 3048 714 nimirum
3097 657 3275 714 adhuc
3311 668 3539 732 uterque

1949 765 2139 806 eorum
2166 753 2220 806 in
2248 752 2384 822 lege,
2419 752 2564 806 velut
2595 754 2646 807 in
2681 754 2949 810 vestibulo
2976 756 3169 811 domus
3199 756 3536 813 versabatur.

1952 841 2021 895 Et
2036 841 2312 906 habebant,
2332 843 2507 914 inquit
2520 842 2818 914 Scriptura,
2839 845 3095 901 columnis
3115 845 3442 902 altitudinem
3454 848 3544 903 de-

1953 949 2063 987 cem
2090 943 2136 986 et
2161 944 2275 987 octo
2303 935 2594 990 cubitorum
2613 936 2733 1007 (III
2750 936 2876 1007 Reg.
2910 953 3004 1002 vn,
3023 937 3391 1008 15);videlicet
3409 939 3540 996 Novi

1956 1038 2019 1078 ac
2043 1021 2257 1079 Veteris
2301 1025 2636 1081 Testamenti
2687 1026 2907 1099 fastigio
2931 1030 3381 1099 praeminentes:
3410 1047 3544 1102 qua-

1958 1122 2118 1169 tenus
2141 1116 2294 1185 juxta
2329 1116 2697 1173 fortitudinem
2722 1119 3100 1176 columnarum
3130 1129 3419 1192 utrumque
3444 1139 3544 1192 po-

1957 1209 2142 1278 pulum
2167 1212 2234 1264 ad
2256 1212 2414 1265 ﬁdem
2439 1214 2880 1278 corroliorantes,
2895 1230 3002 1268 non
3021 1215 3184 1269 alium
3207 1230 3326 1270 esse
3348 1216 3545 1270 ostium

1959 1301 2331 1367 ostenderent,
2358 1318 2518 1372 quam
2549 1304 2690 1360 hunc
2714 1303 2898 1360 Jesum
2925 1306 3223 1372 Christum,
3257 1324 3442 1363 eorum
3471 1323 3550 1364 se.

1963 1395 2108 1449 mine
2138 1405 2523 1466 propagatum;
2571 1408 2627 1452 et
2651 1412 2773 1452 eum
2816 1399 2932 1456 fore
2981 1403 3283 1473 ingressum
3320 1402 3549 1471 templi,

1965 1486 2116 1552 quasi
2148 1487 2238 1554 qui
2289 1487 2429 1541 inter
2460 1488 2695 1543 medium
2737 1504 2926 1546 eorum
2961 1492 3182 1548 intimus
3210 1495 3548 1548 versabatur.

1969 1575 2106 1630 Hinc
2155 1585 2240 1631 est
2280 1579 2421 1647 quod
2456 1578 2512 1632 in
2560 1581 2778 1636 nomine
2822 1582 2950 1636 Jesu
2987 1584 3280 1639 secundum
3337 1583 3556 1641 Graecos

1972 1664 2247 1738 [ιΗΣοΥΣ],
2280 1669 2452 1737 prima
2489 1684 2608 1738 qua:
2638 1673 2999 1727 conscribitur
3021 1673 3199 1728 littera
3237 1675 3444 1738 decem,
3477 1690 3557 1730 se-

1974 1760 2147 1813 cunda
2181 1775 2308 1815 vero
2364 1769 2487 1815 octo
2534 1763 2821 1832 signiﬁcat.
2854 1764 2924 1820 Ut
2957 1780 3024 1820 ex
3075 1778 3308 1837 utroque
3351 1769 3558 1823 semine

264 1854 504 1916 dierum,
538 1854 750 1907 verbum
793 1852 1007 1906 Domini
1056 1853 1125 1906 ad
1179 1850 1397 1906 Nathan
1433 1853 1740 1923 prophetam
1785 1853 1867 1906 di—
1892 1835 1945 1898 Β
1975 1851 2272 1906 secundum
2300 1853 2749 1922 repromissiones
2779 1855 3186 1927 Scripturarum
3217 1875 3357 1914 unus
3382 1860 3559 1931 eriga-

265 1964 404 2011 cens,
439 1945 584 2001 Vade
608 1957 652 2001 et
669 1947 916 2002 dicservo
938 1963 1049 2002 meo
1073 1946 1264 2011 David,
1286 1946 1416 2003 Herc
1430 1949 1556 2002 dicit
1583 1949 1863 2003 Dominus.

267 2039 536 2092 Annuntio
563 2039 658 2092 tibi
685 2030 825 2108 quod
854 2038 1292 2107 a’diﬁcaturussit
1323 2040 1534 2092 domum
1565 2040 1660 2093 tibi
1690 2039 1870 2094 Domi-

270 2149 381 2184 nus.
413 2129 654 2200 Cumque
675 2130 965 2199 impleveris
991 2130 1100 2184 dies
1128 2138 1270 2194 tuos,
1315 2141 1369 2184 ut
1401 2131 1565 2184 vadas
1595 2131 1664 2184 ad
1695 2140 1869 2200 patres

271 2232 409 2284 tuos,
436 2221 702 2272 suscitabo
725 2236 895 2274 semen
927 2229 1077 2274 tuum
1098 2230 1212 2290 post
1253 2230 1335 2283 te,
1363 2220 1506 2290 quod
1530 2223 1627 2274 erit
1657 2221 1721 2274 de
1743 2220 1871 2288 ﬁliis

272 2316 390 2377 tuis,
439 2323 493 2367 et
539 2312 799 2367 stabiliam
823 2329 1040 2383 regnum
1087 2313 1222 2384 ejus.
1271 2312 1392 2382 Ipse
1436 2313 1715 2381 a'diﬁcabit
1745 2314 1873 2368 mihi

273 2407 507 2470 domum,
556 2415 607 2459 et
649 2405 871 2474 ﬁrmabo
921 2406 1110 2459 solium
1156 2406 1270 2474 ejus
1310 2422 1470 2476 usque
1504 2405 1560 2458 in
1598 2413 1868 2460 a'ternum.

274 2496 384 2569 Ego
412 2517 502 2553 ero
537 2501 587 2553 ei
631 2499 686 2552 in
729 2508 950 2570 patrem,
989 2510 1036 2552 et
1059 2500 1165 2569 ipse
1191 2502 1289 2554 erit
1328 2500 1455 2553 mihi
1486 2499 1542 2552 in
1580 2498 1784 2568 ﬁlium;
1824 2509 1872 2553 et

277 2593 684 2646 misericordiam
713 2609 885 2646 meam
911 2609 1013 2646 non
1040 2593 1280 2662 auferam
1306 2592 1372 2646 ab
1404 2609 1484 2654 eo,
1524 2592 1656 2646 sicut
1683 2591 1875 2646 abstuli

278 2684 339 2736 ab
359 2701 418 2737 eo
444 2683 536 2753 qui
559 2694 679 2736 ante
706 2693 755 2736 te
783 2683 908 2753 fuit,
950 2692 996 2736 et
1025 2683 1289 2738 stabiliam
1321 2701 1441 2737 eum
1471 2686 1524 2736 in
1571 2684 1726 2737 domo
1759 2699 1875 2738 mea

278 2782 324 2826 et
345 2774 396 2825 in
422 2789 578 2843 regno
601 2789 714 2826 meo
752 2789 915 2842 usque
942 2774 995 2826 in
1022 2774 1415 2843 sempiternum,
1445 2785 1491 2827 et
1514 2775 1732 2827 thronus
1759 2773 1874 2843 ejus

279 2867 374 2916 erit
402 2865 746 2934 ﬁrmissimus
771 2866 824 2918 in
847 2873 1148 2934 perpetuum
1185 2863 1237 2936 (I
1259 2862 1390 2918 Par.
1416 2865 1572 2932 xv“).
1605 2864 1730 2919 Haec
1758 2879 1878 2918 om-

289 2954 366 3008 nia
392 2955 647 3026 quisquis
679 2955 731 3008 in
759 2954 1049 3009 Salomone
1071 2964 1222 3024 putat
1261 2954 1429 3010 fuisse
1458 2955 1699 3025 impleta,
1730 2955 1874 3009 mul-

289 3061 393 3102 tum
423 3064 613 3103 errare
663 3049 896 3103 videtur.
930 3047 1061 3102 Nam
1093 3049 1326 3119 qualiter
1368 3049 1774 3119 intelligendum
1807 3051 1879 3104 sit

286 3142 420 3210 quod
443 3143 652 3196 dictum
679 3152 762 3196 est
789 3160 800 3194 :
835 3141 1125 3211 Postquam
1161 3143 1449 3198 dormieris
1475 3159 1596 3198 cum
1627 3145 1873 3213 patribus

291 3235 411 3298 tuis,
458 3233 739 3287 suscitabo
789 3248 976 3288 semen
1011 3241 1160 3289 tuum
1195 3242 1318 3303 post
1357 3243 1427 3295 te,
1461 3233 1603 3302 quod
1652 3235 1758 3288 erit
1806 3234 1874 3288 de

288 3321 407 3376 filiis
435 3322 566 3386 tuis,
599 3332 653 3376 et
672 3323 941 3378 stabiliam
961 3339 1184 3395 regnum
1212 3323 1388 3378 illius?
1421 3323 1672 3393 Nunquid
1689 3325 1755 3379 de
1786 3324 1876 3378 illo

289 3410 576 3467 Salomone
601 3413 936 3468 credendum
959 3421 1043 3468 est
1068 3415 1483 3484 prophetatum?
1512 3415 1748 3469 Minime.
1781 3414 1875 3468 llle

288 3503 460 3556 adhuc
494 3513 650 3574 patre
680 3520 779 3559 suo
807 3506 1020 3560 vivente
1048 3506 1212 3575 coepit
1238 3521 1487 3576 regnare.
1521 3506 1620 3562 Hic
1646 3523 1775 3562 vero
1797 3506 1880 3560 di-

290 3594 448 3647 citur.
473 3593 610 3660 Quia
638 3610 766 3648 cum
793 3595 1046 3665 completi
1073 3596 1274 3651 fuerint
1299 3597 1413 3652 dies
1437 3597 1534 3662 tui,
1562 3605 1617 3651 et
1643 3597 1878 3652 dormie-

292 3685 368 3737 ris
399 3684 510 3756 24
552 3701 671 3740 cum
711 3687 960 3754 patribus
991 3688 1116 3752 tuis,
1163 3689 1438 3744 suscitabo
1483 3703 1668 3743 semen
1702 3697 1878 3745 tuum.

289 3775 363 3828 Ex
398 3791 507 3844 quo
539 3791 733 3832 revera
768 3777 1083 3849 intelligitur
1105 3779 1242 3833 alius
1269 3781 1630 3850 repromissus
1659 3782 1748 3851 qui
1772 3797 1880 3838 non

290 3873 414 3919 ante
450 3874 681 3921 mortem
734 3867 923 3932 David,
973 3869 1066 3922 sed
1113 3879 1235 3939 post
1277 3879 1507 3925 mortem
1537 3872 1884 3928 suscitandas

287 3969 422 4012 erat.
471 3959 543 4014 De
576 3975 683 4028 quo
713 3976 810 4029 per
845 3960 1134 4016 Jeremiam
1172 3980 1186 4016 ε
1221 3962 1353 4017 Ecce
1381 3963 1491 4018 dies
1514 3967 1729 4029 venient,
1758 3967 1885 4020 dicit

287 4052 570 4118 Dominus,
595 4065 643 4107 et
665 4056 930 4109 suscitabo
957 4055 1132 4110 David
1146 4073 1354 4126 germen
1375 4058 1603 4128 justum,
1629 4068 1674 4112 et
1699 4075 1884 4128 regna-

287 4145 356 4197 bit
389 4161 501 4210 rex,
535 4154 585 4199 et
612 4147 819 4214 sapiens
847 4147 968 4212 erit,
997 4155 1043 4200 et
1084 4145 1239 4216 faciet
1257 4147 1523 4217 judicium
1545 4158 1591 4201 et
1617 4148 1888 4218 justitiam

287 4258 446 4310 super
473 4251 692 4296 terram.
711 4240 777 4296 In
807 4243 988 4296 diebus
1012 4243 1128 4312 ejus
1149 4242 1439 4297 salvabitur
1459 4243 1624 4306 Juda,
1647 4253 1693 4296 et
1718 4241 1890 4297 Israel

289 4336 550 4388 habitabit
577 4335 898 4404 conﬁdenter
913 4346 960 4390 et
982 4337 1078 4390 hoc
1095 4351 1283 4390 nomen
1301 4336 1442 4406 quod
1468 4336 1721 4390 vocabunt
1743 4352 1882 4398 eum,

291 4423 552 4480 Dominus
580 4425 763 4495 justus
808 4436 983 4480 noster
1011 4427 1143 4495 (Jer.
1183 4443 1351 4493 χχιιι,
1390 4427 1466 4498 5).
1500 4427 1752 4497 Nunquid
1800 4427 1888 4482 hic

1977 1952 2064 1996 tur
2088 1944 2143 1997 in
2168 1943 2401 2010 titulum;
2434 1946 2485 1999 iu
2509 1945 2663 2015 cujus
2689 1949 2906 2003 nomine
2931 1950 3118 2006 unitus
3139 1959 3366 2021 uterque
3391 1968 3560 2023 popu-

1976 2031 2082 2097 lus,
2129 2048 2382 2089 mensura
2409 2035 2760 2104 plenitudinis
2803 2039 3028 2105 Christi,
3052 2040 3207 2110 juxta
3238 2043 3362 2098 ﬁdei
3393 2042 3561 2099 firmi.

1976 2131 2179 2188 tatem,
2236 2125 2303 2178 ad
2369 2141 2600 2195 superna
2649 2129 2863 2185 enixius
2907 2131 3250 2188 snblimetur.
3292 2134 3428 2189 Hinc
3478 2144 3563 2192 est

1977 2215 2122 2270 enim
2153 2216 2296 2285 quod
2345 2226 2634 2289 utramque
2671 2237 2858 2276 carum
2919 2222 3190 2280 funiculus
3219 2225 3392 2280 ambit
3433 2226 3563 2281 duo-

1977 2307 2149 2361 decim
2177 2308 2500 2375 cubitorum,
2530 2311 2582 2365 id
2605 2320 2708 2376 est,
2736 2314 2867 2368 ﬁdes
2906 2315 3276 2386 apostolorum
3319 2317 3420 2372 hos
3445 2326 3565 2372 tan-

1979 2405 2089 2452 tum
2106 2399 2447 2469 amplectitur
2462 2402 2514 2456 in
2537 2404 2845 2474 genealogis
2869 2417 3073 2476 patres,
3103 2410 3171 2463 de
3193 2423 3424 2478 quorum
3451 2424 3567 2463 me-

1978 2489 2066 2543 dio
2096 2491 2358 2559 praedicat
2405 2495 2604 2548 ostium
2657 2493 2841 2550 Jesum
2894 2497 3170 2552 Christum
3214 2499 3566 2554 credentibus

1979 2581 2220 2650 quotidie
2249 2584 2471 2652 aperiri,
2498 2601 2604 2640 non
2633 2587 2980 2643 credentibus
3003 2589 3110 2660 25
3133 2605 3262 2645 vero
3288 2590 3454 2647 voluit
3480 2592 3566 2647 in-

1981 2673 2202 2728 troitum
2233 2675 2470 2731 cmlestis
2511 2678 2700 2746 patria:
2727 2680 2940 2748 penitus
2982 2681 3258 2750 denegari.
3298 2681 3406 2738 Sed
3440 2684 3567 2754 quia

1979 2770 2304 2840 quibusdam
2343 2779 2654 2826 sanctarum
2679 2773 3087 2842 Scripturarum
3116 2775 3443 2831 testimoniis
3471 2779 3570 2832 has

1980 2860 2250 2915 interdum
2277 2863 2560 2917 columnas
2591 2863 2841 2928 volumus
2867 2866 3125 2921 roborare
3143 2908 3159 2933 ,
3189 2867 3348 2939 longe
3376 2869 3567 2923 admo-

1980 2952 2104 3004 dum
2134 2955 2404 3022 progressi
2463 2970 2673 3020 sumus,
2701 2957 2814 3026 jam
2848 2958 3062 3012 tandem
3105 2958 3172 3012 ad
3214 2959 3572 3030 expositionis

1979 3045 2224 3100 ordinem
2276 3047 2581 3102 redeamus.
2636 3048 2738 3104 Ubi
2781 3050 2959 3104 adhuc
3007 3049 3278 3105 interdum
3322 3066 3428 3106 non
3477 3051 3574 3108 ab-

1979 3137 2140 3190 surde
2194 3153 2225 3192 a
2272 3139 2457 3193 multis
2479 3143 2742 3209 quaeritur
2765 3143 2894 3212 quid
2925 3144 2995 3199 sit
3019 3129 3167 3214 “quod
3206 3144 3375 3200 David
3421 3145 3574 3214 prior

1980 3229 2220 3298 ponitur,
2261 3245 2383 3285 cum
2430 3234 2606 3286 inlatis
2631 3233 2912 3304 privilegio
2942 3234 3098 3306 longe
3125 3236 3394 3306 posterior
3422 3236 3575 3292 inve-

1979 3321 2161 3375 nitur?
2190 3321 2272 3376 Ad
2299 3324 2444 3392 quod
2466 3324 2750 3379 dicendurm
2776 3366 2790 3390 ,
2822 3327 2965 3396 quod
2995 3325 3244 3396 loquendi
3276 3327 3576 3384 necessitas

1980 3411 2030 3464 id
2060 3412 2263 3482 exegit,
2287 3423 2340 3467 et
2381 3411 2556 3468 factus
2589 3422 2672 3469 est
2717 3415 2851 3469 ordo
2891 3425 3274 3485 praeposterus,
3319 3417 3576 3472 decenter

1983 3501 2171 3570 utique
2199 3511 2586 3557 commutatus.
2613 3503 2770 3568 Quia,
2802 3505 2847 3557 si
2876 3505 3109 3572 primum
3135 3503 3371 3558 Abrahae
3395 3504 3568 3559 ﬁlium

1982 3609 2107 3648 eum
2156 3595 2401 3657 dixisset,
2454 3604 2510 3649 et
2558 3595 2727 3650 David
2766 3605 2952 3666 postea
3006 3597 3330 3666 copulasset,
3383 3613 3574 3654 rursus

1983 3682 2258 3737 Abraham
2306 3685 2632 3753 repetendus
2678 3692 2817 3752 erat,
2868 3693 2928 3740 ut
2967 3686 3120 3756 origo
3167 3687 3336 3742 David
3363 3686 3480 3757 ejus
3504 3701 3574 3742 ex

1985 3777 2188 3832 semine
2216 3783 2631 3841 monstraretur,
2659 3785 2716 3831 et
2743 3776 2899 3833 ﬁeret
2923 3778 3209 3834 inhonesta
3238 3778 3574 3833 constructio

1985 3871 2294 3935 verborum,
2316 3876 2579 3939 quantum
2611 3871 2679 3924 ad
2703 3869 3063 3940 eloquentiam
3099 3871 3311 3926 attinet.

2059 3961 2358 4024 Abraham,
2393 3961 2585 4031 inquit,
2615 3962 2792 4031 genuit
2831 3960 3009 4016 Isaac.
3064 3961 3232 4016 Recte
3274 3962 3454 4032 itaque
3505 3963 3575 4018 ab

1988 4054 2144 4109 initio
2185 4053 2308 4108 ﬁdei
2336 4052 2649 4124 genealogia
2685 4052 2886 4108 Christi
2916 4061 3276 4123 supputatur:
3308 4062 3369 4106 ut
3389 4053 3440 4105 in
3469 4066 3580 4122 quo

1988 4144 2225 4214 primum
2267 4145 2334 4199 de
2372 4159 2438 4198 eo
2481 4143 2624 4199 facta
2656 4143 2855 4214 legitur
2896 4143 3276 4214 repromissio,
3322 4143 3478 4199 ﬁeret
3525 4155 3582 4201 et

1991 4238 2276 4294 exordium
2303 4236 2686 4302 successionis,
2727 4237 2897 4292 donec
2925 4245 3145 4292 ventum
3177 4247 3324 4292 esset
3360 4239 3428 4292 ad
3455 4253 3580 4294 eum

1995 4329 2087 4397 qui
2117 4328 2185 4384 de
2211 4327 2350 4382 coelo
2383 4335 2508 4381 tunc
2539 4326 2799 4381 divinitus
2827 4327 3007 4382 fuerat
3034 4327 3414 4397 repromissus.
3447 4327 3582 4396 Quis

1994 4421 2138 4476 enim
2177 4421 2231 4476 in
2263 4418 2582 4491 genealogis
2613 4418 2816 4474 Christi
2861 4419 3040 4490 aptius
3074 4420 3126 4474 in
3159 4419 3426 4490 principio
3454 4421 3579 4491 poni

289 4514 583 4580 Jeremias,
625 4518 717 4586 qui
748 4517 906 4590 longe
948 4528 1069 4588 post
1102 4516 1450 4574 Salomonem
1489 4518 1654 4575 fuisse
1686 4519 1888 4590 proba-
1913 4557 1968 4620 Β
1998 4519 2199 4584 posset,
2236 4526 2397 4582 quam
2428 4511 2474 4566 is
2499 4511 2565 4565 de
2593 4511 2748 4581 cujus
2778 4512 2984 4567 semine
3006 4511 3310 4567 benedictio
3338 4513 3582 4568 omnium

293 4618 398 4670 tur,
415 4608 707 4678 aliquidde
721 4624 786 4664 eo
801 4626 992 4664 rursus
1003 4611 1356 4681 repromittit,
1372 4611 1581 4678 dicens,
1613 4611 1890 4667 suscitabo

294 4701 461 4755 David
493 4716 719 4772 germen
746 4701 994 4771 justum?
1019 4702 1356 4758 Manifestius
1391 4705 1458 4759 de
1489 4703 1708 4760 Christo
1733 4706 1892 4761 datur

295 4791 557 4862 intelligi;
593 4793 685 4862 qui
718 4809 825 4849 non
853 4793 1027 4850 solum
1052 4794 1169 4850 Rex
1199 4795 1438 4865 sapiens,
1475 4797 1568 4852 sed
1597 4796 1763 4852 etiam
1787 4797 1892 4853 Sa-

297 4882 500 4950 pientia
528 4883 712 4938 Patris
739 4884 1062 4954 appellatur.
1078 4884 1287 4940 Revera
1318 4886 1370 4940 in
1397 4885 1550 4955 cuius
1575 4889 1765 4944 diebus
1789 4889 1896 4945 sal-

297 4982 453 5027 vatus
480 4984 564 5027 est
585 4989 751 5030 verus
774 4974 935 5043 Juda,
966 4976 1216 5032 videlicet
1242 4976 1331 5031 ille
1359 4978 1452 5047 qui
1482 4979 1775 5034 conﬁtetur
1801 4980 1892 5036 Je-

299 5081 417 5121 sum
439 5065 719 5123 Christum
749 5069 802 5123 in
831 5084 1000 5125 carne
1021 5069 1252 5125 venisse.
1291 5069 1503 5140 Reliqui
1527 5086 1656 5126 vero
1684 5086 1894 5141 omnes,
1928 5105 1931 5108 -

298 5168 355 5214 ut
382 5159 630 5215 Joannes
674 5160 897 5226 fatetur,
931 5175 1038 5216 non
1065 5161 1269 5228 Judaei,
1305 5162 1452 5217 velut
1483 5161 1585 5231 ipsi
1626 5162 1896 5218 mentiun-

300 5265 418 5320 tur;
445 5255 542 5309 scd
573 5268 861 5325 synagoga;
893 5263 1020 5310 sunt
1046 5254 1281 5310 Satanae.
1310 5256 1533 5312 Talibus
1558 5272 1688 5328 ergo
1714 5265 1768 5312 et
1796 5257 1896 5311 bu-

295 5343 532 5412 jusmodi
593 5341 999 5412 Scripturarum
1048 5345 1299 5412 indiciis,
1346 5352 1552 5401 certum
1606 5355 1891 5409 tenemus,

301 5435 619 5489 Matthaaum
652 5435 752 5489 hos
782 5435 918 5490 duos
959 5451 1186 5506 quorum
1238 5437 1322 5492 sit.
1345 5435 1488 5490 ﬁlius
1517 5443 1724 5490 tantum
1775 5436 1898 5491 ideo

299 5527 582 5598 posuisse;
617 5536 890 5598 quatenus
909 5528 1002 5598 qui
1049 5529 1246 5583 vellent
1274 5529 1553 5600 templum,
1583 5529 1634 5583 id
1671 5541 1754 5584 est
1786 5528 1896 5583 Ec-

301 5620 552 5684 clesiam,
583 5634 683 5690 per
710 5621 911 5677 ostium
940 5621 1185 5687 introire,
1216 5623 1314 5678 has
1339 5624 1474 5678 duas
1499 5621 1802 5688 columnas,
1833 5623 1900 5676 de

301 5724 542 5781 quorum
566 5711 746 5766 medio
773 5711 1027 5767 Christus
1051 5727 1278 5767 exorsus
1303 5720 1390 5768 est
1413 5753 1428 5778 ,
1455 5712 1583 5767 hinc
1609 5712 1732 5767 inde
1753 5720 1904 5767 ante-

303 5805 518 5882 positas
537 5805 1049 5877 circumspicerent.
1080 5804 1197 5878 Ipse
1227 5806 1371 5861 enim
1413 5807 1480 5862 de
1521 5821 1580 5862 se
1617 5805 1855 5881 loquitur
1887 5825 1901 5864 :

1995 4606 2234 4676 gentium
2261 4602 2635 4674 propagatur?
2659 4601 2810 4670 Quod
2842 4602 3047 4658 factum
3077 4603 3260 4674 itaque
3285 4603 3580 4667 credimus,

1994 4707 2056 4754 ut
2077 4699 2146 4754 ad
2170 4712 2296 4753 eum
2322 4703 2608 4752 currerent
2645 4711 2755 4751 non
2792 4704 2902 4750 tam
2946 4695 3153 4762 Judaei,
3198 4711 3362 4766 quam
3391 4709 3584 4752 omnes

1996 4802 2212 4866 gentes,
2252 4791 2408 4861 cujus
2440 4790 2593 4862 origo
2627 4805 2696 4846 ex
2738 4804 2806 4845 eo
2848 4790 3175 4861 repromissa
3217 4789 3340 4847 luce
3382 4788 3585 4845 clarius

1997 4887 2300 4942 divinarum
2346 4884 2752 4954 Scripturarum
2783 4882 3022 4939 oraculis
3064 4883 3391 4940 declaratur.
3431 4882 3582 4950 Qua-

2000 4987 2157 5034 tenus
2196 4976 2432 5046 primum
2460 4975 2514 5029 in
2544 4983 2698 5045 patre
2745 4974 3047 5042 discerent,
3094 4975 3222 5045 quid
3265 4973 3350 5030 vel
3396 4973 3584 5044 quales

1999 5084 2120 5125 esse
2147 5067 2407 5133 debeant,
2454 5067 2547 5137 qui
2587 5066 2774 5122 volunt
2817 5068 2870 5122 in
2916 5069 3121 5123 semine
3147 5066 3581 5125 benedictionem

2001 5160 2335 5218 luereditatis
2378 5161 2679 5229 percipere.
2727 5159 2899 5226 Quia,
2944 5160 3084 5215 sicut
3129 5157 3268 5213 idem
3321 5157 3583 5214 Dominus

1996 5254 2196 5310 Iudaeis
2242 5261 2502 5318 testatur,
2561 5253 2606 5308 si
2652 5252 2744 5308 ﬁlii
2794 5262 2975 5310 essent
3016 5250 3274 5316 Abrahae,
3321 5252 3585 5307 veraciter

1997 5360 2160 5416 opera
2195 5344 2427 5400 Abrahae
2452 5343 2552 5415 ipsi
2577 5343 2834 5399 fecissent
2861 5343 3040 5411 (Joau.
3071 5357 3197 5408 vni,
3230 5340 3344 5411 59),
3383 5349 3438 5396 et
3463 5349 3583 5395 tan-

1999 5448 2111 5493 tum
2143 5437 2415 5507 talemque
2454 5447 2664 5508 patrem
2704 5438 3044 5492 imitarentur
3079 5451 3147 5491 ne
3177 5435 3470 5508 degeneres
3493 5450 3578 5491 es-

2001 5537 2141 5584 sent.
2172 5527 2305 5582 Nam
2330 5527 2603 5583 Abraham
2635 5529 2867 5596 primum
2892 5525 3119 5581 credidit
3157 5526 3301 5593 Deo,
3339 5534 3393 5581 et
3424 5540 3580 5597 repu-

2007 5629 2176 5675 tatum
2201 5629 2286 5674 est
2323 5621 2371 5675 ei
2408 5621 2475 5674 ad
2497 5617 2763 5687 justitiam
2793 5613 2945 5686 (Gen.
2979 5632 3068 5685 xv,
3097 5617 3174 5681 6).
3221 5618 3426 5674 Dehinc
3452 5624 3584 5670 vero

2005 5713 2102 5771 ivit
2132 5712 2272 5768 ultra
2300 5712 2592 5783 proﬁciens
2619 5719 2778 5780 atque
2822 5724 3106 5777 crescens,
3134 5708 3278 5764 sicut
3305 5697 3588 5768 Scriptura

2010 5806 2200 5869 refert,
2243 5812 2301 5859 et
2341 5802 2589 5877 pervenit
2619 5815 2790 5873 usque
2817 5799 3024 5866 Bethel,
3063 5809 3122 5855 et
3161 5802 3479 5871 progressus
3503 5817 3590 5865 est
