4032 6358
498 418 577 478 51
1306 418 1362 469 S.
1408 412 1769 471 PASCHASII
1806 410 2155 467 RADBEHTI
2195 408 2486 466 ABBATIS
2526 407 2973 466 CORBEIENSIS
3722 403 3794 458 ΞΒ

518 536 572 595 in
604 534 885 587 meridiem
909 530 1062 602 (Gen.
1096 531 1268 593 ltus.
1292 534 1371 599 9),
1396 532 1479 583 ubi
1506 547 1747 598 sponsus,
1770 530 1822 583 in
1844 529 2103 594 Canticis,
2131 528 2181 588 Α
2210 527 2406 597 piendo
2438 526 2723 580 confitetur
2747 535 2801 579 et
2830 525 2977 585 colit,
3011 523 3232 574 colundo
3261 531 3435 573 {autem
3464 520 3701 589 tptotidie
3724 518 3794 574 ad

518 627 671 681 cubat
704 622 880 695 (Cant.
913 639 952 688 ι,
982 623 1055 693 6).
1091 633 1139 677 et
1161 624 1397 692 pascitur
1418 623 1552 676 inter
1576 621 1688 675 lilia
1720 620 1898 692 (Cant.
1924 637 1998 683 VI,
2020 620 2103 690 2).

520 716 649 771 Post
671 730 794 785 qua:
819 714 1079 769 virtutum
1109 713 1341 783 insignia
1371 722 1628 777 tentatus,
1660 722 1717 767 et
1743 714 1993 767 inventus
2020 720 2104 767 est

522 808 694 864 fidelis
721 823 787 862 ac
803 808 1001 877 justus.
1030 804 1132 873 Qui
1158 814 1347 861 contra
1378 819 1549 875 spem,
1574 805 1627 858 in
1655 820 1750 875 spe
1777 794 2027 869 Credidit,
2050 811 2106 859 et

490 901 667 960 .omni
695 899 1004 955 obedientia
1033 907 1472 961 consummatus,
1524 907 1678 967 pater
1700 897 1941 952 omnium
1970 911 2103 965 gen-

520 991 653 1046 tium
678 990 891 1045 futurus
918 989 1107 1044 divina
1130 1003 1267 1047 voce
1292 989 1641 1058 praedicatur.
1675 987 1812 1043 Hinc
1841 988 2006 1059 igitur
2035 986 2103 1042 ab

519 1099 583 1137 eo
614 1084 777 1138 restis
809 1082 1136 1154 genealogiae
1165 1091 1316 1137 recte
1342 1082 1597 1147 nectitur,
1630 1081 1763 1137 utin
1791 1081 2104 1136 summitate

518 1172 634 1240 ejus
680 1173 876 1233 hamus
922 1187 1089 1231 carne
1130 1183 1422 1243 coopertus
1456 1174 1525 1228 ad
1556 1173 1876 1243 capiendum
1918 1173 2103 1241 mundi

520 1266 684 1320 maris
715 1275 895 1323 cetum
915 1306 931 1331 ,
979 1267 1034 1321 id
1063 1275 1147 1322 est
1175 1266 1479 1332 diabolum,
1524 1276 1579 1322 et
1612 1268 1678 1323 ad
1722 1266 2104 1335 perforandam

517 1358 636 1427 ejus
680 1357 989 1425 maxillam,
1033 1358 1321 1414 obscurius
1364 1358 1639 1428 religetur.
1686 1358 1797 1430 26
1839 1356 1991 1413 Unde
2018 1372 2102 1412 se-

515 1448 700 1518 quitur
731 1466 744 1502 :

586 1542 743 1598 Isaac
768 1553 943 1598 autem
973 1544 1149 1614 genuit
1181 1541 1382 1608 Iacob,
1425 1541 1593 1598 Iacob
1627 1543 1801 1612 genuit
1827 1540 2027 1595 ludam
2054 1549 2102 1594 et

513 1634 703 1703 fratres
754 1636 890 1706 ejus.
930 1634 1101 1691 Porro
1126 1635 1270 1705 quod
1299 1636 1386 1690 hic
1412 1633 1694 1689 Matthaeus
1722 1633 1853 1689 dicit
1890 1634 2099 1703 genuit,

512 1724 694 1781 Lucas
727 1727 817 1796 qui
842 1727 968 1796 fuit,
997 1742 1095 1796 per
1131 1742 1346 1782 omnem
1385 1735 1590 1781 textum
1621 1726 1982 1780 successionis
2007 1740 2102 1795 po-

513 1819 637 1873 suit.
671 1820 811 1887 Quia
846 1821 1102 1876 nimirum
1137 1821 1419 1877 Mattheus
1465 1830 1675 1875 tantum
1715 1830 1920 1875 naturae
1962 1820 2101 1876 ﬁlios

2209 616 2485 675 caelestem
2517 617 2745 686 patriam
2789 615 3097 668 comitatur.
3152 612 3278 665 Ιιιςῖιε
3323 622 3401 663 ut
3444 612 3606 681 igitur
3650 608 3792 679 quod

2205 710 2382 763 omnis
2408 708 2651 763 Ecclesia
2679 708 2856 762 adhuc
2876 707 2929 760 in
2956 706 3114 760 terris
3140 702 3545 772 infatigabiliter
3569 710 3791 774 pugnat,

2205 802 2331 871 quia
2353 800 2467 868 jam
2500 801 2575 856 illi
2606 802 2699 870 qui
2725 816 2848 854 eum
2881 799 3113 853 confessi
3155 808 3315 862 sunt,
3352 796 3479 851 hinc
3512 812 3609 864 per
3645 810 3793 851 mor-

2207 903 2314 948 tem
2340 894 2684 949 discedtmtes
2711 909 2835 949 cum
2876 891 3094 947 Christo
3124 898 3372 962 regnant.
3420 889 3661 956 Quorum
3698 890 3796 945 do-

2205 987 2383 1043 ctrina
2424 986 2621 1055 pollet,
2662 985 2925 1040 miracula
2969 992 3275 1047 coruscant,
3320 983 3548 1037 virtutes
3594 982 3797 1053 ubique

2206 1080 2594 1151 prauiicantur.
2620 1079 2727 1135 Sed
2749 1080 2874 1148 quia
2897 1078 3055 1147 hujus
3081 1077 3295 1148 capituli
3319 1078 3384 1131 de
3406 1074 3543 1131 Juda
3566 1076 3795 1132 fecimus

2207 1174 2558 1237 mentionem,
2581 1172 2948 1227 necessarium
2972 1186 3099 1224 reor
3118 1170 3334 1225 interim
3359 1168 3519 1223 latius
3545 1167 3792 1237 exsequi,

2205 1278 2425 1339 propter
2455 1267 2811 1337 quorumdam
2852 1266 3107 1320 duritiam
3136 1264 3218 1319 vel
3257 1264 3557 1318 caecitatem
3582 1262 3794 1327 cordis,

2204 1362 2295 1431 qui
2326 1370 2515 1431 putant
2548 1361 2650 1415 hoc
2674 1370 2844 1415 totum
2882 1361 2954 1415 ita
2985 1376 3145 1430 super
3177 1358 3369 1414 ludam
3412 1358 3795 1428 interpretari,

2204 1463 2266 1508 ut
2296 1452 2429 1507 nihil
2473 1467 2539 1506 ex
2585 1453 2671 1507 his
2701 1453 2769 1507 ad
2798 1453 3071 1506 Christum
3111 1451 3305 1505 debeat
3349 1451 3644 1520 pertinere.
3686 1448 3799 1505 Nos

2205 1555 2404 1607 autem,
2441 1556 2586 1600 recte
2612 1546 2996 1615 iutclligentes,
3029 1545 3257 1599 dicimus
3282 1544 3424 1614 quod
3454 1548 3699 1613 quaedam
3727 1559 3800 1599 ex

2206 1638 2312 1701 his,
2344 1636 2467 1691 licet
2487 1637 2637 1692 ludar
2657 1646 2995 1706 conplentur,
3015 1649 3191 1691 tamen
3216 1636 3512 1692 secundum
3536 1635 3799 1708 mysticus

2205 1744 2393 1785 sensus
2422 1738 2475 1783 et
2514 1729 2731 1785 Christo
2768 1729 3057 1784 convenire
3095 1730 3320 1799 possint.
3358 1727 3545 1797 Neque
3573 1728 3801 1784 omnino

2207 1836 2484 1892 negamus,
2504 1821 2755 1879 nonnulla
2772 1836 2837 1875 ex
2856 1822 2940 1875 his
2962 1822 3028 1876 ad
3053 1821 3225 1875 solum
3244 1819 3439 1876 Judam
3462 1820 3800 1891 pertingere,

512 1921 870 1978 annumerat,
918 1912 1094 1969 Lucas
1136 1928 1267 1969 vero
1308 1913 1602 1968 secundum
1638 1912 1813 1983 legem
1835 1953 1850 1977 ,
1894 1912 1976 1967 vel
2005 1927 2102 1982 per
2128 1891 2177 1951 Β
2206 1912 2350 1967 sicut
2374 1922 2427 1966 et
2455 1913 2631 1982 aliqua
2660 1928 2780 1982 quae
2806 1914 3052 1969 videmus
3086 1914 3235 1968 illum
3276 1914 3570 1978 excedere,
3606 1914 3676 1968 ad
3703 1929 3800 1970 so-

509 2003 875 2071 adoptionem,
908 2004 1230 2072 quibusdam
1263 2005 1317 2059 in
1351 2003 1485 2059 locis
1522 2002 1660 2057 filios
1692 2003 2002 2073 interponit.
2034 2003 2102 2058 Et

512 2091 805 2147 notandum
834 2094 978 2163 quod
1009 2093 1316 2159 Mattheeus,
1346 2094 1557 2164 genuit,
1586 2103 1641 2147 et
1669 2108 1775 2148 non
1803 2094 2096 2163 generavit,

509 2182 722 2238 dixerit.
780 2183 1054 2241 Fortassis
1100 2194 1159 2240 ut
1205 2200 1326 2240 eum
1371 2200 1788 2257 recognoscens
1831 2185 1886 2239 in
1938 2185 2099 2239 linem

514 2286 819 2343 ostensum,
854 2280 916 2333 dc
945 2294 1055 2348 quo
1078 2277 1238 2333 Pater
1264 2279 1432 2334 dixit:
1459 2276 1636 2333 Filius
1662 2294 1806 2333 meus
1827 2295 1880 2332 es
1905 2288 1981 2339 tu,
2005 2293 2099 2347 ego

510 2370 666 2423 hodie
687 2372 843 2441 genui
863 2382 912 2426 te
926 2369 1102 2442 (Psal.
1128 2389 1187 2436 Il,
1206 2373 1281 2442 7).
1299 2372 1413 2427 Hoc
1443 2374 1625 2442 itaque
1644 2373 1796 2442 quasi
1823 2372 2098 2442 proprium

508 2461 583 2514 illi
610 2462 836 2518 verbum
866 2472 918 2519 et
946 2462 1429 2520 familiarissimum
1450 2465 1650 2535 ubique
1674 2479 1836 2536 super
1857 2480 1979 2520 eum
2002 2479 2099 2534 po-

508 2555 675 2609 nitur.
706 2554 818 2611 Cur
841 2566 1024 2612 autem
1056 2558 1273 2620 dixerit,
1298 2556 1467 2611 Iacob
1494 2558 1667 2628 genuit
1693 2557 1725 2609 J
1736 2558 1893 2610 udam
1914 2568 1962 2612 et
1987 2558 2098 2626 fra-

505 2657 610 2700 tres
643 2646 757 2715 ejus
778 2687 793 2712 ,
824 2663 931 2702 non
960 2648 1195 2704 absurde
1228 2649 1508 2719 quaeritur.
1542 2649 1739 2704 Verum
1767 2663 1890 2703 cum
1919 2648 2095 2702 Abra-

512 2740 633 2791 ham
668 2738 852 2807 plures
878 2742 1129 2811 genuerit
1172 2741 1341 2808 iilios,
1374 2752 1429 2796 et
1467 2742 1616 2798 Isaac
1657 2742 1880 2797 fratrem
1927 2742 2096 2798 Jacoh

508 2826 780 2893 habuerit,
805 2829 933 2898 quid
961 2838 1048 2884 est
1075 2844 1206 2899 ergo
1236 2832 1380 2900 quod
1405 2831 1751 2902 Evangelista
1776 2833 1875 2887 hos
1907 2846 2097 2886 omnes

509 2919 894 2987 pratermittit,
927 2928 979 2973 et
1008 2919 1205 2976 fratres
1232 2930 1440 2993 tantum
1477 2921 1617 2977 Juda
1660 2924 2094 2979 commemorat?

505 3008 586 3061 Ad
617 3010 761 3079 quod
790 3010 1109 3076 dicendum,
1159 3014 1302 3081 quod
1332 3012 1407 3067 illi
1445 3015 1601 3083 quasi
1632 3015 1794 3069 alieni
1835 3030 1865 3068 a
1900 3016 2096 3084 populo

504 3101 632 3161 Dei,
680 3111 817 3156 teste
866 3100 1181 3173 Scriptura,
1231 3106 1424 3159 merito
1470 3105 1832 3176 repelluntur;
1872 3106 1927 3161 hi
1969 3122 2095 3161 vero

503 3214 512 3239 ι
543 3195 658 3251 uasi
689 3194 966 3260 haeredes,
996 3198 1048 3250 in
1088 3197 1226 3253 libro
1254 3198 1376 3252 vitae
1406 3197 1673 3253 collectim
1704 3199 2091 3266 ascribuntur;

503 3294 558 3339 et
600 3286 753 3355 quasi
798 3288 1122 3356 patriarcluc
1150 3289 1433 3347 duodecim
1462 3290 1720 3354 tribuum,
1751 3291 1876 3360 quia
1903 3291 1970 3346 de
1997 3306 2091 3361 po-

506 3378 630 3447 pulo
656 3379 748 3435 Dei
771 3396 878 3441 non
900 3392 1024 3437 sunt
1049 3382 1275 3448 exclusi,
1292 3384 1456 3438 etiam
1476 3384 1544 3439 de
1565 3386 1916 3455 generatione
1937 3384 2093 3440 Chri—

501 3473 569 3525 sti
601 3489 708 3527 non
733 3484 1011 3533 merentur
1036 3475 1270 3531 excludi.
1292 3476 1604 3532 Pmsertim
1630 3493 1751 3532 cum
1778 3480 1831 3533 in
1856 3480 1937 3533 eis
1963 3494 2093 3548 apo-

498 3564 763 3619 stolorum
811 3581 1070 3625 numerus
1112 3576 1168 3622 et
1216 3568 1389 3623 forma
1436 3570 1713 3640 signatur,
1759 3572 1812 3625 in
1860 3586 2090 3641 quorum

496 3656 775 3711 consortio
795 3673 892 3727 per
923 3657 1081 3715 fidem
1122 3660 1440 3716 coadunatm
1483 3677 1673 3717 omnes
1709 3661 1883 3718 tribus
1931 3674 2090 3719 terra:

497 3748 756 3803 divinitus
802 3760 1214 3808 consecrantur.
1279 3752 1385 3825 Sed
1436 3754 1560 3809 ideo
1611 3757 1927 3811 nominatim
1982 3773 2087 3812 non

495 3840 895 3907 exprimuntur,
918 3858 985 3897 ne
1012 3842 1322 3912 genealogia
1348 3844 1488 3898 ultra
1520 3845 1846 3913 praefinitum
1874 3847 2085 3916 mystici

495 3931 824 3989 sacramenti
863 3947 1148 3987 numerum
1197 3934 1604 4002 multiplicetur.
1657 3935 1766 3991 Nec
1807 3939 1910 3991 hoc
1956 3952 2087 3992 sane

498 4037 693 4091 magno
727 4021 1111 4091 profunditatis
1136 4034 1294 4079 vacat
1341 4026 1628 4096 mysterio,
1681 4026 1859 4097 quod,
1911 4026 2087 4081 tribus

494 4113 894 4183 prmtermissis,
913 4113 1105 4170 Ruben
1129 4114 1355 4179 scilicet,
1380 4125 1434 4170 et
1454 4116 1815 4188 primogenito
1838 4115 2082 4181 Simeon,

490 4212 654 4271 atque
678 4202 1112 4273 Levi,priorihus
1135 4204 1619 4269 fratribusJudam
1648 4206 1820 4261 solum
1846 4206 2083 4277 Spiritus

490 4303 713 4349 sanctus
742 4293 1000 4365 elegerit,
1038 4310 1137 4366 per
1166 4311 1326 4366 quem
1358 4297 1555 4352 seriem
1586 4298 1885 4353 nativitatis
1911 4313 2081 4369 usque

490 4385 558 4450 ad
580 4382 856 4441 Christum
888 4394 1113 4442 texeret.
1142 4387 1261 4455 Quo
1279 4388 1523 4458 profecto
1542 4389 1677 4460 jam,
1702 4391 1825 4459 quia
1853 4400 2080 4461 quartus

488 4476 724 4559 eligitur,
771 4480 1068 4549 quadratus
1098 4480 1370 4552 Evangelii
1407 4496 1667 4538 numerus
1706 4494 2074 4539 consecratur.

494 4568 695 4623 Deinde
732 4572 876 4639 quod
904 4570 1077 4640 majus
1102 4582 1217 4637 est,
1265 4573 1470 4629 idcirco
1497 4590 1565 4629 ex
1592 4576 1844 4631 omnibus
1873 4576 2071 4632 duode-

489 4659 595 4714 cim
622 4660 947 4728 patriarchis
976 4663 1065 4719 hic
1093 4664 1237 4719 solus
1263 4666 1685 4737 cognominatim
1713 4667 2039 4738 exprimitur
2058 4707 2072 4733 ,

490 4763 549 4811 ut
573 4769 697 4813 eum
730 4755 848 4811 sine
882 4757 1065 4828 aliquo
1092 4760 1291 4815 mentis
1328 4760 1583 4831 scrupulo
1622 4761 1966 4818 manifestius
1992 4779 2077 4819 re-

485 4863 865 4919 cognosceres,
891 4852 983 4920 qui
1008 4867 1105 4923 per
1126 4850 1388 4923 Spiritum
1412 4862 1659 4908 sanctum
1679 4870 1744 4909 ex
1771 4853 1886 4922 ejus
1907 4856 2077 4926 stirpe

482 4941 612 4997 olim
642 4940 818 4999 fuerat
847 4945 1227 5013 repromissus.
1262 4944 1402 5001 Dicit
1428 4945 1574 5000 enim
1605 4943 1769 5000 Jacoh
1800 4946 1870 5001 ita
1900 4965 1912 5000 :
1950 4946 2073 5001 Non

484 5030 687 5099 deﬁciet
729 5035 969 5105 princeps
1005 5034 1070 5089 de
1097 5035 1263 5100 Iuda,
1304 5045 1351 5090 et
1377 5036 1488 5090 dua:
1515 5037 1580 5091 tle
1607 5038 1891 5107 femoribus
1920 5039 2035 5109 ejus
2054 5081 2068 5104 ,

484 5121 648 5177 donec
673 5126 843 5180 veniat
866 5128 954 5197 qui
981 5128 1265 5183 mittendus
1295 5138 1367 5184 est
1398 5127 1549 5199 (Gen.
1583 5147 1729 5196 ms,
1764 5131 1870 5202 10).
1900 5132 2068 5200 Quem

483 5223 544 5268 ut
574 5216 912 5275 manifestius
940 5222 1271 5290 exprimeret
1291 5221 1539 5289 quisnam
1569 5222 1784 5278 futurus
1806 5235 1974 5289 esset,
2000 5226 2071 5280 si-

481 5312 710 5371 gnanter
738 5305 953 5375 adjecit,
978 5308 1166 5364 dicens
1192 5329 1204 5364 :
1248 5310 1313 5364 Et
1336 5311 1479 5380 ipse,
1511 5312 1717 5383 inquit,
1758 5315 1857 5369 erit
1886 5331 2069 5382 exspe-

481 5393 640 5446 ctatio
668 5398 920 5464 gentium.
968 5400 1086 5467 Quo
1114 5401 1256 5456 facto
1292 5403 1510 5458 videant
1554 5401 1673 5461 falsi
1706 5403 1876 5461 Judasi
1907 5423 2066 5477 quem

482 5488 786 5556 suscepturi
818 5492 947 5555 sint,
970 5496 1113 5563 quod
1136 5496 1315 5551 omnis
1341 5499 1674 5567 exspectatio
1694 5499 1933 5569 gentium
1961 5501 2067 5571 27

400 5620 419 5665 ’τ
482 5579 960 5647 diu-desideratum
986 5588 1097 5657 jam
1132 5591 1759 5660 complectitur,adorat,
1784 5605 2075 5650 veneratur

394 5700 405 5745 ξ
480 5678 537 5724 et
556 5671 710 5729 colit.
754 5674 907 5732 Unde
937 5678 1139 5748 liquido
1180 5693 1392 5738 constat
1415 5686 1556 5755 quod
1577 5688 1756 5742 omnis
1789 5688 2073 5745 multitudo

420 5814 425 5821 .
483 5765 744 5832 gentium,
777 5770 847 5824 ab
868 5773 1078 5828 oriente
1107 5791 1277 5846 usque
1312 5777 1365 5832 in
1406 5780 1775 5845 occidentem,
1810 5781 1921 5853 jam
1947 5797 2069 5838 eum

486 5857 579 5949 qui
609 5862 904 5937 mittendus
930 5876 1069 5933 erat,
1095 5874 1459 5947 exspectando
1486 5875 1589 5933 llde
1619 5877 1875 5952 suscepit,
1899 5879 2070 5935 susci‘

2101 4617 2157 4679 D

2206 2003 2314 2057 lum
2341 2002 2617 2057 Christum
2655 2004 2884 2058 dicimus
2926 2006 3217 2073 pertinere.
3263 2002 3398 2057 Nam
3442 2004 3585 2073 quod
3623 2004 3796 2060 dicit;

2207 2094 2329 2147 Non
2373 2095 2576 2164 deﬁciet
2612 2096 2850 2165 princeps
2879 2097 2944 2149 de
2969 2095 3146 2162 Iuda,
3189 2106 3237 2150 et
3274 2097 3384 2150 dua:
3412 2098 3477 2150 de
3511 2097 3801 2166 feruoribus

2203 2185 2341 2255 ejus,
2373 2186 2621 2255 cogimur
2650 2186 2952 2257 intelligere
2980 2188 3047 2242 de
3072 2186 3230 2250 Juda,
3259 2203 3352 2241 seu
3406 2189 3472 2242 de
3501 2189 3614 2259 ipsa
3649 2190 3800 2246 tribu

2202 2293 2322 2347 quze
2349 2279 2583 2347 denique
2610 2277 2748 2333 Juda
2788 2288 2874 2333 est
2910 2279 3195 2350 appellata.
3237 2278 3502 2333 Caeterum
3532 2281 3675 2350 quod
3705 2296 3800 2336 se-

2201 2370 2426 2439 quitur:
2468 2369 2643 2425 Donec
2667 2371 2833 2425 veniat
2866 2373 2954 2441 qui
2996 2370 3278 2424 mittendus
3316 2380 3421 2434 est,
3466 2380 3514 2424 et
3553 2371 3661 2440 ipse
3697 2368 3802 2428 erit

2201 2463 2515 2530 exspectatio
2535 2462 2879 2531 gentiunt,ad
2906 2462 3077 2516 solum
3103 2462 3379 2517 Christum
3408 2464 3654 2519 novimus
3674 2480 3804 2536 per-

2202 2552 2397 2606 tinere.
2418 2551 2534 2605 Non
2560 2552 2704 2606 enim
2733 2553 2880 2607 illum
2907 2553 3100 2608 Iudam
3122 2555 3471 2626 intelligimus
3492 2554 3799 2626 Christum,

2201 2645 2267 2696 de
2297 2641 2451 2711 cujus
2476 2644 2683 2699 semine
2704 2645 2919 2714 penitus
2941 2646 3048 2699 dux
3073 2661 3179 2701 non
3204 2647 3421 2712 defecit,
3444 2647 3613 2704 donec
3637 2649 3803 2705 Chri-

2201 2743 2318 2790 stus
2347 2736 2402 2789 in
2433 2751 2599 2791 carne
2628 2737 2879 2803 veniret;
2912 2739 3008 2793 sed
3029 2754 3153 2794 eum
3173 2741 3265 2809 qui
3298 2739 3469 2796 fuerat
3504 2744 3804 2812 repromis-

2200 2842 2315 2891 sus,
2340 2836 2415 2887 et.
2434 2828 2694 2884 continuo
2715 2840 2775 2884 ut
2797 2831 3034 2895 advenit,
3061 2845 3091 2885 a
3115 2832 3365 2901 gentibus
3385 2842 3466 2887 est
3488 2843 3798 2903 susceptus.

2201 2917 2460 2988 Princeps
2485 2930 2668 2974 autem
2698 2936 2763 2977 ac
2786 2922 2894 2977 dux
2929 2921 2998 2977 de
3026 2920 3235 2977 femore
3260 2920 3417 2990 lmjus
3446 2938 3511 2978 eo
3541 2939 3714 2993 usque
3746 2926 3800 2980 in

2198 3008 2335 3066 Juda
2360 3010 2461 3065 fuit
2487 3029 2501 3076 ;
2526 3013 2724 3068 exinde
2756 3029 2885 3068 vero
2912 3013 3154 3069 Herodes
3181 3014 3504 3087 alienigena,
3531 3016 3671 3071 sicut
3699 3032 3799 3086 po-

2202 3114 2314 3161 stea
2344 3107 2529 3163 multis
2557 3107 2774 3163 indiciis
2803 3107 3208 3180 Scripturarum
3236 3110 3677 3174 monstrabimus,
3710 3126 3800 3168 re-

2200 3213 2365 3267 gnum
2393 3200 2651 3268 suscepit.
2679 3198 2746 3252 Et
2769 3200 2870 3253 hoc
2897 3198 3235 3267 potissimum
3258 3197 3355 3253 fuit
3387 3200 3643 3254 indicium
3665 3216 3800 3257 eum

2201 3293 2487 3347 advenisse
2510 3294 2596 3346 cui
2620 3294 2899 3362 repositum
2922 3302 3033 3345 erat
3058 3291 3499 3362 (suhintelligitur
3519 3294 3795 3364 regnum),

2197 3384 2303 3450 vel,
2335 3385 2475 3439 sicut
2508 3385 2563 3439 in
2600 3392 2783 3438 nostra
2814 3384 3044 3453 legimus
3084 3384 3465 3449 translatione,
3500 3385 3669 3439 donec
3697 3400 3802 3442 ve-

2195 3476 2340 3530 niret
2379 3475 2469 3544 qui
2503 3475 2797 3529 mittendus
2840 3484 2958 3529 erat
3001 3492 3030 3528 a
3076 3474 3268 3540 Patre,
3315 3476 3571 3546 quoniam
3607 3475 3797 3544 ipsum

2194 3576 2385 3638 gentes
2411 3566 2552 3621 illico
2580 3575 2959 3637 susceperunt.
2994 3566 3201 3621 Interea
3241 3566 3369 3620 illud
3409 3566 3553 3636 quod
3591 3564 3799 3622 dicitur

2192 3660 2351 3726 Julia,
2397 3670 2446 3714 te
2485 3658 2777 3714 laudabunt
2815 3659 3001 3729 fratrea
3034 3659 3129 3721 tui,
3162 3671 3483 3727 quocunque
3515 3658 3673 3712 modo
3702 3673 3797 3715 se-

2192 3756 2427 3810 cundum
2454 3754 2739 3809 historiam
2771 3752 2837 3807 ad
2868 3767 2990 3807 eum
3018 3751 3211 3807 Judam
3242 3749 3433 3804 referri
3470 3758 3677 3819 potest,
3736 3761 3797 3805 ut

2191 3851 2302 3901 sint
2323 3861 2516 3901 manus
2532 3846 2647 3915 ejus
2666 3860 2829 3914 super
2849 3846 3090 3900 cervices
3109 3844 3449 3898 inimicorum
3472 3841 3790 3913 pugnando.

2192 3937 2298 3990 Sed
2340 3937 2533 3991 melius
2560 3938 2615 3990 in
2643 3936 2860 3990 Christo
2905 3934 3252 4004 intelligitur,
3298 3949 3457 4002 quem
3488 3947 3678 3987 omnes
3700 3948 3796 3989 re-

2190 4026 2300 4079 nati
2332 4024 2546 4094 publice
2570 4024 2795 4077 fratrem
2826 4025 2875 4076 in
2905 4022 3144 4076 Ecclesia
3176 4021 3397 4075 laudant
3425 4030 3481 4076 et
3516 4023 3758 4077 conlilen

2190 4129 2295 4173 tur.
2326 4117 2493 4188 Cujus
2525 4116 2707 4186 itaque
2754 4130 2947 4170 manus
2972 4130 3136 4184 super
3163 4114 3406 4170 cervices
3434 4116 3791 4172 inimicorum

2187 4210 2549 4280 triumphant,
2577 4210 2691 4281 28
2719 4217 2779 4264 ιιι
2807 4218 2993 4280 postea
3037 4208 3266 4263 adorent
3304 4221 3426 4261 eum
3470 4206 3565 4262 ﬁlii
3607 4209 3790 4265 Patris

2186 4319 2284 4377 per
2307 4305 2652 4375 adoptionem
2702 4302 2990 4373 facti,'qui
3038 4302 3240 4356 dudum
3286 4300 3503 4356 fuerant
3548 4302 3783 4357 inimici.

2186 4396 2446 4467 Sequitur
2472 4416 2483 4450 :
2517 4397 2598 4450 Ad
2623 4396 2856 4468 prtrdmn
2879 4437 2893 4459 ,
2924 4394 3034 4449 Fili
3060 4396 3153 4457 mi,
3179 4395 3461 4449 ascendisti
3477 4435 3493 4460 ρ
3524 4393 3611 4448 vel
3639 4394 3788 4450 sicut

2184 4490 2695 4562 aliajnterpretatio
2721 4490 2885 4544 habet
2910 4533 2922 4555 ,
2952 4490 3017 4544 de
3037 4488 3268 4559 germine
3288 4487 3589 4552 ascendisti,
3621 4504 3784 4543 acru-

2184 4586 2313 4640 bans
2339 4586 2602 4650 dormisti,
2643 4594 2688 4639 et
2714 4593 2848 4639 stcut
2892 4583 3097 4639 catulus
3126 4583 3312 4648 leonis,
3343 4584 3459 4654 quis
3503 4581 3781 4637 suscitabit

2182 4694 2301 4733 eum
2325 4677 2353 4731 ν
2379 4677 2434 4733 In
2469 4677 2553 4731 his
2580 4676 2764 4746 itaque
2786 4677 3035 4732 versibus
3062 4674 3231 4731 Judaei
3274 4691 3378 4729 non
3418 4683 3527 4728 tam
3552 4673 3779 4728 conclu-

2182 4768 2403 4835 duntur,
2437 4784 2600 4837 quam
2624 4768 2837 4839 penitus
2867 4767 3247 4823 excluduntur.
3298 4766 3364 4821 Et
3409 4765 3529 4820 ideo
3557 4780 3662 4820 non
3690 4775 3781 4822 est

2181 4863 2575 4919 admittendum
2603 4870 2661 4916 ut
2699 4862 2765 4916 de
2807 4859 2943 4915 Juda
2966 4861 3074 4915 ullo
3099 4861 3258 4915 modo
3302 4858 3473 4928 possit
3512 4857 3776 4926 intelligi,

2181 4954 2323 5024 quod
2372 4969 2469 5009 nos
2509 4953 2575 5007 de
2613 4951 2833 5007 Christo
2875 4951 3161 5007 manifeste
3207 4950 3407 5005 dictum
3456 4949 3772 5019 probamus.

2180 5044 2316 5099 Nam
2344 5044 2389 5115 si
2422 5059 2687 5114 ponamus
2713 5043 2950 5099 catulum
2991 5042 3163 5098 leonis
3197 5040 3391 5097 Judam
3433 5056 3531 5111 pro
3574 5040 3775 5095 virtute

2186 5137 2436 5199 bellandi,
2470 5137 2738 5206 quomodo
2777 5137 2842 5191 de
2885 5135 3129 5206 germine
3175 5134 3317 5191 filius
3363 5134 3559 5190 dicitur
3585 5148 3774 5189 ascen-

2181 5231 2360 5287 disse?
2378 5229 2613 5286 Germen
2644 5237 2822 5285 autem
2847 5229 2937 5285 hic
2959 5228 3027 5285 de
3047 5228 3254 5293 Grmco,
3289 5228 3457 5298 magis
3478 5226 3769 5294 virgultum

2180 5323 2264 5376 vel
2297 5339 2504 5386 ramus,
2536 5322 2675 5377 sicut
2718 5322 2938 5392 quidam
2968 5329 3222 5375 asserunt
3252 5320 3656 5387 interpretatur.
3691 5315 3769 5370 Ex

2179 5431 2285 5469 quo
2318 5413 2548 5482 virgulto
2572 5410 2739 5467 Judas
2765 5412 3073 5467 ascendisse
3100 5410 3317 5464 dicitur.
3348 5407 3452 5462 Sed
3475 5448 3489 5473 ,
3516 5407 3639 5475 quia
3668 5407 3768 5461 hoc

2182 5506 2253 5560 illi
2284 5521 2388 5559 non
2423 5505 2691 5575 congruit,
2719 5504 2889 5559 multo
2917 5500 3326 5556 convenientius
3349 5499 3473 5553 huic
3505 5499 3622 5552 loco
3650 5512 3766 5567 ny-

2182 5597 2313 5652 stica
2341 5596 2609 5666 expositio
2635 5605 2936 5666 coaptatur.
2972 5590 3227 5647 Ascendit
3259 5604 3388 5660 ergo
3420 5588 3670 5643 Christus
3702 5602 3761 5638 e\

2180 5688 2440 5760 germine,
2478 5688 2693 5757 quando
2729 5702 2795 5740 ex
2838 5684 3057 5755 Virgine
3088 5693 3246 5737 natus
3272 5692 3349 5737 est
3380 5682 3497 5736 sine
3540 5681 3761 5735 scmire.

2180 5783 2255 5837 Ex
2287 5781 2550 5852 germine,
2592 5780 2795 5850 inquit,
2842 5779 2985 5849 quod
3026 5785 3107 5831 est
3139 5777 3343 5847 absque.
3377 5776 3521 5831 coitu
3549 5776 3649 5829 viri
3714 5783 3764 5827 et

2179 5878 2383 5949 absque
2407 5878 2635 5944 setuine,
2670 5874 2837 5931 veluti
2866 5871 3154 5951 virgultum
3193 5887 3444 5930 nascens.
3487 5871 3597 5929 Aut
3625 5886 3651 5930 s
3679 5872 3762 5928 cut
