4072 6362
311 394 384 451 as
1168 379 1528 440 exposmo
1566 381 1633 437 IN
1674 379 2109 435 narramus.
2152 407 2219 416 »ι
2261 377 2388 430 me.
2430 377 2473 440 ι,
2511 377 2665 432 car.
2708 378 2746 432 ι.
3514 378 3584 432 st

314 506 417 563 tios
440 505 506 560 de
536 500 718 556 radice
764 498 881 568 eius
900 539 914 563 ,
956 498 1009 552 id
1049 507 1132 552 est
1160 514 1223 553 ex
1252 497 1460 569 virgine
1487 496 1699 552 Veritas
1726 495 1905 551 carnis
1931 490 1986 552 Α
2010 500 2143 545 erat.
2186 490 2319 545 llinc
2345 498 2428 545 est
2459 490 2602 545 enim
2634 500 2782 546 tanta
2820 490 3211 549 benedictionis
3256 496 3584 563 obscuritas,

319 592 629 652 ascendisse
657 590 939 662 probatur.
968 585 1027 643 Si
1055 596 1236 643 autem
1266 589 1335 642 ita
1368 588 1647 658 legendum
1678 592 1791 642 est:
1823 585 1904 640 Ad

320 687 556 761 ριπάαηι
577 726 593 751 ,
614 680 726 738 Fili
754 684 847 748 mi,
863 681 1164 746 ascendisti,
1191 690 1246 736 et
1272 678 1642 751 super‘Judam
1668 688 1725 734 et
1745 692 1907 749 super

320 776 601 837 Christum
632 784 925 845 utrumque
966 771 1158 828 referri
1189 780 1384 842 potest.
1421 770 1572 838 Quod
1614 777 1795 825 autem
1818 783 1908 825 ac-

318 870 532 926 cubans
553 867 809 924 dormivit
834 875 895 920 ut
918 865 1005 920 leo
1029 864 1113 921 vel
1138 864 1277 920 sicut
1307 864 1518 920 catulus
1548 863 1749 929 leonis,
1776 862 1908 918 nulli

318 964 477 1020 alteri
505 978 671 1034 quam
693 961 913 1018 Christo
939 959 1227 1034 congruit;
1269 967 1328 1012 ut
1356 958 1428 1013 sit
1452 957 1581 1013 illud
1614 958 1666 1012 in
1693 955 1909 1013 Christo

317 1030 553 1128 mystice
576 1030 995 1126 promulgatum,
1022 1050 1165 1121 quod
1191 1049 1399 1122 physici
1431 1049 1496 1104 de
1532 1047 1711 1103 catulo
1740 1047 1911 1104 leonis

320 1157 576 1206 narrant.
609 1146 778 1201 Aiunt
802 1144 970 1209 enim,
1005 1159 1127 1198 cum
1155 1152 1312 1197 natus
1338 1140 1532 1207 fuerit,
1569 1141 1716 1213 quod
1740 1142 1913 1199 tribus

318 1241 515 1296 diebus
546 1255 614 1295 ac
640 1237 888 1293 noctibus
924 1236 1191 1302 dormiat;
1237 1243 1347 1287 tum
1376 1231 1584 1289 'deinde
1609 1233 1779 1306 patris
1808 1232 1914 1288 fre-

320 1335 460 1391 mitu
489 1333 831 1391 suscitatur:
872 1331 944 1386 ita
987 1344 1119 1385 sane
1141 1336 1196 1383 et
1226 1326 1476 1383 Christus
1510 1324 1683 1381 tribus
1726 1324 1913 1381 diebus

320 1442 387 1481 ac
432 1425 605 1480 tribus
635 1423 888 1479 noctibus
919 1422 972 1477 in
1001 1422 1162 1475 corde
1199 1427 1358 1474 terra:
1393 1417 1634 1488 sepultus
1662 1432 1912 1473 somnum

322 1518 522 1571 mortis
545 1514 812 1588 implevit,
838 1524 894 1569 et
916 1512 1061 1568 velut
1087 1512 1301 1567 catulus
1327 1510 1412 1565 die
1441 1510 1597 1566 tertia
1623 1509 1915 1565 suscitatus

326 1607 647 1663 resurrexit.
679 1606 836 1663 Unde
863 1603 1099 1660 Joannes
1142 1602 1196 1657 in
1238 1601 1561 1675 Apocalypsi
1603 1615 1738 1655 sua:
1782 1599 1916 1654 Ecce

326 1701 445 1755 vicit
464 1699 541 1754 leo
569 1700 634 1753 de
658 1700 800 1755 tribu
828 1697 972 1753 Juda
1002 1696 1185 1769 (Apoc.
1213 1712 1267 1763 v,
1291 1694 1366 1769 5).
1393 1692 1544 1749 Tunc
1564 1693 1743 1766 itaque
1764 1691 1914 1759 vicit,

321 1807 447 1847 cum
470 1790 884 1861 accubuit,quia
919 1799 1043 1844 tunc
1068 1796 1297 1844 mortem
1322 1786 1601 1842 moriendo
1628 1783 1913 1856 confregit.

2010 593 2089 647 ut,
2126 582 2231 639 nisi
2262 582 2549 653 diligenter
2591 582 2663 638 sit
2704 583 2965 654 inspecta,
2994 584 3082 639 vix
3136 585 3369 642 discerni
3415 590 3589 661 possit

2009 675 2138 748 quid
2164 672 2316 730 Judaa
2343 674 2536 745 quidve
2558 674 2776 731 Christo
2800 675 2899 731 soli
2929 678 3240 732 conveniat.
3267 676 3325 733 In
3349 692 3414 734 eo
3439 694 3590 736 nam-

2009 782 2115 839 que
2146 768 2320 822 adhuc
2349 774 2465 821 erat
2492 764 2620 820 illud
2651 780 2834 821 semen
2882 764 3139 832 Abrahae,
3169 762 3323 822 retro'
3356 767 3472 838 jam
3504 784 3593 824 re-

2010 856 2357 928 promissum,
2384 857 2436 911 in
2465 872 2572 927 quo
2601 855 2902 911 benedictio
2930 855 3170 911 omnium
3195 856 3434 927 gentium
3462 856 3581 927 pol-

2008 946 2274 1003 licebatnr
2310 964 2322 1000 :
2362 954 2416 1001 et
2453 945 2574 1001 ideo
2600 946 2689 1001 hic
2717 944 2845 1000 dicit
2874 945 3015 1017 quod
3045 945 3161 1017 ipse
3206 954 3288 1002 est
3310 954 3593 1017 exspecta-

2012 1039 2087 1095 tio
2102 1038 2359 1110 gentium.
2386 1034 2815 1107 Exspectabatur
2837 1046 3017 1091 autem
3034 1052 3098 1092 ac
3125 1037 3169 1092 si
3193 1036 3554 1108 rcpromissus
3574 1053 3592 1104 ;

2012 1130 2302 1199 suscipitur
2350 1144 2473 1184 mox
2523 1138 2581 1183 ut
2634 1129 2875 1196 advenit,
2913 1130 3064 1198 quasi
3117 1129 3377 1185 redditus.
3427 1126 3595 1202 Cujus

2013 1221 2154 1278 oculi
2189 1220 2527 1292 pulchriores
2557 1219 2707 1276 fuere
2730 1222 2894 1287 vino,’
2906 1220 3114 1277 scilicet
3139 1221 3367 1305 apostoli
3392 1229 3448 1277 et
3475 1228 3590 1277 om-

2014 1330 2111 1369 nes
2149 1313 2320 1368 sancti
2362 1310 2782 1381 prmdicatores;
2820 1312 2946 1383 quia
2991 1321 3200 1368 mentes
3254 1312 3592 1369 credentium

2015 1415 2195 1461 musto
2243 1405 2416 1461 sancti
2451 1404 2683 1475 Spiritus
2726 1405 3083 1461 inebriarunt.
3130 1404 3199 1460 Et
3227 1405 3414 1461 dentes
3456 1404 3596 1460 lacte

2017 1496 2377 1563 candidiores,
2406 1512 2505 1567 per
2528 1512 2662 1567 quos
2686 1497 2788 1552 sibi
2830 1512 3020 1553 omnes
3052 1505 3258 1567 gentes,
3287 1496 3435 1553 velut
3474 1496 3595 1552 ani-

2016 1588 2237 1642 malium
2283 1602 2476 1642 carnes
2522 1588 2574 1642 in
2620 1603 2775 1643 suum
2823 1586 3034 1660 trajecit
3060 1604 3288 1659 corpus;
3327 1597 3384 1644 ut
3432 1590 3485 1643 in
3528 1604 3595 1646 eo

2018 1680 2176 1746 uniti,
2206 1679 2257 1735 id
2292 1687 2393 1746 est,
2428 1681 2504 1735 in.
2533 1679 2731 1736 Christi
2764 1696 2993 1752 corpore
3033 1682 3377 1752 transpositi,
3409 1696 3597 1739 omnes

2018 1781 2205 1843 gentes
2236 1772 2289 1827 in
2320 1788 2427 1827 uno
2448 1773 2653 1828 semine
2678 1748 3148 1829 benedicerenfur.
3181 1748 3333 1829 Unde
3358 1774 3484 1828 alibi
3511 1774 3597 1829 di-

321 1880 556 1936 Omnem
589 1857 826 1952 ηθωίιιὶε
868 1879 1104 1952 praedam
1151 1893 1312 1949 quam
1357 1876 1441 1933 leo
1609 1875 1914 1931 contrarius
1940 1857 1988 1918 Β
2016 1875 2161 1919 ctum
2192 1863 2440 1935 legimus,
2478 1861 2581 1918 V08
2601 1866 2722 1952 estis
2749 1881 2920 1919 semen
2945 1866 3030 1919 cui
3053 1864 3310 1918 benedixit
3485 1863 3594 1919 υσ-

318 1969 601 2028 invaserat
631 1971 850 2027 homine
868 1978 1142 2042 prostrato
1163 1985 1227 2025 ac
1253 1967 1481 2034 devicto,
1506 1967 1594 2022 hic
1622 1966 1706 2021 leo
1731 1974 1916 2021 noster

320 2063 587 2129 restituit,
612 2074 668 2119 et
696 2072 866 2121 totum
897 2061 1231 2134 resurgendo
1257 2061 1310 2116 in
1346 2060 1538 2116 melius
1570 2057 1913 2125 reformavit,

324 2155 457 2208 dum
494 2155 858 2226 captivitatem
902 2152 1142 2213 nostram
1184 2169 1280 2208 sua
1312 2152 1463 2209 duxit
1503 2152 1707 2207 virtute
1746 2150 1917 2223 capti-

327 2260 479 2303 vam.
505 2247 621 2304 Hoc
660 2249 854 2321 quippe
895 2248 1055 2304 modo
1094 2246 1438 2318 triumphans
1471 2244 1553 2301 leo
1594 2243 1713 2310 fuit,
1759 2244 1915 2299 tertia

328 2352 468 2394 vero
519 2340 608 2395 die
661 2341 917 2395 maturius
971 2339 1302 2407 suscitatus,
1355 2337 1591 2393 catulum
1641 2336 1814 2392 leonis
1858 2352 1916 2393 se

321 2428 503 2486 fuisse
544 2431 803 2486 ostendit.
840 2429 973 2487 Hinc
1016 2439 1100 2487 est
1146 2446 1275 2502 ergo
1323 2431 1465 2500 quod
1513 2430 1795 2499 sequitur:
1847 2427 1916 2482 Et

317 2520 442 2591 quis
483 2520 760 2575 suscitabit
805 2520 970 2575 eum?
1021 2519 1156 2588 Quia
1194 2533 1383 2575 revera
1426 2518 1687 2593 propheta
1734 2518 1915 2572 consi-

320 2610 527 2667 derans
555 2610 652 2667 Dei
681 2620 736 2667 et
763 2612 999 2667 hominis
1023 2626 1332 2684 personam,
1362 2608 1637 2666 Christum
1662 2609 1715 2663 in
1744 2617 1917 2664 morte

321 2702 649 2762 accubuisse
677 2705 988 2771 admirans,
1035 2705 1106 2759 ait
1135 2723 1149 2759 :
1182 2703 1251 2759 Et
1296 2705 1411 2774 quis
1454 2701 1725 2758 suscitabit
1754 2700 1917 2756 eum?

321 2796 404 2853 Ac
453 2797 500 2853 si
552 2797 777 2861 diceret,
831 2795 1106 2853 Coutueor
1145 2796 1240 2852 Dei
1289 2796 1469 2852 Patris
1512 2792 1741 2860 Filium,
1789 2794 1915 2849 dum

321 2883 568 2943 Verbum
615 2904 747 2945 caro
792 2889 910 2944 fieri
960 2881 1212 2962 dignatus
1257 2899 1369 2956 est,
1416 2904 1514 2959 per
1554 2894 1783 2943 mortem
1814 2886 1914 2940 im-

323 2978 613 3036 mortalem
642 2981 754 3057 29
778 2980 1173 3053 quodammodo
1221 2981 1570 3047 accubuisse;
1618 2979 1740 3049 quis
1790 2993 1913 3034 eum

327 3072 718 3129 resnscitahit?
766 3072 886 3145 Ipse
907 3074 1003 3130 se?
1045 3074 1127 3129 An
1176 3074 1318 3129 Deus
1357 3071 1553 3127 Pater?
1599 3070 1725 3137 Aut,
1770 3068 1915 3141 quod

326 3162 671 3219 verissimum
717 3172 822 3235 est,
854 3163 1011 3219 simul
1054 3165 1167 3234 ipse
1198 3179 1280 3229 se,
1310 3168 1365 3218 et
1412 3161 1556 3219 Deus
1583 3170 1763 3239 pater,
1790 3175 1915 3215 eum

326 3256 691 3312 resuscitavit.
728 3256 882 3312 Unde
927 3256 1216 3327 Apostolus
1255 3255 1453 3311 clamat
1500 3262 1556 3309 et
1596 3253 1744 3319 dicit,
1778 3251 1914 3319 Quia

328 3347 473 3405 Deus
505 3346 656 3402 illum
707 3346 994 3404 suscitavit
1034 3364 1064 3403 a
1106 3348 1353 3405 mortuis.
1398 3346 1468 3402 Et
1506 3347 1597 3419 qui
1646 3345 1916 3399 suscitavit

328 3436 603 3494 Christum
642 3457 676 3494 a
716 3439 940 3495 mortuis
967 3481 982 3505 ,
1007 3439 1310 3507 suscitabit,
1354 3438 1550 3511 inquit,
1594 3446 1641 3491 et
1672 3434 1919 3492 mortalia

328 3540 503 3585 vestra
530 3547 749 3601 corpora
792 3539 1003 3602 propter
1040 3530 1415 3586 inhabitantem
1441 3528 1682 3603 spiritum
1706 3529 1819 3599 ejus
1863 3527 1920 3581 in

330 3622 480 3677 nobis
512 3621 682 3693 (Rom.
715 3638 836 3687 vm,
868 3622 975 3694 ll).
1004 3622 1159 3690 Quod
1186 3630 1364 3677 autem
1394 3622 1509 3693 ipse
1550 3617 1915 3683 suscitaverit,

331 3713 470 3769 dicit
508 3714 563 3767 in
594 3712 814 3770 Joannis
848 3714 1139 3786 Evangelio
1172 3733 1184 3768 :
1217 3713 1413 3770 Solvite
1451 3711 1699 3782 templum
1728 3711 1846 3774 hoc,
1869 3717 1917 3763 et

328 3822 430 3878 ego
456 3807 514 3861 in
537 3807 697 3867 tribus
722 3807 901 3862 diebus
921 3807 1183 3862 suscitabo
1219 3805 1353 3860 illud
1384 3802 1567 3875 (Joan.
1598 3818 1658 3869 ιι,
1696 3801 1804 3869 l9).
1834 3798 1917 3854 Ad

331 3903 485 3975 quod
514 3882 867 3975 Evangelista,
893 3901 1008 3958 Hoc
1035 3911 1206 3957 autent
1233 3900 1460 3967 dicebat,
1479 3897 1671 3968 inquit,
1694 3896 1758 3950 de
1791 3905 1920 3951 tem-

328 3995 425 4068 plo
448 3997 676 4067 corporis
702 3997 806 4052 sui.
846 3995 943 4052 His
962 3995 1034 4051 ita
1059 4012 1088 4051 a
1120 3996 1275 4068 longe
1300 3991 1568 4063 Propheta
1593 3987 1918 4061 conspectis,

330 4094 484 4143 recte
523 4095 743 4159 stupore
771 4100 871 4159 pro
898 4094 1045 4141 tanta
1071 4083 1247 4140 Patris
1279 4097 1344 4138 ac
1371 4079 1493 4135 Filii
1517 4079 1725 4134 unitate
1771 4085 1916 4132 atto-

329 4179 482 4235 nitus
512 4178 662 4245 dicit,
690 4176 758 4233 Et
796 4178 912 4253 quis
956 4177 1229 4234 suscitabit
1279 4175 1439 4231 eum?
1470 4173 1728 4244 Sequitur
1776 4170 1921 4240 quod

326 4269 441 4340 iam
470 4279 598 4326 ante
639 4270 800 4343 paulo
849 4269 1228 4345 praemisimus,
1265 4266 1387 4322 Non
1437 4264 1645 4337 deﬁciet
1678 4263 1918 4335 princeps

327 4378 397 4418 ea:
439 4361 611 4429 Iuda,
637 4375 686 4417 et
721 4362 834 4416 dua:
874 4361 939 4415 de
980 4359 1265 4433 femoribus
1287 4357 1423 4428 ejus,
1445 4355 1609 4410 donec
1636 4353 1802 4408 veniat
1831 4349 1921 4423 qui

328 4454 618 4509 mittendus
644 4465 743 4509 est.
780 4452 885 4509 Ubi
929 4450 1173 4525 profecto
1199 4449 1440 4506 declarat
1483 4446 1648 4502 alium
1691 4458 1809 4499 esse
1856 4442 1921 4498 de

316 4560 443 4616 quo
490 4546 659 4601 duces
707 4543 875 4599 futuri
924 4551 1102 4609 erant,
1133 4551 1191 4598 et
1222 4539 1385 4596 alium
1428 4553 1589 4603 eum,
1620 4535 1711 4606 qui
1762 4533 1914 4604 quasi

333 4637 531 4693 unicus
558 4652 622 4693 ac
651 4636 902 4709 specialis
930 4634 1225 4693 mittendus
1252 4639 1393 4696 erat,
1423 4642 1583 4701 quem
1610 4635 1798 4697 gentes
1827 4640 1921 4679 ex-

332 4737 614 4800 spectasse
638 4726 946 4783 denuntiat.
988 4725 1093 4782 Sed
1126 4722 1394 4795 quomodo
1432 4719 1727 4791 praemissae
1755 4719 1920 4772 henc-

335 4820 608 4875 dictiones
653 4818 873 4875 Christo
917 4823 1242 4890 congruant,
1272 4829 1393 4871 cum
1444 4826 1614 4881 usque
1666 4809 1731 4863 ad
1782 4808 1924 4862 hunc

335 4910 517 4968 locum
546 4926 729 4969 sermo
756 4909 933 4965 Patris
972 4908 1119 4964 velut
1141 4907 1207 4963 ad
1236 4903 1427 4961 Judam
1459 4901 1630 4958 solum
1673 4898 1924 4963 intendit,

335 5018 404 5058 ac
452 5018 549 5074 per
574 5000 770 5058 Jndam
798 5017 1014 5058 omnem
1059 5000 1257 5055 tribum
1287 4995 1594 5058 benedicat,
1632 4992 1922 5048 obscurum

336 5106 462 5149 esse
488 5093 722 5148 videtur.
752 5092 956 5147 Dehinc
977 5086 1172 5145 autem'
1194 5084 1323 5167 nulli
1353 5083 1575 5140 dubium
1604 5081 1758 5153 quasi
1796 5097 1923 5137 con-

340 5183 657 5254 templando
705 5182 880 5254 qualis
910 5180 1125 5235 futurus
1178 5176 1337 5232 fuerit
1378 5172 1521 5248 quod
1553 5171 1743 5242 spiritu
1796 5185 1922 5241 pro-

336 5277 540 5349 phetia:
596 5275 881 5331 manifeste
935 5274 1287 5353 demonstret.
1341 5266 1534 5329 Unde,
1571 5263 1694 5335 quia
1748 5263 1927 5353 adhuc

339 5369 597 5426 Christus
646 5368 701 5424 in
732 5367 932 5423 lumbis
967 5372 1087 5420 erat
1119 5352 1290 5427 Judae,
1318 5360 1406 5417 cui
1453 5365 1612 5414 erant
1641 5356 1721 5427 (ut
1773 5352 1928 5407 multi

338 5461 561 5517 codices
589 5459 811 5530 habent)
843 5440 1335 5531 reposita,tantum
1367 5460 1425 5504 ut
1461 5445 1926 5516 subintelligamus

338 5569 597 5627 regnum,
644 5560 699 5606 et
729 5550 908 5607 omnia
954 5563 1075 5623 quae
1105 5548 1171 5603 de
1216 5560 1281 5601 eo
1323 5541 1587 5614 promissa
1626 5535 1927 5627 Judmisac

338 5648 599 5722 gentibus
650 5645 896 5709 fuerant,
944 5641 1119 5712 dirigit
1166 5637 1321 5709 quasi
1373 5636 1430 5715 in
1484 5632 1683 5697 radice,
1730 5626 1925 5683 vel'in

340 5754 515 5811 grano
540 5735 769 5794 seminis
807 5733 1262 5797 benedictiOneni,
1295 5738 1456 5799 atque
1486 5726 1540 5782 in
1570 5740 1636 5780 eo
1666 5736 1926 5794 superes—

342 5832 477 5888 tollit
508 5829 687 5890 illum,
713 5828 806 5899 qui
840 5827 983 5883 velut
1011 5827 1216 5881 fructus
1245 5824 1311 5878 de
1337 5821 1517 5877 radice
1544 5817 1928 5885 germinandus

2017 1955 2190 2008 minus
2223 1952 2357 2021 (Isa.
2406 1968 2515 2018 th,
2543 1952 2618 2025 9).
2674 1951 2860 2013 Semen
2910 1954 3054 2008 enim
3097 1953 3248 2018 dicit,
3281 1962 3473 2008 etnon
3520 1970 3598 2008 se-

2015 2047 2183 2110 mina,
2205 2044 2330 2115 quia
2361 2059 2550 2100 omnes
2582 2044 2631 2099 in
2667 2043 2885 2100 Christo
2912 2060 3076 2099 unum
3100 2060 3282 2100 semen
3308 2043 3483 2101 effecti
3510 2058 3599 2099 su-

2018 2151 2156 2191 mus.
2190 2134 2362 2192 Unum
2392 2151 2522 2209 ergo
2548 2150 2775 2207 granum
2800 2132 3055 2192 frumenti
3076 2137 3128 2192 in
3154 2146 3351 2192 terram
3395 2137 3594 2192 cadens

2018 2226 2191 2283 solum
2225 2235 2497 2282 mortuum
2550 2227 2670 2297 fuit,
2701 2231 2795 2285 sed
2831 2229 3027 2286 multas
3061 2238 3271 2302 segetes
3304 2230 3371 2285 de
3400 2246 3458 2305 se
3506 2246 3595 2303 ge-

2016 2317 2154 2372 nuit.
2185 2316 2254 2372 Et
2280 2317 2480 2373 idcirco
2504 2319 2594 2389 qui
2615 2320 2729 2374 vult
2760 2320 3054 2376 introirein
3076 2321 3332 2378 horreum
3360 2322 3595 2387 Domini,

2016 2408 2196 2464 videat
2230 2411 2344 2481 ipse
2392 2412 2435 2465 si
2466 2411 2531 2467 de
2580 2412 2737 2484 hujus
2764 2413 2945 2470 radice
2989 2415 3272 2485 processit.
3319 2414 3597 2485 Sequitur,

2018 2498 2277 2571 Alligans,
2303 2502 2499 2572 inquit,
2523 2503 2591 2556 ad
2616 2504 2818 2558 vineam
2845 2505 3050 2558 asinam
3077 2521 3250 2570 suam,
3279 2516 3324 2560 et
3348 2507 3417 2559 ad
3447 2507 3599 2561 vitem

2015 2591 2218 2661 pullum
2242 2609 2416 2646 suum.
2451 2593 2634 2648 Pullus
2664 2594 2751 2649 hic
2774 2594 3047 2665 gentilitas
3077 2596 3412 2667 designatur,
3434 2611 3596 2671 quem

2017 2679 2258 2751 alligavit
2283 2681 2349 2735 ad
2396 2683 2579 2747 vitem,
2605 2683 2671 2739 de
2716 2700 2820 2755 qua
2850 2684 3002 2748 dicit,
3036 2684 3149 2756 Ego
3171 2702 3287 2741 sum
3311 2687 3427 2741 vitis
3457 2703 3598 2751 vera,

2016 2780 2063 2825 et
2088 2787 2175 2826 vos
2206 2771 2444 2842 palmites
2468 2771 2651 2843 (Jomz.
2676 2790 2766 2843 xv,
2796 2776 2872 2846 5).
2900 2776 3051 2843 Quod
3076 2791 3195 2831 eum
3225 2777 3313 2832 hic
3344 2775 3595 2849 alligasse

2019 2864 2238 2931 dicitur,
2257 2864 2392 2919 alias
2420 2865 2717 2923 inseruisse
2739 2876 3103 2934 monstratur;
3128 2876 3207 2930 ut.
3230 2868 3369 2924 sicut
3395 2868 3600 2939 palmes

2018 2965 2201 3012 manet
2255 2956 2310 3011 in
2351 2956 2483 3023 vita,
2518 2957 2620 3013 iste
2666 2957 2863 3013 asellus
2889 2961 3102 3029 corpori
3151 2958 3353 3024 Christi
3401 2961 3601 3016 coadu-

2017 3054 2176 3103 natus
2197 3046 2491 3119 perfectam
2513 3047 2993 3114 viueam,sanctam
3018 3049 3269 3106 videlicet
3292 3050 3384 3105 Dei
3419 3050 3602 3106 Eccle-

2018 3139 2175 3203 siam,
2207 3139 2325 3195 sine
2357 3139 2567 3194 macula
2595 3149 2649 3194 et
2669 3139 2787 3195 sine
2820 3154 2952 3211 ruga
2980 3155 3045 3195 ex
3072 3142 3324 3197 omnibus
3345 3135 3604 3197 membris

1942 3218 1989 3282 C
2020 3232 2132 3286 suis
2161 3245 2220 3286 se
2239 3231 2546 3286 videntibus
2575 3232 2872 3287 exhiberet.
2907 3231 3121 3287 Nullum
3149 3233 3295 3289 enim
3326 3234 3595 3288 vinculum

2018 3324 2243 3380 unitatis
2284 3324 2498 3380 vinculo
2535 3323 2709 3395 majus
2755 3334 2854 3387 est,
2886 3327 3027 3396 quod
3052 3327 3233 3382 unitas
3280 3326 3599 3382 divisionem

2020 3430 2125 3469 non
2157 3414 2367 3486 recipit,
2398 3429 2572 3486 neque
2621 3416 2822 3486 patitur
2870 3417 3164 3473 sectionem
3197 3434 3212 3484 ;
3264 3418 3357 3472 sed
3386 3433 3451 3473 ex
3490 3418 3603 3473 suis

2020 3522 2160 3578 saepe
2192 3508 2436 3578 partibus
2465 3510 2643 3564 unitas
2678 3500 2918 3580 corporis
2945 3513 3023 3567 sic
3051 3509 3428 3579 confringitur,
3456 3521 3514 3565 ut
3551 3512 3603 3566 id

2020 3599 2162 3669 quod
2204 3608 2289 3654 est.
2323 3610 2512 3665 unum,
2548 3599 2829 3656 efﬁciatur.
2884 3603 2953 3657 Et
2998 3603 3118 3659 ideo
3154 3602 3342 3657 feritas
3383 3602 3601 3673 gentili-

2022 3690 2149 3744 tatis
2178 3688 2379 3745 Christi
2403 3706 2631 3761 corpore
2662 3693 2886 3758 inserta,
2916 3693 3070 3763 quasi
3102 3695 3168 3748 ad
3193 3693 3354 3749 vitem
3383 3692 3605 3764 religata

2024 3781 2243 3845 dicitur,
2274 3780 2399 3837 dum
2422 3781 2544 3836 fidei
2578 3782 2806 3837 vinculis
2840 3783 2914 3838 illi
2940 3799 3039 3854 per
3064 3786 3293 3857 gratiam
3320 3794 3406 3841 est
3428 3785 3599 3840 unita.

2022 3872 2092 3927 Et
2111 3874 2180 3927 ad
2200 3875 2402 3929 vineam
2422 3876 2625 3929 asinam
2642 3891 2813 3929 suam.
2844 3877 2923 3930 Ad
2946 3877 3156 3931 vineam
3178 3878 3373 3949 quippe
3395 3878 3603 3934 asinam

2023 3965 2275 4038 alligasse
2307 3967 2525 4032 dicitur,
2559 3983 2680 4023 cum
2711 3983 3035 4040 synagogam
3060 3968 3316 4024 Ecclesiae
3342 3968 3466 4024 ﬁdei
3492 3968 3606 4024 vin-

2020 4058 2158 4115 culis
2186 4059 2474 4130 copulavit.
2510 4060 2644 4127 Quia
2695 4061 2947 4117 nimirum
2983 4077 3310 4134 synagogam
3357 4061 3606 4118 Christus
3662 4062 3673 4069 ’

2020 4151 2268 4222 provexit
2296 4150 2349 4206 in
2380 4151 2695 4217 Ecclesiani,
2726 4160 2779 4208 et
2806 4169 2909 4208 non
2944 4153 3244 4209 Ecclesium
3271 4168 3461 4209 rursus
3489 4169 3607 4208 mu-

2024 4243 2158 4298 tavit
2202 4243 2253 4297 in
2281 4258 2628 4315 synagogam.
2669 4242 2773 4298 Sed
2803 4245 2928 4314 quia
2960 4244 3388 4299 benedictionem
3429 4260 3605 4315 quan-

2026 4336 2192 4406 tisper
2222 4334 2377 4406 longe
2412 4336 2851 4406 propagavimus,
2885 4335 3082 4408 quippe
3118 4345 3177 4390 ut
3201 4352 3324 4392 eum
3369 4352 3475 4393 non
3506 4337 3604 4393 abs

2024 4442 2081 4482 re
2110 4428 2161 4482 in
2204 4429 2305 4483 hac
2333 4428 2642 4499 geneaIOgia
2673 4442 2738 4483 ex
2786 4427 3002 4484 nomine
3048 4428 3283 4498 positum
3314 4429 3603 4495 sciremus,

2027 4519 2134 4574 imo
2166 4535 2263 4590 per
2299 4536 2423 4575 eum
2470 4535 2593 4574 mox
2618 4519 2830 4574 animus
2860 4526 3166 4574 recurreret
3192 4519 3258 4574 ad
3291 4517 3607 4574 vaticinium

1946 4583 1999 4643 Ῑ)
2031 4583 2184 4665 tanti
2206 4610 2500 4681 prophetia,
2533 4619 2586 4665 et
2618 4611 2863 4665 crederet
2885 4608 2997 4677 jam
3028 4609 3261 4675 venisse,
3293 4625 3453 4681 quem
3480 4623 3610 4681 gen-

2031 4712 2111 4755 tcs
2142 4704 2504 4772 exspectando
2543 4702 2912 4772 percipiebant
2945 4721 2955 4755 :
2988 4711 3042 4755 et
3069 4702 3199 4767 dux,
3224 4702 3350 4772 quia
3397 4700 3609 4757 defece-

2033 4803 2117 4847 rat
2154 4810 2221 4851 ex
2265 4791 2422 4858 Juda,
2456 4802 2510 4848 et
2540 4795 2792 4865 princeps
2836 4792 2901 4848 de
2946 4793 3243 4849 femoribus
3268 4792 3387 4867 ejus
3432 4793 3610 4849 nullus

2032 4882 2426 4948 inveniebatur,
2451 4885 2535 4940 his
2566 4882 2757 4940 saltem
2788 4886 3070 4941 conventis
3100 4886 3428 4942 testimoniis
3459 4884 3610 4940 duri-

2037 4977 2106 5029 tia
2140 4977 2318 5032 cordis
2343 4975 2699 5039 mollesceret,
2728 4986 2780 5033 et
2803 4993 2991 5033 omnes
3017 4980 3104 5050 pie
3122 4980 3424 5057 gaudentes
3445 4979 3613 5034 susci-

2028 5074 2238 5138 perent,
2268 5083 2427 5137 quem
2459 5068 2548 5123 diu
2581 5078 2842 5125 noverant
2875 5082 3001 5126 tunc
3029 5058 3287 5143 temporis
3319 5077 3603 5147 venturum

2032 5156 2217 5228 utique
2238 5160 2529 5229 prophetas
2556 5158 2869 5232 praedixisse
2896 5179 2908 5214 :
2944 5172 3111 5218 restat
3142 5178 3282 5238 nunc
3311 5160 3508 5216 sensim
3540 5163 3610 5218 ad

2033 5254 2175 5310 aliud
2222 5252 2547 5307 narrationis
2588 5254 2905 5324 mysterium
2935 5253 3244 5315 succedere,
3282 5260 3335 5306 et
3364 5252 3505 5321 quod
3538 5252 3612 5308 ibi

2034 5347 2198 5402 lateat
2223 5344 2345 5400 fidei
2383 5353 2781 5400 sacramentum
2818 5344 2981 5415 paulo
3018 5340 3351 5397 enucleatius
3377 5330 3609 5413 aperire.

2105 5438 2277 5492 ludas
2304 5446 2479 5493 autem
2518 5437 2693 5507 genuit
2722 5432 2922 5489 Phares
2958 5443 3004 5487 et
3029 5429 3225 5485 Zaram
3248 5432 3311 5487 de
3352 5430 3604 5490 Thamar.

2038 5532 2175 5588 Ecce
2203 5528 2292 5587 hic
2316 5530 2420 5585 duo
2447 5528 2644 5601 gemini
2678 5528 2869 5581 fratres
2893 5522 3310 5594 cognominatim
3340 5522 3392 5579 in
3419 5538 3611 5596 genea-

2037 5625 2175 5695 logia
2217 5622 2416 5680 Christi
2445 5621 2796 5682 advocamur,
2827 5621 2917 5689 qni
2960 5632 3027 5673 ex
3073 5614 3309 5671 Thamar
3339 5616 3504 5671 fuisse
3533 5614 3614 5670 di-

2016 5722 2251 5774 ‘cuntur.
2287 5714 2532 5786 Nunquid
2563 5719 2715 5766 vacat
2752 5710 3028 5781 mysterio,
3051 5708 3446 5780 Evangelistam
3476 5706 3615 5760 Esau

2038 5811 2196 5869 simili
2227 5808 2384 5865 modo
2431 5805 2700 5874 geminum
2754 5803 3186 5859 praetermisisse.
3226 5810 3277 5855 et
3313 5799 3614 5855 Rebeccam
