4032 6358
533 329 600 384 55
966 320 973 332 ’
1337 332 1391 385 S.
1435 329 1790 385 PASCHASII
1831 329 2183 386 RADBERTI
2220 329 2511 387 ABBATIS
2550 329 3000 388 CORBEIENSIS
3717 332 3784 386 liti

531 434 768 500 debitam
796 457 1037 508 uxorem,
1065 440 1304 512 aliasque
1331 441 1600 513 legitimas
1625 458 1732 499 non
1759 443 2101 498 nominasse?
2128 448 2178 506 Α
2203 458 2364 513 quam
2391 445 2568 498 mariti
2591 445 3001 501 adhibebantur.
3030 443 3182 500 Unde
3202 451 3258 499 et
3282 457 3476 499 nomen
3497 439 3614 511 ejus
3636 461 3785 498 ama-

529 535 882 604 Nequaquam
911 534 1014 588 hoc
1052 533 1301 598 dixerim,
1328 535 1470 604 quod
1516 542 1697 589 tantus
1738 533 2101 606 Evangelista,

530 625 639 681 imo
666 641 763 694 per
781 639 904 680 eum
932 623 1166 695 Spiritus
1197 633 1436 691 sanctus,
1463 625 1566 696 31
1601 626 1807 695 absque
1828 640 2023 696 magno
2049 635 2106 681 et

525 715 794 786 profundo
823 716 1084 787 mysterio
1111 725 1342 786 quatuor
1369 717 1422 770 in
1451 717 1554 772 hac
1588 717 1917 772 narrationis
1961 717 2103 772 serie

529 805 851 862 feminarum
882 822 1139 878 personas
1159 808 1450 871 induxerit,
1472 823 1592 877 quae
1621 807 1839 861 omnino
1867 821 1974 862 non
2001 806 2104 861 mi-

529 917 629 954 nus
651 901 942 955 secundum
976 899 1139 956 Vetus
1168 901 1594 965 Testamentum,
1617 915 1779 970 quam
1808 900 2101 954 secundum

526 990 755 1055 Novum,
773 990 1221 1060 reprehensihiles
1235 990 1564 1061 iudicantur.
1583 989 1822 1056 Quarum
1840 986 2098 1055 Thamar,

527 1084 772 1153 quamvis
801 1081 1000 1152 iustior
1043 1081 1338 1152 appelletur
1361 1080 1519 1142 Juda,
1547 1095 1655 1135 non
1687 1087 1865 1134 tamen
1913 1078 2098 1134 exclu-

527 1178 670 1229 ditur
709 1190 738 1228 a
767 1174 921 1244 culpa
959 1173 1113 1243 (Gen.
1146 1173 1399 1239 xxxviii).
1453 1172 1568 1227 Etsi
1598 1169 1840 1242 profecto
1869 1169 1959 1225 ille
2003 1184 2101 1240 per

524 1266 992 1331 incontinentiam,
1027 1273 1162 1320 teste
1211 1264 1510 1334 Scriptura,
1563 1261 1906 1319 criminosior
1949 1261 2100 1315 inve-

525 1355 688 1418 nitur,
719 1357 843 1408 dum
887 1355 1059 1409 modis
1089 1353 1338 1408 omnibus
1368 1355 1434 1408 de
1459 1352 1645 1407 illicito
1686 1351 1972 1407 concubitu
2003 1349 2098 1404 ﬁlii

521 1455 865 1517 generantur.
898 1445 978 1500 Ex
1001 1461 1108 1515 quo
1139 1443 1282 1500 facto
1304 1445 1570 1514 quoddam
1595 1441 1976 1513 parabolarum
2002 1456 2094 1512 ge-

524 1557 622 1594 nus
649 1539 940 1602 inducitur,
968 1553 1064 1607 per
1092 1538 1234 1608 quod
1259 1553 1363 1592 non
1395 1536 1565 1591 solum
1597 1536 1649 1590 in
1679 1536 1780 1590 hoc
1809 1533 1947 1596 loco,
1967 1534 2098 1605 quin

521 1632 573 1685 in
597 1629 1009 1700 quamplurimis
1038 1628 1444 1700 Scripturarum
1465 1627 1597 1682 locis
1621 1625 1846 1697 mystica
1869 1628 2098 1696 prophe-

520 1721 607 1775 tiae
633 1729 969 1776 sacramenta
998 1729 1273 1776 texuntur.
1297 1721 1504 1776 Cuncta
1531 1733 1764 1789 namque
1794 1717 1936 1772 illius
1965 1726 2098 1772 tem-

2205 535 2378 589 riludo
2411 535 2817 606 interpretatur,
2840 552 2907 593 eo
2933 537 3075 606 quod
3111 535 3400 591 Dominum
3420 534 3614 604 poculo
3643 534 3784 593 fellis

2201 627 2484 694 potaverit.
2515 627 2574 681 lu
2599 627 2795 696 quibus
2818 627 3025 682 duobus
3046 625 3196 682 Iuda:
3221 626 3366 691 ﬁliis,
3396 641 3532 696 quos
3559 627 3783 684 maritos

2202 716 2477 785 accepisse
2523 716 2739 787 legitur,
2785 717 2889 773 duo
2936 731 3134 787 genera
3179 717 3503 787 principum,
3535 719 3626 787 qui
3676 734 3780 774 non

2187 814 2349 861 recte
2375 808 2739 876 operabantur
2765 808 2819 862 in
2863 807 3040 878 plebe,
3069 808 3427 878 accipiuntur.
3485 807 3660 864 Unum
3691 825 3782 865 eo-

2201 911 2344 962 rum,
2376 899 2468 968 qui
2496 899 2722 954 multum
2753 899 2998 965 oberant,
3041 900 3270 954 alterum
3304 900 3396 970 qui
3427 901 3558 954 nihil
3585 902 3779 972 prode-

2201 996 2343 1042 rant.
2376 987 2616 1056 Quorum
2643 1006 2782 1046 unus
2809 991 3076 1062 malignus
3105 991 3303 1046 dicitur
3327 991 3495 1047 fuisse
3523 1002 3650 1048 ante
3683 995 3782 1058 Do.-

2200 1080 2435 1145 miuum;
2487 1081 2624 1138 alter
2652 1082 2706 1136 in
2750 1090 2950 1136 terram
2979 1081 3240 1138 fundebat
3269 1098 3475 1147 semen,
3509 1099 3575 1138 ne
3625 1085 3782 1139 daret

2200 1164 2610 1225 fecunditatem.
2661 1170 2768 1225 Ista
2809 1180 2936 1225 sunt
2981 1172 3125 1226 enim
3173 1172 3276 1226 duo
3306 1187 3501 1242 genera
3550 1174 3778 1227 nimium

2198 1260 2438 1325 inutilia;
2463 1276 2628 1316 unum
2657 1276 2786 1317 sane
2809 1257 3137 1325 nocentium,
3155 1261 3380 1317 alterum
3407 1270 3665 1331 praestare
3684 1278 3781 1315 no-

2199 1352 2445 1406 lentium.
2477 1352 2716 1420 Quorum
2739 1369 2878 1407 unus
2901 1352 3151 1422 pellicem
3183 1353 3506 1424 appellatur,
3529 1353 3780 1422 qualibus

2198 1441 2369 1497 induti
2403 1451 2527 1497 sunt
2556 1443 2750 1498 tunicis
2777 1444 2936 1513 primi
2974 1443 3242 1509 homines,
3275 1443 3344 1498 ob
3383 1458 3598 1514 poenam
3631 1443 3781 1496 dam-

2197 1534 2430 1590 nationis
2467 1550 2577 1590 suae
2605 1535 2815 1590 dimissi
2850 1549 2916 1590 ex
2948 1537 3215 1605 paradiso.
3241 1535 3396 1591 Alter
3420 1550 3570 1600 vero,
3593 1553 3780 1589 maeror

2196 1641 2411 1690 eorum;
2446 1625 2712 1695 quorum?
2743 1625 2844 1680 nisi
2872 1625 3067 1695 quibus
3093 1624 3223 1679 nihil
3252 1626 3486 1695 prodest,
3518 1640 3640 1678 cum
3671 1625 3771 1682 ba-

2196 1714 2323 1770 beat
2362 1715 2505 1770 unde
2537 1715 2794 1785 prodesse
2832 1716 3022 1786 possit,
3055 1715 3217 1784 idque
3240 1715 3433 1785 perdat
3467 1715 3521 1769 in
3554 1724 3773 1769 terram.

518 1811 664 1882 poris
712 1813 765 1866 in
791 1812 979 1867 eodem
1007 1811 1204 1884 populo
1229 1821 1401 1883 gesta,
1423 1809 1758 1881 prophetiam
1789 1807 2094 1864 futurorum
2123 1796 2170 1858 Β
2198 1807 2338 1862 Deus
2360 1816 2538 1862 tamen
2563 1809 2750 1863 ambos
2787 1808 3052 1863 occidisse
3076 1808 3298 1873 dicitur,
3325 1807 3418 1862 ubi
3447 1822 3670 1878 regnum
3700 1816 3781 1861 ta-

521 1917 638 1958 esse
660 1904 817 1960 docet
835 1903 1126 1974 Apostolus
1144 1904 1327 1960 dicens
1351 1921 1364 1957 :
1391 1901 1583 1958 Omnia
1607 1903 1744 1956 enim
1765 1902 1876 1955 Iure
1897 1901 1950 1954 in
1962 1901 2095 1972 ﬁgu-

517 2011 631 2048 ram
657 1995 1016 2065 contingebant
1035 1995 1140 2049 illis
1167 1993 1220 2063 (Ῑ
1257 1993 1379 2048 Cor.
1403 1992 1584 2062 x,il).
1612 1992 1678 2046 Et
1703 1989 1829 2046 alibi
1861 2009 1874 2044 :
1901 1991 2090 2046 Multi-

515 2084 650 2154 farie
687 2085 964 2156 multisque
985 2085 1154 2140 modis
1184 2084 1308 2139 olim
1351 2083 1492 2138 Deus
1520 2081 1734 2156 loquens
1761 2083 2000 2153 patribus
2033 2085 2090 2138 in

514 2175 775 2245 prophetis
816 2173 974 2247 (Heb.
1016 2191 1054 2241 ι,
1088 2176 1161 2248 l).
1211 2175 1364 2243 Quod
1413 2184 1591 2230 autem
1619 2173 1753 2230 dicit
1797 2174 2091 2232 multifarie

520 2266 683 2318 Deum
709 2266 762 2319 in
782 2266 1063 2336 prophetis
1093 2265 1354 2332 locutum,
1381 2265 1562 2321 verbis
1585 2281 1678 2322 eos
1704 2267 1940 2322 ostendit
1969 2282 2092 2336 pro-

517 2356 787 2424 phetasse.
819 2355 974 2422 Quod
1019 2365 1198 2410 autem
1227 2355 1412 2411 multis
1438 2355 1633 2422 modis,
1663 2356 1826 2411 rebus
1854 2356 2093 2411 insinuat

469 2519 474 2521 _
516 2448 694 2501 futura
724 2448 820 2502 Dei
854 2448 1112 2519 mysteria
1143 2448 1518 2519 praesignasse.
1567 2447 1646 2502 Ex
1683 2447 1879 2518 quibus
1908 2447 2091 2516 itaque

516 2541 709 2604 modis,
740 2555 838 2610 per
872 2554 1032 2610 quem
1061 2540 1202 2594 Deus
1235 2539 1390 2594 nobis
1418 2539 1628 2594 locutus
1651 2547 1734 2594 est
1773 2539 1828 2592 in
1862 2539 2092 2608 patriar-

513 2634 638 2698 cha,
667 2648 834 2686 unum
857 2632 912 2687 in
945 2631 1193 2688 manibus
1218 2647 1362 2687 nunc
1398 2640 1663 2695 tenemus,
1690 2646 1818 2701 quo,
1848 2639 1908 2685 ut
1953 2630 2092 2685 dixi-

515 2743 656 2790 mus,
695 2727 934 2797 inspecto
971 2726 1150 2783 multae
1191 2727 1488 2784 divinarum
1518 2726 1817 2784 litterarum
1845 2728 2089 2784 obscuri-

516 2831 656 2876 tates
688 2822 742 2876 in
783 2836 849 2876 eo
876 2836 1064 2876 revera
1102 2823 1430 2892 panduntur.
1475 2821 1564 2876 Fit
1585 2822 1730 2877 enim
1761 2820 1852 2876 hic
1899 2820 2090 2875 modus

517 2911 808 2982 aliquando
836 2912 890 2966 in
922 2910 1192 2982 parabolis
1235 2926 1447 2977 rerum;
1497 2912 1644 2966 etde
1673 2911 1806 2982 ipsis
1850 2911 2090 2982 peccatis

527 3001 828 3067 hominum,
845 3009 901 3055 et
925 3001 1437 3071 transgressionibus
1451 3001 1838 3066 adulterorum,
1853 3000 2056 3070 prophe
2070 3029 2088 3042 -

517 3092 646 3146 tiam
670 3092 901 3146 insinuat
923 3106 1144 3162 operum
1171 3090 1746 3149 futurorum.Sicutest
1767 3092 1893 3146 illud
1915 3092 2090 3161 publi-

517 3200 638 3240 cum
653 3183 819 3238 David
848 3183 991 3255 regis
1015 3193 1315 3254 peccatum,
1337 3185 1403 3240 de
1424 3199 1542 3254 quo
1560 3184 1719 3255 paulo
1742 3192 1867 3254 post
1890 3198 1988 3240 suo
2014 3185 2090 3239 di-

517 3279 859 3338 ceturinloco
879 3297 892 3346 ;
926 3289 1083 3350 atque
1099 3281 1228 3336 illud
1242 3281 1382 3351 quod
1395 3281 1460 3336 de
1485 3280 1622 3336 Loth
1640 3281 1834 3336 dicitur
1854 3297 1869 3346 ;
1893 3279 2090 3335 etillud

517 3369 653 3424 Osee
681 3369 900 3434 factum,
918 3377 972 3425 et
993 3371 1095 3425 alia
1120 3371 1534 3441 quamplurima,
1553 3369 1735 3425 multis
1762 3370 1984 3436 inlocis,
2010 3370 2089 3424 di-

515 3463 654 3517 vinis
683 3462 880 3518 referta
905 3463 1196 3534 mysteriis.
1242 3463 1371 3530 Quae
1396 3463 1642 3532 quamvis
1671 3462 1967 3518 secundum
1994 3475 2085 3517 re-

517 3572 632 3609 rum
663 3567 932 3627 gestarum
962 3556 1122 3612 ﬁdem
1157 3557 1538 3612 nefandissima
1567 3557 1886 3627 probentur,
1913 3565 1969 3611 et
1991 3571 2088 3612 ve-

517 3646 595 3700 lut
632 3647 916 3702 criminosa
960 3647 1139 3702 divina
1174 3647 1497 3705 auctoritate
1541 3648 1864 3703 damnentur
1900 3666 1912 3700 :
1947 3662 2087 3718 quo-

521 3753 731 3807 cunque
762 3748 938 3793 tamen
974 3747 1130 3807 pacto
1166 3739 1346 3793 divina
1390 3741 1563 3794 virtus
1607 3755 1676 3794 ex
1705 3740 1835 3808 ipsis
1859 3747 1953 3793 aut
1979 3739 2090 3794 dis-

513 3828 844 3897 pensationis
889 3827 1156 3882 incarnati
1205 3827 1366 3884 Verbi
1413 3831 1749 3899 prmparabat
1811 3827 2084 3892 eﬂ‘ectum,

516 3925 609 3970 aut
634 3915 776 3969 aliud
796 3915 924 3985 quid
945 3914 1248 3971 futurorum
1269 3917 1592 3986 praevidebat
1617 3919 1901 3987 agendum.
1933 3916 2088 3973 Foris

516 4021 746 4076 namque
787 4015 1008 4076 peccata
1053 4006 1340 4077 parebant;
1386 4006 1530 4063 intus
1567 4023 1783 4077 quoque
1828 4007 2087 4079 mysteria

516 4096 772 4151 latebant.
813 4096 920 4153 Sed
952 4097 1077 4167 quia
1105 4098 1170 4154 de
1198 4095 1438 4153 Thamar
1463 4098 1608 4168 loqui
1638 4099 1923 4168 coepimus,
1953 4098 2088 4155 libet

517 4187 751 4241 breviter
777 4188 1031 4259 indagare
1059 4203 1158 4242 cur
1187 4187 1524 4259 Evangelista
1551 4204 1670 4244 eam
1698 4189 1788 4245 hic
1816 4189 2080 4260 posuerit,

518 4276 599 4332 vel
629 4276 756 4346 quid
789 4277 1177 4333 recordandum
1208 4292 1304 4348 per
1341 4278 1488 4340 hanc
1529 4278 1772 4334 illicitam
1819 4281 2086 4336 commix-

517 4367 716 4421 tionem
741 4367 1028 4432 monuerit,
1041 4367 1125 4421 vel
1145 4367 1270 4436 quid
1297 4383 1363 4423 ex
1391 4369 1496 4424 hoc
1525 4370 1810 4440 mysticum
1838 4371 2087 4442 designa-

518 4456 674 4510 verit.
717 4454 852 4521 Quia
879 4455 1130 4510 nimirum
1160 4455 1372 4512 illorum
1418 4459 1696 4514 hominum
1725 4475 1832 4514 non
1874 4468 2082 4514 tantum

447 4545 450 4549 ’
517 4546 787 4616 linguam,
817 4561 1009 4600 verum
1059 4548 1222 4603 etiam
1271 4549 1437 4604 vitam
1477 4549 1641 4606 fuisse
1684 4553 2084 4624 propheticam;

517 4647 572 4692 et
594 4653 698 4692 non
731 4636 902 4692 solum
931 4640 1284 4708 quorumdam
1325 4639 1538 4694 illorum
1577 4641 1765 4706 vitam,
1798 4642 1892 4697 sed
1921 4643 2086 4698 etiam

457 4793 463 4800 _
521 4737 690 4781 totum
718 4727 846 4783 illud
867 4743 1091 4798 regnum
1113 4729 1286 4797 gentis
1312 4729 1420 4800 32
1449 4727 1817 4796 Hebraeorum,
1848 4747 1956 4787 non
1979 4741 2092 4788 tan-

519 4822 1022 4894 tum‘prophetiam,
1057 4830 1117 4877 ut
1149 4823 1280 4889 dixi,
1305 4824 1399 4879 sed
1426 4826 1588 4878 etiam
1618 4840 1869 4895 magnum
1904 4840 2092 4895 quem-

519 4917 642 4974 dam
677 4915 840 4971 fuisse
870 4914 1207 4985 prophetam,
1229 4915 1354 4984 quia
1381 4915 1544 4970 rebus
1569 4924 1625 4970 et
1651 4917 1816 4988 gestis
1839 4916 2004 4971 multa
2023 4932 2091 4972 ex

517 5022 578 5062 se
623 5007 689 5063 de
716 5005 933 5061 Christo
971 5012 1027 5059 et
1071 5003 1309 5059 Ecclesia
1336 5004 1518 5074 explet
1539 5005 1813 5060 vaticinia.
1845 5004 1996 5071 Quod
2027 5013 2089 5062 ut

521 5113 587 5152 ex
613 5098 715 5153 hoc
755 5096 872 5153 loco
897 5094 1198 5150 evidentius
1225 5109 1344 5164 quae
1367 5094 1620 5150 dicuntur
1643 5103 1955 5164 appareant,
1972 5095 2086 5164 iam

519 5190 736 5244 tandem
768 5189 835 5242 ad
858 5187 1027 5256 ipsam
1064 5185 1345 5240 historiam
1371 5186 1669 5248 veniamus,
1699 5186 1750 5239 in
1779 5200 1882 5254 qua
1923 5183 2090 5242 Judas

522 5285 634 5334 tres
657 5277 909 5350 genuisse
933 5275 1070 5331 ﬁlios
1091 5285 1359 5337 narratur,
1389 5289 1618 5344 quorum
1643 5275 1851 5342 primus
1886 5275 2012 5341 Her,
2038 5277 2091 5332 id

525 5378 609 5424 est
639 5366 911 5438 pelliceus,
941 5366 1256 5431 dicebatur;
1283 5365 1552 5420 secundus
1580 5378 1709 5418 vero
1741 5363 1917 5429 Onan,
1946 5365 2088 5435 quod

523 5461 910 5530 interpretatur
949 5474 1140 5513 maeror
1166 5472 1368 5523 eorum,
1397 5466 1480 5512 est
1522 5456 1816 5527 appellatus
1865 5474 1880 5514 :
1931 5473 2093 5528 porro

528 5551 720 5605 tertius
766 5549 913 5614 Selo,
952 5551 1044 5620 qui
1091 5550 1327 5604 dimissio
1370 5549 1585 5614 dicitur,
1616 5557 1700 5603 est
1732 5558 1976 5604 vocatus.
2011 5550 2088 5604 Ex

526 5656 633 5712 quo
686 5639 928 5712 profecto
975 5641 1032 5696 in
1079 5640 1316 5696 Thamar
1347 5658 1540 5697 nurum
1583 5641 1765 5708 Iudae,
1802 5643 2092 5712 accipimus

526 5733 732 5803 plebem
759 5735 907 5804 regni
928 5732 1253 5797 Iudaeorum,
1277 5734 1364 5790 cui
1385 5736 1451 5789 de
1479 5735 1616 5790 tribu
1639 5733 1771 5788 luda
1797 5751 1948 5806 reges
1976 5745 2092 5788 Ian-

2114 3143 2166 3212 α

2162 1918 2164 1920 ν
2195 1896 2334 1953 libus
2368 1897 2677 1954 hominibus
2703 1899 2990 1955 abstulisse
3017 1900 3371 1970 signiﬁcatur.
3404 1896 3621 1953 Tertius
3651 1913 3780 1953 vero

2195 1987 2336 2044 ﬁlius
2370 1986 2542 2055 Iuda),
2575 1989 2719 2060 quod
2759 1989 2836 2045 illi
2865 1990 3079 2045 mulieri
3108 2005 3214 2045 non
3241 1989 3607 2061 coniungitur,
3644 1997 3778 2043 tem-

2191 2101 2292 2157 pus
2320 2085 2678 2157 signiﬁcatur,
2703 2100 2771 2141 ex
2801 2101 2908 2157 quo
2944 2100 3100 2157 reges
3122 2085 3294 2156 plebis
3314 2083 3627 2140 Iudaeorum
3659 2098 3771 2138 eoa-

2192 2185 2392 2248 perunt
2418 2177 2485 2231 de
2514 2176 2653 2231 tribu
2683 2174 2821 2230 Juda
2855 2192 2962 2232 non
2995 2189 3134 2231 esse.
3166 2175 3235 2230 Et
3261 2175 3384 2230 ideo
3413 2183 3532 2229 erat
3559 2173 3776 2243 quidem

2193 2269 2336 2324 ﬁlius
2371 2267 2543 2335 Judm,
2573 2269 2667 2325 sed
2696 2269 2950 2324 maritum
2981 2285 3105 2322 eum
3134 2266 3375 2323 Thamar
3401 2282 3508 2321 non
3539 2265 3772 2335 accipie-

2190 2363 2326 2416 bat:
2366 2361 2492 2430 quia
2531 2369 2649 2416 erat
2675 2361 2864 2417 eadem
2902 2362 3042 2416 tribu
3065 2359 3222 2426 Juda,
3259 2361 3353 2416 sed
3377 2360 3491 2430 iam
3523 2360 3647 2414 inde
3683 2374 3778 2428 po-

2191 2453 2318 2524 pulo
2345 2468 2503 2508 nemo
2523 2452 2804 2524 regnabat.
2840 2452 2989 2508 Unde
3009 2461 3064 2508 et
3083 2452 3320 2506 dimissio
3341 2452 3457 2521 ejus
3479 2451 3620 2507 idem
3651 2449 3776 2506 Selo

2193 2547 2600 2615 interpretatur.
2656 2544 2820 2614 Cujus
2870 2545 3156 2600 dimissio?
3203 2544 3306 2600 nisi
3349 2543 3587 2598 Thamar
3615 2583 3630 2608 ,
3679 2558 3776 2613 per

2192 2654 2373 2709 quam,
2392 2649 2452 2694 ut
2477 2639 2733 2704 diximus,
2765 2639 2938 2694 tribus
2963 2638 3100 2694 .luda
3128 2638 3394 2710 signatur,
3418 2637 3484 2693 de
3503 2653 3606 2708 qua
3634 2637 3773 2692 tribu

2193 2737 2474 2800 coeperant
2497 2727 2610 2797 iam
2637 2743 2792 2799 reges
2817 2744 2923 2784 non
2956 2743 3076 2784 esse
3104 2737 3232 2784 tunc
3255 2729 3533 2800 temporis,
3561 2729 3773 2798 quando

2191 2823 2441 2880 Christus
2485 2822 2743 2878 advenit?
2770 2822 2864 2877 lllo
2889 2838 3018 2895 ergo
3063 2830 3328 2895 tempore,
3362 2823 3488 2894 quia
3519 2823 3586 2878 de
3631 2825 3770 2879 tribu

2191 2912 2343 2969 Iudae
2392 2927 2617 2985 regnum
2666 2911 2976 2980 defecerat,
3023 2923 3286 2970 venturus
3335 2923 3454 2969 erat
3501 2913 3768 2976 Christus,

2191 3003 2284 3072 qui
2336 3018 2441 3058 non
2485 3004 2722 3069 obesset,
2768 3004 3104 3076 multumque
3134 3007 3432 3074 prodesset.
3487 3003 3578 3058 Sic
3631 3005 3771 3059 enim

2194 3095 2512 3166 pmdictum
2556 3093 2775 3151 fuerat:
2813 3093 2934 3148 Non
2975 3095 3178 3164 deﬁciet
3207 3097 3446 3165 princeps
3489 3095 3553 3148 de
3605 3095 3770 3159 Juda,

2195 3203 2356 3259 neque
2395 3188 2504 3242 duo:
2541 3186 2606 3246 de
2654 3186 2936 3257 femoribus
2977 3187 3113 3256 ejus,
3140 3186 3301 3241 donec
3352 3187 3519 3241 veniat
3565 3188 3650 3242 cui
3693 3204 3772 3240 re-

2192 3281 2508 3351 promissum
2555 3287 2652 3334 est.
2721 3277 2857 3332 Nam
2919 3277 3202 3344 Herodes,
3246 3280 3337 3349 qui
3394 3288 3525 3335 tunc
3574 3280 3627 3336 in
3674 3278 3768 3335 Ju-

2193 3373 2306 3427 dtea
2365 3386 2595 3443 regnare
2647 3370 2931 3426 videbatur
2962 3413 2977 3437 ,
3045 3380 3297 3442 tanquam
3353 3373 3581 3427 maritus
3633 3373 3776 3428 Tha-

2192 3478 2311 3518 mar
2351 3462 2456 3533 33
2502 3462 2650 3518 visus
2686 3463 2994 3528 exstitisse;
3025 3464 3117 3517 sed
3143 3472 3264 3517 erat
3311 3463 3636 3534 alienigena,
3671 3480 3775 3519 nec

2192 3562 2530 3609 sacramento
2577 3553 2819 3625 mysticae
2877 3553 3146 3609 unctionis
3197 3562 3460 3626 tanquam
3508 3553 3774 3625 coniugali

2192 3643 2396 3701 foedere
2439 3645 2766 3710 cohaerebat,
2800 3644 2894 3700 sed
2924 3653 3180 3714 tanquam
3211 3654 3504 3701 extraneus
3532 3645 3776 3700 domina-

2190 3737 2572 3809 batur:quatn
2622 3744 2945 3809 potestatem
2998 3736 3139 3791 idem
3185 3752 3215 3791 a
3261 3735 3520 3791 Romanis
3569 3736 3772 3789 dudum

2191 3839 2496 3898 acceperat.
2531 3827 2704 3893 Unde,
2727 3828 2854 3897 quia
2878 3843 2983 3882 non
3009 3835 3127 3882 erat
3154 3827 3219 3883 de
3253 3827 3391 3881 tribu
3419 3824 3575 3886 Juda,
3601 3839 3774 3894 neque

2191 3917 2256 3970 de
2306 3915 2597 3972 femoribus
2627 3917 2745 3987 eius
2790 3918 2966 3972 exisse
2995 3916 3277 3986 probatur,
3310 3924 3477 3970 restat
3523 3931 3646 3969 eum
3677 3915 3771 3968 de-

2190 4006 2319 4061 bere
2361 4007 2637 4076 susciperc
2682 4005 2769 4059 cui
2821 4005 3115 4075 repositum
3162 4013 3308 4069 erat;
3340 4006 3465 4074 quia
3495 4007 3629 4060 adeo
3675 4006 3777 4060 istc

2192 4097 2282 4152 illo
2309 4097 2363 4152 in
2412 4111 2578 4168 regno
2611 4096 2841 4166 mystico
2871 4110 2977 4151 non
3024 4097 3439 4167 computabatur
3465 4098 3520 4152 in
3567 4114 3772 4170 regem,

2190 4196 2250 4242 ut
2279 4185 2447 4241 Judaei
2494 4185 2706 4256 publice
2756 4185 3057 4242 clamarent
3087 4206 3100 4242 :
3129 4187 3241 4243 Nos
3273 4206 3377 4243 non
3417 4189 3664 4244 habemus
3695 4205 3775 4243 re-

2187 4295 2301 4349 gem
2335 4277 2435 4331 nisi
2465 4275 2724 4331 Cwsarem
2758 4277 2940 4347 (Joan.
2971 4293 3084 4344 χιχ,
3115 4278 3225 4350 15),
3257 4295 3565 4349 quanquam
3589 4288 3640 4334 et
3673 4281 3776 4335 hoc

2188 4367 2456 4423 adulando
2491 4366 2753 4432 dicerent,
2785 4381 2850 4421 eo
2896 4368 3040 4437 quod
3069 4367 3249 4423 Caasar
3281 4384 3386 4423 non
3434 4372 3649 4440 preprie
3678 4387 3772 4424 rex

2190 4457 2504 4515 .Iudzeorum
2546 4467 2711 4524 esset,
2740 4460 2832 4513 sed
2865 4467 2923 4513 ut
2950 4457 3226 4514 Christum
3277 4469 3556 4528 negarent.
3604 4461 3775 4513 Caete-

2196 4564 2316 4604 rum
2344 4545 2606 4613 Herodes,
2632 4547 2722 4617 qui
2755 4562 2851 4616 per
2892 4548 3242 4603 ambitionem
3271 4549 3420 4619 regni
3450 4557 3774 4618 potestatem

2198 4639 2523 4709 arripuerat,
2547 4639 2614 4693 ad
2632 4651 2727 4694 eos
2751 4655 2857 4692 non
2891 4639 3227 4708 pertinebat:
3254 4640 3380 4710 quia
3406 4639 3513 4695 dux
3543 4648 3597 4695 et
3625 4642 3775 4710 prin-

2197 4745 2323 4800 ceps
2351 4730 2416 4784 de
2443 4726 2594 4783 Juda:
2621 4729 2826 4782 semine
2867 4727 3168 4794 defecerat,
3201 4743 3267 4786 eo
3296 4729 3438 4798 quod
3468 4729 3772 4785 advenisset

2198 4821 2286 4877 ille
2319 4823 2410 4894 qui
2440 4822 2732 4877 mittendus
2773 4830 2926 4886 erat,
2956 4836 3117 4891 quem
3155 4830 3340 4891 gentes
3366 4835 3430 4875 ac
3460 4821 3640 4890 populi
3673 4836 3774 4875 ex-

2198 4916 2530 4985 spectabant.
2596 4913 2766 4971 Porro
2817 4913 2987 4970 Judaei
3040 4914 3504 4984 impudentissime
3564 4913 3770 4978 dicunt,

2195 5004 2520 5058 mentientes
2565 5003 2802 5058 nondum
2851 5016 2975 5057 esse
3021 5001 3125 5056 hoc
3169 5009 3381 5072 tempus
3422 5000 3770 5072 completum,

2195 5095 2378 5150 nescio
2402 5108 2564 5164 quem
2591 5107 2774 5164 regem
2798 5093 2952 5163 quasi
2992 5107 3060 5147 ex
3089 5091 3384 5149 femoribus
3421 5090 3570 5148 Judte
3601 5094 3652 5147 in
3677 5108 3775 5148 ex-

2195 5186 2382 5242 tremis
2409 5185 2644 5240 Orientis
2682 5184 2923 5254 partibus
2951 5185 3130 5240 adhuc
3172 5199 3397 5256 regnum
3424 5193 3625 5241 tenere.
3663 5183 3774 5242 Nec

2195 5277 2340 5332 enim
2368 5277 2652 5332 attendunt
2686 5275 3065 5344 infelicissimi,
3089 5293 3185 5334 sua
3211 5278 3639 5334 dissimulatione
3661 5294 3774 5334 ete-

2195 5369 2323 5433 cati,
2354 5368 2479 5439 quia
2515 5365 2661 5436 iam‘,
2691 5366 2833 5421 sicut
2869 5367 2948 5421 eis
2996 5367 3200 5423 nullum
3250 5368 3532 5440 templum,
3562 5367 3771 5424 nullum

2194 5459 2386 5524 altare,
2414 5457 2724 5528 nullumque
2751 5458 3080 5514 sacriﬁcium
3120 5469 3312 5527 restat,
3342 5461 3415 5515 ita
3443 5461 3622 5516 nullus
3649 5475 3772 5527 rex,

2196 5554 2478 5622 nullusque
2505 5553 2758 5609 sacerdos
2790 5553 2930 5608 ultra
2973 5555 3087 5622 iam
3132 5555 3212 5608 eis
3255 5554 3532 5609 remansit.
3586 5552 3774 5623 Neque

2196 5645 2410 5698 mentiri
2458 5652 2670 5714 poterat
2715 5643 2881 5700 Oseas
2928 5645 3187 5715 prepheta
3234 5645 3417 5698 dicens
3456 5662 3467 5696 :
3507 5643 3769 5698 Sedebant

2197 5737 2292 5805 ﬁlii
2325 5734 2490 5788 Israel
2515 5735 2626 5786 sine
2649 5750 2785 5801 rege,
2803 5735 2914 5788 sine
2941 5734 3193 5803 principe.
3213 5736 3322 5788 sine
3351 5735 3634 5802 sacriﬁcio,
3655 5735 3771 5786 sine
