4072 6362
321 349 392 403 57
1184 335 1548 394 EXPOSITIO
1580 335 1647 390 IN
1691 327 2127 390 MATTHEUM.
2162 361 2230 375 -ο
2266 332 2392 387 LIB.
2426 332 2470 400 Ι,
2505 332 2657 388 CAP.
2700 335 2740 387 1.
3515 335 3582 389 58

321 461 485 517 altari
511 468 560 514 et
592 459 706 512 sine
742 453 1052 510 sacerdotio.
1101 451 1275 524 Igitur
1302 453 1413 507 sine
1441 450 1564 506 ullis
1602 449 1914 518 manifesta-
1935 444 1989 506 Α
2015 447 2350 506 fecundatur.
2395 449 2690 521 Oportebat
2710 449 2854 504 enim
2875 447 3148 504 Christum
3173 451 3285 518 pati
3306 447 3370 506 ac
3399 466 3579 508 resur-

327 551 560 606 tionibus
601 547 780 619 (Osee.
815 562 901 612 ιιι,
934 545 1013 615 4).
1043 543 1173 611 Quae
1191 544 1396 608 omnia,
1425 543 1591 598 velint
1619 541 1790 597 nolint
1814 539 1909 594 Ju-

328 643 451 704 daei,
475 639 743 710 completa
786 652 910 693 cum
950 637 1030 691 eis
1061 635 1162 706 ipsi
1187 635 1480 690 cernimus.
1513 633 1702 689 Nullus
1748 633 1912 703 igitur

327 733 410 787 eis
435 738 608 786 restat
641 728 797 784 locus
841 725 1153 789 mentiendi,
1183 727 1326 795 quod
1357 725 1411 779 iu
1440 723 1762 795 quibusdam
1788 738 1912 794 par-

325 821 472 874 tibus
495 828 656 872 terrae
679 818 745 872 de
770 815 912 871 tribu
945 814 1084 869 Juda
1108 829 1251 869 nunc
1291 815 1524 870 habeant
1553 829 1756 885 regem,
1781 813 1906 884 quia

320 908 620 980 propheta,
653 905 796 960 sicut
832 903 1102 974 pollicitus
1139 911 1242 969 est,
1286 901 1547 958 Sedebant
1594 903 1693 972 ﬁlii
1739 903 1910 958 Israel

319 1002 436 1055 sine
461 999 624 1054 altari
652 1008 701 1052 et
726 998 841 1052 sine
863 997 1146 1065 sacriﬁcio,
1171 997 1245 1051 ita
1267 995 1646 1051 interminatus
1671 1005 1775 1061 est,
1798 997 1910 1050 sine

323 1108 443 1162 rege
468 1107 531 1144 ac
561 1091 676 1143 sine
698 1087 950 1159 principe.
979 1085 1281 1143 Ostendant
1313 1101 1441 1156 ergo
1464 1087 1619 1140 nobis
1651 1086 1908 1156 templum

319 1192 380 1236 et
407 1180 761 1244 sacrificium,
777 1187 873 1233 aut
891 1179 1090 1234 altare:
1116 1185 1244 1233 tunc
1263 1179 1344 1233 eis
1372 1176 1769 1249 quodammodo
1793 1192 1910 1232 ere-

322 1273 452 1325 dere
480 1268 806 1332 valebimus,
833 1269 977 1338 quod
1001 1268 1251 1323 fortassis
1270 1267 1509 1322 habeant
1530 1282 1730 1338 regem.
1753 1267 1906 1322 Alio-

2012 555 2158 612 gere,
2194 550 2249 596 et
2273 540 2554 611 praedicari
2589 541 2642 594 in
2683 539 2900 594 nomine
2942 537 3059 607 ejus
3097 540 3476 608 paenitentiam
3516 557 3582 597 ac

2012 632 2385 688 remissionem
2421 641 2766 704 peccatorum
2792 645 2892 700 per
2914 644 3106 686 omnes
3129 637 3336 702 gentes.
3368 631 3502 686 Nam
3527 645 3583 690 et

2013 723 2126 792 ipse
2170 722 2386 777 habitus
2427 721 2730 777 meretricis
2769 719 3038 776 confessio
3077 728 3421 791 peccatorum
3477 731 3577 778 est.

2011 813 2218 885 Typum
2259 813 2456 884 quippe
2497 812 2734 867 Thamar
2774 811 3030 867 Ecclesia:
3062 811 3203 881 gerit
3241 827 3306 867 ex
3335 813 3584 883 gentibus

2010 912 2267 970 evocatte,
2305 903 2499 958 sedens
2527 903 2581 958 in
2619 903 2760 958 hivio
2794 903 3050 957 civitatis.
3100 901 3215 957 Illic
3241 902 3386 958 enim
3414 918 3445 956 a
3476 918 3581 958 non

2008 1001 2335 1066 agnoscente
2359 992 2579 1058 fetatur,
2601 992 2708 1064 35
2739 993 2883 1063 quod
2908 993 3172 1061 scriptum
3197 999 3319 1047 est:
3348 989 3585 1062 Populus

2007 1104 2157 1158 quem
2187 1103 2290 1142 non
2327 1086 2540 1156 cognovi
2572 1086 2780 1140 servivit
2806 1085 2940 1140 mihi
2961 1082 3135 1156 (Psal.
3163 1099 3300 1149 xvu,
3325 1083 3438 1155 48).
3475 1085 3583 1141 Ac-

2007 1179 2149 1248 cepit
2179 1179 2361 1248 itaque
2390 1177 2623 1246 primum
2659 1175 2934 1238 annulum,
2968 1175 3062 1245 qui
3110 1173 3236 1230 ﬁdei
3267 1189 3583 1230 sacramen-

2007 1277 2122 1324 tum
2166 1276 2421 1324 vocatur:
2472 1267 2666 1322 deinde
2712 1266 2980 1321 armillam
3019 1265 3253 1329 virtutis,
3295 1280 3394 1336 per
3421 1282 3584 1336 quam

319 1361 458 1429 quin
489 1358 593 1413 sibi
621 1357 897 1412 obducunt
933 1356 1198 1427 pervicaci
1243 1356 1439 1411 menlis
1476 1357 1692 1426 ingenio
1720 1357 1908 1428 caligi-

321 1464 451 1503 nem
495 1447 779 1503 ezeeitatis.
830 1447 964 1501 Cum
1009 1446 1308 1517 prasertim
1337 1447 1382 1501 si
1414 1446 1607 1516 aliquis
1649 1461 1821 1511 nunc,
1849 1455 1908 1500 ut

1999 1361 2420 1430 justiticabitur;
2448 1375 2513 1415 ac
2536 1358 2812 1424 baculum,
2843 1359 2896 1413 in
2925 1371 3032 1427 quo
3073 1357 3356 1412 sublimius
3384 1357 3588 1427 glorifi-
3619 1430 3626 1437 .

2006 1462 2180 1506 catur.
2195 1450 2329 1518 Quia
2343 1464 2480 1520 quos
2494 1447 2915 1520 praedestinavit,
2934 1448 3033 1503 hos
3051 1456 3108 1504 et
3121 1449 3362 1514 vocavit;
3388 1457 3441 1502 et
3453 1463 3589 1517 quos

325 1538 428 1605 ipsi
463 1538 684 1608 fingunt,
714 1537 782 1591 de
813 1537 952 1592 tribu
980 1535 1117 1591 Juda
1143 1552 1240 1591 rex
1265 1536 1545 1602 existeret,
1575 1551 1772 1607 negare
1797 1553 1904 1592 non
2006 1542 2358 1607 vocavit,hos
2399 1550 2455 1596 et
2479 1539 2828 1610 justificavit;
2853 1549 2908 1596 et
2944 1556 3081 1611 quos
3113 1539 3449 1611 justificavit,
3466 1541 3588 1598 illos

323 1637 571 1698 possunt,
599 1627 743 1698 quod
773 1636 900 1682 tunc
931 1625 1217 1692 defecerit;
1258 1641 1381 1682 eum
1428 1626 1667 1682 Herodes
1711 1627 1903 1682 alieni-
2004 1642 2060 1687 et
2087 1631 2424 1704 gloriﬁcavit.
2468 1631 2700 1687 Mittitur
2720 1639 2900 1687 autem
2927 1633 3226 1702 promissus
3251 1633 3438 1688 haedus
3463 1641 3587 1687 tan-

317 1734 482 1792 gena,
511 1734 575 1773 ae
600 1725 724 1788 post
766 1732 892 1772 eum
920 1715 1012 1772 lilii
1041 1715 1158 1785 ejus
1205 1717 1488 1772 tetrarchae
1518 1732 1679 1787 super
1711 1716 1902 1772 Judam
2005 1735 2167 1791 quam
2194 1722 2483 1788 meretrici,
2502 1737 2598 1792 per
2617 1722 2867 1777 eumdem
2902 1721 3299 1787 Odollamitem,
3317 1723 3370 1778 id
3393 1732 3480 1778 est
3505 1723 3589 1778 in-

319 1819 666 1880 regnassent.
697 1807 852 1876 Quod
879 1823 985 1862 non
1013 1807 1185 1862 solum
1215 1806 1588 1879 Evangelium,
1617 1807 1711 1862 sed
1741 1808 1902 1861 etiam
1931 1810 1980 1873 Β
2006 1815 2233 1884 crepatio
2259 1813 2477 1883 peccati,
2496 1814 2707 1869 dicente
2732 1811 2956 1876 Joanne,
2987 1811 3263 1868 Generatio
3291 1814 3586 1884 viperarum

314 1916 514 1956 omnes
561 1900 840 1973 gentilium
891 1900 1153 1966 historiaz,
1181 1915 1282 1956 nec
1327 1915 1433 1956 non
1481 1901 1595 1971 ipse
1641 1899 1903 1970 Josephus
1937 1967 1940 1970 ,
2005 1903 2220 1975 (Matth.
2250 1920 2334 1969 ιιι,
2369 1905 2444 1975 7).
2479 1904 2584 1959 Sed
2611 1919 2718 1959 non
2744 1919 2863 1959 eam
2895 1904 3099 1959 invenit
3138 1905 3348 1975 peccati
3387 1920 3586 1975 expro-

313 1991 560 2060 ejusdem
599 1993 814 2064 generis
855 1992 1177 2059 historicus,
1209 1993 1423 2063 publice
1473 2001 1756 2056 testantur,
1792 1995 1899 2049 He-
2003 1995 2198 2059 bratio,
2223 2011 2383 2064 quam
2410 1995 2641 2051 feliciter
2663 1996 3015 2050 commutavit
3043 1993 3400 2050 confessionis
3430 2011 3583 2050 ama-

315 2083 508 2137 rodem
553 2083 908 2154 alienigenam
944 2083 996 2137 in
1023 2081 1207 2138 Judiea
1255 2099 1528 2153 regnasse,
1560 2098 1733 2154 neque
1775 2095 1903 2142 tunc
2005 2087 2203 2141 ritudo.
2241 2084 2359 2141 Jam
2387 2101 2514 2141 vero
2545 2085 2882 2156 profcrentes
2921 2084 3180 2140 annulum
3215 2095 3272 2139 et
3315 2085 3584 2140 armillam

321 2175 544 2229 interim
568 2176 632 2230 de
660 2177 744 2230 his
773 2174 1070 2246 principem
1100 2173 1284 2231 fuisse.
1322 2175 1432 2248 34
1459 2177 1528 2230 At
1558 2192 1685 2232 vero
1709 2177 1896 2238 Jacsb.
2002 2192 2065 2232 ac
2093 2177 2298 2248 virgam
2329 2177 2382 2231 in
2431 2177 2817 2242 testimonium,
2841 2184 2897 2232 et
2940 2176 3329 2232 convincamus
3370 2175 3584 2231 Judaaos

319 2258 430 2320 non
471 2265 690 2333 deﬁciet,
718 2267 911 2322 dixisse
953 2267 1142 2336 liquet,
1167 2284 1433 2339 quousque
1467 2269 1636 2323 veniat
1684 2269 1772 2324 ille
1815 2271 1900 2324 cui
2003 2278 2206 2323 temere
2247 2268 2577 2338 judicantes,
2603 2268 2695 2338 qui
2725 2268 2913 2324 dicunt
2939 2283 3036 2324 nos
3079 2267 3354 2322 Christum
3400 2280 3587 2322 susce-

313 2358 694 2426 repromissum
723 2371 814 2413 est.
860 2359 941 2422 Et,
971 2359 1090 2414 ideo
1141 2360 1268 2429 quia
1316 2369 1442 2415 tunc
1487 2363 1769 2431 probatum
1815 2372 1900 2418 est

308 2447 599 2514 defecisse,
628 2458 787 2519 atque
810 2451 1011 2516 omnia,
1034 2459 1092 2504 ut
1129 2451 1465 2520 praemissum
1497 2462 1595 2515 est,
1629 2453 1898 2524 completa

303 2555 469 2606 esse;
500 2541 710 2596 etiamsi
739 2558 903 2608 nunc,
932 2551 989 2597 ut
1017 2543 1189 2609 aiunt,
1211 2544 1406 2615 aliquis
1433 2546 1701 2600 invenitur
1727 2563 1794 2600 ex
1821 2548 1899 2603 eis

303 2630 402 2700 qui
455 2645 676 2701 regnum
715 2641 898 2688 teneat
935 2631 1131 2689 alicubi
1163 2635 1327 2704 (quod
1368 2637 1582 2705 penitus
1623 2652 1729 2693 non
1768 2654 1894 2708 prs-

302 2722 546 2794 batur),
596 2723 882 2780 manifeste
929 2735 1144 2781 constat
1201 2713 1325 2783 tunc
1383 2729 1572 2785 ducem
1630 2745 1700 2785 ex
1758 2729 1896 2788 Jutla

302 2814 431 2868 ideo
480 2815 773 2882 defecisse,
801 2827 893 2883 ut,
927 2819 1066 2874 sicut
1117 2819 1306 2875 Daniel
1359 2821 1454 2888 ait,
1490 2821 1609 2876 oleo
1661 2824 1896 2880 exsulta-

303 2907 471 2961 tionis
519 2907 752 2965 Sanetus
782 2921 1090 2965 sanctorum
1135 2926 1247 2981 pra:
1281 2913 1631 2984 participibus
1659 2915 1772 2970 suis
1797 2933 1897 2972 un-

305 3008 526 3067 geretur
594 2999 776 3071 (Dan.
827 3018 904 3067 ix,
961 3002 1091 3073 24).
1160 3003 1241 3058 Ad
1294 3019 1452 3075 quem
1518 3005 1895 3063 demonstran-

304 3090 435 3144 dum
481 3091 722 3146 Thamar
765 3092 1073 3148 induximus
1111 3093 1224 3162 jam
1258 3096 1494 3152 venisse.
1541 3096 1657 3152 Non
1701 3115 1891 3170 super-

1999 2363 2184 2431 pisse;
2221 2360 2365 2416 unde
2403 2360 2628 2431 prolatis
2664 2376 2846 2416 rerum
2897 2360 3303 2431 Scripturarum
3348 2359 3583 2426 indiciis,

2001 2452 2230 2508 forsitan
2266 2468 2364 2508 nos
2412 2453 2582 2522 magis
2632 2467 2796 2523 quam
2824 2467 2881 2507 se
2905 2451 3231 2522 jus'tiiicatos
3273 2465 3394 2506 esse
3442 2451 3587 2505 arbi-

2005 2547 2312 2600 trabuntur.
2396 2543 2522 2598 Haec
2571 2544 2737 2613 igitur
2787 2543 2834 2597 si
2890 2544 2958 2597 ad
3006 2557 3205 2612 purum
3275 2541 3585 2596 considere-

2003 2655 2155 2704 mus,
2183 2639 2327 2694 aliud
2361 2639 2448 2694 isti
2479 2638 2547 2693 ut'
2574 2638 2680 2694 hoc
2725 2637 2984 2704 facerent,
3026 2637 3398 2701 intenderunt,
3441 2636 3586 2710 aliud

1999 2730 2164 2795 Deus,
2194 2729 2282 2800 qui
2325 2729 2430 2784 hoc
2471 2728 2550 2783 sic
2585 2727 2699 2782 fieri
2735 2727 3120 2797 permittebat;
3167 2734 3230 2781 ut
3267 2725 3430 2780 etiam
3463 2725 3587 2779 inde

1999 2823 2221 2892 aliquid,
2252 2830 2445 2893 agente
2491 2821 2829 2891 providentia
2870 2819 2992 2885 Dei,
3036 2818 3279 2874 futurum
3325 2819 3583 2890 signaret.

1997 2915 2230 2972 Proinde
2260 2915 2390 2970 illud
2421 2914 2649 2980 factum,
2679 2928 2802 2969 cum
2838 2913 2893 2967 in
2924 2920 3110 2968 sancta
3143 2911 3425 2982 Scriptura
3455 2925 3585 2966 nar-

2000 3017 2168 3072 ratur,
2195 3007 2478 3077 prophetia
2517 3015 2626 3070 est;
2658 3019 2784 3060 cum
2808 3019 2937 3059 vero
2958 3005 3014 3059 in
3041 3018 3231 3059 eorum
3259 3011 3383 3058 actu
3408 3003 3588 3058 consi-

1997 3097 2253 3160 deratur,
2307 3095 2660 3166 reprehensio
2705 3101 2810 3150 est.
2860 3093 2970 3148 Sed
3022 3094 3188 3158 Deus,
3237 3093 3329 3162 qui
3381 3092 3587 3148 nostris

303 3181 472 3237 Πιιιιιιι
512 3200 634 3240 esse
682 3201 807 3240 reor
835 3186 878 3241 si
909 3201 1207 3258 prosequar
1253 3187 1454 3243 factum
1502 3189 1672 3256 Judze,
1703 3178 1762 3246 ut
1796 3209 1892 3248 cur
1917 3180 1965 3246 C
1997 3187 2151 3242 malis
2173 3200 2385 3258 semper
2415 3187 2552 3242 bene
2579 3185 2774 3250 utitur,
2807 3185 2874 3240 de
2909 3193 3060 3240 reatu
3089 3183 3368 3244 contexuit
3396 3197 3586 3237 sacra-

301 3278 516 3347 positus
543 3278 612 3332 sit
641 3279 694 3332 in
720 3279 822 3334 hac
851 3280 1163 3352 genealogia
1189 3279 1410 3348 Christi,
1438 3283 1740 3340 evidentius
1767 3286 1893 3342 hinc

301 3368 596 3437 pandatur.
647 3367 900 3440 Legimus
940 3371 1122 3440 itaque
1156 3373 1299 3442 quod
1330 3373 1466 3428 ierat
1493 3378 1560 3430 ad
1593 3377 1892 3435 tondendas

301 3473 436 3514 oves
463 3475 588 3514 suas
616 3460 668 3513 in
697 3459 938 3516 Themna
971 3462 1125 3530 (Gen.
1153 3479 1385 3529 xxxviii,
1412 3465 1522 3537 13),
1550 3467 1690 3536 quod
1720 3468 1892 3522 inter-

302 3557 550 3618 pretatur
576 3548 844 3617 deﬁciens.
873 3547 990 3604 Jam
1020 3551 1162 3606 enim
1197 3560 1322 3608 tunc
1342 3553 1614 3610 defecerat
1637 3556 1890 3628 princeps

303 3655 376 3694 ex
403 3637 535 3694 Juda
556 3681 572 3704 ,
596 3648 650 3695 et
677 3642 855 3696 omnis
896 3644 1079 3698 unctio
1107 3643 1414 3700 Judzeorum
1445 3657 1715 3714 cessarat;
1749 3649 1893 3720 quod

305 3732 358 3785 is
385 3732 474 3800 qui
521 3733 878 3800 repromissus
924 3733 1124 3801 fuerat,
1152 3736 1218 3790 ad
1256 3752 1385 3793 oves
1431 3740 1672 3808 perditas
1702 3739 1893 3797 domus

299 3821 474 3876 lsrael
495 3821 608 3892 jam
653 3823 864 3879 tandem
907 3834 1151 3880 venerat.
1203 3825 1364 3882 Venit
1403 3839 1581 3884 autem
1625 3846 1748 3885 cum
1794 3847 1892 3886 suo

302 3922 530 3983 pastore
570 3914 908 3982 Odollamite,
941 3919 1082 3988 quod
1117 3921 1508 3990 interpretatur
1534 3924 1890 3978 testimonium

302 4005 506 4058 habens
532 4005 586 4058 in
610 4023 768 4076 aqua.
804 4006 938 4062 Cum
968 4010 1070 4064 hoc
1108 4010 1265 4079 plane
1293 4011 1600 4066 testimonio
1634 4013 1892 4071 Dominus

301 4095 470 4159 venit,
514 4095 721 4151 habens
769 4097 982 4166 quidem
1027 4101 1393 4156 testimonium
1442 4100 1618 4170 majus
1661 4101 1888 4170 Joanne,

300 4191 397 4245 sed
429 4199 608 4245 tamen
650 4201 873 4262 propter
900 4209 1030 4249 oves
1061 4195 1326 4261 infirmas,
1360 4197 1414 4251 in
1457 4213 1596 4268 aqua
1638 4214 1768 4254 usus
1808 4209 1892 4256 est

301 4280 408 4334 hoc
436 4281 766 4336 testimonio.
807 4283 940 4337 Nam
984 4296 1040 4338 et
1083 4284 1253 4355 ipsius
1278 4287 1518 4357 pastoris
1544 4303 1742 4345 nomen
1789 4287 1894 4344 fuit

297 4373 435 4438 lras,
483 4375 628 4444 quod
668 4384 826 4430 sonat
876 4377 1322 4448 interpretatum,
1361 4379 1546 4449 fratris
1593 4381 1696 4436 mei
1740 4382 1886 4437 uisio.

303 4464 452 4520 Vidit
473 4467 694 4522 omnino
714 4466 935 4523 fratrem
960 4486 1114 4524 suum
1131 4470 1412 4535 Joannem,
1433 4474 1726 4528 secundum
1748 4474 1892 4544 quod

300 4573 490 4614 semen
516 4567 600 4615 est
643 4559 896 4626 Abrahae,
923 4561 1008 4616 vel
1035 4564 1328 4618 secundum
1367 4565 1741 4635 cognationem
1775 4565 1890 4620 Ma-

298 4649 400 4703 riae
423 4650 618 4705 matris
646 4649 764 4718 ejus
785 4660 841 4706 et
867 4651 1169 4708 Elizabeth.
1227 4653 1326 4708 Hic
1355 4654 1553 4726 quippe
1579 4655 1716 4710 vidit
1743 4671 1884 4716 eum.

301 4746 362 4793 et
389 4738 513 4793 ideo
553 4754 662 4794 non
706 4741 946 4795 surrexit
980 4742 1155 4812 major
1194 4742 1285 4797 illo
1313 4743 1365 4798 in
1406 4745 1551 4800 natis
1580 4744 1884 4800 mulierum.

303 4825 469 4883 Venit
515 4837 695 4884 autem
742 4830 1002 4885 Dominus
1045 4833 1111 4886 ad
1150 4847 1280 4888 oves
1325 4833 1646 4900 tondendas,
1675 4835 1778 4891 hoc
1807 4845 1889 4892 est

300 4925 655 4990 peccatorum
683 4919 913 4975 sarcinis
937 4923 1329 4977 exonerandas.
1369 4923 1444 4977 De
1477 4923 1675 4993 quibus
1705 4924 1891 4980 Eccle-

299 5010 402 5064 sia:
421 5009 619 5064 dicitur
644 5011 698 5064 in
729 5011 970 5067 Canticis
1005 5014 1380 5068 canticorum:
1407 5014 1596 5069 Dentes
1636 5017 1712 5070 tui
1757 5018 1889 5071 sicut

298 5117 482 5172 greges
511 5113 803 5167 tonsarum,
827 5119 946 5173 quae
983 5104 1330 5159 ascenderunt
1364 5103 1429 5159 de
1461 5105 1675 5160 lavacro
1704 5105 1884 5179 (Cant.

299 5209 381 5258 tv,
410 5193 490 5263 2).
520 5192 642 5248 Jam
664 5193 904 5249 Thamar
931 5196 1176 5250 habitum
1208 5205 1404 5262 mutet,
1427 5213 1547 5268 qua:
1576 5207 1630 5252 et
1660 5215 1890 5252 commu-

299 5294 421 5339 tans
451 5287 842 5356 interpretatur
865 5302 882 5341 :
906 5288 999 5342 sed
1027 5289 1081 5342 in
1113 5304 1177 5343 ea
1215 5303 1438 5359 prorsus
1463 5304 1661 5344 nomen
1688 5291 1889 5345 amari-

303 5377 507 5431 tudinis
551 5387 802 5442 maneat,
831 5395 936 5433 non
992 5378 1134 5434 illius
1177 5379 1244 5434 de
1283 5394 1389 5449 qua
1435 5380 1720 5436 Dominum
1769 5379 1891 5438 felle

299 5468 529 5538 patavit,
555 5469 650 5522 sed
691 5484 794 5538 qua
824 5468 1020 5524 Petrus
1052 5485 1235 5526 amare
1262 5469 1424 5526 flevit.
1472 5471 1638 5528 Judas
1678 5489 1891 5544 quoque

300 5555 496 5613 Latine
517 5559 780 5627 confessio
807 5560 1128 5632 appellatur.
1161 5561 1496 5618 Confessioni
1523 5579 1653 5635 ergo
1684 5567 1891 5621 amari-

302 5651 434 5704 tudo
457 5651 903 5716 commisceatur,
934 5661 993 5706 ut
1015 5668 1142 5708 vere
1162 5654 1481 5723 poenitentia
1509 5654 1886 5726 prmsignetur.

302 5741 418 5797 Hae
466 5742 635 5811 igitur
676 5743 994 5812 poenitentia
1043 5759 1142 5818 per
1181 5759 1370 5799 omnes
1414 5755 1601 5815 gentes
1647 5747 1888 5805 Ecclesia

1995 3289 2266 3342 mentum,
2311 3287 2368 3333 et
2411 3277 2478 3332 de
2528 3275 2660 3346 ipsis
2703 3274 3140 3346 progenitoribus
3179 3287 3436 3344 magnum
3481 3271 3586 3326 sibi

1993 3368 2241 3424 exhibuit
2267 3367 2566 3440 prophetia:
2595 3367 2933 3438 mysterium,
2969 3372 3025 3420 et
3056 3364 3211 3420 nobis
3239 3363 3434 3418 indidit
3475 3377 3582 3419 non
3673 3380 3676 3382 ‘

1994 3462 2169 3518 solum
2197 3461 2486 3532 loquendo,
2513 3459 2606 3515 sed
2633 3459 2797 3514 etiam
2825 3458 2894 3514 de
2919 3456 3051 3528 ipsis
3082 3455 3264 3511 taliter
3287 3456 3583 3521 nascendo,

1993 3553 2253 3609 doctrina:
2285 3550 2679 3621 magisterium.
2712 3548 2928 3603 Fideles
2959 3547 3104 3601 enim
3133 3545 3251 3614 ejus
3275 3545 3490 3600 venturi
3517 3559 3587 3599 ex

1993 3643 2244 3699 omnibus
2285 3641 2556 3712 gentibus,
2580 3637 2742 3692 etiam
2789 3633 3038 3704 exemplo
3075 3633 3260 3689 carnis
3305 3632 3474 3702 ipsius
3500 3633 3585 3687 di-

1993 3749 2147 3791 scere
2173 3733 2498 3796 debuerunt,
2527 3736 2811 3800 parentum
2851 3741 3072 3782 suorum
3117 3725 3433 3795 iniquitates
3474 3725 3578 3780 sibi

1993 3826 2184 3881 obesse
2222 3838 2330 3878 non
2372 3835 2549 3891 posse.
2597 3819 2830 3874 Proinde
2873 3832 3106 3887 sponsus
3152 3816 3268 3888 ipse
3306 3816 3421 3871 suis
3450 3831 3584 3871 eon-

1992 3932 2192 3988 gruens
2217 3915 2477 3979 invitatis,
2503 3913 2595 3983 qui
2617 3920 2910 3968 vocaturus
2933 3918 3052 3965 erat
3072 3909 3140 3965 ad
3163 3909 3380 3980 nuptias
3411 3910 3584 3965 bonos

1992 4020 2048 4065 et
2093 4007 2284 4071 malos,
2314 4007 2456 4061 idem
2505 4005 2653 4060 nasci
2706 4002 2881 4058 voluit
2924 4015 3032 4056 non
3087 4001 3268 4055 minus
3313 4015 3377 4054 ex
3428 4001 3585 4055 bonis

1993 4101 2158 4158 etiam
2185 4115 2348 4169 quam
2373 4114 2440 4154 ex
2483 4096 2662 4152 malis.
2699 4094 2850 4153 Unde
2879 4103 2935 4149 et
2961 4109 3131 4163 agnus
3157 4093 3250 4162 qui
3285 4100 3586 4162 praeceptus

1993 4191 2156 4247 estin
2185 4190 2396 4244 Pascha
2428 4187 2730 4250 immolari,
2763 4185 3061 4241 secundum
3093 4185 3383 4256 quamdam
3413 4183 3583 4238 inter-

1992 4281 2370 4352 pretationem,
2402 4293 2469 4334 ex
2516 4278 2709 4334 ovibus
2753 4285 2809 4333 et
2850 4292 2918 4333 ex
2971 4276 3174 4348 capris,
3214 4284 3474 4346 tanquam
3516 4288 3584 4330 ex

1986 4375 2148 4444 justis
2175 4382 2229 4429 et
2255 4373 2660 4444 peccatoribus,
2687 4371 2755 4426 ad
2801 4385 2860 4426 se
2901 4368 3358 4441 praefigurandum
3399 4367 3585 4438 jussus

1995 4477 2077 4521 est
2097 4465 2319 4521 assumi.
2353 4462 2575 4519 Scilicet
2600 4470 2662 4516 ut
2688 4469 2944 4531 parentes
2971 4461 3142 4517 honos
3163 4476 3226 4516 ac
3264 4457 3436 4515 malos
3459 4475 3584 4530 pro-

1920 4539 1970 4600 Ῑ)
1992 4566 2114 4628 pter
2148 4553 2577 4610 convenientiam
2626 4551 2980 4607 humanitatis
3014 4567 3122 4607 non
3160 4559 3458 4622 sperneret,
3493 4565 3583 4606 ve-

1997 4663 2115 4703 rum
2169 4647 2331 4702 etiam
2390 4653 2451 4699 ut
2491 4643 2656 4713 justis
2716 4659 2922 4714 agnus,
2968 4643 3345 4713 peccatoribus
3399 4643 3584 4699 haedus

1998 4741 2168 4795 fleret.
2202 4737 2481 4806 Quatenus
2507 4738 2561 4792 in
2592 4749 2690 4794 Suo
2735 4751 2967 4806 corpore
3014 4745 3298 4808 utrosque,
3328 4745 3390 4792 ut
3413 4752 3581 4791 unum

1995 4833 2206 4898 fierent,
2222 4847 2320 4902 per
2339 4830 2568 4902 gratiam
2590 4844 2744 4884 suam
2766 4829 3126 4885 consociaret.
3147 4828 3176 4884 J
3182 4837 3362 4886 ustum
3383 4828 3582 4900 quippe

1995 4923 2098 4978 fuit
2123 4933 2184 4979 ut
2211 4924 2304 4994 qui
2339 4938 2438 4994 pro
2467 4922 2845 4993 peccatoribus
2893 4931 3138 4987 venerat,
3173 4923 3241 4978 de
3270 4920 3582 4993 peccatoris

1994 5017 2096 5072 bus
2129 5016 2292 5070 etiam
2324 5015 2476 5070 nasci
2506 5015 2840 5086 dignaretur.
2868 5015 2944 5070 Ex
2977 5031 3085 5087 quo
3108 5015 3353 5087 profecto
3378 5013 3580 5071 nullam

1995 5117 2301 5166 sanctarum
2344 5107 2664 5163 feminarum
2707 5110 3037 5182 evangelista
3085 5110 3366 5165 Matthteus
3392 5109 3447 5164 in
3477 5109 3580 5165 hac

1995 5200 2305 5272 genealogia
2331 5199 2533 5256 Christi
2563 5201 2931 5271 computavit;
2966 5202 3059 5257 sed
3085 5215 3180 5256 eas
3199 5199 3421 5254 omnino
3442 5216 3580 5269 quas

1996 5294 2398 5365 Scripturarum
2428 5295 2724 5351 auctoritas
2752 5295 3120 5366 reprehendit.
3155 5292 3353 5349 Valens
3377 5293 3489 5366 36
3509 5309 3577 5350 ex

1999 5387 2084 5441 his
2109 5395 2341 5457 quatuor
2365 5387 2708 5458 apertissime
2739 5388 3136 5453 demonstrare,
3162 5385 3364 5442 Christi
3393 5387 3578 5444 Eccle-

1998 5480 2135 5535 siam
2163 5495 2194 5534 a
2218 5479 2592 5550 peccatoribus
2633 5475 3085 5548 eongregandam.
3115 5477 3355 5545 Quarum
3388 5478 3577 5533 simili-

1998 5569 2125 5624 tudo
2153 5569 2327 5624 eidem
2354 5569 2406 5623 in
2433 5567 2683 5623 omnibus
2711 5573 3074 5635 comparatur.
3115 5567 3289 5633 Unde,
3317 5570 3439 5638 quia
3463 5566 3577 5636 jam

1994 5658 2050 5714 in
2095 5659 2331 5714 Thamar
2373 5672 2568 5730 magna
2598 5672 2666 5712 ex
2691 5666 2846 5726 parte
2875 5657 3154 5729 attigimus
3193 5661 3450 5732 mysteria
3484 5675 3577 5714 ve-

1995 5751 2257 5819 neranda,
2283 5759 2451 5808 restat
2490 5749 2646 5822 ut‘ad
2683 5763 2748 5804 ea
2787 5764 2907 5822 quae
2931 5763 3246 5826 supersunt,
3274 5751 3572 5824 indaganda
