4032 6358
495 311 566 368 59
1304 308 1359 363 S.
1401 305 1761 364 PASCHASII
1798 307 2148 364 RADBEB'I‘I
2181 309 2475 368 ABBATIS
2513 309 2964 370 CORBEIENSIS
3701 319 3777 371 ti.)

498 425 751 482 succedat
782 423 960 480 oratio
987 440 998 477 :
1025 431 1082 476 ut
1109 435 1177 475 ex
1205 430 1316 476 toto
1341 430 1599 492 appareat
1641 421 1978 493 profunditas
2005 438 2087 478 sa-
2109 425 2165 486 Α
2189 424 2384 480 stravit
2409 424 2802 482 Christianum.
2835 425 2972 482 Hinc
3003 428 3165 482 etiam
3194 428 3334 484 idem
3383 428 3522 486 Zara
3573 445 3778 484 nomen

495 519 784 584 cramenti,
818 519 862 576 si
903 532 1014 588 quo
1059 515 1219 572 modo
1259 514 1508 574 Christus
1549 531 1615 572 ex
1665 517 1782 587 ipsa
1830 517 2081 586 prosapia
2118 535 2138 555 ι

497 616 653 688 longe
703 615 901 684 diuque
947 614 1304 685 praesignatus
1351 611 1559 680 fuisset,
1590 611 1710 682 ejus
1752 613 1992 669 Ecclesia
2028 615 2082 668 in

495 709 582 766 his
624 707 966 779 praefigurata
1014 705 1411 761 tuanifestetur.
1454 705 1586 773 Quae
1611 705 1736 776 quia
1770 707 1824 761 in
1855 721 2082 777 corpore

495 816 595 858 suo
638 798 814 856 fuerat
861 798 1128 861 uuienda,
1156 805 1304 853 recte
1345 797 1548 852 factum
1592 806 1678 854 est
1721 798 1886 852 etiam
1928 807 1989 853 ut
2014 815 2083 854 ex

497 895 631 966 ipsis
657 900 971 949 nasceretur
1009 891 1064 945 in
1102 891 1300 961 quibus
1339 891 1655 963 mysterium
1688 891 1905 960 pietatis
1933 900 2082 962 tege-

495 989 691 1043 batur:
714 993 984 1056 quatenus
1011 983 1220 1054 species
1255 999 1352 1053 per
1387 993 1785 1041 sacramentum
1828 985 2084 1040 transiret

497 1081 564 1136 ad
602 1095 789 1152 genus,
816 1087 874 1132 et
895 1093 993 1148 per
1041 1079 1276 1148 speciem
1325 1079 1469 1148 quod
1517 1077 1756 1132 futurum
1807 1087 1926 1134 erat
1970 1077 2080 1143 jam

493 1169 822 1225 claresceret
847 1169 900 1223 in
930 1183 1149 1240 genere.
1203 1168 1384 1224 Inerat
1410 1171 1552 1225 enim
1582 1171 1693 1242 jam
1742 1179 1870 1226 tunc
1913 1187 2082 1242 genus

496 1261 550 1318 in
576 1262 776 1332 specie.
807 1261 874 1315 Et
903 1261 1105 1316 idcirco
1136 1277 1324 1316 earum
1355 1271 1562 1316 tantum
1610 1263 1852 1318 historiae
1895 1279 2079 1320 recor-

495 1355 675 1418 datur,
700 1369 932 1423 quarum
958 1362 1013 1410 et
1042 1355 1186 1409 actio
1205 1393 1219 1419 ,
1250 1360 1420 1425 genus
1444 1365 1499 1409 et
1527 1357 1680 1421 ordo,
1714 1373 1778 1412 ac
1825 1374 2082 1415 numerus

495 1463 711 1504 omnem
744 1445 978 1502 futuram
1015 1448 1107 1504 Dei
1136 1447 1434 1504 Ecclesiam
1467 1449 1711 1521 mysticis
1737 1451 2082 1510 commendat

494 1540 830 1594 muneribus.
864 1539 1021 1594 Actio
1051 1539 1302 1610 quidem,
1332 1548 1390 1592 ut
1415 1556 1482 1594 ex
1524 1541 1706 1611 operis
1749 1543 1968 1613 negotio
1999 1557 2084 1598 re-

494 1645 851 1701 cognosceres
902 1647 998 1702 per
1051 1632 1288 1704 speciem
1349 1631 1590 1687 futurum
1639 1633 1732 1688 Dei
1779 1651 1977 1692 munus
2027 1637 2080 1692 in

495 1737 713 1792 genere.
763 1721 944 1778 Genus
976 1738 1104 1778 vero
1129 1733 1182 1778 et
1210 1725 1364 1789 ordo,
1397 1725 1521 1793 quia
1552 1725 1782 1794 primam
1813 1741 2001 1782 earum
2026 1737 2082 1784 et

2186 517 2412 588 accepit.
2445 517 2582 572 Zara
2615 519 2814 588 quippe
2853 521 3026 573 oriens
3057 519 3276 585 dicitur,
3302 529 3558 591 tanquam
3607 538 3782 594 popu-

2186 605 2295 662 lum
2319 607 2545 664 orientis
2569 608 2948 679 Redemptoris
2961 609 3212 665 videlicet
3234 613 3547 679 ostendens,
3577 615 3644 670 de
3663 631 3782 686 quo

2185 698 2479 756 Zacharias
2542 702 2852 770 propheta:
2903 701 3146 757 Visitauit
3195 719 3290 758 nos
3351 705 3524 760 oriens
3568 723 3635 761 ea:
3663 707 3780 765 alto

2185 789 2338 860 (Luc.
2369 807 2410 856 l,
2438 791 2550 862 78).
2575 791 2678 859 Qui
2718 793 2968 863 populus,
2995 793 3098 850 etsi
3144 803 3269 864 post
3313 805 3495 864 natus,
3548 799 3785 870 mystica

2184 891 2366 939 tamen
2397 886 2705 942 obstetricis
2753 901 2886 942 voce
2906 889 3201 959 primatum
3233 891 3464 960 accepit,
3495 891 3729 948 dicentis
3759 909 3776 947 τ

2186 973 2290 1030 Hic
2317 969 2613 1050 egredietur
2631 985 2796 1051 prior.
2816 984 2923 1040 Sed
2950 1001 3055 1040 nou
3086 987 3306 1052 mirum,
3325 987 3367 1042 si
3394 995 3514 1056 post
3539 1003 3783 1058 sequens

2183 1069 2475 1140 primatum
2527 1083 2730 1141 teneat,
2763 1077 2854 1147 qui
2887 1078 3036 1148 prior
3061 1079 3126 1132 ad
3160 1093 3298 1149 epus
3339 1079 3527 1150 gratia:
3558 1095 3784 1136 manum

2184 1160 2351 1216 misit.
2385 1161 2599 1219 Utinam
2624 1180 2747 1222 cum
2791 1167 2858 1222 ad
2905 1168 3009 1224 hoc
3052 1183 3190 1238 opus
3220 1183 3438 1223 manum
3467 1169 3784 1240 praetendit,

2184 1255 2423 1326 perfecte
2445 1267 2605 1314 natus
2621 1261 2840 1326 exisset,
2866 1268 3050 1316 etnon
3077 1262 3168 1316 illo
3191 1277 3408 1316 manum
3443 1263 3780 1327 retrahente,

2184 1346 2322 1402 alter
2350 1349 2643 1404 maceriam
2685 1349 2995 1406 incidisset!
3030 1349 3097 1408 Et
3149 1352 3282 1422 quid
3326 1355 3640 1417 maceriam,
3673 1353 3785 1408 nisi

2183 1455 2320 1511 opus
2346 1439 2492 1508 fidei,
2521 1442 2624 1499 nisi
2663 1443 3075 1501 aedificationem
3104 1447 3316 1516 gratite,
3349 1446 3452 1501 nisi
3501 1445 3786 1517 Evangelii

2185 1542 2612 1602 sacramentum,
2660 1537 3008 1608 intelligimus
3055 1539 3316 1611 figurari?
3372 1539 3478 1595 Sed
3507 1555 3629 1594 cum
3661 1554 3776 1594 ma-

2185 1641 2315 1680 num
2343 1628 2479 1683 Zara
2510 1629 2562 1684 in
2601 1639 2813 1686 uterum
2839 1633 3082 1698 retraxit,
3114 1632 3320 1688 Phares
3359 1635 3547 1688 exiens
3599 1647 3787 1687 mace-

2190 1720 2328 1774 riam
2359 1721 2579 1786 dividit;
2613 1724 2738 1794 quia
2765 1725 3019 1779 nimirum
3049 1741 3173 1781 cum
3202 1741 3338 1794 opus
3363 1725 3485 1780 fidei
3507 1734 3562 1781 et
3589 1727 3786 1797 gratiae
3819 1751 3838 1759 υ

493 1812 738 1866 ultimam
783 1811 951 1868 fuisse
977 1822 1191 1869 constat
1219 1829 1285 1869 ex
1313 1815 1483 1884 stirpe
1525 1793 1856 1882 Iudaeorum,
1881 1827 1935 1871 et
1965 1834 2082 1874 me-
2109 1793 2160 1854 Β
2187 1812 2622 1884 in-patriarchis
2670 1817 2926 1882 cessavit,
2980 1825 3094 1872 tum
3143 1816 3229 1871 lex
3279 1816 3452 1888 Moysi
3511 1832 3788 1887 apparens

495 1905 612 1960 dias
637 1905 770 1960 duas
799 1905 866 1960 de
893 1906 1144 1976 gentibus
1166 1906 1468 1962 advenisse.
1501 1905 1722 1962 Scilicet
1749 1909 1872 1977 quia
1901 1908 2080 1966 futura

494 1996 696 2052 Christi
741 1997 980 2053 Ecclesia
1028 1999 1262 2070 primum
1307 2015 1408 2069 per
1450 2000 1721 2070 apostolos
1767 2001 1833 2056 de
1882 2001 2082 2060 ludatis

493 2089 786 2160 colligitur,
812 2092 1009 2145 exinde
1039 2092 1193 2161 quasi
1222 2107 1290 2147 ex
1315 2093 1542 2158 duabus,
1571 2093 1822 2150 videlicet
1850 2111 1916 2151 ex
1946 2111 2083 2166 prae-

494 2186 810 2241 cedentibus
857 2193 912 2240 et
965 2187 1353 2257 sequentibus,
1407 2187 1670 2242 hactenus
1721 2187 1788 2242 de
1832 2190 2084 2259 gentibus

494 2278 782 2334 adunatur.
812 2279 982 2334 Porro
1013 2280 1202 2336 ultima
1227 2297 1347 2352 qum
1371 2289 1560 2346 restat,
1591 2290 1779 2351 puteus
1803 2283 2077 2348 satietatis,

495 2385 683 2425 rursus
707 2371 773 2427 de
799 2370 998 2427 ludatis
1024 2387 1146 2427 esse
1175 2371 1510 2428 inscribitur.
1536 2371 1690 2440 Quia,
1717 2387 1841 2428 cum
1873 2375 2086 2428 venerit

493 2462 771 2536 plenitudo
799 2465 1070 2536 gentium,
1102 2473 1230 2521 tunc
1259 2465 1438 2520 omnis
1472 2465 1634 2519 Israel
1666 2463 1847 2520 salvus
1879 2464 1988 2520 fiet.
2023 2465 2082 2522 In

493 2554 690 2624 quibus
737 2553 994 2609 nimirum
1041 2555 1494 2624 evangelistarum
1543 2554 1843 2624 quadratus
1899 2555 2081 2610 consi-

493 2655 691 2718 gnatur
732 2659 1024 2714 numerus;
1053 2661 1284 2716 quorum
1313 2647 1521 2718 prinms
1549 2655 1605 2702 et
1645 2646 1866 2703 ultimus
1893 2663 1961 2704 ex
1991 2647 2084 2702 Ju-

496 2737 628 2790 daeis
669 2734 842 2800 fuere,
867 2745 924 2791 et
954 2735 1065 2790 duo
1095 2736 1242 2792 velut
1265 2736 1332 2792 de
1359 2738 1628 2808 gentibus,
1665 2738 1755 2808 qui
1795 2737 2082 2794 Dominum

495 2827 548 2882 in
594 2843 759 2884 carne
801 2844 907 2882 non
959 2829 1243 2892 viderunt,
1282 2841 1538 2899 tanquam
1583 2829 1675 2884 filii
1723 2831 2082 2901 amplectendi

493 2917 658 2973 medii
704 2918 1207 2990 circumponuntur.
1257 2919 1502 2988 Quatuor
1529 2930 1708 2976 autem
1735 2937 1801 2977 ex
1833 2923 2084 2979 omnibus

493 3009 787 3082 eliguntur,
822 3020 884 3068 ut
914 3013 964 3068 in
1001 3013 1088 3068 his
1118 3013 1378 3084 quadrata
1407 3012 1501 3068 Dei
1535 3013 1773 3068 Ecclesia
1814 3013 1880 3068 ad
1920 3015 2082 3070 misc-

495 3100 783 3156 ricordiam
811 3101 1036 3159 solidius
1064 3102 1438 3160 confirmetur.
1487 3104 1728 3175 Denique
1760 3112 1816 3160 ut
1845 3104 1911 3159 ad
1939 3105 2081 3161 Pha-

493 3207 584 3248 res
607 3201 660 3248 et
686 3192 880 3248 Zaram
897 3196 1122 3252 tandem
1146 3197 1428 3252 redeamus
1446 3215 1460 3259 ;
1479 3213 1578 3252 cur
1596 3199 1896 3268 praescripti
1919 3200 2081 3255 simul

494 3281 549 3336 in
573 3283 884 3356 genealogia
913 3287 1044 3352 sint,
1075 3285 1375 3343 videamus.
1416 3287 1658 3356 Quorum
1697 3289 1834 3345 Zara
1863 3307 1984 3346 cum
2017 3293 2084 3346 de

499 3385 652 3432 utero
682 3381 943 3448 praimisit
975 3397 1212 3448 manum,
1236 3384 1497 3440 obstetrix
1536 3386 1969 3457 cocciuo’ligavit
2003 3387 2085 3441 di-

493 3481 626 3522 cens
651 3486 664 3521 :
694 3468 792 3523 llic
820 3471 964 3540 prior
991 3473 1286 3542 egredietur
1309 3474 1462 3546 (Gen.
1495 3492 1724 3542 xxxvm,
1747 3476 1859 3549 28).
1893 3477 2000 3533 Sed
2030 3479 2081 3533 in

495 3557 684 3612 matris
713 3567 870 3616 utero
899 3560 992 3616 illo
1025 3579 1243 3620 manum
1274 3576 1580 3630 revocante,
1608 3569 1778 3624 exivit
1809 3570 1967 3636 alter,
1996 3571 2081 3624 eui

493 3650 754 3707 obstetrix
780 3655 919 3710 dixit
951 3672 964 3710 :
995 3656 1172 3723 Quare
1199 3659 1366 3714 divisa
1397 3672 1470 3716 est
1495 3675 1704 3734 propter
1733 3674 1781 3718 te
1814 3665 2086 3720 maceria?

493 3739 650 3798 Unde
663 3753 717 3800 et
730 3748 945 3802 vocavit
969 3764 1163 3804 nomen
1179 3751 1226 3822 ej
1235 3768 1296 3808 ns
1315 3752 1540 3818 Phares,
1561 3755 1611 3808 id
1633 3763 1717 3810 est
1733 3757 1937 3810 divisio.
1956 3757 2086 3814 Post

494 3851 656 3906 quem
679 3839 847 3894 exivit
865 3839 1032 3894 frater
1043 3840 1180 3908 ejus,
1193 3846 1284 3914 qui
1307 3846 1457 3916 prior
1473 3863 1688 3901 manum
1706 3850 1772 3903 de
1790 3857 1940 3902 utero
1955 3866 2085 3919 prte-

495 3929 737 3993 miserat,
755 3944 915 3998 quam
930 3939 984 3985 et
1004 3933 1226 3987 coccino
1247 3935 1509 3990 obstetrix
1536 3937 1814 4004 ligaverat.
1836 3941 2083 3994 Vocavit—

497 4035 603 4090 que
647 4037 843 4076 nomen
900 4022 1018 4092 ejus
1067 4023 1226 4085 Zara,
1256 4027 1398 4096 quod
1446 4028 1856 4098 interpretatum
1907 4031 2082 4083 oriens

495 4121 673 4167 sonat.
719 4111 852 4178 Quis
882 4113 970 4167 hic
996 4127 1102 4169 non
1135 4116 1310 4170 videat
1338 4125 1537 4186 quanta
1573 4119 1857 4190 mitigmata
1881 4129 2084 4191 myste-

494 4207 702 4262 riorum
737 4205 842 4278 37
873 4206 1210 4278 prodantur?
1239 4209 1375 4275 Quid
1427 4211 1607 4280 itaque
1648 4211 1700 4264 in
1751 4212 1834 4266 his
1875 4212 2086 4268 duobus

498 4298 730 4369 geminis
773 4299 877 4354 nisi
930 4301 1146 4370 gemina
1209 4301 1535 4358 describitur
1579 4303 1897 4376 populorum
1951 4305 2078 4368 vita,

497 4408 601 4446 ttna
631 4393 923 4446 secundum
971 4392 1150 4458 fidem,
1197 4393 1367 4449 altera
1425 4399 1720 4450 secundum
1771 4397 1988 4467 legem?
2019 4397 2086 4452 Et

495 4484 616 4553 quis
642 4483 780 4540 alius
801 4483 854 4540 in
881 4485 1041 4552 Zara,
1067 4487 1158 4556 qui
1190 4488 1338 4557 prior
1379 4503 1443 4542 ex
1479 4498 1634 4544 utero
1681 4506 1898 4543 manum
1945 4506 2083 4560 prae-
2107 4517 2162 4577 Β

500 4576 665 4636 misit,
694 4576 786 4630 sed
819 4585 941 4647 post
961 4585 1118 4630 natus
1148 4575 1272 4642 fuit,
1296 4578 1398 4632 nisi
1418 4579 1646 4648 populus
1679 4579 1819 4643 fidei,
1854 4580 2080 4650 populus

497 4667 683 4736 gratiae
736 4666 1106 4736 figurabatur?
1152 4668 1366 4722 Manum
1417 4670 1580 4740 igitur
1630 4669 1766 4724 Zara
1811 4685 1874 4724 ex
1927 4680 2082 4726 utero

501 4755 778 4826 przemisit,
807 4757 933 4826 quia
964 4757 1194 4828 populus
1242 4757 1390 4825 fidei,
1425 4760 1614 4830 gratia:
1645 4761 1917 4828 videlicet,
1947 4763 2082 4817 et.in

498 4845 820 4917 patriarchis
843 4845 1086 4917 justitias
1119 4849 1240 4904 fidei
1271 4865 1335 4903 ac
1365 4851 1552 4922 gratim
1577 4852 1792 4922 eperari
1817 4853 2001 4923 cmpit.
2024 4853 2080 4908 In

493 4935 627 4990 Abel
651 4935 858 4992 scilicet
871 4946 928 4991 et
961 4937 1112 5001 Setb,
1147 4937 1350 5000 Euocb,
1385 4939 1758 5008 Melchisedce,
1785 4944 2080 5010 Abraham,

501 5026 675 5092 Isaac,
703 5027 890 5094 Jacob,
927 5025 1151 5097 Ioseph,
1199 5038 1254 5083 ct
1303 5029 1424 5096 Job,
1459 5039 1515 5086 et
1560 5032 1705 5098 aliis,
1752 5037 1842 5103 qui
1897 5051 2085 5088 eorum

499 5119 699 5174 imitari
752 5129 1045 5190 potuerunt
1101 5123 1367 5192 exempla.
1435 5122 1496 5176 Hi
1550 5124 1749 5178 etenim
1807 5125 1929 5179 vita:
1975 5141 2084 5180 sua:

496 5220 698 5278 actum,
724 5211 814 5282 qui
844 5212 1109 5284 figuratur
1137 5227 1232 5282 per
1265 5229 1502 5278 manum,
1523 5230 1620 5284 per
1646 5217 1874 5286 gratiam
1905 5219 1956 5271 in
1977 5217 2078 5273 hoc

498 5303 697 5361 saeculo
722 5303 956 5374 primum
992 5303 1158 5359 libere
1190 5307 1586 5364 praemiserunt.
1613 5307 1670 5362 lu
1695 5324 1922 5376 quorum
1955 5324 2081 5378 pro-

496 5397 638 5452 leclo
670 5411 852 5460 manu,
905 5397 1077 5451 nostri
1125 5411 1341 5468 quoque
1389 5408 1543 5454 actus
1576 5407 1829 5470 tanquam
1880 5399 2078 5470 integri

496 5485 762 5553 corporis,
815 5486 906 5556 qui
935 5487 1112 5542 adhuc
1158 5488 1558 5558 quodammodo
1609 5490 1871 5562 gestantis
1926 5499 2080 5542 utero

501 5573 836 5642 tenebamur,
867 5575 1035 5647 figura
1081 5579 1378 5649 praecessit.
1419 5579 1574 5636 Unde
1621 5591 1677 5634 et
1726 5581 1836 5649 ipsa
1888 5595 2081 5632 inanus

498 5681 681 5722 secum
733 5669 784 5723 in
827 5677 985 5726 utero
1031 5688 1252 5728 coccum
1285 5674 1544 5738 retraxit;
1588 5673 1783 5726 indicia
1833 5672 2084 5724 videlicet

498 5758 694 5816 Christi
719 5763 1008 5842 passionis,
1041 5765 1194 5836 cujus
1213 5765 1404 5822 effusio
1429 5763 1709 5838 sanguinis
1739 5773 1924 5816 actum
1961 5761 2082 5814 illuc

2184 1905 2338 1976 quasi
2363 1905 2581 1974 quidam
2613 1907 2812 1976 paries,
2867 1909 3104 1962 medium
3142 1915 3312 1964 semet
3345 1907 3678 1972 iuterseruEt,
3727 1914 3790 1962 et

2185 1997 2583 2066 quodammodo
2604 1995 2772 2051 vitam
2801 1998 3234 2068 patriarcharum
3266 2008 3317 2053 et
3347 1997 3786 2054 Christianorum

2183 2085 2387 2142 divisit.
2419 2085 2526 2143 Sed
2560 2089 2782 2144 veniens
2821 2089 3087 2145 Dominus
3113 2090 3378 2162 parietem
3411 2090 3546 2161 legis
3575 2090 3642 2145 de
3669 2105 3785 2146 me-

2183 2176 2274 2233 dio
2305 2178 2446 2244 tulit,
2479 2189 2535 2235 et
2559 2180 2786 2235 divisam
2816 2181 3106 2236 maceriam
3137 2181 3440 2252 conjunxit,
3465 2192 3519 2236 et
3544 2198 3608 2236 ex
3639 2181 3784 2238 dua-

2183 2265 2287 2321 bus
2318 2268 2742 2338 .quodammodo
2779 2286 2941 2325 unam
2997 2269 3198 2338 effecit,
3249 2270 3416 2326 Paulo
3463 2280 3780 2338 attestante,

2183 2357 2276 2427 qui
2311 2357 2387 2412 ait
2415 2375 2427 2410 :
2466 2356 2588 2429 Ipse
2612 2370 2687 2414 est
2715 2377 2820 2429 pax
2847 2372 3048 2428 nostra,
3075 2363 3166 2433 qui
3193 2362 3314 2432 fecit
3346 2373 3567 2434 utraque
3589 2380 3781 2430 unum,

2185 2460 2232 2504 et
2266 2450 2497 2505 medium
2541 2453 2792 2523 parietem
2832 2456 3078 2508 macerim
3110 2454 3332 2520 solvens,
3376 2455 3680 2510 inimicitias
3723 2457 3783 2510 in

2185 2557 2343 2595 carne
2370 2558 2489 2606 sua,
2533 2541 2694 2615 legem
2745 2547 3119 2600 mandatorum
3145 2546 3198 2599 in
3243 2547 3462 2600 decretis
3493 2563 3780 2612 evacuans,

2184 2639 2241 2684 ut
2265 2631 2400 2686 duos
2430 2633 2618 2688 condat
2643 2635 2696 2688 in
2723 2636 2998 2706 semetipso
3021 2637 3077 2692 in
3111 2653 3272 2691 unum
3298 2654 3486 2692 novum
3516 2638 3780 2694 hominem

2186 2724 2386 2792 faciens
2397 2742 2578 2796 pacem
2594 2726 2812 2800 (Ep/tes.
2828 2729 3005 2800 ψη).
3017 2730 3116 2786 Ubi
3132 2732 3428 2787 notandum
3441 2733 3587 2802 quod
3601 2733 3779 2802 ipsum

2182 2819 2466 2888 parietem,
2496 2821 2589 2892 qui
2605 2823 2895 2878 maceriam
2909 2823 3197 2889 divideret,
3221 2824 3533 2881 inimicitias
3545 2824 3780 2896 Aposto-

2185 2910 2463 2968 lusvocat.
2495 2912 2819 2970 Observatio
2841 2917 3039 2971 etenim
3059 2917 3192 2988 legis
3205 2919 3358 2987 quasi
3383 2917 3649 2989 quoddam
3663 2915 3780 2989 38

2183 3005 2474 3062 divortium
2489 3007 2630 3064 inter
2651 3007 2818 3063 vitam
2835 3010 3136 3080 simplicem
3153 3011 3609 3082 patriarcharum,
3626 3020 3679 3066 et
3695 3010 3780 3066 vi-

2185 3105 2293 3150 tam
2309 3107 2624 3167 sequentem
2649 3099 3082 3155 Christianorum
3107 3110 3241 3166 erat,
3262 3103 3433 3158 donec
3464 3119 3572 3158 uno
3601 3119 3778 3174 augu-

2187 3189 2283 3244 lari
2303 3190 2460 3261 lapidi
2483 3191 2843 3248 CbristoJesu
2869 3193 3248 3264 jungerentur.
3275 3194 3342 3248 Et
3357 3195 3544 3250 ideoiu
3573 3211 3778 3266 genea-

2185 3282 2323 3353 logia
2351 3299 2447 3338 sua
2476 3283 2857 3355 Cbristusjam
2889 3295 3016 3342 tunc
3049 3287 3412 3356 prmmittebat
3433 3287 3780 3359 mysterium,

2184 3388 2250 3428 ex
2304 3390 2410 3442 quo
2475 3373 2715 3428 futurum
2775 3375 3146 3446 praesagiendo
3203 3378 3442 3445 signaret
3493 3377 3778 3432 effectum.

2184 3464 2638 3521 Ριιωδιοτιίιιιουηι
2667 3467 2720 3520 ἰη
2767 3482 2832 3522 eo
2867 3465 2980 3535 jam
3009 3477 3137 3522 tunc
3165 3467 3411 3524 Clnistus
3465 3467 3640 3522 inerat
3685 3482 3785 3522 se-

2185 3555 2353 3620 mine,
2417 3559 2666 3626 quamvis
2730 3559 2970 3614 nondum
3043 3559 3381 3632 propalatus,
3468 3557 3780 3615 futurorum

2187 3655 2368 3704 tamen
2398 3651 2464 3705 ad
2487 3665 2546 3706 se
2583 3651 2807 3708 trahens
2831 3652 2882 3706 in
2916 3666 3098 3708 rerum
3143 3654 3328 3725 figuris
3359 3651 3553 3728 fidem;
3585 3661 3782 3723 quate-

2187 3761 2310 3810 nus,
2339 3760 2461 3800 cum
2502 3747 2735 3814 adesset,
2763 3749 2957 3805 melius
2984 3766 3108 3805 eum
3141 3751 3272 3804 ﬁdes
3321 3750 3657 3806 credentium
3689 3763 3784 3806 re-

2185 3847 2563 3907 cognosceret,
2591 3839 2683 3908 qui
2711 3837 2894 3894 futura
2935 3857 3034 3911 per
3063 3841 3437 3896 successiones
3466 3839 3780 3910 praeceden-

2188 3928 2320 3980 tium
2349 3937 2562 3996 patrum
2587 3928 2712 3982 talia
2735 3931 3207 3997 praemonstrabat.
3244 3930 3394 3984 Unde
3417 3939 3471 3984 et
3495 3931 3782 3988 Matthteus

2187 4016 2374 4071 volens
2396 4033 2518 4070 eum
2554 4016 2898 4073 utanifestius
2927 4020 3234 4091 designare,
3282 4020 3442 4076 sinml
3497 4021 3700 4078 Phares
3721 4032 3785 4078 et

2187 4107 2380 4161 Zaram
2410 4107 2475 4161 de
2507 4105 2744 4162 Thamar
2771 4111 3103 4180 supputavit,
3136 4123 3197 4166 ut
3227 4127 3325 4182 per
3365 4128 3458 4170 eos
3495 4113 3636 4168 linea
3686 4095 3804 4184 ge;

2189 4201 2492 4256 nerationis
2537 4203 2762 4258 deducta
2819 4204 3103 4260 exhiberet
3133 4202 3409 4261 Christum
3445 4207 3549 4262 sibi
3593 4207 3780 4262 Eccle-

2188 4295 2324 4350 siam
2355 4295 2407 4350 in
2445 4311 2502 4351 se
2528 4297 2756 4367 mystice
2779 4297 2907 4353 olim
2939 4299 3244 4366 dedicasse,
3280 4316 3440 4372 quam
3473 4317 3538 4355 ex
3594 4317 3784 4356 rerum

2187 4387 2470 4459 prepbetia
2516 4388 2826 4444 adfuturam
2869 4405 2969 4446 suo
3002 4391 3056 4446 in
3123 4402 3366 4463 tempore
3392 4393 3779 4465 praesignabat.

2261 4476 2465 4536 Phares
2495 4492 2669 4536 autem
2699 4485 2880 4555 genuit
2918 4483 3131 4539 Esrom.
3167 4485 3358 4540 Esrom
3387 4487 3563 4556 genuit
3590 4487 3780 4542 Aram.

2186 4574 2348 4625 Aram
2372 4575 2546 4644 genuit
2595 4574 2912 4631 Aminadab.
2961 4575 3260 4631 Aminadab
3289 4577 3465 4648 genuit
3503 4575 3780 4632 Naasson.

2191 4663 2438 4718 Naasson
2467 4667 2643 4736 genuit
2693 4665 2935 4722 Salmon.
2969 4665 3188 4724 Sulmon
3223 4680 3396 4723 autem
3427 4671 3602 4740 genuit
3633 4668 3784 4724 Booz

2187 4757 2251 4810 de
2279 4755 2488 4813 lia/tab.
2531 4759 2631 4815 llic
2681 4760 2911 4827 Phares,
2943 4761 3084 4817 sicut
3135 4775 3203 4816 ex
3241 4761 3472 4816 lectione
3512 4762 3782 4832 comperi-

2191 4864 2330 4914 mus,
2384 4850 2543 4905 simul
2599 4868 2722 4907 cum
2759 4850 2896 4907 Juda
2951 4861 3108 4923 patre
3156 4867 3254 4907 suo
3302 4853 3582 4932 ingressus
3608 4859 3694 4908 est
3723 4853 3780 4910 iu

2189 4940 2506 5014 Egyptum,
2539 4960 2603 5000 ac
2650 4946 2906 5017 deinceps
2935 4948 3128 5002 horum
3158 4948 3428 5003 interdum
3461 4946 3606 5002 nulla
3653 4964 3781 5004 uar-

2193 5045 2380 5088 rantur
2413 5037 2663 5108 mystica,
2695 5040 2867 5093 donec
2911 5037 3200 5112 [Naasson]
3260 5037 3502 5106 Salmon,
3535 5041 3681 5096 sicut
3723 5041 3779 5096 in

2191 5123 2438 5181 Numeris
2474 5128 2534 5196 (ι,
2571 5128 2638 5193 7;
2667 5143 2726 5192 ιι,
2751 5128 2807 5198 5)
2842 5127 3085 5198 legimus,
3117 5132 3333 5200 quando
3363 5131 3525 5187 Israel
3560 5132 3693 5186 exiit
3713 5134 3782 5188 de

2187 5213 2442 5285 Egypto,
2472 5217 2722 5286 princeps
2746 5213 2911 5272 fuisse
2941 5218 3114 5274 tribus
3161 5219 3312 5276 Juda:
3339 5221 3610 5292 signetur,
3639 5239 3778 5292 quo-

2186 5320 2304 5358 rum
2397 5305 2448 5358 in
2524 5305 2732 5360 semine
2801 5305 3076 5362 Christqu
3147 5309 3291 5364 velut
3361 5312 3778 5383 repromissum,

2191 5393 2482 5466 tEgyptum
2513 5396 2807 5461 introiisse,
2839 5399 2972 5452 ιιιιΙΙί
3000 5399 3219 5456 dubium
3247 5412 3349 5457 est.
3383 5403 3448 5457 Et
3478 5404 3602 5459 ideo
3619 5405 3780 5474 quasi

2189 5501 2255 5539 ex
2281 5486 2546 5556 pratsagio
2563 5483 2674 5554 jam
2691 5495 2820 5542 tunc
2846 5489 3074 5558 pepulus
3099 5477 3461 5562 premebatur.
3495 5493 3782 5552 Sentiebat
3847 5486 3865 5494 “

2193 5571 2416 5627 forsitan
2467 5575 2720 5630 inimicus
2750 5593 2813 5630 ex
2857 5579 3046 5632 eodem
3091 5581 3295 5635 semine
3324 5582 3639 5652 affuturum,
3682 5587 3780 5657 qui

2192 5665 2307 5735 citis
2330 5665 2450 5734 jura
2474 5679 2778 5736 quassaret,
2812 5678 2869 5724 et
2907 5671 3026 5726 ideo
3063 5686 3170 5727 non
3194 5671 3440 5738 feminas,
3475 5676 3570 5732 sed
3597 5693 3782 5734 mares

2195 5769 2402 5816 tantum
2458 5762 2766 5816 interimere
2794 5763 3067 5836 cupiebat,
3115 5773 3176 5820 ut
3213 5766 3298 5822 vel
3328 5769 3407 5824 sic
3456 5784 3580 5825 eum
3611 5785 3779 5846 quem
