  <div class='ocr_page' id='page_1' title='image "/cluster/home/n/w/nwhite01/storage/ocr_20150623/120/hvd.32044015466923/036.png"; bbox 0 0 4032 6358; ppageno 0'>
   <div class='ocr_carea' id='block_1_1' title="bbox 245 321 314 378">
    <p class='ocr_par' dir='ltr' id='par_1_1' title="bbox 245 321 314 378">
     <span class='ocr_line' id='line_1_1' title="bbox 245 321 314 378; baseline 0 0"><span class='ocrx_word' id='word_1_1' title='bbox 245 321 314 378; x_wconf 74' lang='grc'><strong>61</strong></span> 
     </span>
    </p>
   </div>
   <div class='ocr_carea' id='block_1_2' title="bbox 1105 323 3517 400">
    <p class='ocr_par' dir='ltr' id='par_1_2' title="bbox 1105 323 3517 400">
     <span class='ocr_line' id='line_1_2' title="bbox 1105 323 3517 400; baseline 0.009 -21"><span class='ocrx_word' id='word_1_2' title='bbox 1105 323 1469 381; x_wconf 71' lang='lat' dir='ltr'><strong>EXPOSI&#39;I‘IO</strong></span> <span class='ocrx_word' id='word_1_3' title='bbox 1510 326 1576 383; x_wconf 85' lang='lat' dir='ltr'><strong>IN</strong></span> <span class='ocrx_word' id='word_1_4' title='bbox 1619 328 2050 391; x_wconf 65' lang='lat' dir='ltr'><strong>MAT&#39;I&#39;HAEUM.</strong></span> <span class='ocrx_word' id='word_1_5' title='bbox 2086 360 2155 371; x_wconf 86' lang='lat'><strong>--</strong></span> <span class='ocrx_word' id='word_1_6' title='bbox 2195 330 2320 385; x_wconf 80' lang='lat' dir='ltr'><strong>LIB.</strong></span> <span class='ocrx_word' id='word_1_7' title='bbox 2360 334 2402 399; x_wconf 91' lang='lat' dir='ltr'><strong>l,</strong></span> <span class='ocrx_word' id='word_1_8' title='bbox 2437 332 2587 391; x_wconf 81' lang='lat' dir='ltr'><strong>CAP.</strong></span> <span class='ocrx_word' id='word_1_9' title='bbox 2627 336 2668 389; x_wconf 90' lang='grc' dir='ltr'>ι.</span> <span class='ocrx_word' id='word_1_10' title='bbox 3451 344 3517 400; x_wconf 58' lang='grc' dir='ltr'>ιιι»</span> 
     </span>
    </p>
   </div>
   <div class='ocr_carea' id='block_1_3' title="bbox 244 436 3513 524">
    <p class='ocr_par' dir='ltr' id='par_1_3' title="bbox 244 436 3513 524">
     <span class='ocr_line' id='line_1_3' title="bbox 244 436 3513 524; baseline 0.006 -33"><span class='ocrx_word' id='word_1_11' title='bbox 244 436 576 492; x_wconf 63' lang='lat' dir='ltr'><strong>indit-batur</strong></span> <span class='ocrx_word' id='word_1_12' title='bbox 600 437 989 506; x_wconf 68' lang='lat' dir='ltr'><strong>exstingueret.</strong></span> <span class='ocrx_word' id='word_1_13' title='bbox 1026 439 1146 508; x_wconf 83' lang='lat' dir='ltr'><strong>Egit</strong></span> <span class='ocrx_word' id='word_1_14' title='bbox 1166 440 1363 509; x_wconf 79' lang='lat' dir='ltr'><strong>quippe</strong></span> <span class='ocrx_word' id='word_1_15' title='bbox 1393 451 1576 509; x_wconf 83' lang='lat' dir='ltr'><strong>postea</strong></span> <span class='ocrx_word' id='word_1_16' title='bbox 1603 441 1701 497; x_wconf 79' lang='lat' dir='ltr'><strong>hac</strong></span> <span class='ocrx_word' id='word_1_17' title='bbox 1724 452 1841 497; x_wconf 89' lang='lat' dir='ltr'><strong>arte</strong></span> <span class='ocrx_word' id='word_1_18' title='bbox 1869 451 1919 511; x_wconf 80' lang='grc' dir='ltr'>Α</span> <span class='ocrx_word' id='word_1_19' title='bbox 1947 447 2082 501; x_wconf 88' lang='lat' dir='ltr'><strong>muri</strong></span> <span class='ocrx_word' id='word_1_20' title='bbox 2114 457 2391 510; x_wconf 88' lang='lat' dir='ltr'><strong>corruant,</strong></span> <span class='ocrx_word' id='word_1_21' title='bbox 2425 458 2478 501; x_wconf 88' lang='lat' dir='ltr'><strong>et</strong></span> <span class='ocrx_word' id='word_1_22' title='bbox 2510 449 2798 505; x_wconf 83' lang='lat' dir='ltr'><strong>novissima</strong></span> <span class='ocrx_word' id='word_1_23' title='bbox 2827 448 2938 523; x_wconf 72' lang='grc' dir='ltr'>ω</span> <span class='ocrx_word' id='word_1_24' title='bbox 2984 466 3131 509; x_wconf 89' lang='lat' dir='ltr'><strong>mors</strong></span> <span class='ocrx_word' id='word_1_25' title='bbox 3186 454 3513 524; x_wconf 76' lang='lat' dir='ltr'><strong>destruatur,</strong></span> 
     </span>
    </p>
   </div>
   <div class='ocr_carea' id='block_1_4' title="bbox 246 534 1839 605">
    <p class='ocr_par' dir='ltr' id='par_1_4' title="bbox 246 534 1839 605">
     <span class='ocr_line' id='line_1_4' title="bbox 246 534 1839 605; baseline 0.003 -14"><span class='ocrx_word' id='word_1_26' title='bbox 246 536 403 591; x_wconf 80' lang='lat' dir='ltr'><strong>idem</strong></span> <span class='ocrx_word' id='word_1_27' title='bbox 426 534 706 599; x_wconf 83' lang='lat' dir='ltr'><strong>inimicus,</strong></span> <span class='ocrx_word' id='word_1_28' title='bbox 746 536 910 589; x_wconf 88' lang='lat' dir='ltr'><strong>etiam</strong></span> <span class='ocrx_word' id='word_1_29' title='bbox 956 552 1051 605; x_wconf 89' lang='lat' dir='ltr'><strong>per</strong></span> <span class='ocrx_word' id='word_1_30' title='bbox 1092 536 1360 591; x_wconf 83' lang='lat' dir='ltr'><strong>Herodem</strong></span> <span class='ocrx_word' id='word_1_31' title='bbox 1408 539 1605 594; x_wconf 82' lang='lat' dir='ltr'><strong>multos</strong></span> <span class='ocrx_word' id='word_1_32' title='bbox 1633 540 1839 595; x_wconf 83' lang='lat' dir='ltr'><strong>interli-</strong></span> 
     </span>
    </p>
   </div>
   <div class='ocr_carea' id='block_1_5' title="bbox 247 624 1836 698">
    <p class='ocr_par' dir='ltr' id='par_1_5' title="bbox 247 624 1836 698">
     <span class='ocr_line' id='line_1_5' title="bbox 247 624 1836 698; baseline 0.001 -16"><span class='ocrx_word' id='word_1_33' title='bbox 247 628 422 690; x_wconf 81' lang='lat' dir='ltr'><strong>ciens,</strong></span> <span class='ocrx_word' id='word_1_34' title='bbox 446 635 502 678; x_wconf 91' lang='lat' dir='ltr'><strong>ut</strong></span> <span class='ocrx_word' id='word_1_35' title='bbox 532 625 716 680; x_wconf 87' lang='lat' dir='ltr'><strong>solum</strong></span> <span class='ocrx_word' id='word_1_36' title='bbox 756 635 977 680; x_wconf 87' lang='lat' dir='ltr'><strong>necaret</strong></span> <span class='ocrx_word' id='word_1_37' title='bbox 1015 624 1308 681; x_wconf 82' lang='lat' dir='ltr'><strong>Christum.</strong></span> <span class='ocrx_word' id='word_1_38' title='bbox 1343 627 1418 681; x_wconf 90' lang='lat' dir='ltr'><strong>De</strong></span> <span class='ocrx_word' id='word_1_39' title='bbox 1446 643 1553 698; x_wconf 92' lang='lat' dir='ltr'><strong>quo</strong></span> <span class='ocrx_word' id='word_1_40' title='bbox 1581 630 1836 683; x_wconf 81' lang='lat' dir='ltr'><strong>nimirum</strong></span> 
     </span>
    </p>
   </div>
   <div class='ocr_carea' id='block_1_6' title="bbox 248 715 1836 789">
    <p class='ocr_par' dir='ltr' id='par_1_6' title="bbox 248 715 1836 789">
     <span class='ocr_line' id='line_1_6' title="bbox 248 715 1836 789; baseline 0.001 -16"><span class='ocrx_word' id='word_1_41' title='bbox 248 718 517 789; x_wconf 58' lang='lat' dir='ltr'><strong>praesagio</strong></span> <span class='ocrx_word' id='word_1_42' title='bbox 573 715 845 787; x_wconf 72' lang='lat' dir='ltr'><strong>Iosephus</strong></span> <span class='ocrx_word' id='word_1_43' title='bbox 894 716 947 770; x_wconf 91' lang='lat' dir='ltr'><strong>in</strong></span> <span class='ocrx_word' id='word_1_44' title='bbox 1003 715 1140 770; x_wconf 89' lang='lat' dir='ltr'><strong>libro</strong></span> <span class='ocrx_word' id='word_1_45' title='bbox 1184 717 1420 772; x_wconf 90' lang='lat' dir='ltr'><strong>secundo</strong></span> <span class='ocrx_word' id='word_1_46' title='bbox 1483 719 1836 788; x_wconf 82' lang='lat' dir='ltr'><strong>Antiquitatis</strong></span> 
     </span>
    </p>
   </div>
   <div class='ocr_carea' id='block_1_7' title="bbox 244 806 1833 878">
    <p class='ocr_par' dir='ltr' id='par_1_7' title="bbox 244 806 1833 878">
     <span class='ocr_line' id='line_1_7' title="bbox 244 806 1833 878; baseline 0 -14"><span class='ocrx_word' id='word_1_47' title='bbox 244 808 485 864; x_wconf 72' lang='lat' dir='ltr'><strong>historia:</strong></span> <span class='ocrx_word' id='word_1_48' title='bbox 508 814 909 862; x_wconf 77' lang='lat' dir='ltr'><strong>commemorat</strong></span> <span class='ocrx_word' id='word_1_49' title='bbox 933 806 1136 871; x_wconf 87' lang='lat' dir='ltr'><strong>dicens,</strong></span> <span class='ocrx_word' id='word_1_50' title='bbox 1165 809 1308 876; x_wconf 89' lang='lat' dir='ltr'><strong>quod</strong></span> <span class='ocrx_word' id='word_1_51' title='bbox 1332 808 1549 878; x_wconf 89' lang='lat' dir='ltr'><strong>quidam</strong></span> <span class='ocrx_word' id='word_1_52' title='bbox 1579 808 1742 865; x_wconf 90' lang='lat' dir='ltr'><strong>fuerit</strong></span> <span class='ocrx_word' id='word_1_53' title='bbox 1780 810 1833 864; x_wconf 91' lang='lat' dir='ltr'><strong>in</strong></span> 
     </span>
    </p>
   </div>
   <div class='ocr_carea' id='block_1_8' title="bbox 242 897 1834 972">
    <p class='ocr_par' dir='ltr' id='par_1_8' title="bbox 242 897 1834 972">
     <span class='ocr_line' id='line_1_8' title="bbox 242 897 1834 972; baseline 0.002 -18"><span class='ocrx_word' id='word_1_54' title='bbox 242 899 477 972; x_wconf 56' lang='lat' dir='ltr'><strong>Egypto</strong></span> <span class='ocrx_word' id='word_1_55' title='bbox 506 914 799 954; x_wconf 82' lang='lat' dir='ltr'><strong>sacrorum</strong></span> <span class='ocrx_word' id='word_1_56' title='bbox 824 897 1023 964; x_wconf 86' lang='lat' dir='ltr'><strong>scriba,</strong></span> <span class='ocrx_word' id='word_1_57' title='bbox 1057 914 1179 953; x_wconf 89' lang='lat' dir='ltr'><strong>cum</strong></span> <span class='ocrx_word' id='word_1_58' title='bbox 1222 901 1350 967; x_wconf 88' lang='lat' dir='ltr'><strong>sint,</strong></span> <span class='ocrx_word' id='word_1_59' title='bbox 1400 902 1597 971; x_wconf 87' lang='lat' dir='ltr'><strong>inquit,</strong></span> <span class='ocrx_word' id='word_1_60' title='bbox 1624 903 1834 971; x_wconf 79' lang='lat' dir='ltr'><strong>experti</strong></span> 
     </span>
    </p>
   </div>
   <div class='ocr_carea' id='block_1_9' title="bbox 240 989 1831 1063">
    <p class='ocr_par' dir='ltr' id='par_1_9' title="bbox 240 989 1831 1063">
     <span class='ocr_line' id='line_1_9' title="bbox 240 989 1831 1063; baseline 0.001 -17"><span class='ocrx_word' id='word_1_61' title='bbox 240 992 309 1046; x_wconf 92' lang='lat' dir='ltr'><strong>de</strong></span> <span class='ocrx_word' id='word_1_62' title='bbox 352 991 550 1045; x_wconf 84' lang='lat' dir='ltr'><strong>futuris</strong></span> <span class='ocrx_word' id='word_1_63' title='bbox 596 990 784 1045; x_wconf 83' lang='lat' dir='ltr'><strong>dicere</strong></span> <span class='ocrx_word' id='word_1_64' title='bbox 822 989 1127 1055; x_wconf 76' lang='lat' dir='ltr'><strong>veritatem,</strong></span> <span class='ocrx_word' id='word_1_65' title='bbox 1182 992 1272 1059; x_wconf 89' lang='lat' dir='ltr'><strong>qui</strong></span> <span class='ocrx_word' id='word_1_66' title='bbox 1324 991 1660 1046; x_wconf 79' lang='lat' dir='ltr'><strong>denuntiavit</strong></span> <span class='ocrx_word' id='word_1_67' title='bbox 1696 993 1831 1063; x_wconf 89' lang='lat' dir='ltr'><strong>regi,</strong></span> 
     </span>
    </p>
   </div>
   <div class='ocr_carea' id='block_1_10' title="bbox 240 1083 1828 1155">
    <p class='ocr_par' dir='ltr' id='par_1_10' title="bbox 240 1083 1828 1155">
     <span class='ocr_line' id='line_1_10' title="bbox 240 1083 1828 1155; baseline 0.003 -16"><span class='ocrx_word' id='word_1_68' title='bbox 240 1084 335 1139; x_wconf 83' lang='lat' dir='ltr'><strong>illo</strong></span> <span class='ocrx_word' id='word_1_69' title='bbox 356 1083 407 1138; x_wconf 91' lang='lat' dir='ltr'><strong>in</strong></span> <span class='ocrx_word' id='word_1_70' title='bbox 434 1095 709 1155; x_wconf 81' lang='lat' dir='ltr'><strong>tempore.</strong></span> <span class='ocrx_word' id='word_1_71' title='bbox 736 1084 1022 1152; x_wconf 81' lang='lat' dir='ltr'><strong>quemdam</strong></span> <span class='ocrx_word' id='word_1_72' title='bbox 1049 1084 1367 1153; x_wconf 84' lang='lat' dir='ltr'><strong>pariendum</strong></span> <span class='ocrx_word' id='word_1_73' title='bbox 1384 1087 1525 1142; x_wconf 89' lang='lat' dir='ltr'><strong>inter</strong></span> <span class='ocrx_word' id='word_1_74' title='bbox 1537 1084 1828 1155; x_wconf 89' lang='lat' dir='ltr'><strong>lsraelitas,</strong></span> 
     </span>
    </p>
   </div>
   <div class='ocr_carea' id='block_1_11' title="bbox 234 1174 1832 1248">
    <p class='ocr_par' dir='ltr' id='par_1_11' title="bbox 234 1174 1832 1248">
     <span class='ocr_line' id='line_1_11' title="bbox 234 1174 1832 1248; baseline 0.004 -21"><span class='ocrx_word' id='word_1_75' title='bbox 234 1176 333 1244; x_wconf 79' lang='lat' dir='ltr'><strong>qui</strong></span> <span class='ocrx_word' id='word_1_76' title='bbox 359 1174 674 1229; x_wconf 83' lang='lat' dir='ltr'><strong>humiliaret</strong></span> <span class='ocrx_word' id='word_1_77' title='bbox 693 1174 911 1243; x_wconf 79' lang='lat' dir='ltr'><strong>quidem</strong></span> <span class='ocrx_word' id='word_1_78' title='bbox 942 1175 1303 1244; x_wconf 89' lang='lat' dir='ltr'><strong>principatum</strong></span> <span class='ocrx_word' id='word_1_79' title='bbox 1335 1174 1579 1247; x_wconf 64' lang='lat' dir='ltr'><strong>Egypti,</strong></span> <span class='ocrx_word' id='word_1_80' title='bbox 1609 1188 1832 1248; x_wconf 86' lang='lat' dir='ltr'><strong>augeret</strong></span> 
     </span>
    </p>
   </div>
   <div class='ocr_carea' id='block_1_12' title="bbox 235 1265 1827 1338">
    <p class='ocr_par' dir='ltr' id='par_1_12' title="bbox 235 1265 1827 1338">
     <span class='ocr_line' id='line_1_12' title="bbox 235 1265 1827 1338; baseline 0.003 -17"><span class='ocrx_word' id='word_1_81' title='bbox 235 1278 421 1321; x_wconf 84' lang='lat' dir='ltr'><strong>autem</strong></span> <span class='ocrx_word' id='word_1_82' title='bbox 451 1282 555 1321; x_wconf 83' lang='lat' dir='ltr'><strong>suo</strong></span> <span class='ocrx_word' id='word_1_83' title='bbox 580 1266 920 1321; x_wconf 90' lang='lat' dir='ltr'><strong>incremento</strong></span> <span class='ocrx_word' id='word_1_84' title='bbox 950 1265 1315 1322; x_wconf 88' lang='lat' dir='ltr'><strong>Israelitarum</strong></span> <span class='ocrx_word' id='word_1_85' title='bbox 1355 1284 1550 1338; x_wconf 88' lang='lat' dir='ltr'><strong>genus,</strong></span> <span class='ocrx_word' id='word_1_86' title='bbox 1599 1271 1827 1326; x_wconf 86' lang='lat' dir='ltr'><strong>virtute-</strong></span> 
     </span>
    </p>
   </div>
   <div class='ocr_carea' id='block_1_13' title="bbox 234 1360 1828 1431">
    <p class='ocr_par' dir='ltr' id='par_1_13' title="bbox 234 1360 1828 1431">
     <span class='ocr_line' id='line_1_13' title="bbox 234 1360 1828 1431; baseline 0.001 -18"><span class='ocrx_word' id='word_1_87' title='bbox 234 1376 349 1430; x_wconf 83' lang='lat' dir='ltr'><strong>que</strong></span> <span class='ocrx_word' id='word_1_88' title='bbox 385 1360 808 1414; x_wconf 87' lang='lat' dir='ltr'><strong>transcenderet</strong></span> <span class='ocrx_word' id='word_1_89' title='bbox 853 1362 1152 1423; x_wconf 85' lang='lat' dir='ltr'><strong>universos,</strong></span> <span class='ocrx_word' id='word_1_90' title='bbox 1184 1370 1239 1414; x_wconf 91' lang='lat' dir='ltr'><strong>et</strong></span> <span class='ocrx_word' id='word_1_91' title='bbox 1279 1362 1505 1431; x_wconf 83' lang='lat' dir='ltr'><strong>gloriam</strong></span> <span class='ocrx_word' id='word_1_92' title='bbox 1557 1362 1611 1415; x_wconf 90' lang='lat' dir='ltr'><strong>in</strong></span> <span class='ocrx_word' id='word_1_93' title='bbox 1640 1377 1828 1431; x_wconf 88' lang='lat' dir='ltr'><strong>perpe-</strong></span> 
     </span>
    </p>
   </div>
   <div class='ocr_carea' id='block_1_14' title="bbox 235 1450 1826 1519">
    <p class='ocr_par' dir='ltr' id='par_1_14' title="bbox 235 1450 1826 1519">
     <span class='ocr_line' id='line_1_14' title="bbox 235 1450 1826 1519; baseline 0.001 -14"><span class='ocrx_word' id='word_1_94' title='bbox 235 1460 399 1505; x_wconf 84' lang='lat' dir='ltr'><strong>tuum</strong></span> <span class='ocrx_word' id='word_1_95' title='bbox 446 1450 854 1505; x_wconf 77' lang='lat' dir='ltr'><strong>memorabilem</strong></span> <span class='ocrx_word' id='word_1_96' title='bbox 908 1451 1228 1518; x_wconf 76' lang='lat' dir='ltr'><strong>possideret.</strong></span> <span class='ocrx_word' id='word_1_97' title='bbox 1262 1450 1425 1519; x_wconf 79' lang='lat' dir='ltr'><strong>Cujus</strong></span> <span class='ocrx_word' id='word_1_98' title='bbox 1480 1452 1556 1506; x_wconf 88' lang='lat' dir='ltr'><strong>rei</strong></span> <span class='ocrx_word' id='word_1_99' title='bbox 1598 1453 1826 1508; x_wconf 84' lang='lat' dir='ltr'><strong>consilio</strong></span> 
     </span>
    </p>
   </div>
   <div class='ocr_carea' id='block_1_15' title="bbox 240 1540 1824 1612">
    <p class='ocr_par' dir='ltr' id='par_1_15' title="bbox 240 1540 1824 1612">
     <span class='ocr_line' id='line_1_15' title="bbox 240 1540 1824 1612; baseline 0.003 -18"><span class='ocrx_word' id='word_1_100' title='bbox 240 1541 449 1597; x_wconf 85' lang='lat' dir='ltr'><strong>factum</strong></span> <span class='ocrx_word' id='word_1_101' title='bbox 495 1553 577 1599; x_wconf 87' lang='lat' dir='ltr'><strong>est</strong></span> <span class='ocrx_word' id='word_1_102' title='bbox 622 1552 675 1596; x_wconf 90' lang='lat' dir='ltr'><strong>ut</strong></span> <span class='ocrx_word' id='word_1_103' title='bbox 714 1557 882 1597; x_wconf 87' lang='lat' dir='ltr'><strong>omne</strong></span> <span class='ocrx_word' id='word_1_104' title='bbox 934 1543 1311 1612; x_wconf 65' lang='lat' dir='ltr'><strong>masculinum,</strong></span> <span class='ocrx_word' id='word_1_105' title='bbox 1352 1546 1495 1612; x_wconf 88' lang='lat' dir='ltr'><strong>quod</strong></span> <span class='ocrx_word' id='word_1_106' title='bbox 1542 1559 1609 1599; x_wconf 77' lang='lat' dir='ltr'><strong>ex</strong></span> <span class='ocrx_word' id='word_1_107' title='bbox 1650 1540 1824 1600; x_wconf 82' lang='lat' dir='ltr'><strong>Israel</strong></span> 
     </span>
    </p>
   </div>
   <div class='ocr_carea' id='block_1_16' title="bbox 240 1632 1822 1704">
    <p class='ocr_par' dir='ltr' id='par_1_16' title="bbox 240 1632 1822 1704">
     <span class='ocr_line' id='line_1_16' title="bbox 240 1632 1822 1704; baseline 0.003 -19"><span class='ocrx_word' id='word_1_108' title='bbox 240 1644 585 1695; x_wconf 84' lang='lat' dir='ltr'><strong>nasceretur,</strong></span> <span class='ocrx_word' id='word_1_109' title='bbox 619 1632 1000 1704; x_wconf 61' lang='lat' dir='ltr'><strong>:Egyptiorum</strong></span> <span class='ocrx_word' id='word_1_110' title='bbox 1052 1634 1304 1689; x_wconf 84' lang='lat' dir='ltr'><strong>fluctibus</strong></span> <span class='ocrx_word' id='word_1_111' title='bbox 1353 1644 1660 1689; x_wconf 78' lang='lat' dir='ltr'><strong>necaretur.</strong></span> <span class='ocrx_word' id='word_1_112' title='bbox 1714 1636 1822 1690; x_wconf 85' lang='lat' dir='ltr'><strong>Sed</strong></span> 
     </span>
    </p>
   </div>
   <div class='ocr_carea' id='block_1_17' title="bbox 225 1722 1818 1793">
    <p class='ocr_par' dir='ltr' id='par_1_17' title="bbox 225 1722 1818 1793">
     <span class='ocr_line' id='line_1_17' title="bbox 225 1722 1818 1793; baseline 0.002 -16"><span class='ocrx_word' id='word_1_113' title='bbox 225 1724 428 1777; x_wconf 86' lang='lat' dir='ltr'><strong>avertit</strong></span> <span class='ocrx_word' id='word_1_114' title='bbox 473 1722 588 1793; x_wconf 77' lang='lat'><strong><em>39</em></strong></span> <span class='ocrx_word' id='word_1_115' title='bbox 610 1723 736 1776; x_wconf 89' lang='lat' dir='ltr'><strong>illud</strong></span> <span class='ocrx_word' id='word_1_116' title='bbox 771 1724 929 1787; x_wconf 83' lang='lat' dir='ltr'><strong>Deus,</strong></span> <span class='ocrx_word' id='word_1_117' title='bbox 962 1723 1048 1776; x_wconf 88' lang='lat' dir='ltr'><strong>cui</strong></span> <span class='ocrx_word' id='word_1_118' title='bbox 1071 1733 1255 1791; x_wconf 85' lang='lat' dir='ltr'><strong>postea</strong></span> <span class='ocrx_word' id='word_1_119' title='bbox 1284 1725 1455 1778; x_wconf 86' lang='lat' dir='ltr'><strong>maria</strong></span> <span class='ocrx_word' id='word_1_120' title='bbox 1491 1740 1555 1779; x_wconf 90' lang='lat' dir='ltr'><strong>ac</strong></span> <span class='ocrx_word' id='word_1_121' title='bbox 1598 1725 1818 1780; x_wconf 85' lang='lat' dir='ltr'><strong>flumina</strong></span> 
     </span>
    </p>
   </div>
   <div class='ocr_carea' id='block_1_18' title="bbox 1940 537 3513 609">
    <p class='ocr_par' dir='ltr' id='par_1_18' title="bbox 1940 537 3513 609">
     <span class='ocr_line' id='line_1_18' title="bbox 1940 537 3513 609; baseline 0.008 -17"><span class='ocrx_word' id='word_1_122' title='bbox 1940 554 2005 592; x_wconf 89' lang='lat' dir='ltr'><strong>eo</strong></span> <span class='ocrx_word' id='word_1_123' title='bbox 2035 538 2178 606; x_wconf 91' lang='lat' dir='ltr'><strong>quod</strong></span> <span class='ocrx_word' id='word_1_124' title='bbox 2224 537 2336 606; x_wconf 87' lang='lat' dir='ltr'><strong>jam</strong></span> <span class='ocrx_word' id='word_1_125' title='bbox 2370 547 2496 593; x_wconf 91' lang='lat' dir='ltr'><strong>tunc</strong></span> <span class='ocrx_word' id='word_1_126' title='bbox 2536 540 2791 609; x_wconf 84' lang='lat' dir='ltr'><strong>absorpta</strong></span> <span class='ocrx_word' id='word_1_127' title='bbox 2822 541 2893 596; x_wconf 88' lang='lat' dir='ltr'><strong>sit</strong></span> <span class='ocrx_word' id='word_1_128' title='bbox 2912 542 2967 596; x_wconf 91' lang='lat' dir='ltr'><strong>in</strong></span> <span class='ocrx_word' id='word_1_129' title='bbox 2997 543 3300 599; x_wconf 84' lang='lat' dir='ltr'><strong>victoriam.</strong></span> <span class='ocrx_word' id='word_1_130' title='bbox 3340 545 3513 606; x_wconf 67' lang='lat' dir='ltr'><strong>Inter-</strong></span> 
     </span>
    </p>
   </div>
   <div class='ocr_carea' id='block_1_19' title="bbox 1939 630 3595 697">
    <p class='ocr_par' dir='ltr' id='par_1_19' title="bbox 1939 630 3595 697">
     <span class='ocr_line' id='line_1_19' title="bbox 1939 630 3595 697; baseline 0.007 -12"><span class='ocrx_word' id='word_1_131' title='bbox 1939 630 2066 685; x_wconf 90' lang='lat' dir='ltr'><strong>dum</strong></span> <span class='ocrx_word' id='word_1_132' title='bbox 2095 638 2275 684; x_wconf 88' lang='lat' dir='ltr'><strong>autem</strong></span> <span class='ocrx_word' id='word_1_133' title='bbox 2299 631 2411 686; x_wconf 87' lang='lat' dir='ltr'><strong>sola</strong></span> <span class='ocrx_word' id='word_1_134' title='bbox 2452 631 2690 686; x_wconf 81' lang='lat' dir='ltr'><strong>salvator</strong></span> <span class='ocrx_word' id='word_1_135' title='bbox 2712 632 2880 696; x_wconf 79' lang='lat' dir='ltr'><strong>Raab,</strong></span> <span class='ocrx_word' id='word_1_136' title='bbox 2912 634 3161 691; x_wconf 81' lang='lat' dir='ltr'><strong>videlicet</strong></span> <span class='ocrx_word' id='word_1_137' title='bbox 3187 635 3513 695; x_wconf 77' lang='lat' dir='ltr'><strong>ChristiEc—</strong></span> <span class='ocrx_word' id='word_1_138' title='bbox 3580 692 3595 697; x_wconf 84' lang='lat'><strong>-</strong></span> 
     </span>
    </p>
   </div>
   <div class='ocr_carea' id='block_1_20' title="bbox 1936 722 3511 794">
    <p class='ocr_par' dir='ltr' id='par_1_20' title="bbox 1936 722 3511 794">
     <span class='ocr_line' id='line_1_20' title="bbox 1936 722 3511 794; baseline 0.007 -19"><span class='ocrx_word' id='word_1_139' title='bbox 1936 722 2125 787; x_wconf 87' lang='lat' dir='ltr'><strong>clesia,</strong></span> <span class='ocrx_word' id='word_1_140' title='bbox 2171 723 2411 792; x_wconf 86' lang='lat' dir='ltr'><strong>ejusdem</strong></span> <span class='ocrx_word' id='word_1_141' title='bbox 2462 725 2719 794; x_wconf 74' lang='lat' dir='ltr'><strong>sanguine</strong></span> <span class='ocrx_word' id='word_1_142' title='bbox 2768 724 3062 789; x_wconf 83' lang='lat' dir='ltr'><strong>rubricata,</strong></span> <span class='ocrx_word' id='word_1_143' title='bbox 3109 727 3233 794; x_wconf 87' lang='lat' dir='ltr'><strong>quia</strong></span> <span class='ocrx_word' id='word_1_144' title='bbox 3292 730 3511 786; x_wconf 90' lang='lat' dir='ltr'><strong>nuntios</strong></span> 
     </span>
    </p>
   </div>
   <div class='ocr_carea' id='block_1_21' title="bbox 1938 810 3513 883">
    <p class='ocr_par' dir='ltr' id='par_1_21' title="bbox 1938 810 3513 883">
     <span class='ocr_line' id='line_1_21' title="bbox 1938 810 3513 883; baseline 0.004 -16"><span class='ocrx_word' id='word_1_145' title='bbox 1938 813 2050 867; x_wconf 82' lang='lat' dir='ltr'><strong>veri</strong></span> <span class='ocrx_word' id='word_1_146' title='bbox 2097 810 2225 868; x_wconf 83' lang='lat' dir='ltr'><strong>Jcsu</strong></span> <span class='ocrx_word' id='word_1_147' title='bbox 2282 813 2392 866; x_wconf 87' lang='lat' dir='ltr'><strong>sola</strong></span> <span class='ocrx_word' id='word_1_148' title='bbox 2446 815 2698 883; x_wconf 89' lang='lat' dir='ltr'><strong>suscepit.</strong></span> <span class='ocrx_word' id='word_1_149' title='bbox 2749 814 2815 867; x_wconf 85' lang='lat' dir='ltr'><strong>Et</strong></span> <span class='ocrx_word' id='word_1_150' title='bbox 2844 814 2964 870; x_wconf 89' lang='lat' dir='ltr'><strong>ideo</strong></span> <span class='ocrx_word' id='word_1_151' title='bbox 3007 830 3112 868; x_wconf 90' lang='lat' dir='ltr'><strong>non</strong></span> <span class='ocrx_word' id='word_1_152' title='bbox 3157 815 3328 871; x_wconf 91' lang='lat' dir='ltr'><strong>solum</strong></span> <span class='ocrx_word' id='word_1_153' title='bbox 3372 818 3513 874; x_wconf 86' lang='lat' dir='ltr'><strong>inter</strong></span> 
     </span>
    </p>
   </div>
   <div class='ocr_carea' id='block_1_22' title="bbox 1912 903 3510 977">
    <p class='ocr_par' dir='ltr' id='par_1_22' title="bbox 1912 903 3510 977">
     <span class='ocr_line' id='line_1_22' title="bbox 1912 903 3510 977; baseline 0.004 -20"><span class='ocrx_word' id='word_1_154' title='bbox 1912 903 2099 959; x_wconf 87' lang='lat' dir='ltr'><strong>.Israel</strong></span> <span class='ocrx_word' id='word_1_155' title='bbox 2150 904 2242 960; x_wconf 87' lang='lat' dir='ltr'><strong>Dei</strong></span> <span class='ocrx_word' id='word_1_156' title='bbox 2272 912 2725 968; x_wconf 87' lang='lat' dir='ltr'><strong>connmneratur;</strong></span> <span class='ocrx_word' id='word_1_157' title='bbox 2757 919 2941 959; x_wconf 85' lang='lat' dir='ltr'><strong>verum</strong></span> <span class='ocrx_word' id='word_1_158' title='bbox 2973 906 3134 959; x_wconf 88' lang='lat' dir='ltr'><strong>etiam</strong></span> <span class='ocrx_word' id='word_1_159' title='bbox 3166 906 3394 977; x_wconf 84' lang='lat' dir='ltr'><strong>principi</strong></span> <span class='ocrx_word' id='word_1_160' title='bbox 3444 922 3510 963; x_wconf 77' lang='lat' dir='ltr'><strong>ex</strong></span> 
     </span>
    </p>
   </div>
   <div class='ocr_carea' id='block_1_23' title="bbox 1931 996 3506 1069">
    <p class='ocr_par' dir='ltr' id='par_1_23' title="bbox 1931 996 3506 1069">
     <span class='ocr_line' id='line_1_23' title="bbox 1931 996 3506 1069; baseline -0.001 -17"><span class='ocrx_word' id='word_1_161' title='bbox 1931 996 2089 1061; x_wconf 82' lang='lat' dir='ltr'><strong>Juda,</strong></span> <span class='ocrx_word' id='word_1_162' title='bbox 2119 996 2335 1053; x_wconf 83' lang='lat' dir='ltr'><strong>Christo</strong></span> <span class='ocrx_word' id='word_1_163' title='bbox 2386 998 2617 1061; x_wconf 82' lang='lat' dir='ltr'><strong>scilicet,</strong></span> <span class='ocrx_word' id='word_1_164' title='bbox 2648 998 2794 1053; x_wconf 83' lang='lat' dir='ltr'><strong>velut</strong></span> <span class='ocrx_word' id='word_1_165' title='bbox 2836 1007 3078 1053; x_wconf 82' lang='lat' dir='ltr'><strong>matrona</strong></span> <span class='ocrx_word' id='word_1_166' title='bbox 3125 999 3506 1069; x_wconf 82' lang='lat' dir='ltr'><strong>pulcherrima,</strong></span> 
     </span>
    </p>
   </div>
   <div class='ocr_carea' id='block_1_24' title="bbox 1934 1088 3507 1160">
    <p class='ocr_par' dir='ltr' id='par_1_24' title="bbox 1934 1088 3507 1160">
     <span class='ocr_line' id='line_1_24' title="bbox 1934 1088 3507 1160; baseline 0.003 -21"><span class='ocrx_word' id='word_1_167' title='bbox 1934 1103 2055 1155; x_wconf 67' lang='lat' dir='ltr'><strong>qua:</strong></span> <span class='ocrx_word' id='word_1_168' title='bbox 2101 1088 2278 1142; x_wconf 89' lang='lat' dir='ltr'><strong>fuerat</strong></span> <span class='ocrx_word' id='word_1_169' title='bbox 2333 1090 2546 1143; x_wconf 86' lang='lat' dir='ltr'><strong>sordida</strong></span> <span class='ocrx_word' id='word_1_170' title='bbox 2593 1089 2830 1159; x_wconf 84' lang='lat' dir='ltr'><strong>ﬂagitiis,</strong></span> <span class='ocrx_word' id='word_1_171' title='bbox 2878 1089 3180 1160; x_wconf 85' lang='lat' dir='ltr'><strong>copulatur.</strong></span> <span class='ocrx_word' id='word_1_172' title='bbox 3236 1091 3307 1143; x_wconf 88' lang='lat' dir='ltr'><strong>De</strong></span> <span class='ocrx_word' id='word_1_173' title='bbox 3357 1088 3507 1158; x_wconf 80' lang='lat' dir='ltr'><strong>cujus</strong></span> 
     </span>
    </p>
   </div>
   <div class='ocr_carea' id='block_1_25' title="bbox 1931 1178 3507 1247">
    <p class='ocr_par' dir='ltr' id='par_1_25' title="bbox 1931 1178 3507 1247">
     <span class='ocr_line' id='line_1_25' title="bbox 1931 1178 3507 1247; baseline -0.001 -14"><span class='ocrx_word' id='word_1_174' title='bbox 1931 1178 2185 1235; x_wconf 85' lang='lat' dir='ltr'><strong>nimirum</strong></span> <span class='ocrx_word' id='word_1_175' title='bbox 2217 1178 2477 1247; x_wconf 73' lang='lat' dir='ltr'><strong>sanguine</strong></span> <span class='ocrx_word' id='word_1_176' title='bbox 2517 1179 2765 1233; x_wconf 83' lang='lat' dir='ltr'><strong>Christus</strong></span> <span class='ocrx_word' id='word_1_177' title='bbox 2813 1180 2958 1234; x_wconf 87' lang='lat' dir='ltr'><strong>nasci</strong></span> <span class='ocrx_word' id='word_1_178' title='bbox 3000 1194 3105 1233; x_wconf 89' lang='lat' dir='ltr'><strong>nou</strong></span> <span class='ocrx_word' id='word_1_179' title='bbox 3138 1180 3372 1239; x_wconf 85' lang='lat' dir='ltr'><strong>erubuit.</strong></span> <span class='ocrx_word' id='word_1_180' title='bbox 3402 1179 3507 1234; x_wconf 82' lang='lat' dir='ltr'><strong>sci-</strong></span> 
     </span>
    </p>
   </div>
   <div class='ocr_carea' id='block_1_26' title="bbox 1931 1266 3505 1341">
    <p class='ocr_par' dir='ltr' id='par_1_26' title="bbox 1931 1266 3505 1341">
     <span class='ocr_line' id='line_1_26' title="bbox 1931 1266 3505 1341; baseline 0.004 -21"><span class='ocrx_word' id='word_1_181' title='bbox 1931 1266 2058 1322; x_wconf 90' lang='lat' dir='ltr'><strong>licet</strong></span> <span class='ocrx_word' id='word_1_182' title='bbox 2092 1277 2148 1322; x_wconf 91' lang='lat' dir='ltr'><strong>ut</strong></span> <span class='ocrx_word' id='word_1_183' title='bbox 2173 1269 2261 1338; x_wconf 90' lang='lat' dir='ltr'><strong>qui</strong></span> <span class='ocrx_word' id='word_1_184' title='bbox 2295 1278 2609 1338; x_wconf 80' lang='lat' dir='ltr'><strong>peccatores</strong></span> <span class='ocrx_word' id='word_1_185' title='bbox 2639 1279 2857 1325; x_wconf 84' lang='lat' dir='ltr'><strong>venerat</strong></span> <span class='ocrx_word' id='word_1_186' title='bbox 2886 1287 3130 1341; x_wconf 62' lang='lat' dir='ltr'><strong>quaarere</strong></span> <span class='ocrx_word' id='word_1_187' title='bbox 3160 1272 3211 1325; x_wconf 91' lang='lat' dir='ltr'><strong>in</strong></span> <span class='ocrx_word' id='word_1_188' title='bbox 3241 1282 3407 1337; x_wconf 87' lang='lat' dir='ltr'><strong>terra,</strong></span> <span class='ocrx_word' id='word_1_189' title='bbox 3439 1273 3505 1326; x_wconf 86' lang='lat' dir='ltr'><strong>de</strong></span> 
     </span>
    </p>
   </div>
   <div class='ocr_carea' id='block_1_27' title="bbox 1926 1361 3501 1431">
    <p class='ocr_par' dir='ltr' id='par_1_27' title="bbox 1926 1361 3501 1431">
     <span class='ocr_line' id='line_1_27' title="bbox 1926 1361 3501 1431; baseline 0.003 -20"><span class='ocrx_word' id='word_1_190' title='bbox 1926 1361 2305 1428; x_wconf 87' lang='lat' dir='ltr'><strong>peccatoribus</strong></span> <span class='ocrx_word' id='word_1_191' title='bbox 2334 1374 2549 1413; x_wconf 88' lang='lat' dir='ltr'><strong>carnem</strong></span> <span class='ocrx_word' id='word_1_192' title='bbox 2585 1361 2821 1415; x_wconf 86' lang='lat' dir='ltr'><strong>traheret</strong></span> <span class='ocrx_word' id='word_1_193' title='bbox 2850 1380 2862 1413; x_wconf 85' lang='lat'><strong>:</strong></span> <span class='ocrx_word' id='word_1_194' title='bbox 2895 1372 3161 1429; x_wconf 82' lang='lat' dir='ltr'><strong>quatenus</strong></span> <span class='ocrx_word' id='word_1_195' title='bbox 3206 1362 3322 1431; x_wconf 66' lang='lat' dir='ltr'><strong>ejus</strong></span> <span class='ocrx_word' id='word_1_196' title='bbox 3368 1363 3501 1416; x_wconf 86' lang='lat' dir='ltr'><strong>uniti</strong></span> 
     </span>
    </p>
   </div>
   <div class='ocr_carea' id='block_1_28' title="bbox 1925 1452 3501 1525">
    <p class='ocr_par' dir='ltr' id='par_1_28' title="bbox 1925 1452 3501 1525">
     <span class='ocr_line' id='line_1_28' title="bbox 1925 1452 3501 1525; baseline 0.001 -20"><span class='ocrx_word' id='word_1_197' title='bbox 1925 1466 2150 1521; x_wconf 81' lang='lat' dir='ltr'><strong>corpore</strong></span> <span class='ocrx_word' id='word_1_198' title='bbox 2175 1467 2271 1521; x_wconf 90' lang='lat' dir='ltr'><strong>per</strong></span> <span class='ocrx_word' id='word_1_199' title='bbox 2301 1453 2420 1507; x_wconf 79' lang='lat' dir='ltr'><strong>fidei</strong></span> <span class='ocrx_word' id='word_1_200' title='bbox 2453 1463 2869 1515; x_wconf 84' lang='lat' dir='ltr'><strong>sacramentum,</strong></span> <span class='ocrx_word' id='word_1_201' title='bbox 2895 1452 3005 1521; x_wconf 85' lang='lat' dir='ltr'><strong>jam</strong></span> <span class='ocrx_word' id='word_1_202' title='bbox 3029 1453 3164 1507; x_wconf 89' lang='lat' dir='ltr'><strong>ultra</strong></span> <span class='ocrx_word' id='word_1_203' title='bbox 3190 1462 3501 1525; x_wconf 72' lang='lat' dir='ltr'><strong>peccatores</strong></span> 
     </span>
    </p>
   </div>
   <div class='ocr_carea' id='block_1_29' title="bbox 1925 1544 3502 1612">
    <p class='ocr_par' dir='ltr' id='par_1_29' title="bbox 1925 1544 3502 1612">
     <span class='ocr_line' id='line_1_29' title="bbox 1925 1544 3502 1612; baseline -0.002 -13"><span class='ocrx_word' id='word_1_204' title='bbox 1925 1561 2029 1599; x_wconf 89' lang='lat' dir='ltr'><strong>non</strong></span> <span class='ocrx_word' id='word_1_205' title='bbox 2056 1555 2258 1601; x_wconf 85' lang='lat' dir='ltr'><strong>essent.</strong></span> <span class='ocrx_word' id='word_1_206' title='bbox 2287 1546 2438 1612; x_wconf 85' lang='lat' dir='ltr'><strong>Quod</strong></span> <span class='ocrx_word' id='word_1_207' title='bbox 2465 1552 2858 1600; x_wconf 86' lang='lat' dir='ltr'><strong>sacramentum</strong></span> <span class='ocrx_word' id='word_1_208' title='bbox 2879 1545 3161 1600; x_wconf 70' lang='lat' dir='ltr'><strong>Matthacus</strong></span> <span class='ocrx_word' id='word_1_209' title='bbox 3185 1546 3319 1599; x_wconf 86' lang='lat' dir='ltr'><strong>bene</strong></span> <span class='ocrx_word' id='word_1_210' title='bbox 3349 1544 3502 1598; x_wconf 88' lang='lat' dir='ltr'><strong>intel-</strong></span> 
     </span>
    </p>
   </div>
   <div class='ocr_carea' id='block_1_30' title="bbox 1924 1639 3501 1710">
    <p class='ocr_par' dir='ltr' id='par_1_30' title="bbox 1924 1639 3501 1710">
     <span class='ocr_line' id='line_1_30' title="bbox 1924 1639 3501 1710; baseline 0.001 -19"><span class='ocrx_word' id='word_1_211' title='bbox 1924 1639 2113 1710; x_wconf 87' lang='lat' dir='ltr'><strong>ligens,</strong></span> <span class='ocrx_word' id='word_1_212' title='bbox 2141 1655 2205 1692; x_wconf 88' lang='lat' dir='ltr'><strong>eo</strong></span> <span class='ocrx_word' id='word_1_213' title='bbox 2235 1640 2376 1709; x_wconf 69' lang='lat' dir='ltr'><strong>quod</strong></span> <span class='ocrx_word' id='word_1_214' title='bbox 2425 1648 2479 1693; x_wconf 88' lang='lat' dir='ltr'><strong>et</strong></span> <span class='ocrx_word' id='word_1_215' title='bbox 2528 1640 2641 1709; x_wconf 84' lang='lat' dir='ltr'><strong>ipse</strong></span> <span class='ocrx_word' id='word_1_216' title='bbox 2668 1640 2733 1692; x_wconf 78' lang='lat' dir='ltr'><strong>de</strong></span> <span class='ocrx_word' id='word_1_217' title='bbox 2772 1640 3055 1709; x_wconf 82' lang='lat' dir='ltr'><strong>publicano</strong></span> <span class='ocrx_word' id='word_1_218' title='bbox 3105 1639 3280 1695; x_wconf 84' lang='lat' dir='ltr'><strong>factus</strong></span> <span class='ocrx_word' id='word_1_219' title='bbox 3321 1639 3501 1693; x_wconf 81' lang='lat' dir='ltr'><strong>fuerat</strong></span> 
     </span>
    </p>
   </div>
   <div class='ocr_carea' id='block_1_31' title="bbox 1922 1729 3496 1799">
    <p class='ocr_par' dir='ltr' id='par_1_31' title="bbox 1922 1729 3496 1799">
     <span class='ocr_line' id='line_1_31' title="bbox 1922 1729 3496 1799; baseline -0.001 -15"><span class='ocrx_word' id='word_1_220' title='bbox 1922 1730 2271 1797; x_wconf 68' lang='lat' dir='ltr'><strong>evangelista,</strong></span> <span class='ocrx_word' id='word_1_221' title='bbox 2322 1744 2511 1784; x_wconf 71' lang='lat' dir='ltr'><strong>ornncs</strong></span> <span class='ocrx_word' id='word_1_222' title='bbox 2550 1730 2880 1799; x_wconf 79' lang='lat' dir='ltr'><strong>peccatrices</strong></span> <span class='ocrx_word' id='word_1_223' title='bbox 2907 1730 3380 1784; x_wconf 89' lang='lat' dir='ltr'><strong>commemorando</strong></span> <span class='ocrx_word' id='word_1_224' title='bbox 3417 1729 3496 1783; x_wconf 88' lang='lat' dir='ltr'><strong>fa-</strong></span> 
     </span>
    </p>
   </div>
   <div class='ocr_carea' id='block_1_32' title="bbox 223 1808 3177 1890">
    <p class='ocr_par' dir='ltr' id='par_1_32' title="bbox 223 1808 3177 1890">
     <span class='ocr_line' id='line_1_32' title="bbox 223 1808 3177 1890; baseline 0.002 -25"><span class='ocrx_word' id='word_1_225' title='bbox 223 1814 558 1869; x_wconf 86' lang='lat' dir='ltr'><strong>mirabilitcr</strong></span> <span class='ocrx_word' id='word_1_226' title='bbox 598 1815 889 1885; x_wconf 88' lang='lat' dir='ltr'><strong>imperanti</strong></span> <span class='ocrx_word' id='word_1_227' title='bbox 935 1812 1254 1886; x_wconf 80' lang='lat' dir='ltr'><strong>paruerunt.</strong></span> <span class='ocrx_word' id='word_1_228' title='bbox 1294 1817 1394 1883; x_wconf 87' lang='lat' dir='ltr'><strong>Qui</strong></span> <span class='ocrx_word' id='word_1_229' title='bbox 1425 1818 1660 1887; x_wconf 90' lang='lat' dir='ltr'><strong>denique</strong></span> <span class='ocrx_word' id='word_1_230' title='bbox 1691 1835 1812 1884; x_wconf 90' lang='lat' dir='ltr'><strong>suo,</strong></span> <span class='ocrx_word' id='word_1_231' title='bbox 1847 1808 1895 1870; x_wconf 84' lang='grc' dir='ltr'><strong>Β</strong></span> <span class='ocrx_word' id='word_1_232' title='bbox 1922 1819 2201 1875; x_wconf 78' lang='lat' dir='ltr'><strong>cinomsos</strong></span> <span class='ocrx_word' id='word_1_233' title='bbox 2227 1835 2442 1890; x_wconf 91' lang='lat' dir='ltr'><strong>quoque</strong></span> <span class='ocrx_word' id='word_1_234' title='bbox 2467 1820 2532 1873; x_wconf 89' lang='lat' dir='ltr'><strong>ad</strong></span> <span class='ocrx_word' id='word_1_235' title='bbox 2564 1819 2936 1889; x_wconf 69' lang='lat' dir='ltr'><strong>ptenitcntiam</strong></span> <span class='ocrx_word' id='word_1_236' title='bbox 2964 1819 3177 1873; x_wconf 86' lang='lat' dir='ltr'><strong>invitat.</strong></span> 
     </span>
    </p>
   </div>
   <div class='ocr_carea' id='block_1_33' title="bbox 221 1909 1813 1979">
    <p class='ocr_par' dir='ltr' id='par_1_33' title="bbox 221 1909 1813 1979">
     <span class='ocr_line' id='line_1_33' title="bbox 221 1909 1813 1979; baseline 0.003 -19"><span class='ocrx_word' id='word_1_237' title='bbox 221 1918 280 1961; x_wconf 92' lang='lat' dir='ltr'><strong>ut</strong></span> <span class='ocrx_word' id='word_1_238' title='bbox 340 1910 542 1971; x_wconf 84' lang='lat' dir='ltr'><strong>fertur,</strong></span> <span class='ocrx_word' id='word_1_239' title='bbox 607 1909 852 1978; x_wconf 87' lang='lat' dir='ltr'><strong>auspicio</strong></span> <span class='ocrx_word' id='word_1_240' title='bbox 906 1909 1063 1978; x_wconf 88' lang='lat' dir='ltr'><strong>longe</strong></span> <span class='ocrx_word' id='word_1_241' title='bbox 1112 1918 1233 1979; x_wconf 90' lang='lat' dir='ltr'><strong>post</strong></span> <span class='ocrx_word' id='word_1_242' title='bbox 1292 1910 1548 1965; x_wconf 85' lang='lat' dir='ltr'><strong>sacerdos</strong></span> <span class='ocrx_word' id='word_1_243' title='bbox 1623 1910 1813 1966; x_wconf 85' lang='lat' dir='ltr'><strong>videns</strong></span> 
     </span>
    </p>
   </div>
   <div class='ocr_carea' id='block_1_34' title="bbox 222 1999 1811 2073">
    <p class='ocr_par' dir='ltr' id='par_1_34' title="bbox 222 1999 1811 2073">
     <span class='ocr_line' id='line_1_34' title="bbox 222 1999 1811 2073; baseline 0.003 -19"><span class='ocrx_word' id='word_1_244' title='bbox 222 1999 442 2071; x_wconf 70' lang='lat' dir='ltr'><strong>Moysen</strong></span> <span class='ocrx_word' id='word_1_245' title='bbox 504 2002 835 2057; x_wconf 89' lang='lat' dir='ltr'><strong>infantulum</strong></span> <span class='ocrx_word' id='word_1_246' title='bbox 884 2004 950 2057; x_wconf 93' lang='lat' dir='ltr'><strong>de</strong></span> <span class='ocrx_word' id='word_1_247' title='bbox 997 2004 1170 2073; x_wconf 87' lang='lat' dir='ltr'><strong>capite</strong></span> <span class='ocrx_word' id='word_1_248' title='bbox 1213 2002 1510 2058; x_wconf 86' lang='lat' dir='ltr'><strong>Pharaonis</strong></span> <span class='ocrx_word' id='word_1_249' title='bbox 1555 2018 1811 2059; x_wconf 84' lang='lat' dir='ltr'><strong>coronam</strong></span> 
     </span>
    </p>
   </div>
   <div class='ocr_carea' id='block_1_35' title="bbox 219 2093 1810 2165">
    <p class='ocr_par' dir='ltr' id='par_1_35' title="bbox 219 2093 1810 2165">
     <span class='ocr_line' id='line_1_35' title="bbox 219 2093 1810 2165; baseline 0.003 -20"><span class='ocrx_word' id='word_1_250' title='bbox 219 2093 476 2157; x_wconf 81' lang='lat' dir='ltr'><strong>evellere,</strong></span> <span class='ocrx_word' id='word_1_251' title='bbox 509 2094 827 2164; x_wconf 82' lang='lat' dir='ltr'><strong>suspicatus</strong></span> <span class='ocrx_word' id='word_1_252' title='bbox 852 2103 936 2149; x_wconf 82' lang='lat' dir='ltr'><strong>est</strong></span> <span class='ocrx_word' id='word_1_253' title='bbox 964 2109 1088 2148; x_wconf 89' lang='lat' dir='ltr'><strong>eum</strong></span> <span class='ocrx_word' id='word_1_254' title='bbox 1115 2109 1237 2149; x_wconf 90' lang='lat' dir='ltr'><strong>esse</strong></span> <span class='ocrx_word' id='word_1_255' title='bbox 1263 2109 1363 2164; x_wconf 88' lang='lat' dir='ltr'><strong>per</strong></span> <span class='ocrx_word' id='word_1_256' title='bbox 1388 2109 1548 2164; x_wconf 88' lang='lat' dir='ltr'><strong>quem</strong></span> <span class='ocrx_word' id='word_1_257' title='bbox 1586 2110 1810 2165; x_wconf 89' lang='lat' dir='ltr'><strong>regnum</strong></span> 
     </span>
    </p>
   </div>
   <div class='ocr_carea' id='block_1_36' title="bbox 218 2180 1809 2253">
    <p class='ocr_par' dir='ltr' id='par_1_36' title="bbox 218 2180 1809 2253">
     <span class='ocr_line' id='line_1_36' title="bbox 218 2180 1809 2253; baseline 0.002 -17"><span class='ocrx_word' id='word_1_258' title='bbox 218 2180 639 2251; x_wconf 70' lang='lat' dir='ltr'><strong>Hempbiticum</strong></span> <span class='ocrx_word' id='word_1_259' title='bbox 669 2184 955 2252; x_wconf 85' lang='lat' dir='ltr'><strong>deperiret.</strong></span> <span class='ocrx_word' id='word_1_260' title='bbox 982 2182 1093 2239; x_wconf 89' lang='lat' dir='ltr'><strong>Nec</strong></span> <span class='ocrx_word' id='word_1_261' title='bbox 1119 2183 1389 2239; x_wconf 89' lang='lat' dir='ltr'><strong>immerito</strong></span> <span class='ocrx_word' id='word_1_262' title='bbox 1418 2184 1658 2252; x_wconf 86' lang='lat' dir='ltr'><strong>quidem,</strong></span> <span class='ocrx_word' id='word_1_263' title='bbox 1683 2185 1809 2253; x_wconf 87' lang='lat' dir='ltr'><strong>quia</strong></span> 
     </span>
    </p>
   </div>
   <div class='ocr_carea' id='block_1_37' title="bbox 216 2272 1811 2346">
    <p class='ocr_par' dir='ltr' id='par_1_37' title="bbox 216 2272 1811 2346">
     <span class='ocr_line' id='line_1_37' title="bbox 216 2272 1811 2346; baseline 0.002 -19"><span class='ocrx_word' id='word_1_264' title='bbox 216 2288 307 2342; x_wconf 81' lang='lat' dir='ltr'><strong>per</strong></span> <span class='ocrx_word' id='word_1_265' title='bbox 335 2274 513 2344; x_wconf 87' lang='lat' dir='ltr'><strong>hujus</strong></span> <span class='ocrx_word' id='word_1_266' title='bbox 539 2285 728 2343; x_wconf 86' lang='lat' dir='ltr'><strong>postea</strong></span> <span class='ocrx_word' id='word_1_267' title='bbox 752 2276 1086 2346; x_wconf 78' lang='lat' dir='ltr'><strong>exsequium,</strong></span> <span class='ocrx_word' id='word_1_268' title='bbox 1120 2284 1232 2330; x_wconf 92' lang='lat' dir='ltr'><strong>tota</strong></span> <span class='ocrx_word' id='word_1_269' title='bbox 1278 2272 1550 2345; x_wconf 66' lang='lat' dir='ltr'><strong>Egyptus</strong></span> <span class='ocrx_word' id='word_1_270' title='bbox 1580 2277 1811 2330; x_wconf 88' lang='lat' dir='ltr'><strong>subver-</strong></span> 
     </span>
    </p>
   </div>
   <div class='ocr_carea' id='block_1_38' title="bbox 218 2365 1810 2436">
    <p class='ocr_par' dir='ltr' id='par_1_38' title="bbox 218 2365 1810 2436">
     <span class='ocr_line' id='line_1_38' title="bbox 218 2365 1810 2436; baseline 0.004 -20"><span class='ocrx_word' id='word_1_271' title='bbox 218 2366 359 2420; x_wconf 89' lang='lat' dir='ltr'><strong>titur.</strong></span> <span class='ocrx_word' id='word_1_272' title='bbox 394 2365 513 2419; x_wconf 88' lang='lat' dir='ltr'><strong>Sed</strong></span> <span class='ocrx_word' id='word_1_273' title='bbox 546 2366 692 2420; x_wconf 89' lang='lat' dir='ltr'><strong>alius</strong></span> <span class='ocrx_word' id='word_1_274' title='bbox 720 2375 894 2421; x_wconf 90' lang='lat' dir='ltr'><strong>tamen</strong></span> <span class='ocrx_word' id='word_1_275' title='bbox 920 2368 1032 2436; x_wconf 87' lang='lat' dir='ltr'><strong>jam</strong></span> <span class='ocrx_word' id='word_1_276' title='bbox 1067 2365 1238 2434; x_wconf 86' lang='lat' dir='ltr'><strong>major</strong></span> <span class='ocrx_word' id='word_1_277' title='bbox 1268 2366 1358 2421; x_wconf 90' lang='lat' dir='ltr'><strong>illo</strong></span> <span class='ocrx_word' id='word_1_278' title='bbox 1398 2367 1613 2422; x_wconf 88' lang='lat' dir='ltr'><strong>futurus</strong></span> <span class='ocrx_word' id='word_1_279' title='bbox 1660 2383 1810 2422; x_wconf 86' lang='lat' dir='ltr'><strong>mon-</strong></span> 
     </span>
    </p>
   </div>
   <div class='ocr_carea' id='block_1_39' title="bbox 213 2457 1807 2528">
    <p class='ocr_par' dir='ltr' id='par_1_39' title="bbox 213 2457 1807 2528">
     <span class='ocr_line' id='line_1_39' title="bbox 213 2457 1807 2528; baseline 0.001 -18"><span class='ocrx_word' id='word_1_280' title='bbox 213 2461 522 2521; x_wconf 81' lang='lat' dir='ltr'><strong>strabatur,</strong></span> <span class='ocrx_word' id='word_1_281' title='bbox 553 2474 653 2527; x_wconf 89' lang='lat' dir='ltr'><strong>per</strong></span> <span class='ocrx_word' id='word_1_282' title='bbox 692 2473 852 2528; x_wconf 88' lang='lat' dir='ltr'><strong>quem</strong></span> <span class='ocrx_word' id='word_1_283' title='bbox 878 2460 1058 2513; x_wconf 89' lang='lat' dir='ltr'><strong>omnis</strong></span> <span class='ocrx_word' id='word_1_284' title='bbox 1087 2459 1339 2522; x_wconf 88' lang='lat' dir='ltr'><strong>mundus,</strong></span> <span class='ocrx_word' id='word_1_285' title='bbox 1383 2457 1539 2527; x_wconf 90' lang='lat' dir='ltr'><strong>cujus</strong></span> <span class='ocrx_word' id='word_1_286' title='bbox 1580 2459 1807 2527; x_wconf 82' lang='lat' dir='ltr'><strong>ﬁguram</strong></span> 
     </span>
    </p>
   </div>
   <div class='ocr_carea' id='block_1_40' title="bbox 209 2550 1808 2622">
    <p class='ocr_par' dir='ltr' id='par_1_40' title="bbox 209 2550 1808 2622">
     <span class='ocr_line' id='line_1_40' title="bbox 209 2550 1808 2622; baseline -0.001 -17"><span class='ocrx_word' id='word_1_287' title='bbox 209 2551 489 2622; x_wconf 61' lang='lat' dir='ltr'><strong>digyptus</strong></span> <span class='ocrx_word' id='word_1_288' title='bbox 538 2560 709 2617; x_wconf 90' lang='lat' dir='ltr'><strong>tenet,</strong></span> <span class='ocrx_word' id='word_1_289' title='bbox 758 2561 814 2607; x_wconf 84' lang='lat' dir='ltr'><strong>et</strong></span> <span class='ocrx_word' id='word_1_290' title='bbox 856 2567 1016 2606; x_wconf 84' lang='lat' dir='ltr'><strong>verus</strong></span> <span class='ocrx_word' id='word_1_291' title='bbox 1056 2551 1267 2606; x_wconf 88' lang='lat' dir='ltr'><strong>Pharao</strong></span> <span class='ocrx_word' id='word_1_292' title='bbox 1309 2550 1584 2616; x_wconf 83' lang='lat' dir='ltr'><strong>Diabolus,</strong></span> <span class='ocrx_word' id='word_1_293' title='bbox 1627 2550 1808 2620; x_wconf 87' lang='lat' dir='ltr'><strong>abyssi</strong></span> 
     </span>
    </p>
   </div>
   <div class='ocr_carea' id='block_1_41' title="bbox 210 2641 1806 2712">
    <p class='ocr_par' dir='ltr' id='par_1_41' title="bbox 210 2641 1806 2712">
     <span class='ocr_line' id='line_1_41' title="bbox 210 2641 1806 2712; baseline -0.001 -17"><span class='ocrx_word' id='word_1_294' title='bbox 210 2642 475 2698; x_wconf 70' lang='lat' dir='ltr'><strong>fluctibus</strong></span> <span class='ocrx_word' id='word_1_295' title='bbox 504 2652 866 2712; x_wconf 83' lang='lat' dir='ltr'><strong>mergeretur.</strong></span> <span class='ocrx_word' id='word_1_296' title='bbox 898 2643 1065 2698; x_wconf 79' lang='lat' dir='ltr'><strong>Porro</strong></span> <span class='ocrx_word' id='word_1_297' title='bbox 1093 2641 1336 2708; x_wconf 88' lang='lat' dir='ltr'><strong>Salmon,</strong></span> <span class='ocrx_word' id='word_1_298' title='bbox 1360 2657 1521 2711; x_wconf 89' lang='lat' dir='ltr'><strong>quem</strong></span> <span class='ocrx_word' id='word_1_299' title='bbox 1548 2656 1711 2711; x_wconf 90' lang='lat' dir='ltr'><strong>supra</strong></span> <span class='ocrx_word' id='word_1_300' title='bbox 1754 2641 1806 2694; x_wconf 90' lang='lat' dir='ltr'><strong>in</strong></span> 
     </span>
    </p>
   </div>
   <div class='ocr_carea' id='block_1_42' title="bbox 208 2735 1806 2805">
    <p class='ocr_par' dir='ltr' id='par_1_42' title="bbox 208 2735 1806 2805">
     <span class='ocr_line' id='line_1_42' title="bbox 208 2735 1806 2805; baseline -0.003 -12"><span class='ocrx_word' id='word_1_301' title='bbox 208 2739 328 2795; x_wconf 73' lang='lat' dir='ltr'><strong>ﬁne</strong></span> <span class='ocrx_word' id='word_1_302' title='bbox 343 2755 543 2795; x_wconf 81' lang='lat' dir='ltr'><strong>versus</strong></span> <span class='ocrx_word' id='word_1_303' title='bbox 570 2740 861 2805; x_wconf 76' lang='lat' dir='ltr'><strong>tcxuimus,</strong></span> <span class='ocrx_word' id='word_1_304' title='bbox 885 2740 1028 2794; x_wconf 89' lang='lat' dir='ltr'><strong>sicut</strong></span> <span class='ocrx_word' id='word_1_305' title='bbox 1048 2738 1287 2794; x_wconf 83' lang='lat' dir='ltr'><strong>diximus</strong></span> <span class='ocrx_word' id='word_1_306' title='bbox 1314 2738 1367 2791; x_wconf 91' lang='lat' dir='ltr'><strong>in</strong></span> <span class='ocrx_word' id='word_1_307' title='bbox 1396 2737 1543 2791; x_wconf 79' lang='lat' dir='ltr'><strong>exitu</strong></span> <span class='ocrx_word' id='word_1_308' title='bbox 1576 2735 1806 2790; x_wconf 79' lang='lat' dir='ltr'><strong>filiorum</strong></span> 
     </span>
    </p>
   </div>
   <div class='ocr_carea' id='block_1_43' title="bbox 206 2826 1807 2904">
    <p class='ocr_par' dir='ltr' id='par_1_43' title="bbox 206 2826 1807 2904">
     <span class='ocr_line' id='line_1_43' title="bbox 206 2826 1807 2904; baseline -0.004 -17"><span class='ocrx_word' id='word_1_309' title='bbox 206 2832 379 2887; x_wconf 82' lang='lat' dir='ltr'><strong>Israel</strong></span> <span class='ocrx_word' id='word_1_310' title='bbox 419 2833 489 2888; x_wconf 91' lang='lat' dir='ltr'><strong>de</strong></span> <span class='ocrx_word' id='word_1_311' title='bbox 554 2832 813 2904; x_wconf 56' lang='lat' dir='ltr'><strong>JEgypto,</strong></span> <span class='ocrx_word' id='word_1_312' title='bbox 861 2832 1115 2902; x_wconf 90' lang='lat' dir='ltr'><strong>princeps</strong></span> <span class='ocrx_word' id='word_1_313' title='bbox 1164 2846 1233 2885; x_wconf 79' lang='lat' dir='ltr'><strong>ex</strong></span> <span class='ocrx_word' id='word_1_314' title='bbox 1276 2829 1419 2883; x_wconf 86' lang='lat' dir='ltr'><strong>tribu</strong></span> <span class='ocrx_word' id='word_1_315' title='bbox 1457 2826 1594 2883; x_wconf 85' lang='lat' dir='ltr'><strong>Juda</strong></span> <span class='ocrx_word' id='word_1_316' title='bbox 1640 2827 1807 2882; x_wconf 87' lang='lat' dir='ltr'><strong>fuisse</strong></span> 
     </span>
    </p>
   </div>
   <div class='ocr_carea' id='block_1_44' title="bbox 208 2919 1806 2994">
    <p class='ocr_par' dir='ltr' id='par_1_44' title="bbox 208 2919 1806 2994">
     <span class='ocr_line' id='line_1_44' title="bbox 208 2919 1806 2994; baseline -0.006 -14"><span class='ocrx_word' id='word_1_317' title='bbox 208 2926 492 2994; x_wconf 78' lang='lat' dir='ltr'><strong>probatur.</strong></span> <span class='ocrx_word' id='word_1_318' title='bbox 525 2925 630 2992; x_wconf 87' lang='lat' dir='ltr'><strong>Qui</strong></span> <span class='ocrx_word' id='word_1_319' title='bbox 677 2925 950 2994; x_wconf 84' lang='lat' dir='ltr'><strong>accipiens</strong></span> <span class='ocrx_word' id='word_1_320' title='bbox 976 2922 1219 2987; x_wconf 78' lang='lat' dir='ltr'><strong>Rachab,</strong></span> <span class='ocrx_word' id='word_1_321' title='bbox 1246 2936 1407 2991; x_wconf 90' lang='lat' dir='ltr'><strong>quam</strong></span> <span class='ocrx_word' id='word_1_322' title='bbox 1446 2920 1574 2975; x_wconf 87' lang='lat' dir='ltr'><strong>alibi</strong></span> <span class='ocrx_word' id='word_1_323' title='bbox 1608 2920 1659 2972; x_wconf 91' lang='lat' dir='ltr'><strong>in</strong></span> <span class='ocrx_word' id='word_1_324' title='bbox 1704 2919 1806 2973; x_wconf 71' lang='lat' dir='ltr'><strong>Ve-</strong></span> 
     </span>
    </p>
   </div>
   <div class='ocr_carea' id='block_1_45' title="bbox 211 3014 1803 3087">
    <p class='ocr_par' dir='ltr' id='par_1_45' title="bbox 211 3014 1803 3087">
     <span class='ocr_line' id='line_1_45' title="bbox 211 3014 1803 3087; baseline -0.003 -13"><span class='ocrx_word' id='word_1_325' title='bbox 211 3019 319 3074; x_wconf 80' lang='lat' dir='ltr'><strong>teri</strong></span> <span class='ocrx_word' id='word_1_326' title='bbox 348 3018 710 3074; x_wconf 83' lang='lat' dir='ltr'><strong>Testamento</strong></span> <span class='ocrx_word' id='word_1_327' title='bbox 748 3018 899 3072; x_wconf 82' lang='lat' dir='ltr'><strong>Raab</strong></span> <span class='ocrx_word' id='word_1_328' title='bbox 929 3018 1271 3073; x_wconf 84' lang='lat' dir='ltr'><strong>meretricem</strong></span> <span class='ocrx_word' id='word_1_329' title='bbox 1302 3016 1568 3087; x_wconf 89' lang='lat' dir='ltr'><strong>legimus:</strong></span> <span class='ocrx_word' id='word_1_330' title='bbox 1601 3014 1695 3070; x_wconf 91' lang='lat' dir='ltr'><strong>sed</strong></span> <span class='ocrx_word' id='word_1_331' title='bbox 1717 3014 1803 3070; x_wconf 84' lang='lat' dir='ltr'><strong>hic</strong></span> 
     </span>
    </p>
   </div>
   <div class='ocr_carea' id='block_1_46' title="bbox 210 3108 1801 3180">
    <p class='ocr_par' dir='ltr' id='par_1_46' title="bbox 210 3108 1801 3180">
     <span class='ocr_line' id='line_1_46' title="bbox 210 3108 1801 3180; baseline -0.001 -17"><span class='ocrx_word' id='word_1_332' title='bbox 210 3108 435 3164; x_wconf 63' lang='lat' dir='ltr'><strong>Rechab</strong></span> <span class='ocrx_word' id='word_1_333' title='bbox 494 3109 655 3178; x_wconf 80' lang='lat' dir='ltr'><strong>juxta</strong></span> <span class='ocrx_word' id='word_1_334' title='bbox 707 3110 1023 3166; x_wconf 67' lang='lat' dir='ltr'><strong>Gmcorum</strong></span> <span class='ocrx_word' id='word_1_335' title='bbox 1090 3108 1445 3179; x_wconf 84' lang='lat' dir='ltr'><strong>exemplaria,</strong></span> <span class='ocrx_word' id='word_1_336' title='bbox 1491 3117 1712 3177; x_wconf 90' lang='lat' dir='ltr'><strong>propter</strong></span> <span class='ocrx_word' id='word_1_337' title='bbox 1759 3130 1801 3180; x_wconf 92' lang='grc' dir='ltr'>χ</span> 
     </span>
    </p>
   </div>
   <div class='ocr_carea' id='block_1_47' title="bbox 208 3200 1799 3272">
    <p class='ocr_par' dir='ltr' id='par_1_47' title="bbox 208 3200 1799 3272">
     <span class='ocr_line' id='line_1_47' title="bbox 208 3200 1799 3272; baseline -0.001 -17"><span class='ocrx_word' id='word_1_338' title='bbox 208 3200 457 3257; x_wconf 65' lang='lat' dir='ltr'><strong>Graecam</strong></span> <span class='ocrx_word' id='word_1_339' title='bbox 508 3218 604 3272; x_wconf 88' lang='lat' dir='ltr'><strong>per</strong></span> <span class='ocrx_word' id='word_1_340' title='bbox 647 3218 713 3256; x_wconf 81' lang='lat' dir='ltr'><strong>cu</strong></span> <span class='ocrx_word' id='word_1_341' title='bbox 761 3201 1105 3263; x_wconf 86' lang='lat' dir='ltr'><strong>inscribitur;</strong></span> <span class='ocrx_word' id='word_1_342' title='bbox 1160 3200 1270 3255; x_wconf 93' lang='lat' dir='ltr'><strong>illic</strong></span> <span class='ocrx_word' id='word_1_343' title='bbox 1326 3214 1458 3253; x_wconf 90' lang='lat' dir='ltr'><strong>vero</strong></span> <span class='ocrx_word' id='word_1_344' title='bbox 1505 3200 1799 3253; x_wconf 87' lang='lat' dir='ltr'><strong>secundum</strong></span> 
     </span>
    </p>
   </div>
   <div class='ocr_carea' id='block_1_48' title="bbox 211 3294 1801 3367">
    <p class='ocr_par' dir='ltr' id='par_1_48' title="bbox 211 3294 1801 3367">
     <span class='ocr_line' id='line_1_48' title="bbox 211 3294 1801 3367; baseline 0.003 -20"><span class='ocrx_word' id='word_1_345' title='bbox 211 3294 544 3351; x_wconf 84' lang='lat' dir='ltr'><strong>llehraicum</strong></span> <span class='ocrx_word' id='word_1_346' title='bbox 578 3295 730 3352; x_wconf 83' lang='lat' dir='ltr'><strong>Raab</strong></span> <span class='ocrx_word' id='word_1_347' title='bbox 768 3297 885 3352; x_wconf 86' lang='lat' dir='ltr'><strong>sine</strong></span> <span class='ocrx_word' id='word_1_348' title='bbox 922 3297 1251 3367; x_wconf 88' lang='lat' dir='ltr'><strong>aspiratione</strong></span> <span class='ocrx_word' id='word_1_349' title='bbox 1272 3296 1623 3360; x_wconf 88' lang='lat' dir='ltr'><strong>enuntiatur;</strong></span> <span class='ocrx_word' id='word_1_350' title='bbox 1657 3298 1801 3366; x_wconf 89' lang='lat' dir='ltr'><strong>quod</strong></span> 
     </span>
    </p>
   </div>
   <div class='ocr_carea' id='block_1_49' title="bbox 207 3383 1799 3460">
    <p class='ocr_par' dir='ltr' id='par_1_49' title="bbox 207 3383 1799 3460">
     <span class='ocr_line' id='line_1_49' title="bbox 207 3383 1799 3460; baseline 0.002 -21"><span class='ocrx_word' id='word_1_351' title='bbox 207 3383 423 3441; x_wconf 68' lang='grc' dir='ltr'><strong>ἢεί)τεί</strong></span> <span class='ocrx_word' id='word_1_352' title='bbox 455 3409 501 3460; x_wconf 80' lang='grc' dir='ltr'>χ</span> <span class='ocrx_word' id='word_1_353' title='bbox 527 3387 778 3442; x_wconf 72' lang='lat' dir='ltr'><strong>Graecum</strong></span> <span class='ocrx_word' id='word_1_354' title='bbox 817 3404 923 3442; x_wconf 90' lang='lat' dir='ltr'><strong>non</strong></span> <span class='ocrx_word' id='word_1_355' title='bbox 951 3387 1169 3443; x_wconf 84' lang='lat' dir='ltr'><strong>habent.</strong></span> <span class='ocrx_word' id='word_1_356' title='bbox 1205 3388 1308 3443; x_wconf 89' lang='lat' dir='ltr'><strong>Per</strong></span> <span class='ocrx_word' id='word_1_357' title='bbox 1350 3403 1513 3457; x_wconf 87' lang='lat' dir='ltr'><strong>quam</strong></span> <span class='ocrx_word' id='word_1_358' title='bbox 1545 3389 1799 3444; x_wconf 90' lang='lat' dir='ltr'><strong>nimirum</strong></span> 
     </span>
    </p>
   </div>
   <div class='ocr_carea' id='block_1_50' title="bbox 210 3476 1801 3535">
    <p class='ocr_par' dir='ltr' id='par_1_50' title="bbox 210 3476 1801 3535">
     <span class='ocr_line' id='line_1_50' title="bbox 210 3476 1801 3535; baseline 0.003 -4"><span class='ocrx_word' id='word_1_359' title='bbox 210 3476 363 3533; x_wconf 81' lang='lat' dir='ltr'><strong>Raab</strong></span> <span class='ocrx_word' id='word_1_360' title='bbox 392 3494 588 3533; x_wconf 84' lang='lat' dir='ltr'><strong>rursus</strong></span> <span class='ocrx_word' id='word_1_361' title='bbox 610 3479 876 3535; x_wconf 61' lang='lat' dir='ltr'><strong>Ecclesiae</strong></span> <span class='ocrx_word' id='word_1_362' title='bbox 920 3489 1321 3534; x_wconf 87' lang='lat' dir='ltr'><strong>sacramentum</strong></span> <span class='ocrx_word' id='word_1_363' title='bbox 1367 3482 1432 3535; x_wconf 88' lang='lat' dir='ltr'><strong>ad</strong></span> <span class='ocrx_word' id='word_1_364' title='bbox 1481 3481 1801 3535; x_wconf 87' lang='lat' dir='ltr'><strong>memoriam</strong></span> 
     </span>
    </p>
   </div>
   <div class='ocr_carea' id='block_1_51' title="bbox 208 3571 1801 3642">
    <p class='ocr_par' dir='ltr' id='par_1_51' title="bbox 208 3571 1801 3642">
     <span class='ocr_line' id='line_1_51' title="bbox 208 3571 1801 3642; baseline 0.001 -18"><span class='ocrx_word' id='word_1_365' title='bbox 208 3571 513 3635; x_wconf 81' lang='lat' dir='ltr'><strong>reducitur,</strong></span> <span class='ocrx_word' id='word_1_366' title='bbox 558 3581 616 3626; x_wconf 91' lang='lat' dir='ltr'><strong>ut</strong></span> <span class='ocrx_word' id='word_1_367' title='bbox 666 3572 807 3626; x_wconf 88' lang='lat' dir='ltr'><strong>idem</strong></span> <span class='ocrx_word' id='word_1_368' title='bbox 847 3585 1064 3641; x_wconf 84' lang='lat' dir='ltr'><strong>semper</strong></span> <span class='ocrx_word' id='word_1_369' title='bbox 1111 3571 1296 3641; x_wconf 86' lang='lat' dir='ltr'><strong>figuris</strong></span> <span class='ocrx_word' id='word_1_370' title='bbox 1342 3579 1400 3625; x_wconf 89' lang='lat' dir='ltr'><strong>et</strong></span> <span class='ocrx_word' id='word_1_371' title='bbox 1425 3572 1801 3642; x_wconf 76' lang='lat' dir='ltr'><strong>:enigmatibus</strong></span> 
     </span>
    </p>
   </div>
   <div class='ocr_carea' id='block_1_52' title="bbox 208 3663 1798 3735">
    <p class='ocr_par' dir='ltr' id='par_1_52' title="bbox 208 3663 1798 3735">
     <span class='ocr_line' id='line_1_52' title="bbox 208 3663 1798 3735; baseline 0.001 -18"><span class='ocrx_word' id='word_1_372' title='bbox 208 3664 516 3733; x_wconf 84' lang='lat' dir='ltr'><strong>promissus</strong></span> <span class='ocrx_word' id='word_1_373' title='bbox 559 3665 878 3731; x_wconf 89' lang='lat' dir='ltr'><strong>insinuetur,</strong></span> <span class='ocrx_word' id='word_1_374' title='bbox 913 3666 1006 3735; x_wconf 91' lang='lat' dir='ltr'><strong>qui</strong></span> <span class='ocrx_word' id='word_1_375' title='bbox 1043 3663 1157 3733; x_wconf 88' lang='lat' dir='ltr'><strong>jam</strong></span> <span class='ocrx_word' id='word_1_376' title='bbox 1184 3680 1282 3734; x_wconf 89' lang='lat' dir='ltr'><strong>per</strong></span> <span class='ocrx_word' id='word_1_377' title='bbox 1324 3665 1688 3734; x_wconf 88' lang='lat' dir='ltr'><strong>patriarchas,</strong></span> <span class='ocrx_word' id='word_1_378' title='bbox 1730 3680 1798 3720; x_wconf 82' lang='lat' dir='ltr'><strong>ex</strong></span> 
     </span>
    </p>
   </div>
   <div class='ocr_carea' id='block_1_53' title="bbox 209 3757 1798 3827">
    <p class='ocr_par' dir='ltr' id='par_1_53' title="bbox 209 3757 1798 3827">
     <span class='ocr_line' id='line_1_53' title="bbox 209 3757 1798 3827; baseline 0 -16"><span class='ocrx_word' id='word_1_379' title='bbox 209 3772 441 3827; x_wconf 77' lang='lat' dir='ltr'><strong>quorum</strong></span> <span class='ocrx_word' id='word_1_380' title='bbox 478 3773 645 3813; x_wconf 89' lang='lat' dir='ltr'><strong>carne</strong></span> <span class='ocrx_word' id='word_1_381' title='bbox 677 3757 890 3813; x_wconf 89' lang='lat' dir='ltr'><strong>futurus</strong></span> <span class='ocrx_word' id='word_1_382' title='bbox 916 3766 1058 3822; x_wconf 89' lang='lat' dir='ltr'><strong>erat,</strong></span> <span class='ocrx_word' id='word_1_383' title='bbox 1106 3757 1209 3812; x_wconf 88' lang='lat' dir='ltr'><strong>sibi</strong></span> <span class='ocrx_word' id='word_1_384' title='bbox 1246 3758 1543 3813; x_wconf 79' lang='lat' dir='ltr'><strong>Ecclesiam</strong></span> <span class='ocrx_word' id='word_1_385' title='bbox 1578 3772 1685 3812; x_wconf 92' lang='lat' dir='ltr'><strong>non</strong></span> <span class='ocrx_word' id='word_1_386' title='bbox 1709 3773 1798 3813; x_wconf 90' lang='lat' dir='ltr'><strong>so-</strong></span> 
     </span>
    </p>
   </div>
   <div class='ocr_carea' id='block_1_54' title="bbox 209 3846 1796 3920">
    <p class='ocr_par' dir='ltr' id='par_1_54' title="bbox 209 3846 1796 3920">
     <span class='ocr_line' id='line_1_54' title="bbox 209 3846 1796 3920; baseline 0.002 -20"><span class='ocrx_word' id='word_1_387' title='bbox 209 3846 315 3902; x_wconf 68' lang='lat' dir='ltr'><strong>lum</strong></span> <span class='ocrx_word' id='word_1_388' title='bbox 346 3848 418 3902; x_wconf 83' lang='lat' dir='ltr'><strong>de</strong></span> <span class='ocrx_word' id='word_1_389' title='bbox 444 3848 669 3913; x_wconf 62' lang='lat' dir='ltr'><strong>Judwis,</strong></span> <span class='ocrx_word' id='word_1_390' title='bbox 695 3865 881 3905; x_wconf 87' lang='lat' dir='ltr'><strong>verum</strong></span> <span class='ocrx_word' id='word_1_391' title='bbox 913 3850 1079 3905; x_wconf 89' lang='lat' dir='ltr'><strong>etiam</strong></span> <span class='ocrx_word' id='word_1_392' title='bbox 1108 3864 1171 3904; x_wconf 78' lang='lat' dir='ltr'><strong>ex</strong></span> <span class='ocrx_word' id='word_1_393' title='bbox 1203 3850 1452 3920; x_wconf 86' lang='lat' dir='ltr'><strong>gentibus</strong></span> <span class='ocrx_word' id='word_1_394' title='bbox 1482 3847 1796 3903; x_wconf 87' lang='lat' dir='ltr'><strong>clementis-</strong></span> 
     </span>
    </p>
   </div>
   <div class='ocr_carea' id='block_1_55' title="bbox 214 3938 1798 4008">
    <p class='ocr_par' dir='ltr' id='par_1_55' title="bbox 214 3938 1798 4008">
     <span class='ocr_line' id='line_1_55' title="bbox 214 3938 1798 4008; baseline 0.001 -17"><span class='ocrx_word' id='word_1_395' title='bbox 214 3939 351 3993; x_wconf 82' lang='lat' dir='ltr'><strong>sime</strong></span> <span class='ocrx_word' id='word_1_396' title='bbox 381 3939 693 4008; x_wconf 85' lang='lat' dir='ltr'><strong>copulabat.</strong></span> <span class='ocrx_word' id='word_1_397' title='bbox 730 3940 846 4008; x_wconf 90' lang='lat' dir='ltr'><strong>Ipse</strong></span> <span class='ocrx_word' id='word_1_398' title='bbox 874 3939 1017 3994; x_wconf 89' lang='lat' dir='ltr'><strong>enim</strong></span> <span class='ocrx_word' id='word_1_399' title='bbox 1034 3954 1198 3995; x_wconf 84' lang='lat' dir='ltr'><strong>verus</strong></span> <span class='ocrx_word' id='word_1_400' title='bbox 1224 3947 1342 3993; x_wconf 91' lang='lat' dir='ltr'><strong>erat</strong></span> <span class='ocrx_word' id='word_1_401' title='bbox 1376 3938 1691 3993; x_wconf 87' lang='lat' dir='ltr'><strong>Patriarcha</strong></span> <span class='ocrx_word' id='word_1_402' title='bbox 1743 3938 1798 3993; x_wconf 92' lang='lat' dir='ltr'><strong>in</strong></span> 
     </span>
    </p>
   </div>
   <div class='ocr_carea' id='block_1_56' title="bbox 207 4028 1792 4100">
    <p class='ocr_par' dir='ltr' id='par_1_56' title="bbox 207 4028 1792 4100">
     <span class='ocr_line' id='line_1_56' title="bbox 207 4028 1792 4100; baseline 0.003 -20"><span class='ocrx_word' id='word_1_403' title='bbox 207 4029 552 4096; x_wconf 81' lang='lat' dir='ltr'><strong>patriarchis,</strong></span> <span class='ocrx_word' id='word_1_404' title='bbox 605 4029 699 4099; x_wconf 91' lang='lat' dir='ltr'><strong>qui</strong></span> <span class='ocrx_word' id='word_1_405' title='bbox 751 4039 807 4084; x_wconf 91' lang='lat' dir='ltr'><strong>et</strong></span> <span class='ocrx_word' id='word_1_406' title='bbox 846 4045 1007 4084; x_wconf 84' lang='lat' dir='ltr'><strong>verus</strong></span> <span class='ocrx_word' id='word_1_407' title='bbox 1051 4028 1320 4099; x_wconf 88' lang='lat' dir='ltr'><strong>Propheta</strong></span> <span class='ocrx_word' id='word_1_408' title='bbox 1390 4030 1444 4083; x_wconf 89' lang='lat' dir='ltr'><strong>in</strong></span> <span class='ocrx_word' id='word_1_409' title='bbox 1494 4030 1792 4100; x_wconf 83' lang='lat' dir='ltr'><strong>prophetis.</strong></span> 
     </span>
    </p>
   </div>
   <div class='ocr_carea' id='block_1_57' title="bbox 204 4112 1801 4185">
    <p class='ocr_par' dir='ltr' id='par_1_57' title="bbox 204 4112 1801 4185">
     <span class='ocr_line' id='line_1_57' title="bbox 204 4112 1801 4185; baseline 0.001 -18"><span class='ocrx_word' id='word_1_410' title='bbox 204 4113 317 4183; x_wconf 81' lang='lat' dir='ltr'><strong>Ipse</strong></span> <span class='ocrx_word' id='word_1_411' title='bbox 344 4116 585 4183; x_wconf 87' lang='lat' dir='ltr'><strong>denique</strong></span> <span class='ocrx_word' id='word_1_412' title='bbox 610 4112 783 4170; x_wconf 76' lang='lat' dir='ltr'><strong>Iudex</strong></span> <span class='ocrx_word' id='word_1_413' title='bbox 806 4114 859 4169; x_wconf 87' lang='lat' dir='ltr'><strong>in</strong></span> <span class='ocrx_word' id='word_1_414' title='bbox 878 4115 1170 4185; x_wconf 87' lang='lat' dir='ltr'><strong>judicibus,</strong></span> <span class='ocrx_word' id='word_1_415' title='bbox 1221 4115 1361 4171; x_wconf 90' lang='lat' dir='ltr'><strong>sicut</strong></span> <span class='ocrx_word' id='word_1_416' title='bbox 1381 4123 1436 4170; x_wconf 92' lang='lat' dir='ltr'><strong>et</strong></span> <span class='ocrx_word' id='word_1_417' title='bbox 1456 4130 1598 4185; x_wconf 40' lang='lat' dir='ltr'><strong>saepe</strong></span> <span class='ocrx_word' id='word_1_418' title='bbox 1626 4116 1679 4170; x_wconf 90' lang='lat' dir='ltr'><strong>in</strong></span> <span class='ocrx_word' id='word_1_419' title='bbox 1709 4130 1801 4169; x_wconf 81' lang='lat' dir='ltr'><strong>an-</strong></span> 
     </span>
    </p>
   </div>
   <div class='ocr_carea' id='block_1_58' title="bbox 202 4204 1797 4275">
    <p class='ocr_par' dir='ltr' id='par_1_58' title="bbox 202 4204 1797 4275">
     <span class='ocr_line' id='line_1_58' title="bbox 202 4204 1797 4275; baseline 0.002 -15"><span class='ocrx_word' id='word_1_420' title='bbox 202 4206 331 4274; x_wconf 86' lang='lat' dir='ltr'><strong>gelis</strong></span> <span class='ocrx_word' id='word_1_421' title='bbox 350 4205 598 4274; x_wconf 79' lang='lat' dir='ltr'><strong>Angelus</strong></span> <span class='ocrx_word' id='word_1_422' title='bbox 623 4214 705 4260; x_wconf 88' lang='lat' dir='ltr'><strong>est</strong></span> <span class='ocrx_word' id='word_1_423' title='bbox 727 4204 1042 4275; x_wconf 83' lang='lat' dir='ltr'><strong>appellatus.</strong></span> <span class='ocrx_word' id='word_1_424' title='bbox 1075 4204 1229 4263; x_wconf 89' lang='lat' dir='ltr'><strong>Unde</strong></span> <span class='ocrx_word' id='word_1_425' title='bbox 1265 4205 1468 4274; x_wconf 84' lang='lat' dir='ltr'><strong>liquido</strong></span> <span class='ocrx_word' id='word_1_426' title='bbox 1494 4212 1707 4263; x_wconf 84' lang='lat' dir='ltr'><strong>constat</strong></span> <span class='ocrx_word' id='word_1_427' title='bbox 1740 4204 1797 4263; x_wconf 87' lang='lat' dir='ltr'><strong>in</strong></span> 
     </span>
    </p>
   </div>
   <div class='ocr_carea' id='block_1_59' title="bbox 204 4297 1799 4369">
    <p class='ocr_par' dir='ltr' id='par_1_59' title="bbox 204 4297 1799 4369">
     <span class='ocr_line' id='line_1_59' title="bbox 204 4297 1799 4369; baseline -0.001 -14"><span class='ocrx_word' id='word_1_428' title='bbox 204 4298 428 4355; x_wconf 80' lang='lat' dir='ltr'><strong>Salmon</strong></span> <span class='ocrx_word' id='word_1_429' title='bbox 444 4300 565 4369; x_wconf 87' lang='lat' dir='ltr'><strong>jam</strong></span> <span class='ocrx_word' id='word_1_430' title='bbox 591 4308 717 4354; x_wconf 88' lang='lat' dir='ltr'><strong>tunc</strong></span> <span class='ocrx_word' id='word_1_431' title='bbox 745 4300 937 4357; x_wconf 88' lang='lat' dir='ltr'><strong>ducem</strong></span> <span class='ocrx_word' id='word_1_432' title='bbox 958 4312 1103 4354; x_wconf 84' lang='lat' dir='ltr'><strong>verae</strong></span> <span class='ocrx_word' id='word_1_433' title='bbox 1130 4297 1487 4355; x_wconf 79' lang='lat' dir='ltr'><strong>confessionis</strong></span> <span class='ocrx_word' id='word_1_434' title='bbox 1524 4297 1711 4363; x_wconf 86' lang='lat' dir='ltr'><strong>fuisse,</strong></span> <span class='ocrx_word' id='word_1_435' title='bbox 1743 4305 1799 4355; x_wconf 88' lang='lat' dir='ltr'><strong>et</strong></span> 
     </span>
    </p>
   </div>
   <div class='ocr_carea' id='block_1_60' title="bbox 203 4390 1798 4463">
    <p class='ocr_par' dir='ltr' id='par_1_60' title="bbox 203 4390 1798 4463">
     <span class='ocr_line' id='line_1_60' title="bbox 203 4390 1798 4463; baseline 0 -17"><span class='ocrx_word' id='word_1_436' title='bbox 203 4393 345 4447; x_wconf 84' lang='lat' dir='ltr'><strong>illam</strong></span> <span class='ocrx_word' id='word_1_437' title='bbox 369 4394 599 4457; x_wconf 75' lang='lat' dir='ltr'><strong>tribum,</strong></span> <span class='ocrx_word' id='word_1_438' title='bbox 627 4393 695 4448; x_wconf 90' lang='lat' dir='ltr'><strong>de</strong></span> <span class='ocrx_word' id='word_1_439' title='bbox 721 4408 827 4463; x_wconf 86' lang='lat' dir='ltr'><strong>qua</strong></span> <span class='ocrx_word' id='word_1_440' title='bbox 852 4391 1030 4449; x_wconf 80' lang='lat' dir='ltr'><strong>fuerat</strong></span> <span class='ocrx_word' id='word_1_441' title='bbox 1058 4392 1438 4462; x_wconf 84' lang='lat' dir='ltr'><strong>repromissus,</strong></span> <span class='ocrx_word' id='word_1_442' title='bbox 1471 4406 1537 4444; x_wconf 80' lang='lat' dir='ltr'><strong>ex</strong></span> <span class='ocrx_word' id='word_1_443' title='bbox 1561 4390 1798 4462; x_wconf 63' lang='lat' dir='ltr'><strong>Egypto</strong></span> 
     </span>
    </p>
   </div>
   <div class='ocr_carea' id='block_1_61' title="bbox 200 4482 1793 4554">
    <p class='ocr_par' dir='ltr' id='par_1_61' title="bbox 200 4482 1793 4554">
     <span class='ocr_line' id='line_1_61' title="bbox 200 4482 1793 4554; baseline -0.002 -15"><span class='ocrx_word' id='word_1_444' title='bbox 200 4485 478 4547; x_wconf 74' lang='lat' dir='ltr'><strong>eduxisse,</strong></span> <span class='ocrx_word' id='word_1_445' title='bbox 534 4485 665 4554; x_wconf 89' lang='lat' dir='ltr'><strong>quia</strong></span> <span class='ocrx_word' id='word_1_446' title='bbox 697 4484 970 4539; x_wconf 84' lang='lat' dir='ltr'><strong>Christum</strong></span> <span class='ocrx_word' id='word_1_447' title='bbox 1003 4498 1109 4540; x_wconf 87' lang='lat' dir='ltr'><strong>non</strong></span> <span class='ocrx_word' id='word_1_448' title='bbox 1149 4483 1252 4538; x_wconf 89' lang='lat' dir='ltr'><strong>nisi</strong></span> <span class='ocrx_word' id='word_1_449' title='bbox 1293 4482 1403 4537; x_wconf 89' lang='lat' dir='ltr'><strong>veri</strong></span> <span class='ocrx_word' id='word_1_450' title='bbox 1455 4482 1793 4539; x_wconf 84' lang='lat' dir='ltr'><strong>confessores</strong></span> 
     </span>
    </p>
   </div>
   <div class='ocr_carea' id='block_1_62' title="bbox 199 4572 1793 4644">
    <p class='ocr_par' dir='ltr' id='par_1_62' title="bbox 199 4572 1793 4644">
     <span class='ocr_line' id='line_1_62' title="bbox 199 4572 1793 4644; baseline -0.002 -14"><span class='ocrx_word' id='word_1_451' title='bbox 199 4585 525 4644; x_wconf 81' lang='lat' dir='ltr'><strong>sequuntur.</strong></span> <span class='ocrx_word' id='word_1_452' title='bbox 557 4575 660 4642; x_wconf 88' lang='lat' dir='ltr'><strong>Qui</strong></span> <span class='ocrx_word' id='word_1_453' title='bbox 705 4574 939 4644; x_wconf 88' lang='lat' dir='ltr'><strong>denique</strong></span> <span class='ocrx_word' id='word_1_454' title='bbox 970 4573 1146 4637; x_wconf 81' lang='lat' dir='ltr'><strong>Raab.</strong></span> <span class='ocrx_word' id='word_1_455' title='bbox 1177 4574 1229 4627; x_wconf 91' lang='lat' dir='ltr'><strong>id</strong></span> <span class='ocrx_word' id='word_1_456' title='bbox 1265 4583 1348 4627; x_wconf 91' lang='lat' dir='ltr'><strong>est</strong></span> <span class='ocrx_word' id='word_1_457' title='bbox 1396 4572 1693 4628; x_wconf 85' lang='lat' dir='ltr'><strong>Ecclesiam</strong></span> <span class='ocrx_word' id='word_1_458' title='bbox 1727 4574 1793 4627; x_wconf 89' lang='lat' dir='ltr'><strong>de</strong></span> 
     </span>
    </p>
   </div>
   <div class='ocr_carea' id='block_1_63' title="bbox 200 4662 1793 4735">
    <p class='ocr_par' dir='ltr' id='par_1_63' title="bbox 200 4662 1793 4735">
     <span class='ocr_line' id='line_1_63' title="bbox 200 4662 1793 4735; baseline -0.001 -14"><span class='ocrx_word' id='word_1_459' title='bbox 200 4668 477 4735; x_wconf 80' lang='lat' dir='ltr'><strong>gentibus,</strong></span> <span class='ocrx_word' id='word_1_460' title='bbox 506 4666 785 4721; x_wconf 86' lang='lat' dir='ltr'><strong>subversis</strong></span> <span class='ocrx_word' id='word_1_461' title='bbox 812 4665 981 4720; x_wconf 91' lang='lat' dir='ltr'><strong>muris</strong></span> <span class='ocrx_word' id='word_1_462' title='bbox 1020 4663 1259 4731; x_wconf 84' lang='lat' dir='ltr'><strong>Jericho,</strong></span> <span class='ocrx_word' id='word_1_463' title='bbox 1304 4665 1403 4720; x_wconf 88' lang='lat' dir='ltr'><strong>sibi</strong></span> <span class='ocrx_word' id='word_1_464' title='bbox 1464 4665 1518 4719; x_wconf 92' lang='lat' dir='ltr'><strong>in</strong></span> <span class='ocrx_word' id='word_1_465' title='bbox 1544 4662 1793 4734; x_wconf 87' lang='lat' dir='ltr'><strong>conjugio</strong></span> 
     </span>
    </p>
   </div>
   <div class='ocr_carea' id='block_1_64' title="bbox 203 4754 1791 4828">
    <p class='ocr_par' dir='ltr' id='par_1_64' title="bbox 203 4754 1791 4828">
     <span class='ocr_line' id='line_1_64' title="bbox 203 4754 1791 4828; baseline -0.001 -19"><span class='ocrx_word' id='word_1_466' title='bbox 203 4758 476 4828; x_wconf 72' lang='lat' dir='ltr'><strong>copulavit</strong></span> <span class='ocrx_word' id='word_1_467' title='bbox 503 4755 643 4826; x_wconf 77' lang='lat' dir='ltr'><strong>(los.</strong></span> <span class='ocrx_word' id='word_1_468' title='bbox 681 4773 760 4819; x_wconf 85' lang='lat' dir='ltr'><strong>vt,</strong></span> <span class='ocrx_word' id='word_1_469' title='bbox 797 4756 912 4825; x_wconf 73' lang='lat'><strong>9.5).</strong></span> <span class='ocrx_word' id='word_1_470' title='bbox 948 4754 1064 4809; x_wconf 86' lang='lat' dir='ltr'><strong>Non</strong></span> <span class='ocrx_word' id='word_1_471' title='bbox 1089 4755 1235 4811; x_wconf 89' lang='lat' dir='ltr'><strong>enim</strong></span> <span class='ocrx_word' id='word_1_472' title='bbox 1267 4770 1334 4809; x_wconf 75' lang='lat' dir='ltr'><strong>ex</strong></span> <span class='ocrx_word' id='word_1_473' title='bbox 1375 4755 1521 4809; x_wconf 82' lang='lat' dir='ltr'><strong>utuni</strong></span> <span class='ocrx_word' id='word_1_474' title='bbox 1547 4754 1633 4811; x_wconf 89' lang='lat' dir='ltr'><strong>illa</strong></span> <span class='ocrx_word' id='word_1_475' title='bbox 1660 4755 1791 4811; x_wconf 82' lang='lat' dir='ltr'><strong>civi-</strong></span> 
     </span>
    </p>
   </div>
   <div class='ocr_carea' id='block_1_65' title="bbox 201 4844 1790 4920">
    <p class='ocr_par' dir='ltr' id='par_1_65' title="bbox 201 4844 1790 4920">
     <span class='ocr_line' id='line_1_65' title="bbox 201 4844 1790 4920; baseline -0.002 -16"><span class='ocrx_word' id='word_1_476' title='bbox 201 4858 303 4904; x_wconf 86' lang='lat' dir='ltr'><strong>tate</strong></span> <span class='ocrx_word' id='word_1_477' title='bbox 328 4848 615 4920; x_wconf 88' lang='lat' dir='ltr'><strong>quidpiam</strong></span> <span class='ocrx_word' id='word_1_478' title='bbox 643 4847 907 4912; x_wconf 85' lang='lat' dir='ltr'><strong>salvatur,</strong></span> <span class='ocrx_word' id='word_1_479' title='bbox 936 4846 1037 4901; x_wconf 84' lang='lat' dir='ltr'><strong>nisi</strong></span> <span class='ocrx_word' id='word_1_480' title='bbox 1071 4854 1278 4901; x_wconf 85' lang='lat' dir='ltr'><strong>tantum</strong></span> <span class='ocrx_word' id='word_1_481' title='bbox 1309 4846 1500 4901; x_wconf 87' lang='lat' dir='ltr'><strong>domus</strong></span> <span class='ocrx_word' id='word_1_482' title='bbox 1538 4844 1703 4907; x_wconf 81' lang='lat' dir='ltr'><strong>Raab,</strong></span> <span class='ocrx_word' id='word_1_483' title='bbox 1735 4854 1790 4901; x_wconf 89' lang='lat' dir='ltr'><strong>et</strong></span> 
     </span>
    </p>
   </div>
   <div class='ocr_carea' id='block_1_66' title="bbox 197 4936 1788 5011">
    <p class='ocr_par' dir='ltr' id='par_1_66' title="bbox 197 4936 1788 5011">
     <span class='ocr_line' id='line_1_66' title="bbox 197 4936 1788 5011; baseline -0.003 -14"><span class='ocrx_word' id='word_1_484' title='bbox 197 4942 374 4996; x_wconf 80' lang='lat' dir='ltr'><strong>omnia</strong></span> <span class='ocrx_word' id='word_1_485' title='bbox 423 4955 550 5011; x_wconf 68' lang='lat' dir='ltr'><strong>qua:</strong></span> <span class='ocrx_word' id='word_1_486' title='bbox 598 4939 652 4993; x_wconf 91' lang='lat' dir='ltr'><strong>in</strong></span> <span class='ocrx_word' id='word_1_487' title='bbox 681 4953 746 4993; x_wconf 88' lang='lat' dir='ltr'><strong>ea</strong></span> <span class='ocrx_word' id='word_1_488' title='bbox 774 4937 943 4992; x_wconf 89' lang='lat' dir='ltr'><strong>fuisse</strong></span> <span class='ocrx_word' id='word_1_489' title='bbox 991 4939 1308 5006; x_wconf 89' lang='lat' dir='ltr'><strong>probantur.</strong></span> <span class='ocrx_word' id='word_1_490' title='bbox 1356 4936 1491 5002; x_wconf 85' lang='lat' dir='ltr'><strong>Quia</strong></span> <span class='ocrx_word' id='word_1_491' title='bbox 1534 4936 1788 4993; x_wconf 85' lang='lat' dir='ltr'><strong>nimirum</strong></span> 
     </span>
    </p>
   </div>
   <div class='ocr_carea' id='block_1_67' title="bbox 195 5028 1792 5098">
    <p class='ocr_par' dir='ltr' id='par_1_67' title="bbox 195 5028 1792 5098">
     <span class='ocr_line' id='line_1_67' title="bbox 195 5028 1792 5098; baseline -0.003 -11"><span class='ocrx_word' id='word_1_492' title='bbox 195 5044 347 5088; x_wconf 71' lang='lat' dir='ltr'><strong>extra</strong></span> <span class='ocrx_word' id='word_1_493' title='bbox 372 5040 624 5089; x_wconf 85' lang='lat' dir='ltr'><strong>sanctam</strong></span> <span class='ocrx_word' id='word_1_494' title='bbox 671 5031 763 5085; x_wconf 92' lang='lat' dir='ltr'><strong>Dei</strong></span> <span class='ocrx_word' id='word_1_495' title='bbox 796 5029 1090 5084; x_wconf 75' lang='lat' dir='ltr'><strong>Ecclesium</strong></span> <span class='ocrx_word' id='word_1_496' title='bbox 1137 5028 1396 5098; x_wconf 87' lang='lat' dir='ltr'><strong>quidquid</strong></span> <span class='ocrx_word' id='word_1_497' title='bbox 1444 5035 1527 5083; x_wconf 90' lang='lat' dir='ltr'><strong>est</strong></span> <span class='ocrx_word' id='word_1_498' title='bbox 1564 5029 1792 5082; x_wconf 83' lang='lat' dir='ltr'><strong>anathe-</strong></span> 
     </span>
    </p>
   </div>
   <div class='ocr_carea' id='block_1_68' title="bbox 198 5117 1788 5191">
    <p class='ocr_par' dir='ltr' id='par_1_68' title="bbox 198 5117 1788 5191">
     <span class='ocr_line' id='line_1_68' title="bbox 198 5117 1788 5191; baseline -0.004 -14"><span class='ocrx_word' id='word_1_499' title='bbox 198 5133 337 5178; x_wconf 86' lang='lat' dir='ltr'><strong>mate</strong></span> <span class='ocrx_word' id='word_1_500' title='bbox 365 5121 708 5191; x_wconf 80' lang='lat' dir='ltr'><strong>percutitur;</strong></span> <span class='ocrx_word' id='word_1_501' title='bbox 738 5120 860 5175; x_wconf 88' lang='lat' dir='ltr'><strong>etsi</strong></span> <span class='ocrx_word' id='word_1_502' title='bbox 891 5119 1084 5174; x_wconf 75' lang='lat' dir='ltr'><strong>exinde</strong></span> <span class='ocrx_word' id='word_1_503' title='bbox 1131 5132 1318 5172; x_wconf 90' lang='lat' dir='ltr'><strong>amore</strong></span> <span class='ocrx_word' id='word_1_504' title='bbox 1355 5117 1630 5188; x_wconf 80' lang='lat' dir='ltr'><strong>quidpiam</strong></span> <span class='ocrx_word' id='word_1_505' title='bbox 1680 5117 1788 5171; x_wconf 79' lang='lat' dir='ltr'><strong>Deo</strong></span> 
     </span>
    </p>
   </div>
   <div class='ocr_carea' id='block_1_69' title="bbox 198 5209 1783 5283">
    <p class='ocr_par' dir='ltr' id='par_1_69' title="bbox 198 5209 1783 5283">
     <span class='ocr_line' id='line_1_69' title="bbox 198 5209 1783 5283; baseline -0.006 -12"><span class='ocrx_word' id='word_1_506' title='bbox 198 5216 506 5283; x_wconf 66' lang='lat' dir='ltr'><strong>pmicrtur,</strong></span> <span class='ocrx_word' id='word_1_507' title='bbox 540 5221 811 5268; x_wconf 85' lang='lat' dir='ltr'><strong>tormento</strong></span> <span class='ocrx_word' id='word_1_508' title='bbox 861 5211 1050 5266; x_wconf 88' lang='lat' dir='ltr'><strong>mortis</strong></span> <span class='ocrx_word' id='word_1_509' title='bbox 1081 5209 1260 5266; x_wconf 90' lang='lat' dir='ltr'><strong>acrius</strong></span> <span class='ocrx_word' id='word_1_510' title='bbox 1288 5209 1613 5279; x_wconf 80' lang='lat' dir='ltr'><strong>exquiritur.</strong></span> <span class='ocrx_word' id='word_1_511' title='bbox 1644 5216 1783 5272; x_wconf 57' lang='lat' dir='ltr'><strong>tuo-</strong></span> 
     </span>
    </p>
   </div>
   <div class='ocr_carea' id='block_1_70' title="bbox 200 5300 1781 5377">
    <p class='ocr_par' dir='ltr' id='par_1_70' title="bbox 200 5300 1781 5377">
     <span class='ocr_line' id='line_1_70' title="bbox 200 5300 1781 5377; baseline -0.005 -16"><span class='ocrx_word' id='word_1_512' title='bbox 200 5309 335 5363; x_wconf 78' lang='lat' dir='ltr'><strong>uiara</strong></span> <span class='ocrx_word' id='word_1_513' title='bbox 366 5307 687 5377; x_wconf 86' lang='lat' dir='ltr'><strong>quicunque</strong></span> <span class='ocrx_word' id='word_1_514' title='bbox 716 5303 945 5359; x_wconf 87' lang='lat' dir='ltr'><strong>voluerit</strong></span> <span class='ocrx_word' id='word_1_515' title='bbox 981 5318 1100 5358; x_wconf 86' lang='lat' dir='ltr'><strong>esse</strong></span> <span class='ocrx_word' id='word_1_516' title='bbox 1144 5303 1351 5356; x_wconf 82' lang='lat' dir='ltr'><strong>amicus</strong></span> <span class='ocrx_word' id='word_1_517' title='bbox 1389 5300 1549 5369; x_wconf 88' lang='lat' dir='ltr'><strong>hujus</strong></span> <span class='ocrx_word' id='word_1_518' title='bbox 1577 5301 1781 5366; x_wconf 63' lang='lat' dir='ltr'><strong>scrculi,</strong></span> 
     </span>
    </p>
   </div>
   <div class='ocr_carea' id='block_1_71' title="bbox 197 5395 1780 5469">
    <p class='ocr_par' dir='ltr' id='par_1_71' title="bbox 197 5395 1780 5469">
     <span class='ocr_line' id='line_1_71' title="bbox 197 5395 1780 5469; baseline -0.005 -13"><span class='ocrx_word' id='word_1_519' title='bbox 197 5400 447 5456; x_wconf 75' lang='lat' dir='ltr'><strong>inimicus</strong></span> <span class='ocrx_word' id='word_1_520' title='bbox 476 5399 575 5455; x_wconf 85' lang='lat' dir='ltr'><strong>Dei</strong></span> <span class='ocrx_word' id='word_1_521' title='bbox 624 5397 869 5469; x_wconf 87' lang='lat' dir='ltr'><strong>profecto</strong></span> <span class='ocrx_word' id='word_1_522' title='bbox 914 5398 1280 5455; x_wconf 88' lang='lat' dir='ltr'><strong>constituitur.</strong></span> <span class='ocrx_word' id='word_1_523' title='bbox 1316 5395 1532 5452; x_wconf 85' lang='lat' dir='ltr'><strong>Jerieho</strong></span> <span class='ocrx_word' id='word_1_524' title='bbox 1582 5395 1780 5465; x_wconf 87' lang='lat' dir='ltr'><strong>quippe</strong></span> 
     </span>
    </p>
   </div>
   <div class='ocr_carea' id='block_1_72' title="bbox 196 5488 1787 5564">
    <p class='ocr_par' dir='ltr' id='par_1_72' title="bbox 196 5488 1787 5564">
     <span class='ocr_line' id='line_1_72' title="bbox 196 5488 1787 5564; baseline -0.006 -12"><span class='ocrx_word' id='word_1_525' title='bbox 196 5509 433 5564; x_wconf 73' lang='lat' dir='ltr'><strong>praesens</strong></span> <span class='ocrx_word' id='word_1_526' title='bbox 479 5494 730 5564; x_wconf 89' lang='lat' dir='ltr'><strong>designat</strong></span> <span class='ocrx_word' id='word_1_527' title='bbox 756 5491 1037 5556; x_wconf 66' lang='lat' dir='ltr'><strong>saeculum,</strong></span> <span class='ocrx_word' id='word_1_528' title='bbox 1066 5500 1275 5561; x_wconf 87' lang='lat' dir='ltr'><strong>septem</strong></span> <span class='ocrx_word' id='word_1_529' title='bbox 1306 5490 1560 5545; x_wconf 84' lang='lat' dir='ltr'><strong>vitiorum</strong></span> <span class='ocrx_word' id='word_1_530' title='bbox 1610 5488 1787 5543; x_wconf 83' lang='lat' dir='ltr'><strong>muris-</strong></span> 
     </span>
    </p>
   </div>
   <div class='ocr_carea' id='block_1_73' title="bbox 195 5582 1777 5656">
    <p class='ocr_par' dir='ltr' id='par_1_73' title="bbox 195 5582 1777 5656">
     <span class='ocr_line' id='line_1_73' title="bbox 195 5582 1777 5656; baseline -0.005 -13"><span class='ocrx_word' id='word_1_531' title='bbox 195 5587 682 5651; x_wconf 84' lang='lat' dir='ltr'><strong>circumvallatum,</strong></span> <span class='ocrx_word' id='word_1_532' title='bbox 714 5586 859 5656; x_wconf 88' lang='lat' dir='ltr'><strong>quod</strong></span> <span class='ocrx_word' id='word_1_533' title='bbox 904 5600 1000 5655; x_wconf 90' lang='lat' dir='ltr'><strong>per</strong></span> <span class='ocrx_word' id='word_1_534' title='bbox 1028 5594 1234 5655; x_wconf 88' lang='lat' dir='ltr'><strong>septem</strong></span> <span class='ocrx_word' id='word_1_535' title='bbox 1265 5585 1471 5639; x_wconf 88' lang='lat' dir='ltr'><strong>dierum</strong></span> <span class='ocrx_word' id='word_1_536' title='bbox 1513 5582 1777 5637; x_wconf 86' lang='lat' dir='ltr'><strong>circulum</strong></span> 
     </span>
    </p>
   </div>
   <div class='ocr_carea' id='block_1_74' title="bbox 197 5673 1777 5748">
    <p class='ocr_par' dir='ltr' id='par_1_74' title="bbox 197 5673 1777 5748">
     <span class='ocr_line' id='line_1_74' title="bbox 197 5673 1777 5748; baseline -0.006 -13"><span class='ocrx_word' id='word_1_537' title='bbox 197 5681 331 5736; x_wconf 86' lang='lat' dir='ltr'><strong>tubis</strong></span> <span class='ocrx_word' id='word_1_538' title='bbox 362 5681 743 5737; x_wconf 86' lang='lat' dir='ltr'><strong>doctrinarum</strong></span> <span class='ocrx_word' id='word_1_539' title='bbox 768 5677 865 5733; x_wconf 83' lang='lat' dir='ltr'><strong>Dei</strong></span> <span class='ocrx_word' id='word_1_540' title='bbox 891 5675 1266 5748; x_wconf 86' lang='lat' dir='ltr'><strong>clangentibus</strong></span> <span class='ocrx_word' id='word_1_541' title='bbox 1306 5674 1506 5745; x_wconf 86' lang='lat' dir='ltr'><strong>jugitcr</strong></span> <span class='ocrx_word' id='word_1_542' title='bbox 1537 5673 1777 5731; x_wconf 78' lang='lat' dir='ltr'><strong>circum-</strong></span> 
     </span>
    </p>
   </div>
   <div class='ocr_carea' id='block_1_75' title="bbox 195 5765 1774 5839">
    <p class='ocr_par' dir='ltr' id='par_1_75' title="bbox 195 5765 1774 5839">
     <span class='ocr_line' id='line_1_75' title="bbox 195 5765 1774 5839; baseline 0 -12"><span class='ocrx_word' id='word_1_543' title='bbox 195 5770 480 5839; x_wconf 75' lang='lat' dir='ltr'><strong>lustratur;</strong></span> <span class='ocrx_word' id='word_1_544' title='bbox 516 5771 692 5828; x_wconf 74' lang='lat' dir='ltr'><strong>tlonec</strong></span> <span class='ocrx_word' id='word_1_545' title='bbox 733 5773 789 5829; x_wconf 73' lang='lat' dir='ltr'><strong>in</strong></span> <span class='ocrx_word' id='word_1_546' title='bbox 814 5770 1104 5832; x_wconf 78' lang='lat' dir='ltr'><strong>novissima</strong></span> <span class='ocrx_word' id='word_1_547' title='bbox 1152 5767 1276 5827; x_wconf 85' lang='lat' dir='ltr'><strong>tuba</strong></span> <span class='ocrx_word' id='word_1_548' title='bbox 1303 5780 1493 5827; x_wconf 78' lang='lat' dir='ltr'><strong>oinues</strong></span> <span class='ocrx_word' id='word_1_549' title='bbox 1518 5765 1774 5828; x_wconf 82' lang='lat' dir='ltr'><strong>vitiorum</strong></span> 
     </span>
    </p>
   </div>
   <div class='ocr_carea' id='block_1_76' title="bbox 1996 1920 3494 1993">
    <p class='ocr_par' dir='ltr' id='par_1_76' title="bbox 1996 1920 3494 1993">
     <span class='ocr_line' id='line_1_76' title="bbox 1996 1920 3494 1993; baseline 0 -16"><span class='ocrx_word' id='word_1_550' title='bbox 1996 1922 2162 1977; x_wconf 80' lang='lat' dir='ltr'><strong>Porro</strong></span> <span class='ocrx_word' id='word_1_551' title='bbox 2188 1922 2334 1978; x_wconf 67' lang='lat' dir='ltr'><strong>Boos</strong></span> <span class='ocrx_word' id='word_1_552' title='bbox 2365 1922 2537 1993; x_wconf 80' lang='lat' dir='ltr'><strong>genuit</strong></span> <span class='ocrx_word' id='word_1_553' title='bbox 2562 1920 2704 1976; x_wconf 86' lang='lat' dir='ltr'><strong>Obed</strong></span> <span class='ocrx_word' id='word_1_554' title='bbox 2728 1938 2789 1975; x_wconf 69' lang='lat' dir='ltr'><strong>ex</strong></span> <span class='ocrx_word' id='word_1_555' title='bbox 2808 1920 2969 1974; x_wconf 78' lang='lat' dir='ltr'><strong>Ruth.</strong></span> <span class='ocrx_word' id='word_1_556' title='bbox 3000 1921 3075 1975; x_wconf 91' lang='lat' dir='ltr'><strong>De</strong></span> <span class='ocrx_word' id='word_1_557' title='bbox 3098 1936 3202 1991; x_wconf 89' lang='lat' dir='ltr'><strong>qua</strong></span> <span class='ocrx_word' id='word_1_558' title='bbox 3230 1921 3494 1990; x_wconf 89' lang='lat' dir='ltr'><strong>siquidem</strong></span> 
     </span>
    </p>
   </div>
   <div class='ocr_carea' id='block_1_77' title="bbox 1920 2012 3494 2083">
    <p class='ocr_par' dir='ltr' id='par_1_77' title="bbox 1920 2012 3494 2083">
     <span class='ocr_line' id='line_1_77' title="bbox 1920 2012 3494 2083; baseline -0.003 -11"><span class='ocrx_word' id='word_1_559' title='bbox 1920 2016 2089 2073; x_wconf 87' lang='lat' dir='ltr'><strong>Isaias</strong></span> <span class='ocrx_word' id='word_1_560' title='bbox 2129 2014 2404 2069; x_wconf 78' lang='lat' dir='ltr'><strong>exorando</strong></span> <span class='ocrx_word' id='word_1_561' title='bbox 2452 2013 2778 2069; x_wconf 86' lang='lat' dir='ltr'><strong>vaticinatur</strong></span> <span class='ocrx_word' id='word_1_562' title='bbox 2804 2014 3024 2069; x_wconf 87' lang='lat' dir='ltr'><strong>dicens:</strong></span> <span class='ocrx_word' id='word_1_563' title='bbox 3062 2012 3276 2077; x_wconf 81' lang='lat' dir='ltr'><strong>Emitte,</strong></span> <span class='ocrx_word' id='word_1_564' title='bbox 3302 2014 3494 2083; x_wconf 88' lang='lat' dir='ltr'><strong>inquit,</strong></span> 
     </span>
    </p>
   </div>
   <div class='ocr_carea' id='block_1_78' title="bbox 1918 2105 3496 2180">
    <p class='ocr_par' dir='ltr' id='par_1_78' title="bbox 1918 2105 3496 2180">
     <span class='ocr_line' id='line_1_78' title="bbox 1918 2105 3496 2180; baseline -0.004 -15"><span class='ocrx_word' id='word_1_565' title='bbox 1918 2110 2146 2180; x_wconf 80' lang='lat' dir='ltr'><strong>Agnmn,</strong></span> <span class='ocrx_word' id='word_1_566' title='bbox 2173 2108 2412 2171; x_wconf 84' lang='lat' dir='ltr'><strong>Domine,</strong></span> <span class='ocrx_word' id='word_1_567' title='bbox 2433 2110 2815 2165; x_wconf 76' lang='lat' dir='ltr'><strong>dominatorem</strong></span> <span class='ocrx_word' id='word_1_568' title='bbox 2845 2117 3024 2171; x_wconf 63' lang='lat' dir='ltr'><strong>terrae,</strong></span> <span class='ocrx_word' id='word_1_569' title='bbox 3045 2107 3109 2161; x_wconf 82' lang='lat' dir='ltr'><strong>de</strong></span> <span class='ocrx_word' id='word_1_570' title='bbox 3134 2116 3281 2177; x_wconf 75' lang='lat' dir='ltr'><strong>petra</strong></span> <span class='ocrx_word' id='word_1_571' title='bbox 3305 2105 3496 2160; x_wconf 74' lang='lat' dir='ltr'><strong>deserti</strong></span> 
     </span>
    </p>
   </div>
   <div class='ocr_carea' id='block_1_79' title="bbox 1917 2195 3495 2268">
    <p class='ocr_par' dir='ltr' id='par_1_79' title="bbox 1917 2195 3495 2268">
     <span class='ocr_line' id='line_1_79' title="bbox 1917 2195 3495 2268; baseline -0.004 -13"><span class='ocrx_word' id='word_1_572' title='bbox 1917 2201 1987 2255; x_wconf 86' lang='lat' dir='ltr'><strong>ad</strong></span> <span class='ocrx_word' id='word_1_573' title='bbox 2026 2213 2253 2254; x_wconf 70' lang='lat' dir='ltr'><strong>montem</strong></span> <span class='ocrx_word' id='word_1_574' title='bbox 2298 2198 2425 2266; x_wconf 77' lang='lat' dir='ltr'><strong>ﬁlia:</strong></span> <span class='ocrx_word' id='word_1_575' title='bbox 2479 2197 2611 2254; x_wconf 85' lang='lat' dir='ltr'><strong>Sion</strong></span> <span class='ocrx_word' id='word_1_576' title='bbox 2663 2197 2796 2268; x_wconf 78' lang='lat' dir='ltr'><strong>(lsa.</strong></span> <span class='ocrx_word' id='word_1_577' title='bbox 2852 2213 2962 2262; x_wconf 72' lang='lat' dir='ltr'><strong>xw,</strong></span> <span class='ocrx_word' id='word_1_578' title='bbox 3016 2197 3087 2268; x_wconf 82' lang='lat' dir='ltr'><strong>l).</strong></span> <span class='ocrx_word' id='word_1_579' title='bbox 3147 2195 3320 2264; x_wconf 85' lang='lat' dir='ltr'><strong>Quam</strong></span> <span class='ocrx_word' id='word_1_580' title='bbox 3369 2196 3495 2250; x_wconf 90' lang='lat' dir='ltr'><strong>dum</strong></span> 
     </span>
    </p>
   </div>
   <div class='ocr_carea' id='block_1_80' title="bbox 1917 2285 3497 2360">
    <p class='ocr_par' dir='ltr' id='par_1_80' title="bbox 1917 2285 3497 2360">
     <span class='ocr_line' id='line_1_80' title="bbox 1917 2285 3497 2360; baseline -0.003 -13"><span class='ocrx_word' id='word_1_581' title='bbox 1917 2290 2243 2360; x_wconf 85' lang='lat' dir='ltr'><strong>evangelista</strong></span> <span class='ocrx_word' id='word_1_582' title='bbox 2301 2290 2353 2342; x_wconf 93' lang='lat' dir='ltr'><strong>in</strong></span> <span class='ocrx_word' id='word_1_583' title='bbox 2384 2290 2522 2344; x_wconf 89' lang='lat' dir='ltr'><strong>hanc</strong></span> <span class='ocrx_word' id='word_1_584' title='bbox 2547 2289 2847 2358; x_wconf 86' lang='lat' dir='ltr'><strong>prosapiam</strong></span> <span class='ocrx_word' id='word_1_585' title='bbox 2882 2288 3225 2352; x_wconf 87' lang='lat' dir='ltr'><strong>intromittit,</strong></span> <span class='ocrx_word' id='word_1_586' title='bbox 3252 2285 3497 2357; x_wconf 79' lang='lat' dir='ltr'><strong>profectu</strong></span> 
     </span>
    </p>
   </div>
   <div class='ocr_carea' id='block_1_81' title="bbox 1918 2378 3492 2449">
    <p class='ocr_par' dir='ltr' id='par_1_81' title="bbox 1918 2378 3492 2449">
     <span class='ocr_line' id='line_1_81' title="bbox 1918 2378 3492 2449; baseline -0.002 -14"><span class='ocrx_word' id='word_1_587' title='bbox 1918 2382 2234 2437; x_wconf 88' lang='lat' dir='ltr'><strong>vaticiniutn</strong></span> <span class='ocrx_word' id='word_1_588' title='bbox 2288 2381 2421 2435; x_wconf 86' lang='lat' dir='ltr'><strong>tanti</strong></span> <span class='ocrx_word' id='word_1_589' title='bbox 2477 2381 2755 2449; x_wconf 73' lang='lat' dir='ltr'><strong>proohette</strong></span> <span class='ocrx_word' id='word_1_590' title='bbox 2792 2379 3076 2448; x_wconf 86' lang='lat' dir='ltr'><strong>impletum</strong></span> <span class='ocrx_word' id='word_1_591' title='bbox 3129 2378 3195 2433; x_wconf 89' lang='lat' dir='ltr'><strong>iri</strong></span> <span class='ocrx_word' id='word_1_592' title='bbox 3240 2386 3492 2444; x_wconf 83' lang='lat' dir='ltr'><strong>testatur,</strong></span> 
     </span>
    </p>
   </div>
   <div class='ocr_carea' id='block_1_82' title="bbox 1917 2471 3496 2544">
    <p class='ocr_par' dir='ltr' id='par_1_82' title="bbox 1917 2471 3496 2544">
     <span class='ocr_line' id='line_1_82' title="bbox 1917 2471 3496 2544; baseline -0.004 -14"><span class='ocrx_word' id='word_1_593' title='bbox 1917 2490 2038 2531; x_wconf 88' lang='lat' dir='ltr'><strong>cum</strong></span> <span class='ocrx_word' id='word_1_594' title='bbox 2076 2491 2172 2544; x_wconf 90' lang='lat' dir='ltr'><strong>per</strong></span> <span class='ocrx_word' id='word_1_595' title='bbox 2194 2489 2315 2529; x_wconf 87' lang='lat' dir='ltr'><strong>eam</strong></span> <span class='ocrx_word' id='word_1_596' title='bbox 2358 2472 2510 2544; x_wconf 90' lang='lat' dir='ltr'><strong>origo</strong></span> <span class='ocrx_word' id='word_1_597' title='bbox 2558 2473 2780 2527; x_wconf 89' lang='lat' dir='ltr'><strong>seminis</strong></span> <span class='ocrx_word' id='word_1_598' title='bbox 2806 2471 3040 2525; x_wconf 68' lang='lat' dir='ltr'><strong>Abrahrc</strong></span> <span class='ocrx_word' id='word_1_599' title='bbox 3088 2478 3236 2527; x_wconf 90' lang='lat' dir='ltr'><strong>recto</strong></span> <span class='ocrx_word' id='word_1_600' title='bbox 3280 2471 3496 2525; x_wconf 80' lang='lat' dir='ltr'><strong>tramite</strong></span> 
     </span>
    </p>
   </div>
   <div class='ocr_carea' id='block_1_83' title="bbox 1917 2560 3489 2635">
    <p class='ocr_par' dir='ltr' id='par_1_83' title="bbox 1917 2560 3489 2635">
     <span class='ocr_line' id='line_1_83' title="bbox 1917 2560 3489 2635; baseline -0.004 -16"><span class='ocrx_word' id='word_1_601' title='bbox 1917 2577 2089 2633; x_wconf 86' lang='lat' dir='ltr'><strong>usque</strong></span> <span class='ocrx_word' id='word_1_602' title='bbox 2111 2563 2177 2618; x_wconf 88' lang='lat' dir='ltr'><strong>ad</strong></span> <span class='ocrx_word' id='word_1_603' title='bbox 2216 2563 2491 2635; x_wconf 86' lang='lat' dir='ltr'><strong>Christum</strong></span> <span class='ocrx_word' id='word_1_604' title='bbox 2519 2562 2823 2617; x_wconf 86' lang='lat' dir='ltr'><strong>deducitur.</strong></span> <span class='ocrx_word' id='word_1_605' title='bbox 2852 2560 2960 2615; x_wconf 82' lang='lat' dir='ltr'><strong>Nec</strong></span> <span class='ocrx_word' id='word_1_606' title='bbox 3002 2577 3108 2615; x_wconf 91' lang='lat' dir='ltr'><strong>non</strong></span> <span class='ocrx_word' id='word_1_607' title='bbox 3140 2570 3196 2613; x_wconf 89' lang='lat' dir='ltr'><strong>et</strong></span> <span class='ocrx_word' id='word_1_608' title='bbox 3223 2575 3318 2629; x_wconf 89' lang='lat' dir='ltr'><strong>per</strong></span> <span class='ocrx_word' id='word_1_609' title='bbox 3340 2574 3489 2613; x_wconf 82' lang='lat' dir='ltr'><strong>eatu—</strong></span> 
     </span>
    </p>
   </div>
   <div class='ocr_carea' id='block_1_84' title="bbox 1917 2649 3495 2725">
    <p class='ocr_par' dir='ltr' id='par_1_84' title="bbox 1917 2649 3495 2725">
     <span class='ocr_line' id='line_1_84' title="bbox 1917 2649 3495 2725; baseline -0.005 -15"><span class='ocrx_word' id='word_1_610' title='bbox 1917 2657 2038 2711; x_wconf 88' lang='lat' dir='ltr'><strong>dem</strong></span> <span class='ocrx_word' id='word_1_611' title='bbox 2064 2656 2306 2711; x_wconf 84' lang='lat' dir='ltr'><strong>Ecclesia</strong></span> <span class='ocrx_word' id='word_1_612' title='bbox 2343 2656 2407 2710; x_wconf 87' lang='lat' dir='ltr'><strong>de</strong></span> <span class='ocrx_word' id='word_1_613' title='bbox 2436 2654 2709 2725; x_wconf 88' lang='lat' dir='ltr'><strong>gentibus,</strong></span> <span class='ocrx_word' id='word_1_614' title='bbox 2766 2653 2818 2709; x_wconf 89' lang='lat' dir='ltr'><strong>id</strong></span> <span class='ocrx_word' id='word_1_615' title='bbox 2861 2660 2944 2707; x_wconf 88' lang='lat' dir='ltr'><strong>est</strong></span> <span class='ocrx_word' id='word_1_616' title='bbox 2981 2652 3049 2709; x_wconf 86' lang='lat' dir='ltr'><strong>de</strong></span> <span class='ocrx_word' id='word_1_617' title='bbox 3100 2651 3274 2713; x_wconf 78' lang='lat' dir='ltr'><strong>Moab,</strong></span> <span class='ocrx_word' id='word_1_618' title='bbox 3312 2649 3495 2713; x_wconf 82' lang='lat' dir='ltr'><strong>futura</strong></span> 
     </span>
    </p>
   </div>
   <div class='ocr_carea' id='block_1_85' title="bbox 1915 2741 3497 2818">
    <p class='ocr_par' dir='ltr' id='par_1_85' title="bbox 1915 2741 3497 2818">
     <span class='ocr_line' id='line_1_85' title="bbox 1915 2741 3497 2818; baseline -0.004 -15"><span class='ocrx_word' id='word_1_619' title='bbox 1915 2747 2313 2818; x_wconf 64' lang='lat' dir='ltr'><strong>praefiguntur.</strong></span> <span class='ocrx_word' id='word_1_620' title='bbox 2348 2745 2511 2801; x_wconf 81' lang='lat' dir='ltr'><strong>Moab</strong></span> <span class='ocrx_word' id='word_1_621' title='bbox 2539 2746 2684 2800; x_wconf 88' lang='lat' dir='ltr'><strong>enim</strong></span> <span class='ocrx_word' id='word_1_622' title='bbox 2711 2744 2775 2798; x_wconf 84' lang='lat' dir='ltr'><strong>de</strong></span> <span class='ocrx_word' id='word_1_623' title='bbox 2809 2753 2956 2808; x_wconf 80' lang='lat' dir='ltr'><strong>patre</strong></span> <span class='ocrx_word' id='word_1_624' title='bbox 2988 2743 3393 2812; x_wconf 81' lang='lat' dir='ltr'><strong>interpretatur.</strong></span> <span class='ocrx_word' id='word_1_625' title='bbox 3422 2741 3497 2801; x_wconf 84' lang='lat' dir='ltr'><strong>Et</strong></span> 
     </span>
    </p>
   </div>
   <div class='ocr_carea' id='block_1_86' title="bbox 1916 2831 3494 2907">
    <p class='ocr_par' dir='ltr' id='par_1_86' title="bbox 1916 2831 3494 2907">
     <span class='ocr_line' id='line_1_86' title="bbox 1916 2831 3494 2907; baseline -0.004 -16"><span class='ocrx_word' id='word_1_626' title='bbox 1916 2837 2047 2906; x_wconf 88' lang='lat' dir='ltr'><strong>quid</strong></span> <span class='ocrx_word' id='word_1_627' title='bbox 2075 2846 2160 2892; x_wconf 91' lang='lat' dir='ltr'><strong>est</strong></span> <span class='ocrx_word' id='word_1_628' title='bbox 2186 2838 2251 2892; x_wconf 90' lang='lat' dir='ltr'><strong>de</strong></span> <span class='ocrx_word' id='word_1_629' title='bbox 2297 2847 2468 2907; x_wconf 84' lang='lat' dir='ltr'><strong>patre,</strong></span> <span class='ocrx_word' id='word_1_630' title='bbox 2501 2836 2602 2890; x_wconf 91' lang='lat' dir='ltr'><strong>nisi</strong></span> <span class='ocrx_word' id='word_1_631' title='bbox 2632 2835 2776 2905; x_wconf 89' lang='lat' dir='ltr'><strong>quod</strong></span> <span class='ocrx_word' id='word_1_632' title='bbox 2807 2834 3068 2890; x_wconf 85' lang='lat' dir='ltr'><strong>Dominus</strong></span> <span class='ocrx_word' id='word_1_633' title='bbox 3104 2835 3201 2896; x_wconf 80' lang='lat' dir='ltr'><strong>ait.</strong></span> <span class='ocrx_word' id='word_1_634' title='bbox 3243 2831 3342 2891; x_wconf 75' lang='lat' dir='ltr'><strong>Vos</strong></span> <span class='ocrx_word' id='word_1_635' title='bbox 3392 2848 3494 2886; x_wconf 80' lang='lat' dir='ltr'><strong>au-</strong></span> 
     </span>
    </p>
   </div>
   <div class='ocr_carea' id='block_1_87' title="bbox 1914 2925 3495 3000">
    <p class='ocr_par' dir='ltr' id='par_1_87' title="bbox 1914 2925 3495 3000">
     <span class='ocr_line' id='line_1_87' title="bbox 1914 2925 3495 3000; baseline -0.001 -18"><span class='ocrx_word' id='word_1_636' title='bbox 1914 2939 2015 2983; x_wconf 81' lang='lat' dir='ltr'><strong>tem</strong></span> <span class='ocrx_word' id='word_1_637' title='bbox 2040 2930 2104 2987; x_wconf 77' lang='lat' dir='ltr'><strong>de</strong></span> <span class='ocrx_word' id='word_1_638' title='bbox 2133 2939 2280 3000; x_wconf 81' lang='lat' dir='ltr'><strong>patre</strong></span> <span class='ocrx_word' id='word_1_639' title='bbox 2314 2929 2524 2983; x_wconf 80' lang='lat' dir='ltr'><strong>diabolo</strong></span> <span class='ocrx_word' id='word_1_640' title='bbox 2546 2930 2705 2982; x_wconf 86' lang='lat' dir='ltr'><strong>estis?</strong></span> <span class='ocrx_word' id='word_1_641' title='bbox 2736 2927 2918 2997; x_wconf 81' lang='lat' dir='ltr'><strong>(Joan.</strong></span> <span class='ocrx_word' id='word_1_642' title='bbox 2944 2942 3062 2991; x_wconf 86' lang='lat' dir='ltr'><strong>vttt,</strong></span> <span class='ocrx_word' id='word_1_643' title='bbox 3082 2926 3200 2996; x_wconf 67' lang='grc'><strong>44.)</strong></span> <span class='ocrx_word' id='word_1_644' title='bbox 3228 2925 3495 2985; x_wconf 83' lang='lat' dir='ltr'><strong>Nimirum</strong></span> 
     </span>
    </p>
   </div>
   <div class='ocr_carea' id='block_1_88' title="bbox 1917 3020 3493 3093">
    <p class='ocr_par' dir='ltr' id='par_1_88' title="bbox 1917 3020 3493 3093">
     <span class='ocr_line' id='line_1_88' title="bbox 1917 3020 3493 3093; baseline -0.001 -15"><span class='ocrx_word' id='word_1_645' title='bbox 1917 3024 2042 3093; x_wconf 90' lang='lat' dir='ltr'><strong>quia</strong></span> <span class='ocrx_word' id='word_1_646' title='bbox 2091 3038 2304 3078; x_wconf 89' lang='lat' dir='ltr'><strong>omnem</strong></span> <span class='ocrx_word' id='word_1_647' title='bbox 2349 3023 2666 3086; x_wconf 76' lang='lat' dir='ltr'><strong>Ecclesium,</strong></span> <span class='ocrx_word' id='word_1_648' title='bbox 2705 3023 3020 3092; x_wconf 85' lang='lat' dir='ltr'><strong>priusquam</strong></span> <span class='ocrx_word' id='word_1_649' title='bbox 3082 3022 3148 3077; x_wconf 89' lang='lat' dir='ltr'><strong>ad</strong></span> <span class='ocrx_word' id='word_1_650' title='bbox 3201 3020 3364 3082; x_wconf 76' lang='lat' dir='ltr'><strong>Boos,</strong></span> <span class='ocrx_word' id='word_1_651' title='bbox 3400 3022 3493 3090; x_wconf 84' lang='lat' dir='ltr'><strong>qui</strong></span> 
     </span>
    </p>
   </div>
   <div class='ocr_carea' id='block_1_89' title="bbox 1916 3115 3491 3189">
    <p class='ocr_par' dir='ltr' id='par_1_89' title="bbox 1916 3115 3491 3189">
     <span class='ocr_line' id='line_1_89' title="bbox 1916 3115 3491 3189; baseline 0 -20"><span class='ocrx_word' id='word_1_652' title='bbox 1916 3115 2069 3186; x_wconf 81' lang='lat' dir='ltr'><strong>fortis</strong></span> <span class='ocrx_word' id='word_1_653' title='bbox 2112 3116 2520 3189; x_wconf 79' lang='lat' dir='ltr'><strong>interpretatur,</strong></span> <span class='ocrx_word' id='word_1_654' title='bbox 2552 3115 2603 3169; x_wconf 90' lang='lat' dir='ltr'><strong>id</strong></span> <span class='ocrx_word' id='word_1_655' title='bbox 2642 3124 2726 3170; x_wconf 90' lang='lat' dir='ltr'><strong>est</strong></span> <span class='ocrx_word' id='word_1_656' title='bbox 2753 3115 2819 3168; x_wconf 88' lang='lat' dir='ltr'><strong>ad</strong></span> <span class='ocrx_word' id='word_1_657' title='bbox 2861 3115 3135 3170; x_wconf 88' lang='lat' dir='ltr'><strong>Christum</strong></span> <span class='ocrx_word' id='word_1_658' title='bbox 3190 3116 3491 3180; x_wconf 86' lang='lat' dir='ltr'><strong>transisset,</strong></span> 
     </span>
    </p>
   </div>
   <div class='ocr_carea' id='block_1_90' title="bbox 1829 3175 3493 3278">
    <p class='ocr_par' dir='ltr' id='par_1_90' title="bbox 1829 3175 3493 3278">
     <span class='ocr_line' id='line_1_90' title="bbox 1829 3175 3493 3278; baseline 0 -15"><span class='ocrx_word' id='word_1_659' title='bbox 1829 3175 1879 3242; x_wconf 65' lang='grc' dir='ltr'><strong>δ</strong></span> <span class='ocrx_word' id='word_1_660' title='bbox 1910 3175 1972 3263; x_wconf 79' lang='lat' dir='ltr'><strong>ex</strong></span> <span class='ocrx_word' id='word_1_661' title='bbox 2002 3215 2155 3278; x_wconf 87' lang='lat' dir='ltr'><strong>patre</strong></span> <span class='ocrx_word' id='word_1_662' title='bbox 2180 3175 2393 3262; x_wconf 75' lang='lat' dir='ltr'><strong>diabolo</strong></span> <span class='ocrx_word' id='word_1_663' title='bbox 2424 3175 2590 3261; x_wconf 82' lang='lat' dir='ltr'><strong>fuisse</strong></span> <span class='ocrx_word' id='word_1_664' title='bbox 2634 3205 2914 3275; x_wconf 80' lang='lat' dir='ltr'><strong>Scriptura</strong></span> <span class='ocrx_word' id='word_1_665' title='bbox 2965 3213 3219 3260; x_wconf 88' lang='lat' dir='ltr'><strong>testatur.</strong></span> <span class='ocrx_word' id='word_1_666' title='bbox 3257 3204 3407 3260; x_wconf 80' lang='lat' dir='ltr'><strong>Unde</strong></span> <span class='ocrx_word' id='word_1_667' title='bbox 3436 3175 3493 3263; x_wconf 68' lang='lat' dir='ltr'><strong>et</strong></span> 
     </span>
    </p>
   </div>
   <div class='ocr_carea' id='block_1_91' title="bbox 1908 3298 3491 3369">
    <p class='ocr_par' dir='ltr' id='par_1_91' title="bbox 1908 3298 3491 3369">
     <span class='ocr_line' id='line_1_91' title="bbox 1908 3298 3491 3369; baseline 0 -17"><span class='ocrx_word' id='word_1_668' title='bbox 1908 3299 2189 3355; x_wconf 86' lang='lat' dir='ltr'><strong>Psalmista</strong></span> <span class='ocrx_word' id='word_1_669' title='bbox 2208 3300 2260 3353; x_wconf 90' lang='lat' dir='ltr'><strong>in</strong></span> <span class='ocrx_word' id='word_1_670' title='bbox 2287 3299 2645 3369; x_wconf 84' lang='lat' dir='ltr'><strong>Epithalamio</strong></span> <span class='ocrx_word' id='word_1_671' title='bbox 2666 3314 2876 3368; x_wconf 62' lang='lat' dir='ltr'><strong>sponsae</strong></span> <span class='ocrx_word' id='word_1_672' title='bbox 2905 3298 3053 3353; x_wconf 89' lang='lat' dir='ltr'><strong>canit</strong></span> <span class='ocrx_word' id='word_1_673' title='bbox 3079 3298 3263 3352; x_wconf 92' lang='lat' dir='ltr'><strong>dicens</strong></span> <span class='ocrx_word' id='word_1_674' title='bbox 3292 3316 3304 3352; x_wconf 90' lang='lat'>:</span> <span class='ocrx_word' id='word_1_675' title='bbox 3330 3298 3491 3364; x_wconf 81' lang='lat' dir='ltr'><strong>Audi,</strong></span> 
     </span>
    </p>
   </div>
   <div class='ocr_carea' id='block_1_92' title="bbox 1901 3389 3493 3463">
    <p class='ocr_par' dir='ltr' id='par_1_92' title="bbox 1901 3389 3493 3463">
     <span class='ocr_line' id='line_1_92' title="bbox 1901 3389 3493 3463; baseline 0 -19"><span class='ocrx_word' id='word_1_676' title='bbox 1901 3390 2041 3460; x_wconf 74' lang='lat' dir='ltr'><strong>ﬁlia,</strong></span> <span class='ocrx_word' id='word_1_677' title='bbox 2064 3401 2111 3444; x_wconf 87' lang='lat' dir='ltr'><strong>et</strong></span> <span class='ocrx_word' id='word_1_678' title='bbox 2140 3391 2267 3452; x_wconf 85' lang='lat' dir='ltr'><strong>vide,</strong></span> <span class='ocrx_word' id='word_1_679' title='bbox 2299 3400 2347 3444; x_wconf 85' lang='lat' dir='ltr'><strong>et</strong></span> <span class='ocrx_word' id='word_1_680' title='bbox 2378 3390 2568 3444; x_wconf 84' lang='lat' dir='ltr'><strong>inclina</strong></span> <span class='ocrx_word' id='word_1_681' title='bbox 2592 3406 2772 3444; x_wconf 83' lang='lat' dir='ltr'><strong>aurem</strong></span> <span class='ocrx_word' id='word_1_682' title='bbox 2799 3400 2964 3453; x_wconf 87' lang='lat' dir='ltr'><strong>tuam,</strong></span> <span class='ocrx_word' id='word_1_683' title='bbox 2988 3398 3035 3463; x_wconf 76' lang='lat' dir='ltr'><strong>et</strong></span> <span class='ocrx_word' id='word_1_684' title='bbox 3073 3389 3371 3444; x_wconf 74' lang='lat' dir='ltr'><strong>obliviscere</strong></span> <span class='ocrx_word' id='word_1_685' title='bbox 3399 3404 3493 3458; x_wconf 47' lang='lat' dir='ltr'><strong>p0.</strong></span> 
     </span>
    </p>
   </div>
   <div class='ocr_carea' id='block_1_93' title="bbox 1903 3480 3490 3551">
    <p class='ocr_par' dir='ltr' id='par_1_93' title="bbox 1903 3480 3490 3551">
     <span class='ocr_line' id='line_1_93' title="bbox 1903 3480 3490 3551; baseline 0 -16"><span class='ocrx_word' id='word_1_686' title='bbox 1903 3480 2089 3551; x_wconf 74' lang='lat' dir='ltr'><strong>pulum</strong></span> <span class='ocrx_word' id='word_1_687' title='bbox 2119 3491 2266 3534; x_wconf 83' lang='lat' dir='ltr'><strong>luunt</strong></span> <span class='ocrx_word' id='word_1_688' title='bbox 2288 3491 2335 3535; x_wconf 85' lang='lat' dir='ltr'><strong>et</strong></span> <span class='ocrx_word' id='word_1_689' title='bbox 2356 3482 2565 3534; x_wconf 79' lang='lat' dir='ltr'><strong>domum</strong></span> <span class='ocrx_word' id='word_1_690' title='bbox 2589 3482 2755 3549; x_wconf 85' lang='lat' dir='ltr'><strong>patris</strong></span> <span class='ocrx_word' id='word_1_691' title='bbox 2784 3481 2861 3534; x_wconf 85' lang='lat' dir='ltr'><strong>tui</strong></span> <span class='ocrx_word' id='word_1_692' title='bbox 2889 3480 3061 3549; x_wconf 83' lang='lat' dir='ltr'><strong>(Psal.</strong></span> <span class='ocrx_word' id='word_1_693' title='bbox 3089 3496 3232 3543; x_wconf 61' lang='grc' dir='ltr'><strong>κων,</strong></span> <span class='ocrx_word' id='word_1_694' title='bbox 3262 3480 3370 3547; x_wconf 91' lang='lat' dir='ltr'><strong>Il).</strong></span> <span class='ocrx_word' id='word_1_695' title='bbox 3410 3480 3490 3535; x_wconf 75' lang='lat' dir='ltr'><strong>Ex</strong></span> 
     </span>
    </p>
   </div>
   <div class='ocr_carea' id='block_1_94' title="bbox 1903 3569 3485 3639">
    <p class='ocr_par' dir='ltr' id='par_1_94' title="bbox 1903 3569 3485 3639">
     <span class='ocr_line' id='line_1_94' title="bbox 1903 3569 3485 3639; baseline 0.001 -18"><span class='ocrx_word' id='word_1_696' title='bbox 1903 3585 2012 3639; x_wconf 91' lang='lat' dir='ltr'><strong>quo</strong></span> <span class='ocrx_word' id='word_1_697' title='bbox 2040 3571 2141 3623; x_wconf 88' lang='lat' dir='ltr'><strong>ista</strong></span> <span class='ocrx_word' id='word_1_698' title='bbox 2172 3571 2424 3623; x_wconf 88' lang='lat' dir='ltr'><strong>nimirum</strong></span> <span class='ocrx_word' id='word_1_699' title='bbox 2447 3569 2611 3622; x_wconf 90' lang='lat' dir='ltr'><strong>oblita</strong></span> <span class='ocrx_word' id='word_1_700' title='bbox 2646 3570 2861 3622; x_wconf 88' lang='lat' dir='ltr'><strong>domum</strong></span> <span class='ocrx_word' id='word_1_701' title='bbox 2893 3569 3065 3637; x_wconf 84' lang='lat' dir='ltr'><strong>patris</strong></span> <span class='ocrx_word' id='word_1_702' title='bbox 3094 3570 3197 3628; x_wconf 84' lang='lat' dir='ltr'><strong>sui.</strong></span> <span class='ocrx_word' id='word_1_703' title='bbox 3231 3570 3485 3623; x_wconf 77' lang='lat' dir='ltr'><strong>videlicet</strong></span> 
     </span>
    </p>
   </div>
   <div class='ocr_carea' id='block_1_95' title="bbox 1904 3655 3490 3722">
    <p class='ocr_par' dir='ltr' id='par_1_95' title="bbox 1904 3655 3490 3722">
     <span class='ocr_line' id='line_1_95' title="bbox 1904 3655 3490 3722; baseline -0.001 -9"><span class='ocrx_word' id='word_1_704' title='bbox 1904 3658 2125 3722; x_wconf 90' lang='lat' dir='ltr'><strong>diaboli,</strong></span> <span class='ocrx_word' id='word_1_705' title='bbox 2159 3666 2212 3711; x_wconf 89' lang='lat' dir='ltr'><strong>et</strong></span> <span class='ocrx_word' id='word_1_706' title='bbox 2271 3658 2544 3712; x_wconf 88' lang='lat' dir='ltr'><strong>transiens</strong></span> <span class='ocrx_word' id='word_1_707' title='bbox 2580 3655 2645 3709; x_wconf 88' lang='lat' dir='ltr'><strong>ad</strong></span> <span class='ocrx_word' id='word_1_708' title='bbox 2684 3656 2868 3718; x_wconf 87' lang='lat' dir='ltr'><strong>Israel,</strong></span> <span class='ocrx_word' id='word_1_709' title='bbox 2900 3657 3097 3711; x_wconf 87' lang='lat' dir='ltr'><strong>mulier</strong></span> <span class='ocrx_word' id='word_1_710' title='bbox 3146 3657 3363 3710; x_wconf 87' lang='lat' dir='ltr'><strong>virtutis</strong></span> <span class='ocrx_word' id='word_1_711' title='bbox 3409 3659 3490 3711; x_wconf 89' lang='lat' dir='ltr'><strong>in-</strong></span> 
     </span>
    </p>
   </div>
   <div class='ocr_carea' id='block_1_96' title="bbox 1903 3748 3490 3822">
    <p class='ocr_par' dir='ltr' id='par_1_96' title="bbox 1903 3748 3490 3822">
     <span class='ocr_line' id='line_1_96' title="bbox 1903 3748 3490 3822; baseline -0.003 -15"><span class='ocrx_word' id='word_1_712' title='bbox 1903 3752 2132 3820; x_wconf 82' lang='lat' dir='ltr'><strong>signiter</strong></span> <span class='ocrx_word' id='word_1_713' title='bbox 2151 3751 2473 3822; x_wconf 87' lang='lat' dir='ltr'><strong>appellatur.</strong></span> <span class='ocrx_word' id='word_1_714' title='bbox 2509 3749 2586 3803; x_wconf 79' lang='lat' dir='ltr'><strong>Ex</strong></span> <span class='ocrx_word' id='word_1_715' title='bbox 2629 3765 2736 3818; x_wconf 90' lang='lat' dir='ltr'><strong>quo</strong></span> <span class='ocrx_word' id='word_1_716' title='bbox 2766 3750 2907 3805; x_wconf 78' lang='grc' dir='ltr'><strong>Βοοι</strong></span> <span class='ocrx_word' id='word_1_717' title='bbox 2961 3748 3161 3819; x_wconf 89' lang='lat' dir='ltr'><strong>quippe</strong></span> <span class='ocrx_word' id='word_1_718' title='bbox 3191 3749 3386 3802; x_wconf 78' lang='lat' dir='ltr'><strong>affatur</strong></span> <span class='ocrx_word' id='word_1_719' title='bbox 3409 3749 3490 3804; x_wconf 54' lang='lat' dir='ltr'><strong>di-</strong></span> 
     </span>
    </p>
   </div>
   <div class='ocr_carea' id='block_1_97' title="bbox 1903 3840 3497 3911">
    <p class='ocr_par' dir='ltr' id='par_1_97' title="bbox 1903 3840 3497 3911">
     <span class='ocr_line' id='line_1_97' title="bbox 1903 3840 3497 3911; baseline -0.003 -12"><span class='ocrx_word' id='word_1_720' title='bbox 1903 3859 2031 3899; x_wconf 91' lang='lat' dir='ltr'><strong>cens</strong></span> <span class='ocrx_word' id='word_1_721' title='bbox 2064 3862 2075 3896; x_wconf 90' lang='lat'><strong>:</strong></span> <span class='ocrx_word' id='word_1_722' title='bbox 2114 3842 2321 3897; x_wconf 76' lang='lat' dir='ltr'><strong>Norant</strong></span> <span class='ocrx_word' id='word_1_723' title='bbox 2366 3858 2543 3896; x_wconf 85' lang='lat' dir='ltr'><strong>omnes</strong></span> <span class='ocrx_word' id='word_1_724' title='bbox 2583 3842 2670 3911; x_wconf 83' lang='lat' dir='ltr'><strong>qui</strong></span> <span class='ocrx_word' id='word_1_725' title='bbox 2702 3842 2839 3901; x_wconf 78' lang='lat' dir='ltr'><strong>intra</strong></span> <span class='ocrx_word' id='word_1_726' title='bbox 2875 3851 3054 3910; x_wconf 84' lang='lat' dir='ltr'><strong>portas</strong></span> <span class='ocrx_word' id='word_1_727' title='bbox 3096 3840 3320 3894; x_wconf 78' lang='lat' dir='ltr'><strong>civitatis</strong></span> <span class='ocrx_word' id='word_1_728' title='bbox 3367 3849 3497 3894; x_wconf 64' lang='lat' dir='ltr'><strong>sunt</strong></span> 
     </span>
    </p>
   </div>
   <div class='ocr_carea' id='block_1_98' title="bbox 1900 3933 3484 4005">
    <p class='ocr_par' dir='ltr' id='par_1_98' title="bbox 1900 3933 3484 4005">
     <span class='ocr_line' id='line_1_98' title="bbox 1900 3933 3484 4005; baseline -0.003 -14"><span class='ocrx_word' id='word_1_729' title='bbox 1900 3937 2172 3993; x_wconf 78' lang='lat' dir='ltr'><strong>mulierem</strong></span> <span class='ocrx_word' id='word_1_730' title='bbox 2204 3937 2314 4005; x_wconf 75' lang='lat' dir='ltr'><strong>fore</strong></span> <span class='ocrx_word' id='word_1_731' title='bbox 2344 3936 2545 3990; x_wconf 85' lang='lat' dir='ltr'><strong>virtutis</strong></span> <span class='ocrx_word' id='word_1_732' title='bbox 2571 3934 2754 4005; x_wconf 76' lang='lat' dir='ltr'><strong>(Rulli.</strong></span> <span class='ocrx_word' id='word_1_733' title='bbox 2781 3950 2864 3997; x_wconf 88' lang='grc' dir='ltr'>ιιι,</span> <span class='ocrx_word' id='word_1_734' title='bbox 2898 3935 3006 4003; x_wconf 84' lang='lat' dir='ltr'><strong>II).</strong></span> <span class='ocrx_word' id='word_1_735' title='bbox 3037 3933 3147 3990; x_wconf 86' lang='lat' dir='ltr'><strong>Nec</strong></span> <span class='ocrx_word' id='word_1_736' title='bbox 3176 3933 3484 3987; x_wconf 83' lang='lat' dir='ltr'><strong>immerito:</strong></span> 
     </span>
    </p>
   </div>
   <div class='ocr_carea' id='block_1_99' title="bbox 1901 4027 3488 4100">
    <p class='ocr_par' dir='ltr' id='par_1_99' title="bbox 1901 4027 3488 4100">
     <span class='ocr_line' id='line_1_99' title="bbox 1901 4027 3488 4100; baseline -0.001 -17"><span class='ocrx_word' id='word_1_737' title='bbox 1901 4030 2028 4100; x_wconf 85' lang='lat' dir='ltr'><strong>quia</strong></span> <span class='ocrx_word' id='word_1_738' title='bbox 2058 4038 2410 4083; x_wconf 83' lang='lat' dir='ltr'><strong>contemnens</strong></span> <span class='ocrx_word' id='word_1_739' title='bbox 2442 4028 2695 4098; x_wconf 91' lang='lat' dir='ltr'><strong>populum</strong></span> <span class='ocrx_word' id='word_1_740' title='bbox 2724 4044 2902 4092; x_wconf 90' lang='lat' dir='ltr'><strong>suum,</strong></span> <span class='ocrx_word' id='word_1_741' title='bbox 2931 4027 3060 4084; x_wconf 89' lang='lat' dir='ltr'><strong>dum</strong></span> <span class='ocrx_word' id='word_1_742' title='bbox 3105 4029 3171 4081; x_wconf 87' lang='lat' dir='ltr'><strong>ad</strong></span> <span class='ocrx_word' id='word_1_743' title='bbox 3201 4028 3292 4082; x_wconf 89' lang='lat' dir='ltr'><strong>Dei</strong></span> <span class='ocrx_word' id='word_1_744' title='bbox 3322 4043 3488 4098; x_wconf 90' lang='lat' dir='ltr'><strong>popu-</strong></span> 
     </span>
    </p>
   </div>
   <div class='ocr_carea' id='block_1_100' title="bbox 1905 4119 3484 4190">
    <p class='ocr_par' dir='ltr' id='par_1_100' title="bbox 1905 4119 3484 4190">
     <span class='ocr_line' id='line_1_100' title="bbox 1905 4119 3484 4190; baseline 0 -16"><span class='ocrx_word' id='word_1_745' title='bbox 1905 4121 2018 4175; x_wconf 88' lang='lat' dir='ltr'><strong>lutn</strong></span> <span class='ocrx_word' id='word_1_746' title='bbox 2048 4121 2170 4190; x_wconf 79' lang='lat' dir='ltr'><strong>jure</strong></span> <span class='ocrx_word' id='word_1_747' title='bbox 2200 4120 2480 4174; x_wconf 87' lang='lat' dir='ltr'><strong>viduitatis</strong></span> <span class='ocrx_word' id='word_1_748' title='bbox 2504 4120 2732 4173; x_wconf 82' lang='lat' dir='ltr'><strong>intraret</strong></span> <span class='ocrx_word' id='word_1_749' title='bbox 2764 4160 2778 4183; x_wconf 92' lang='lat'><strong>,</strong></span> <span class='ocrx_word' id='word_1_750' title='bbox 2804 4135 2984 4174; x_wconf 87' lang='lat' dir='ltr'><strong>socrut</strong></span> <span class='ocrx_word' id='word_1_751' title='bbox 3013 4134 3124 4175; x_wconf 78' lang='lat' dir='ltr'><strong>stne</strong></span> <span class='ocrx_word' id='word_1_752' title='bbox 3150 4119 3368 4181; x_wconf 80' lang='lat' dir='ltr'><strong>fatetur,</strong></span> <span class='ocrx_word' id='word_1_753' title='bbox 3400 4119 3484 4174; x_wconf 83' lang='lat' dir='ltr'><strong>di-</strong></span> 
     </span>
    </p>
   </div>
   <div class='ocr_carea' id='block_1_101' title="bbox 1900 4208 3483 4279">
    <p class='ocr_par' dir='ltr' id='par_1_101' title="bbox 1900 4208 3483 4279">
     <span class='ocr_line' id='line_1_101' title="bbox 1900 4208 3483 4279; baseline -0.004 -12"><span class='ocrx_word' id='word_1_754' title='bbox 1900 4225 2031 4267; x_wconf 88' lang='lat' dir='ltr'><strong>cens</strong></span> <span class='ocrx_word' id='word_1_755' title='bbox 2058 4227 2071 4262; x_wconf 90' lang='lat'><strong>:</strong></span> <span class='ocrx_word' id='word_1_756' title='bbox 2098 4208 2335 4279; x_wconf 81' lang='lat' dir='ltr'><strong>Populus</strong></span> <span class='ocrx_word' id='word_1_757' title='bbox 2357 4218 2501 4273; x_wconf 81' lang='lat' dir='ltr'><strong>tuus,</strong></span> <span class='ocrx_word' id='word_1_758' title='bbox 2523 4208 2746 4278; x_wconf 81' lang='lat' dir='ltr'><strong>populus</strong></span> <span class='ocrx_word' id='word_1_759' title='bbox 2771 4225 2917 4263; x_wconf 84' lang='lat' dir='ltr'><strong>meus</strong></span> <span class='ocrx_word' id='word_1_760' title='bbox 2939 4209 3056 4272; x_wconf 86' lang='lat' dir='ltr'><strong>erit,</strong></span> <span class='ocrx_word' id='word_1_761' title='bbox 3097 4218 3145 4262; x_wconf 85' lang='lat' dir='ltr'><strong>et</strong></span> <span class='ocrx_word' id='word_1_762' title='bbox 3178 4208 3314 4265; x_wconf 66' lang='lat' dir='ltr'><strong>Deus</strong></span> <span class='ocrx_word' id='word_1_763' title='bbox 3340 4218 3483 4273; x_wconf 84' lang='lat' dir='ltr'><strong>tuus,</strong></span> 
     </span>
    </p>
   </div>
   <div class='ocr_carea' id='block_1_102' title="bbox 1901 4300 3483 4369">
    <p class='ocr_par' dir='ltr' id='par_1_102' title="bbox 1901 4300 3483 4369">
     <span class='ocr_line' id='line_1_102' title="bbox 1901 4300 3483 4369; baseline 0.001 -15"><span class='ocrx_word' id='word_1_764' title='bbox 1901 4301 2041 4354; x_wconf 84' lang='lat' dir='ltr'><strong>Deus</strong></span> <span class='ocrx_word' id='word_1_765' title='bbox 2070 4316 2214 4355; x_wconf 81' lang='lat' dir='ltr'><strong>meus</strong></span> <span class='ocrx_word' id='word_1_766' title='bbox 2243 4316 2263 4365; x_wconf 87' lang='lat'><strong><em>;</em></strong></span> <span class='ocrx_word' id='word_1_767' title='bbox 2290 4315 2408 4369; x_wconf 81' lang='lat' dir='ltr'><strong>qum</strong></span> <span class='ocrx_word' id='word_1_768' title='bbox 2438 4309 2486 4352; x_wconf 84' lang='lat' dir='ltr'><strong>te</strong></span> <span class='ocrx_word' id='word_1_769' title='bbox 2509 4309 2649 4352; x_wconf 83' lang='lat' dir='ltr'><strong>terra</strong></span> <span class='ocrx_word' id='word_1_770' title='bbox 2674 4301 2979 4355; x_wconf 82' lang='lat' dir='ltr'><strong>morientem</strong></span> <span class='ocrx_word' id='word_1_771' title='bbox 3004 4300 3310 4368; x_wconf 78' lang='lat' dir='ltr'><strong>susceperit,</strong></span> <span class='ocrx_word' id='word_1_772' title='bbox 3339 4301 3393 4352; x_wconf 84' lang='lat' dir='ltr'><strong>in</strong></span> <span class='ocrx_word' id='word_1_773' title='bbox 3423 4315 3483 4355; x_wconf 85' lang='lat' dir='ltr'><strong>ea</strong></span> 
     </span>
    </p>
   </div>
   <div class='ocr_carea' id='block_1_103' title="bbox 1900 4390 3482 4464">
    <p class='ocr_par' dir='ltr' id='par_1_103' title="bbox 1900 4390 3482 4464">
     <span class='ocr_line' id='line_1_103' title="bbox 1900 4390 3482 4464; baseline -0.001 -16"><span class='ocrx_word' id='word_1_774' title='bbox 1900 4394 2119 4458; x_wconf 77' lang='lat' dir='ltr'><strong>moriar,</strong></span> <span class='ocrx_word' id='word_1_775' title='bbox 2144 4393 2317 4464; x_wconf 84' lang='lat' dir='ltr'><strong>ibique</strong></span> <span class='ocrx_word' id='word_1_776' title='bbox 2336 4391 2509 4446; x_wconf 79' lang='lat' dir='ltr'><strong>locum</strong></span> <span class='ocrx_word' id='word_1_777' title='bbox 2531 4392 2786 4462; x_wconf 84' lang='lat' dir='ltr'><strong>accipiam</strong></span> <span class='ocrx_word' id='word_1_778' title='bbox 2807 4390 3089 4462; x_wconf 71' lang='lat' dir='ltr'><strong>sepultura:</strong></span> <span class='ocrx_word' id='word_1_779' title='bbox 3108 4391 3290 4464; x_wconf 77' lang='lat' dir='ltr'><strong>(Rulli.</strong></span> <span class='ocrx_word' id='word_1_780' title='bbox 3315 4408 3352 4453; x_wconf 82' lang='grc' dir='ltr'>ι.</span> <span class='ocrx_word' id='word_1_781' title='bbox 3378 4392 3482 4459; x_wconf 83' lang='grc'><strong>16).</strong></span> 
     </span>
    </p>
   </div>
   <div class='ocr_carea' id='block_1_104' title="bbox 1902 4481 3485 4539">
    <p class='ocr_par' dir='ltr' id='par_1_104' title="bbox 1902 4481 3485 4539">
     <span class='ocr_line' id='line_1_104' title="bbox 1902 4481 3485 4539; baseline -0.001 -1"><span class='ocrx_word' id='word_1_782' title='bbox 1902 4482 2090 4538; x_wconf 88' lang='lat' dir='ltr'><strong>Nonne</strong></span> <span class='ocrx_word' id='word_1_783' title='bbox 2133 4481 2576 4538; x_wconf 88' lang='lat' dir='ltr'><strong>manifestissime</strong></span> <span class='ocrx_word' id='word_1_784' title='bbox 2627 4482 2742 4537; x_wconf 73' lang='lat' dir='ltr'><strong>hzcc</strong></span> <span class='ocrx_word' id='word_1_785' title='bbox 2779 4485 2944 4539; x_wconf 86' lang='lat' dir='ltr'><strong>verba</strong></span> <span class='ocrx_word' id='word_1_786' title='bbox 2980 4490 3106 4537; x_wconf 85' lang='lat' dir='ltr'><strong>sunt</strong></span> <span class='ocrx_word' id='word_1_787' title='bbox 3152 4482 3351 4538; x_wconf 82' lang='lat' dir='ltr'><strong>Clu-isti</strong></span> <span class='ocrx_word' id='word_1_788' title='bbox 3384 4482 3485 4539; x_wconf 86' lang='lat' dir='ltr'><strong>Ec-</strong></span> 
     </span>
    </p>
   </div>
   <div class='ocr_carea' id='block_1_105' title="bbox 1901 4571 3485 4643">
    <p class='ocr_par' dir='ltr' id='par_1_105' title="bbox 1901 4571 3485 4643">
     <span class='ocr_line' id='line_1_105' title="bbox 1901 4571 3485 4643; baseline -0.002 -15"><span class='ocrx_word' id='word_1_789' title='bbox 1901 4575 2099 4638; x_wconf 69' lang='lat' dir='ltr'><strong>clesiaz,</strong></span> <span class='ocrx_word' id='word_1_790' title='bbox 2129 4587 2251 4643; x_wconf 68' lang='lat' dir='ltr'><strong>qum</strong></span> <span class='ocrx_word' id='word_1_791' title='bbox 2286 4572 2353 4626; x_wconf 89' lang='lat' dir='ltr'><strong>de</strong></span> <span class='ocrx_word' id='word_1_792' title='bbox 2381 4572 2634 4641; x_wconf 87' lang='lat' dir='ltr'><strong>gentibus</strong></span> <span class='ocrx_word' id='word_1_793' title='bbox 2663 4572 2731 4627; x_wconf 87' lang='lat' dir='ltr'><strong>ad</strong></span> <span class='ocrx_word' id='word_1_794' title='bbox 2762 4571 2932 4629; x_wconf 82' lang='lat' dir='ltr'><strong>unius</strong></span> <span class='ocrx_word' id='word_1_795' title='bbox 2980 4571 3073 4626; x_wconf 89' lang='lat' dir='ltr'><strong>Dei</strong></span> <span class='ocrx_word' id='word_1_796' title='bbox 3105 4571 3310 4629; x_wconf 88' lang='lat' dir='ltr'><strong>cultum</strong></span> <span class='ocrx_word' id='word_1_797' title='bbox 3356 4587 3485 4626; x_wconf 90' lang='lat' dir='ltr'><strong>con-</strong></span> 
     </span>
    </p>
   </div>
   <div class='ocr_carea' id='block_1_106' title="bbox 1898 4662 3482 4736">
    <p class='ocr_par' dir='ltr' id='par_1_106' title="bbox 1898 4662 3482 4736">
     <span class='ocr_line' id='line_1_106' title="bbox 1898 4662 3482 4736; baseline -0.001 -18"><span class='ocrx_word' id='word_1_798' title='bbox 1898 4664 2190 4736; x_wconf 84' lang='lat' dir='ltr'><strong>gregatur?</strong></span> <span class='ocrx_word' id='word_1_799' title='bbox 2216 4679 2395 4720; x_wconf 89' lang='lat' dir='ltr'><strong>nonne</strong></span> <span class='ocrx_word' id='word_1_800' title='bbox 2419 4663 2472 4718; x_wconf 92' lang='lat' dir='ltr'><strong>in</strong></span> <span class='ocrx_word' id='word_1_801' title='bbox 2501 4664 2603 4717; x_wconf 89' lang='lat' dir='ltr'><strong>hac</strong></span> <span class='ocrx_word' id='word_1_802' title='bbox 2630 4662 2802 4732; x_wconf 84' lang='lat' dir='ltr'><strong>ﬁgura</strong></span> <span class='ocrx_word' id='word_1_803' title='bbox 2830 4663 2992 4718; x_wconf 90' lang='lat' dir='ltr'><strong>unius</strong></span> <span class='ocrx_word' id='word_1_804' title='bbox 3026 4662 3235 4723; x_wconf 78' lang='lat' dir='ltr'><strong>Veteris</strong></span> <span class='ocrx_word' id='word_1_805' title='bbox 3263 4678 3326 4717; x_wconf 88' lang='lat' dir='ltr'><strong>ac</strong></span> <span class='ocrx_word' id='word_1_806' title='bbox 3350 4662 3482 4717; x_wconf 84' lang='lat' dir='ltr'><strong>Novi</strong></span> 
     </span>
    </p>
   </div>
   <div class='ocr_carea' id='block_1_107' title="bbox 1898 4753 3482 4824">
    <p class='ocr_par' dir='ltr' id='par_1_107' title="bbox 1898 4753 3482 4824">
     <span class='ocr_line' id='line_1_107' title="bbox 1898 4753 3482 4824; baseline -0.001 -15"><span class='ocrx_word' id='word_1_807' title='bbox 1898 4755 2227 4811; x_wconf 87' lang='lat' dir='ltr'><strong>Testamenti</strong></span> <span class='ocrx_word' id='word_1_808' title='bbox 2273 4755 2414 4811; x_wconf 88' lang='lat' dir='ltr'><strong>Deus</strong></span> <span class='ocrx_word' id='word_1_809' title='bbox 2460 4754 2815 4824; x_wconf 81' lang='lat' dir='ltr'><strong>exprimitur?</strong></span> <span class='ocrx_word' id='word_1_810' title='bbox 2854 4753 2994 4811; x_wconf 92' lang='lat' dir='ltr'><strong>Dicit</strong></span> <span class='ocrx_word' id='word_1_811' title='bbox 3047 4754 3192 4811; x_wconf 90' lang='lat' dir='ltr'><strong>enim</strong></span> <span class='ocrx_word' id='word_1_812' title='bbox 3246 4754 3482 4809; x_wconf 85' lang='lat' dir='ltr'><strong>Ecclesia</strong></span> 
     </span>
    </p>
   </div>
   <div class='ocr_carea' id='block_1_108' title="bbox 1892 4841 3478 4919">
    <p class='ocr_par' dir='ltr' id='par_1_108' title="bbox 1892 4841 3478 4919">
     <span class='ocr_line' id='line_1_108' title="bbox 1892 4841 3478 4919; baseline -0.004 -18"><span class='ocrx_word' id='word_1_813' title='bbox 1892 4846 1996 4919; x_wconf 68' lang='grc'><strong>41</strong></span> <span class='ocrx_word' id='word_1_814' title='bbox 2029 4844 2253 4907; x_wconf 87' lang='lat' dir='ltr'><strong>Christi,</strong></span> <span class='ocrx_word' id='word_1_815' title='bbox 2289 4844 2390 4900; x_wconf 89' lang='lat' dir='ltr'><strong>etsi</strong></span> <span class='ocrx_word' id='word_1_816' title='bbox 2438 4859 2541 4898; x_wconf 91' lang='lat' dir='ltr'><strong>non</strong></span> <span class='ocrx_word' id='word_1_817' title='bbox 2574 4857 2724 4907; x_wconf 86' lang='lat' dir='ltr'><strong>voce,</strong></span> <span class='ocrx_word' id='word_1_818' title='bbox 2770 4843 2951 4912; x_wconf 84' lang='lat' dir='ltr'><strong>Operis</strong></span> <span class='ocrx_word' id='word_1_819' title='bbox 2982 4858 3045 4898; x_wconf 89' lang='lat' dir='ltr'><strong>ac</strong></span> <span class='ocrx_word' id='word_1_820' title='bbox 3090 4842 3212 4897; x_wconf 84' lang='lat' dir='ltr'><strong>fidei</strong></span> <span class='ocrx_word' id='word_1_821' title='bbox 3262 4841 3478 4907; x_wconf 75' lang='lat' dir='ltr'><strong>eﬂ&#39;ectu,</strong></span> 
     </span>
    </p>
   </div>
   <div class='ocr_carea' id='block_1_109' title="bbox 1896 4932 3482 5006">
    <p class='ocr_par' dir='ltr' id='par_1_109' title="bbox 1896 4932 3482 5006">
     <span class='ocr_line' id='line_1_109' title="bbox 1896 4932 3482 5006; baseline -0.003 -14"><span class='ocrx_word' id='word_1_822' title='bbox 1896 4938 1978 4993; x_wconf 92' lang='lat' dir='ltr'><strong>his</strong></span> <span class='ocrx_word' id='word_1_823' title='bbox 2003 4937 2092 5005; x_wconf 88' lang='lat' dir='ltr'><strong>qui</strong></span> <span class='ocrx_word' id='word_1_824' title='bbox 2134 4936 2364 5006; x_wconf 91' lang='lat' dir='ltr'><strong>primum</strong></span> <span class='ocrx_word' id='word_1_825' title='bbox 2406 4936 2470 4990; x_wconf 89' lang='lat' dir='ltr'><strong>de</strong></span> <span class='ocrx_word' id='word_1_826' title='bbox 2500 4935 2785 5006; x_wconf 86' lang='lat' dir='ltr'><strong>Synagoga</strong></span> <span class='ocrx_word' id='word_1_827' title='bbox 2835 4935 2887 4988; x_wconf 90' lang='lat' dir='ltr'><strong>in</strong></span> <span class='ocrx_word' id='word_1_828' title='bbox 2925 4934 3200 4990; x_wconf 89' lang='lat' dir='ltr'><strong>Christum</strong></span> <span class='ocrx_word' id='word_1_829' title='bbox 3236 4932 3482 4987; x_wconf 88' lang='lat' dir='ltr'><strong>credide-</strong></span> 
     </span>
    </p>
   </div>
   <div class='ocr_carea' id='block_1_110' title="bbox 1895 5023 3565 5096">
    <p class='ocr_par' dir='ltr' id='par_1_110' title="bbox 1895 5023 3565 5096">
     <span class='ocr_line' id='line_1_110' title="bbox 1895 5023 3565 5096; baseline -0.001 -15"><span class='ocrx_word' id='word_1_830' title='bbox 1895 5036 2038 5091; x_wconf 90' lang='lat' dir='ltr'><strong>runt,</strong></span> <span class='ocrx_word' id='word_1_831' title='bbox 2070 5025 2211 5081; x_wconf 88' lang='lat' dir='ltr'><strong>Deus</strong></span> <span class='ocrx_word' id='word_1_832' title='bbox 2233 5034 2389 5096; x_wconf 33' lang='lat' dir='ltr'><strong>,tuus,</strong></span> <span class='ocrx_word' id='word_1_833' title='bbox 2428 5026 2569 5081; x_wconf 91' lang='lat' dir='ltr'><strong>Deus</strong></span> <span class='ocrx_word' id='word_1_834' title='bbox 2591 5041 2763 5089; x_wconf 88' lang='lat' dir='ltr'><strong>meus,</strong></span> <span class='ocrx_word' id='word_1_835' title='bbox 2795 5034 2850 5082; x_wconf 89' lang='lat' dir='ltr'><strong>et</strong></span> <span class='ocrx_word' id='word_1_836' title='bbox 2875 5026 3104 5095; x_wconf 89' lang='lat' dir='ltr'><strong>populus</strong></span> <span class='ocrx_word' id='word_1_837' title='bbox 3135 5034 3274 5088; x_wconf 89' lang='lat' dir='ltr'><strong>tuus,</strong></span> <span class='ocrx_word' id='word_1_838' title='bbox 3312 5038 3481 5092; x_wconf 83' lang='lat' dir='ltr'><strong>popu-</strong></span> <span class='ocrx_word' id='word_1_839' title='bbox 3560 5023 3565 5029; x_wconf 87' lang='grc'><em>’</em></span> 
     </span>
    </p>
   </div>
   <div class='ocr_carea' id='block_1_111' title="bbox 1893 5116 3480 5190">
    <p class='ocr_par' dir='ltr' id='par_1_111' title="bbox 1893 5116 3480 5190">
     <span class='ocr_line' id='line_1_111' title="bbox 1893 5116 3480 5190; baseline -0.003 -17"><span class='ocrx_word' id='word_1_840' title='bbox 1893 5123 1976 5175; x_wconf 88' lang='lat' dir='ltr'><strong>ius</strong></span> <span class='ocrx_word' id='word_1_841' title='bbox 2006 5136 2157 5175; x_wconf 87' lang='lat' dir='ltr'><strong>meus</strong></span> <span class='ocrx_word' id='word_1_842' title='bbox 2188 5119 2311 5184; x_wconf 88' lang='lat' dir='ltr'><strong>erit,</strong></span> <span class='ocrx_word' id='word_1_843' title='bbox 2355 5120 2481 5190; x_wconf 85' lang='lat' dir='ltr'><strong>quia</strong></span> <span class='ocrx_word' id='word_1_844' title='bbox 2518 5134 2621 5188; x_wconf 81' lang='lat' dir='ltr'><strong>pax</strong></span> <span class='ocrx_word' id='word_1_845' title='bbox 2650 5127 2835 5174; x_wconf 88' lang='lat' dir='ltr'><strong>nostra</strong></span> <span class='ocrx_word' id='word_1_846' title='bbox 2858 5118 3107 5175; x_wconf 87' lang='lat' dir='ltr'><strong>Christus</strong></span> <span class='ocrx_word' id='word_1_847' title='bbox 3131 5125 3234 5181; x_wconf 88' lang='lat' dir='ltr'><strong>est,</strong></span> <span class='ocrx_word' id='word_1_848' title='bbox 3274 5116 3361 5184; x_wconf 90' lang='lat' dir='ltr'><strong>qui</strong></span> <span class='ocrx_word' id='word_1_849' title='bbox 3404 5116 3480 5168; x_wconf 88' lang='lat' dir='ltr'><strong>fe-</strong></span> 
     </span>
    </p>
   </div>
   <div class='ocr_carea' id='block_1_112' title="bbox 1890 5207 3475 5283">
    <p class='ocr_par' dir='ltr' id='par_1_112' title="bbox 1890 5207 3475 5283">
     <span class='ocr_line' id='line_1_112' title="bbox 1890 5207 3475 5283; baseline -0.004 -14"><span class='ocrx_word' id='word_1_850' title='bbox 1890 5215 1966 5269; x_wconf 93' lang='lat' dir='ltr'><strong>cit</strong></span> <span class='ocrx_word' id='word_1_851' title='bbox 1993 5222 2220 5283; x_wconf 90' lang='lat' dir='ltr'><strong>utraque</strong></span> <span class='ocrx_word' id='word_1_852' title='bbox 2253 5226 2438 5266; x_wconf 89' lang='lat' dir='ltr'><strong>unum.</strong></span> <span class='ocrx_word' id='word_1_853' title='bbox 2478 5210 2656 5268; x_wconf 87' lang='lat' dir='ltr'><strong>Nurus</strong></span> <span class='ocrx_word' id='word_1_854' title='bbox 2695 5220 2876 5266; x_wconf 89' lang='lat' dir='ltr'><strong>autem</strong></span> <span class='ocrx_word' id='word_1_855' title='bbox 2909 5210 3203 5282; x_wconf 81' lang='lat' dir='ltr'><strong>Synagogae</strong></span> <span class='ocrx_word' id='word_1_856' title='bbox 3244 5224 3348 5271; x_wconf 81' lang='lat' dir='ltr'><strong>non</strong></span> <span class='ocrx_word' id='word_1_857' title='bbox 3377 5207 3475 5262; x_wconf 86' lang='lat' dir='ltr'><strong>im-</strong></span> 
     </span>
    </p>
   </div>
   <div class='ocr_carea' id='block_1_113' title="bbox 1890 5300 3473 5373">
    <p class='ocr_par' dir='ltr' id='par_1_113' title="bbox 1890 5300 3473 5373">
     <span class='ocr_line' id='line_1_113' title="bbox 1890 5300 3473 5373; baseline -0.005 -14"><span class='ocrx_word' id='word_1_858' title='bbox 1890 5305 2086 5361; x_wconf 90' lang='lat' dir='ltr'><strong>merito</strong></span> <span class='ocrx_word' id='word_1_859' title='bbox 2115 5304 2353 5359; x_wconf 86' lang='lat' dir='ltr'><strong>Ecclesia</strong></span> <span class='ocrx_word' id='word_1_860' title='bbox 2401 5303 2686 5373; x_wconf 88' lang='lat' dir='ltr'><strong>accipitur,</strong></span> <span class='ocrx_word' id='word_1_861' title='bbox 2725 5317 2845 5372; x_wconf 68' lang='lat' dir='ltr'><strong>qua:</strong></span> <span class='ocrx_word' id='word_1_862' title='bbox 2891 5300 3076 5369; x_wconf 88' lang='lat' dir='ltr'><strong>utique</strong></span> <span class='ocrx_word' id='word_1_863' title='bbox 3113 5312 3308 5367; x_wconf 83' lang='lat' dir='ltr'><strong>sponsa</strong></span> <span class='ocrx_word' id='word_1_864' title='bbox 3360 5312 3473 5351; x_wconf 89' lang='lat' dir='ltr'><strong>me-</strong></span> 
     </span>
    </p>
   </div>
   <div class='ocr_carea' id='block_1_114' title="bbox 1892 5388 3476 5465">
    <p class='ocr_par' dir='ltr' id='par_1_114' title="bbox 1892 5388 3476 5465">
     <span class='ocr_line' id='line_1_114' title="bbox 1892 5388 3476 5465; baseline -0.006 -13"><span class='ocrx_word' id='word_1_865' title='bbox 1892 5397 1997 5452; x_wconf 89' lang='lat' dir='ltr'><strong>ruit</strong></span> <span class='ocrx_word' id='word_1_866' title='bbox 2026 5394 2301 5465; x_wconf 86' lang='lat' dir='ltr'><strong>appellari.</strong></span> <span class='ocrx_word' id='word_1_867' title='bbox 2337 5392 2468 5449; x_wconf 81' lang='lat' dir='ltr'><strong>Nam</strong></span> <span class='ocrx_word' id='word_1_868' title='bbox 2498 5403 2554 5448; x_wconf 87' lang='lat' dir='ltr'><strong>et</strong></span> <span class='ocrx_word' id='word_1_869' title='bbox 2573 5410 2636 5448; x_wconf 84' lang='lat' dir='ltr'><strong>ex</strong></span> <span class='ocrx_word' id='word_1_870' title='bbox 2659 5410 2720 5449; x_wconf 87' lang='lat' dir='ltr'><strong>ea</strong></span> <span class='ocrx_word' id='word_1_871' title='bbox 2745 5401 2929 5462; x_wconf 88' lang='lat' dir='ltr'><strong>patres</strong></span> <span class='ocrx_word' id='word_1_872' title='bbox 2955 5389 3171 5443; x_wconf 87' lang='lat' dir='ltr'><strong>fuerunt</strong></span> <span class='ocrx_word' id='word_1_873' title='bbox 3194 5388 3476 5456; x_wconf 80' lang='lat' dir='ltr'><strong>exquibus</strong></span> 
     </span>
    </p>
   </div>
   <div class='ocr_carea' id='block_1_115' title="bbox 1888 5478 3473 5555">
    <p class='ocr_par' dir='ltr' id='par_1_115' title="bbox 1888 5478 3473 5555">
     <span class='ocr_line' id='line_1_115' title="bbox 1888 5478 3473 5555; baseline -0.007 -15"><span class='ocrx_word' id='word_1_874' title='bbox 1888 5487 2134 5547; x_wconf 82' lang='lat' dir='ltr'><strong>Christus</strong></span> <span class='ocrx_word' id='word_1_875' title='bbox 2165 5485 2314 5539; x_wconf 88' lang='lat' dir='ltr'><strong>nasci</strong></span> <span class='ocrx_word' id='word_1_876' title='bbox 2341 5484 2591 5555; x_wconf 89' lang='lat' dir='ltr'><strong>dignatus</strong></span> <span class='ocrx_word' id='word_1_877' title='bbox 2621 5493 2722 5538; x_wconf 87' lang='lat' dir='ltr'><strong>est.</strong></span> <span class='ocrx_word' id='word_1_878' title='bbox 2755 5482 2878 5536; x_wconf 89' lang='lat' dir='ltr'><strong>Ideo</strong></span> <span class='ocrx_word' id='word_1_879' title='bbox 2905 5480 3146 5549; x_wconf 82' lang='lat' dir='ltr'><strong>ejusdem</strong></span> <span class='ocrx_word' id='word_1_880' title='bbox 3177 5478 3473 5550; x_wconf 63' lang='lat' dir='ltr'><strong>Synagogm</strong></span> 
     </span>
    </p>
   </div>
   <div class='ocr_carea' id='block_1_116' title="bbox 1889 5571 3471 5647">
    <p class='ocr_par' dir='ltr' id='par_1_116' title="bbox 1889 5571 3471 5647">
     <span class='ocr_line' id='line_1_116' title="bbox 1889 5571 3471 5647; baseline -0.006 -13"><span class='ocrx_word' id='word_1_881' title='bbox 1889 5580 2027 5634; x_wconf 72' lang='lat' dir='ltr'><strong>filius</strong></span> <span class='ocrx_word' id='word_1_882' title='bbox 2059 5589 2203 5634; x_wconf 84' lang='lat' dir='ltr'><strong>recte</strong></span> <span class='ocrx_word' id='word_1_883' title='bbox 2233 5588 2615 5647; x_wconf 88' lang='lat' dir='ltr'><strong>nuncupatur:</strong></span> <span class='ocrx_word' id='word_1_884' title='bbox 2650 5577 2792 5646; x_wconf 79' lang='lat' dir='ltr'><strong>Ergo</strong></span> <span class='ocrx_word' id='word_1_885' title='bbox 2814 5574 2954 5629; x_wconf 76' lang='grc' dir='ltr'><strong>ΒοοΖ</strong></span> <span class='ocrx_word' id='word_1_886' title='bbox 2980 5575 3082 5629; x_wconf 89' lang='lat' dir='ltr'><strong>iste</strong></span> <span class='ocrx_word' id='word_1_887' title='bbox 3112 5575 3213 5629; x_wconf 90' lang='lat' dir='ltr'><strong>hoc</strong></span> <span class='ocrx_word' id='word_1_888' title='bbox 3256 5573 3308 5627; x_wconf 87' lang='lat' dir='ltr'><strong>in</strong></span> <span class='ocrx_word' id='word_1_889' title='bbox 3355 5571 3471 5625; x_wconf 84' lang='lat' dir='ltr'><strong>loco</strong></span> 
     </span>
    </p>
   </div>
   <div class='ocr_carea' id='block_1_117' title="bbox 1888 5666 3465 5742">
    <p class='ocr_par' dir='ltr' id='par_1_117' title="bbox 1888 5666 3465 5742">
     <span class='ocr_line' id='line_1_117' title="bbox 1888 5666 3465 5742; baseline -0.006 -16"><span class='ocrx_word' id='word_1_890' title='bbox 1888 5674 2112 5742; x_wconf 80' lang='lat' dir='ltr'><strong>figuram</strong></span> <span class='ocrx_word' id='word_1_891' title='bbox 2146 5671 2345 5726; x_wconf 84' lang='lat' dir='ltr'><strong>Christi</strong></span> <span class='ocrx_word' id='word_1_892' title='bbox 2377 5671 2566 5724; x_wconf 88' lang='lat' dir='ltr'><strong>tenuit.</strong></span> <span class='ocrx_word' id='word_1_893' title='bbox 2596 5667 2750 5723; x_wconf 88' lang='lat' dir='ltr'><strong>Unde</strong></span> <span class='ocrx_word' id='word_1_894' title='bbox 2778 5678 2832 5722; x_wconf 86' lang='lat' dir='ltr'><strong>et</strong></span> <span class='ocrx_word' id='word_1_895' title='bbox 2859 5666 3019 5723; x_wconf 82' lang='lat' dir='ltr'><strong>fortis</strong></span> <span class='ocrx_word' id='word_1_896' title='bbox 3049 5668 3465 5735; x_wconf 80' lang='lat' dir='ltr'><strong>interpretatur;</strong></span> 
     </span>
    </p>
   </div>
   <div class='ocr_carea' id='block_1_118' title="bbox 1885 5748 3467 5831">
    <p class='ocr_par' dir='ltr' id='par_1_118' title="bbox 1885 5748 3467 5831">
     <span class='ocr_line' id='line_1_118' title="bbox 1885 5748 3467 5831; baseline -0.004 -16"><span class='ocrx_word' id='word_1_897' title='bbox 1885 5762 2007 5831; x_wconf 84' lang='lat' dir='ltr'><strong>quia</strong></span> <span class='ocrx_word' id='word_1_898' title='bbox 2054 5761 2200 5815; x_wconf 88' lang='lat' dir='ltr'><strong>solus</strong></span> <span class='ocrx_word' id='word_1_899' title='bbox 2239 5771 2430 5831; x_wconf 88' lang='lat' dir='ltr'><strong>potens</strong></span> <span class='ocrx_word' id='word_1_900' title='bbox 2477 5756 2578 5823; x_wconf 79' lang='lat' dir='ltr'><strong>fuit</strong></span> <span class='ocrx_word' id='word_1_901' title='bbox 2624 5758 2893 5823; x_wconf 79' lang='lat' dir='ltr'><strong>suscitare</strong></span> <span class='ocrx_word' id='word_1_902' title='bbox 2931 5771 3114 5815; x_wconf 82' lang='lat' dir='ltr'><strong>semen</strong></span> <span class='ocrx_word' id='word_1_903' title='bbox 3138 5754 3323 5811; x_wconf 78' lang='lat' dir='ltr'><strong>fratris</strong></span> <span class='ocrx_word' id='word_1_904' title='bbox 3360 5748 3467 5825; x_wconf 56' lang='lat' dir='ltr'><strong>sui,</strong></span> 
     </span>
    </p>
   </div>
  </div>
