4032 6358
589 350 660 408 65

1407 363 1464 420 S.
1505 364 1870 425 PASCHASII
1896 367 2247 428 RADBERTI
2283 370 2580 432 ABBATIS
2611 375 3058 440 CORBEIENSIS

3802 399 3873 453 64

587 463 800 523 scilicet
832 466 1145 544 Moysi,qui
1187 475 1334 533 velut
1360 479 1478 535 sine
1517 481 1701 540 liberis
1746 483 1875 541 hinc
1900 485 2177 554 discessit;
2204 488 2381 577 Anes
2435 490 2489 545 in
2524 506 2663 563 aqua
2706 494 2842 550 vidit
2899 511 3063 569 super
3100 514 3224 556 eum
3269 502 3323 559 in
3370 507 3552 577 specie
3605 509 3876 570 columbae

585 572 654 615 eo
677 561 820 631 quod
853 565 1124 623 neminem
1171 569 1258 626 lex
1286 572 1353 626 ad
1394 572 1696 644 perfectum
1728 577 2003 648 perduxit.
2038 579 2179 639 Hinc

2284 576 2549 649 Spiritum
2570 593 2815 640 sanctum
2843 589 3261 648 descendentem
3284 605 3339 651 et
3356 576 3659 656 manentem
3677 602 3870 674 (Joan.

583 657 670 706 est
697 654 842 721 quod
867 651 1104 713 Joannes
1126 673 1343 731 quoque
1379 677 1486 719 non
1534 680 1593 720 se
1631 666 1852 739 dignum
1888 666 2090 726 fatetur
2116 679 2179 727 ut
2280 685 2321 737 ι,
2349 671 2460 743 ἹΞ).
2492 672 2649 741 Quia,
2675 676 2815 733 sicut
2852 678 3141 748 Apostolus
3170 685 3324 754 dicit,
3365 651 3560 761 iniipso
3603 651 3876 753 inliabitat

582 742 703 814 ejus
729 746 1017 818 corrigiam
1046 749 1402 809 calceamenti
1441 755 1640 824 solvat,
1667 761 1811 831 quod
1835 762 1951 833 ipse
1978 771 2064 819 est
2087 764 2176 821 cui

576 833 703 905 jure
722 852 917 908 sponsa
956 841 1204 900 debetur.
1236 845 1315 900 Ex
1346 863 1454 918 quo
1501 850 1749 921 profecto
1785 854 1932 910 velut
1966 856 2174 912 amicus

583 930 763 997 sponsi
806 939 974 999 stans,
1003 945 1227 1007 propter
1244 953 1434 996 vocem
1464 941 1581 1012 ejus
1624 947 1840 1017 gaudet,
1873 956 1935 1005 ut
1971 949 2039 1005 ad
2067 966 2175 1006 nu-

580 1019 722 1089 ptias
747 1022 940 1079 saltem
969 1042 1094 1083 sero
1124 1030 1328 1096 veniat,
1360 1047 1521 1101 quem
1549 1036 1639 1092 diu
1669 1040 1847 1095 omnis
1879 1041 2174 1112 propheta-

476 1149 483 1161 .
578 1126 700 1167 rum
723 1115 856 1171 ordo
877 1133 999 1173 cum
1022 1135 1235 1177 summo
1264 1124 1533 1183 desiderio
1564 1139 1853 1188 venturum
1882 1145 2170 1205 exspecta-

578 1203 692 1260 bat.
728 1205 835 1263 Sed
878 1225 1000 1266 cum
1044 1212 1135 1270 hic
1178 1216 1233 1270 in
1274 1217 1585 1278 Bethlebem
1613 1234 1774 1281 natus
1800 1203 1995 1294 venit,‘t
2021 1230 2170 1285 velut

578 1295 760 1369 Moyse
787 1302 1188 1369 quodammodo
1236 1308 1577 1378 discalceato,
1610 1315 1769 1371 simul
1813 1332 2002 1388 agrum
2039 1335 2166 1376 cum

573 1389 761 1442 eadem
797 1405 994 1460 sponsa
1023 1393 1146 1462 jure
1196 1400 1613 1471 propinquitatis
1652 1406 1802 1460 emit.
1834 1407 1891 1462 In
1941 1423 2050 1480 quo
2088 1411 2166 1466 si-

572 1479 788 1547 quidem
811 1497 944 1553 agro
973 1486 1263 1544 thesaurus
1298 1493 1647 1551 absconditus
1669 1506 1771 1563 est,
1803 1499 1894 1569 qui
1929 1479 2164 1558 venditis

569 1572 822 1628 omnibus
841 1576 1081 1645 quotidie
1105 1594 1135 1633 a
1166 1582 1513 1640 credentibus
1541 1597 1907 1658 comparatur.
1932 1589 2034 1647 Hic
2050 1599 2159 1659 est,

568 1660 808 1731 inquam,
842 1681 972 1738 ager
996 1686 1156 1740 quem
1187 1673 1464 1731 benedixit
1497 1675 1774 1747 Dominus,
1814 1680 1868 1736 in
1905 1696 2013 1753 quo
2036 1698 2157 1740 om-

566 1753 648 1807 nis
694 1755 1039 1825 pulchritudo
1080 1764 1429 1823 credentibus
1472 1779 1804 1828 reservatur.
1852 1773 2023 1841 Quem
2061 1776 2156 1847 qui

2277 763 2446 818 omnis
2467 764 2736 835 plenitudo
2760 768 3060 827 Divinitatis
3087 771 3223 843 (Col.
3261 792 3319 842 tt,
3352 778 3431 851 9).
3457 780 3577 851 lpse
3595 793 3680 840 est
3717 788 3873 843 enim

2275 852 2367 921 qui
2393 869 2498 910 non
2521 856 2815 913 secundum
2837 861 3101 920 visionem
3129 867 3429 937 oculorum,
3462 889 3637 945 neque
3660 893 3871 934 secun-

2275 943 2403 999 dum
2432 947 2675 1003 auditum
2705 950 2915 1006 aurium
2944 953 3209 1024 iudicabit
3241 978 3255 1014 :
3287 962 3414 1032 quia
3456 943 3618 1022 homo
3645 977 3870 1026 tantum

2273 1036 2420 1092 videt
2444 1037 2496 1093 in
2527 1038 2685 1107 faeie,
2714 1042 2858 1099 Deus
2883 1054 3062 1102 autem
3089 1052 3270 1106 omnia
3300 1055 3479 1111 cordis
3500 1072 3698 1114 arcana
3726 1076 3869 1118 con-

2272 1129 2451 1199 spicit.
2488 1132 2556 1187 Et
2593 1134 2716 1190 ideo
2743 1148 2895 1194 recte
2921 1140 3062 1197 Deus
3088 1143 3431 1217 intelligitur,
3476 1151 3570 1221 qui
3605 1165 3669 1206 ex
3699 1153 3869 1212 Jesse

2270 1221 2449 1276 radice
2477 1220 2691 1280 futurus
2729 1227 3074 1315 adscribitur.
3110 1231 3280 1290 Porro
3309 1238 3463 1293 radix
3507 1239 3660 1296 Jesse
3701 1245 3866 1315 virgo

2267 1319 2352 1365 est
2379 1310 2569 1373 Maria,
2595 1313 2664 1370 de
2704 1315 2874 1373 David
2912 1308 3079 1391 stirpe
3108 1336 3387 1395 generata,
3414 1328 3481 1384 de
3511 1330 3663 1399 cujus
3693 1308 3865 1391 nimi-

2269 1415 2389 1455 rum
2424 1404 2606 1459 radice
2635 1404 2733 1461 llos
2775 1408 3024 1467 Christus
3052 1417 3313 1471 ascendit.
3354 1418 3479 1474 Flos
3523 1425 3708 1493 utique
3742 1426 3858 1494 ille,

2264 1490 2358 1559 qui
2404 1492 2470 1549 de
2512 1509 2570 1549 se
2618 1496 2670 1550 in
2728 1497 2967 1556 Canticis
3014 1518 3225 1573 sponsu:
3274 1508 3513 1580 loquitur
3553 1490 3708 1585 :Ego
3751 1490 3858 1586 ﬂos

2263 1585 2455 1655 campi,
2477 1599 2525 1641 et
2548 1588 2715 1644 lilium
2739 1594 3054 1653 convallium
3077 1599 3254 1669 (Cant.
3280 1619 3340 1668 ll,
3369 1606 3441 1676 l).
3465 1606 3636 1674 Quem
3660 1585 3855 1668 ﬁerem

2261 1671 2412 1730 Isaac
2442 1675 2497 1731 in
2527 1678 2637 1735 ﬁlio
2668 1696 2767 1736 suo
2804 1684 2961 1756 longe
2988 1689 3078 1743 diu
3099 1692 3355 1759 odorans,
3392 1697 3592 1763 aiebat,
3618 1701 3806 1757 dicens
3833 1721 3851 1759 :

2261 1762 2398 1844 Ecce
2422 1768 2552 1823 odor
2572 1771 2671 1839 ﬁlii
2701 1776 2802 1829 mei
2836 1777 2969 1831 sicut
3000 1782 3130 1835 odor
3150 1786 3266 1854 agri
3302 1785 3446 1856 pleni
3475 1791 3561 1844 cui
3580 1762 3853 1850 benedixit

564 1842 768 1902 invenit
814 1849 997 1919 homo,
1024 1852 1171 1924 juste
1200 1857 1455 1930 relinquit
1484 1862 1693 1929 omnia,
1722 1871 1782 1918 ut
1823 1880 1947 1921 eum
1976 1866 2151 1922 valeat

2254 1842 2516 1913 Dominus
2549 1859 2702 1929 (Gen.
2749 1880 2919 1931 xxvu,
2947 1870 3061 1941 27).
3095 1842 3245 1945 Agri,
3278 1842 3470 1946 inquit,
3501 1842 3853 1956 plenitquia

560 1938 857 2005 possidere.
900 1941 1007 1998 Sed
1048 1946 1173 2015 quia
1194 1947 1411 2020 longum
1444 1961 1527 2007 est
1554 1954 1736 2010 omnia
1768 1956 1927 2026 hujus
1955 1970 2154 2031 myste-

558 2026 625 2081 rii
657 2043 996 2089 sacramenta
1022 2037 1197 2114 typice
1235 2041 1528 2111 explicare,
1560 2047 1693 2102 satis
1734 2048 1805 2103 sit
1845 2049 2150 2108 declarasse

559 2115 958 2191 Evangelistam
988 2126 1213 2198 propter
1246 2133 1565 2191 vaticinium
1604 2136 1751 2194 Ruth
1798 2141 1864 2196 ad
1907 2142 2146 2200 medium

554 2207 861 2269 deduxisse.
908 2216 974 2271 Et
1020 2234 1127 2274 non
1163 2221 1337 2278 solum
1387 2225 1458 2281 ob
1509 2227 1613 2283 hoc
1656 2236 1900 2297 tantum,
1951 2248 2141 2290 verum

551 2300 715 2355 etiam
746 2314 965 2376 propter
997 2307 1199 2381 ﬁguras
1225 2317 1504 2386 mysticus,
1536 2335 1638 2390 per
1679 2337 1816 2392 quas
1857 2332 1986 2381 tunc
2004 2324 2140 2394 iam,

552 2397 611 2443 ut
643 2391 897 2461 diximus,
932 2396 1174 2457 Ecclesia
1214 2403 1269 2459 in
1298 2404 1499 2463 Christi
1531 2391 1763 2483 corpore
1787 2391 2136 2474 fundabatur.

547 2481 630 2537 Ad
677 2484 818 2542 hanc
848 2487 1014 2561 igitur
1052 2496 1447 2569 genealogiam,
1494 2481 1884 2575 prophetarum
1921 2511 2137 2582 eloquia

547 2574 858 2632 coneinunt.
902 2579 985 2637 Ad
1034 2583 1185 2641 hanc
1223 2590 1510 2662 :enigmata
1564 2574 1900 2654 diversarum
1951 2574 2134 2659 rerum

547 2659 674 2718 hinc
709 2664 836 2723 inde
866 2669 1165 2730 conﬂuunt.
1194 2675 1276 2734 Ad
1322 2659 1464 2737 hanc
1492 2681 1790 2755 ﬁgurarum
1823 2691 2132 2748 obscurita-

544 2760 628 2810 tes
655 2761 1067 2829 quamplurimae
1090 2767 1418 2826 referuntur.
1452 2771 1521 2829 Et
1542 2777 1724 2832 omnia
1739 2786 1888 2834 recto
1913 2783 2133 2841 tramite

541 2844 896 2905 manifestam
923 2867 1049 2908 eum
1079 2870 1199 2913 esse
1225 2874 1324 2929 per
1366 2877 1526 2932 quem
1564 2864 1711 2922 salus
1751 2871 2002 2938 gentibus
2039 2888 2128 2930 re-

538 2940 890 3008 promittitur.
936 2944 1055 3017 Ipse
1082 2956 1185 3015 est,
1233 2950 1477 3021 inquam,
1524 2955 1708 3028 Agnus
1748 2960 1837 3016 diu
1869 2963 1935 3018 de
1973 2974 2128 3035 petra

539 3027 893 3101 desideratus,
923 3037 1035 3106 qui,
1068 3040 1381 3101 multotiens
1408 3045 1536 3102 olim
1567 3049 1619 3104 in
1645 3050 1763 3122 lege
1792 3027 2124 3126 immolatus,

2254 1944 2489 2028 Spiritus
2510 1965 2734 2010 sanctus
2759 1944 3225 2019 abundantissime
3265 1944 3387 2022 eum
3428 1944 3750 2043 repleverat:
3788 1987 3854 2034 et

2250 2038 2528 2109 plenitudo
2573 2045 2880 2105 Divinitatis
2928 2056 3286 2124 corporaliter
3340 2061 3395 2115 in
3453 2038 3519 2118 eo
3566 2038 3850 2125 habitasse

2247 2134 2530 2203 probatur.
2564 2137 2773 2197 Rursus
2803 2145 2945 2213 quod
2982 2147 3050 2201 de
3073 2145 3227 2205 Jesse
3257 2154 3465 2210 semine
3497 2157 3570 2212 sit
3598 2158 3843 2229 futurus,

2246 2225 2390 2282 idem
2424 2228 2596 2293 Isaias
2641 2236 2837 2305 repetit
2881 2238 3070 2296 dicens
3115 2242 3224 2297 :In
3250 2246 3335 2300 die
3357 2247 3451 2303 illa
3483 2252 3638 2306 radix
3665 2225 3842 2322 Iesse,

2243 2316 2333 2384 qui
2366 2321 2548 2402 statin
2586 2321 2792 2393 signum
2820 2328 3154 2397 populorum,
3183 2334 3353 2403 ipsum
3382 2349 3557 2408 gentes
3581 2316 3840 2413 ἄρρητα-ί

2242 2399 2481 2473 ὁιιηηιν,⁴
2509 2419 2556 2464 et
2602 2416 2702 2466 erit
2737 2416 3037 2485 sepulcrum
3084 2399 3211 2491 ejus
3238 2399 3523 2493 gloriosum
3571 2399 3706 2500 (Is'a.
3753 2452 3835 2503 xl,

2241 2493 2351 2565 l0).
2385 2496 2555 2564 Quem
2584 2510 2796 2572 gentes,
2827 2505 3025 2576 inquit,
3052 2511 3523 2586 deprecabuntur;
3557 2493 3622 2579 ac
3663 2525 3707 2579 si
3745 2493 3833 2581 di;

2237 2595 2422 2641 ceret:
2449 2591 2574 2659 quia
2601 2592 2776 2663 ipsum
2804 2608 2888 2652 est
2912 2615 3118 2668 semen,
3147 2604 3201 2659 in
3233 2621 3342 2677 quo
3371 2611 3646 2670 Abraham
3672 2628 3837 2688 pater

2234 2679 2526 2737 multarum
2549 2683 2656 2756 53
2686 2690 2926 2758 gentium
2963 2691 3180 2752 futurus
3203 2705 3631 2773 repromittitur;
3660 2679 3831 2767 etiam

2232 2771 2324 2840 qui
2353 2787 2451 2842 per
2479 2772 2642 2832 Iacob
2665 2778 2731 2834 de
2758 2778 2895 2836 Juda
2926 2791 3264 2855 exspectatio
3301 2796 3540 2863 gentium
3566 2771 3833 2871 praedica-

2232 2869 2340 2918 tur.
2370 2865 2600 2935 Idcirco,
2631 2871 2971 2943 duricordes,
3005 2894 3129 2935 cum
3159 2882 3407 2944 videritis
3439 2890 3494 2945 in
3542 2907 3608 2948 eo
3638 2897 3831 2953 omnia

2229 2957 2513 3027 compleri,
2548 2961 2738 3018 saltem
2771 2982 2895 3022 sero
2936 2973 3196 3044 suscipite
3224 2993 3387 3048 quem
3429 2994 3637 3054 gentes,
3680 2988 3829 3045 sicut

2229 3052 2616 3116 repromissum
2641 3066 2748 3123 est,
2776 3060 3232 3135 deprecabuntur,
3273 3074 3365 3143 qui
3404 3052 3565 3144 primi
3595 3081 3662 3135 ad
3692 3081 3827 3139 ado-

2110 3119 2121 3126 ν
2736 3119 2743 3123 ,
2845 3119 2860 3130 ,
3028 3119 3031 3120 ν
3090 3119 3232 3135 ,--_-,
3276 3119 3365 3143 Ἰ...
3404 3119 3565 3144 ..ι-...ι
3595 3119 3662 3135 ..υ
3692 3119 3825 3139 «ιι-υ-

539 3119 695 3177 istius
716 3128 1126 3195 repromiuebat
1151 3133 1463 3203 adventum,
1491 3154 1590 3210 per
1611 3119 1773 3212 que'm
1795 3148 1976 3201 omnia
1997 3163 2126 3218 pec-
2154 3220 2195 3238 ﬂ
2226 3144 2455 3199 randum
2482 3148 2764 3218 άθὺυὶεῑίε,
2797 3155 2963 3210 etiam
3004 3159 3280 3219 miraculis
3305 3182 3410 3221 non
3449 3170 3681 3238 invitati,
3726 3190 3825 3229 γε·

537 3222 659 3268 cata
697 3218 914 3286 penitus
962 3221 1320 3281 solverentur.
1351 3227 1459 3284 ista
1504 3239 1590 3287 est
1617 3236 1820 3290 etenim
1856 3246 2006 3308 petra
2034 3242 2151 3296 de-‘

539 3307 667 3334 ειη-..ιζ
735 3311 1027 3334 λλ-..-Δ---.
1076 3314 1263 3334 2--.-nu,
1294 3332 1303 3334 _
1356 3319 1390 3334 ,ο
1631 3324 1645 3334 .
1885 3329 1896 3334 -

2232 3233 2364 3289 nire.
2416 3236 2610 3295 Patent
2637 3243 2782 3298 enim
2829 3244 2965 3316 legis
2997 3258 3055 3304 et
3092 3256 3481 3324 prophetarum
3529 3218 3823 3334 :enig’mata

452 3366 453 3369 η
538 3307 692 3373 serti,
735 3311 1031 3367 secundum
1074 3314 1484 3388 intelligentiam
1520 3324 1681 3393 paulo
1717 3307 1969 3398 superius
1990 3345 2122 3400 pro-

535 3397 848 3470 mulgatam,
877 3402 944 3459 de
990 3419 1096 3475 qua
1130 3417 1324 3478 potens
1348 3419 1434 3467 est
1478 3413 1621 3471 Deus
1671 3397 1939 3477 suseitare
1984 3397 2123 3480 ﬁlios

532 3489 804 3559 Abrahae;
833 3510 902 3551 ne
928 3496 1036 3552 sint
1056 3498 1170 3570 jam
1211 3502 1442 3561 ulterius
1469 3516 1624 3578 petra
1670 3510 1867 3568 deserti
1899 3525 2123 3587 propter

533 3585 910 3653 idololatriam,
941 3594 1035 3648 sed
1059 3594 1263 3667 lapides
1289 3600 1534 3670 pretiosi,
1561 3602 1670 3677 42
1693 3608 1785 3676 qui
1808 3585 1917 3663 vivi
1946 3585 2118 3681 siqui-

530 3674 653 3731 dem
681 3677 972 3736 volvuntur
1008 3697 1072 3741 ac
1104 3694 1359 3743 tenentur
1384 3705 1550 3762 super
1584 3674 1813 3751 terram.
1847 3696 2004 3768 Vide,
2038 3703 2119 3758 di-

530 3764 704 3837 ligens
738 3768 929 3837 lector,
964 3787 1128 3842 quam
1161 3775 1475 3848 frequenter
1504 3781 1741 3853 Spiritus
1769 3764 1998 3847 sanctus?
2025 3807 2118 3847 su-

528 3871 626 3928 per
654 3860 795 3916 hanc
814 3861 1016 3919 Christi
1047 3869 1379 3938 prosapiam,
1409 3874 1591 3930 varias
1617 3891 1682 3932 ac
1708 3879 2008 3947 profundas
2035 3899 2116 3940 re-

530 3948 716 4004 volvit-
750 3954 1168 4021 promissionum
1219 3958 1440 4031 ﬁguras.
1496 3962 1631 4022 Vide
1677 3983 1841 4037 quam
1894 3973 2113 4041 assidua

529 4039 796 4108 depromit
832 4043 1006 4113 pietas
1045 4047 1284 4104 oracula.
1326 4051 1509 4110 Nescit
1530 4056 1674 4111 enim
1711 4058 1893 4126 silere,
1940 4039 2115 4119 nescit

524 4130 800 4188 occultare
823 4134 1158 4205 thesaurum,
1187 4141 1358 4199 donec
1384 4147 1566 4202 veniat
1596 4150 1642 4205 is
1675 4151 1729 4206 in
1764 4168 1871 4223 quo
1904 4164 2112 4213 cunctae

526 4218 705 4275 Patris
725 4224 1114 4291 promissiones
1152 4230 1498 4303 impleantur,
1528 4245 1585 4293 et
1627 4218 1856 4298 obscura
1881 4259 2110 4318 quaeque

524 4310 645 4367 luce
678 4313 879 4372 clarius
911 4318 1345 4380 manifestentur.
1377 4324 1531 4383 Unde
1555 4339 1610 4385 et
1640 4310 1928 4403 sequitur:

594 4397 740 4456 Obed
768 4407 946 4473 genuit
967 4405 1137 4477 Iesse,
1159 4422 1209 4466 et
1239 4412 1387 4469 Jesse
1422 4420 1601 4487 genuit
1639 4397 1826 4479 Dauid.
1870 4425 1982 4483 Cur
2012 4444 2109 4486 au-

523 4501 629 4547 tem
664 4494 864 4551 dixerit
891 4496 1046 4555 Iesse
1084 4505 1272 4574 genuit
1308 4506 1500 4573 David,
1531 4525 1653 4566 ctnn
1685 4513 1825 4570 idem
1855 4516 1997 4575 ﬁlius
2033 4521 2106 4577 sit

521 4584 645 4645 lsai,
687 4601 796 4641 non
820 4589 919 4644 abs
943 4604 1004 4645 re
1028 4590 1241 4649 factum
1268 4595 1522 4656 dixerim.
1551 4600 1862 4662 Praesertim
1892 4624 2018 4664 cum
2045 4612 2099 4667 in

521 4675 724 4743 lli-gum
748 4677 1019 4737 volumine
1039 4684 1323 4743 manifeste
1347 4705 1446 4760 per
1462 4706 1681 4750 omnem
1710 4704 1918 4754 textum
1946 4710 2105 4771 pater

516 4767 633 4835 ejus
662 4770 763 4826 lsai
788 4771 1017 4843 legatur,
1042 4784 1099 4831 et
1116 4775 1268 4835 Jesse
1293 4789 1502 4841 tantum
1551 4786 1608 4843 in
1645 4767 1995 4859 paucioribus
2026 4796 2103 4853 lo-

515 4861 594 4915 cis
627 4864 917 4920 invenitur.
960 4866 1114 4925 Unde
1151 4869 1356 4942 liquido
1396 4887 1610 4934 constat
1635 4880 1953 4952 biganorum
1997 4885 2102 4959 [bi-

517 4955 780 5030 nomium]
810 4971 933 5013 eum
957 4957 1142 5017 fuisse.
1176 4961 1285 5020 Sed
1320 4983 1420 5023 cur
1447 4970 1535 5026 hic
1563 4969 1716 5029 Jesse
1744 4976 1928 5046 potius
1956 4955 2100 5037 ﬁlius

516 5045 866 5116 inscribatur,
903 5050 1137 5121 Spiritus
1164 5058 1337 5113 sancti
1374 5069 1458 5116 est
1496 5045 1841 5136 praesagium,
1875 5080 1935 5125 ut
1970 5086 2095 5127 eum

516 5138 728 5195 venisse
761 5139 875 5211 jam
907 5143 1234 5215 susciperes,
1266 5150 1358 5218 qui
1399 5151 1620 5222 dudum,
1663 5158 1850 5214 eodem
1888 5159 2095 5231 Spiritu

2026 5270 2096 5310 ex

439 5384 451 5391 .
516 5318 755 5384 ejusdem
805 5325 1013 5380 semine
1063 5328 1454 5386 nuntiabatur:
1486 5332 1803 5406 Egredictur
1835 5353 1985 5413 ergo,
2014 5343 2099 5398 in-

592 5407 654 5474 it,
683 5409 827 5482 rirga
870 5414 934 5468 de
984 5416 1160 5472 radice
1206 5417 1390 5487 Iesse;
1428 5431 1478 5476 et
1525 5426 1626 5494 ﬂos
1664 5428 1729 5482 de
1764 5407 1942 5488 radice
1980 5435 2096 5505 ejus

514 5502 773 5569 ascendet,
807 5514 858 5559 et
906 5512 1185 5580 requiescet
1225 5529 1382 5584 super
1421 5530 1539 5569 eum
1580 5518 1810 5587 Spiritus
1854 5502 2089 5593 Domini,

2225 3339 2389 3396 super
2437 3344 2586 3399 eum,
2618 3343 2674 3389 et
2714 3339 2897 3395 omnia
2926 3340 3040 3411 jam
3101 3345 3155 3398 in
3205 3346 3300 3402 illo
3345 3360 3474 3406 sunt
3522 3356 3820 3425 completa,

2224 3431 2385 3487 quem
2414 3432 2604 3493 gentes
2648 3426 2803 3499 longe
2835 3431 2925 3485 diu
2969 3432 3356 3502 desideratum,
3380 3449 3441 3496 ut
3488 3446 3819 3513 praedictum

2221 3506 2422 3579 fuerat,
2456 3529 2577 3569 cum
2606 3518 2804 3588 gaudio
2835 3535 3212 3593 susceperunt,
3260 3540 3571 3602 susceptum
3611 3538 3819 3609 ubique

2220 3612 2549 3661 venerantur
2575 3615 2632 3661 et
2673 3607 2877 3665 colunt.
2915 3611 3024 3668 Vos
3056 3624 3238 3673 autem
3266 3619 3517 3694 indignos
3543 3641 3641 3683 vos
3668 3607 3819 3696 judi-

2218 3695 2388 3750 castis
2418 3705 2636 3754 aeternae
2660 3699 2802 3756 vitae.
2839 3701 3133 3774 Sequitur:
3673 3695 3681 3696 ί
3762 3763 3766 3767 ⁴

2287 3784 2459 3853 Iesse,
2488 3789 2685 3860 inquit,
2732 3796 2911 3863 genuit
2938 3797 3110 3853 David
3157 3818 3345 3874 regem.
3378 3805 3581 3879 Regem
3624 3818 3817 3870 autem

2217 3873 2388 3940 dicit,
2446 3893 2555 3933 non
2606 3882 2752 3950 quod
2804 3884 2918 3954 ipse
2970 3888 3116 3944 solus
3165 3908 3259 3947 rex
3305 3896 3357 3950 in
3402 3873 3506 3955 hac
3557 3903 3816 3973 genealo-

2215 3965 2300 4035 gia
2331 3965 2495 4024 fuisse
2535 3973 2815 4040 probetur,
2875 3992 2999 4033 cum
3050 3983 3119 4037 ab
3148 3983 3266 4055 ipso
3304 4004 3475 4061 usque
3520 3965 3814 4053 ad'trans-

2214 4061 2592 4131 migrationem
2648 4068 2973 4141 Babylonis,
3021 4090 3214 4135 omnes
3263 4082 3354 4152 qui
3406 4083 3480 4139 ibi
3532 4095 3813 4155 ponuntur

2211 4163 2424 4211 constet
2471 4173 2629 4230 reges
2680 4160 2882 4231 fuisse;
2951 4168 3045 4222 sed
3094 4171 3221 4241 quia
3260 4175 3427 4229 David
3479 4179 3688 4247 primus
3734 4180 3811 4237 de

2213 4248 2359 4304 tribu
2386 4248 2526 4306 Juda
2551 4268 2645 4310 rex
2684 4254 2806 4323 fuit,
2847 4274 2945 4329 per
2969 4276 3132 4331 quam
3163 4266 3361 4321 tribum
3388 4269 3523 4324 ordo
3553 4270 3812 4341 genealo-

2210 4340 2313 4413 giae
2331 4346 2504 4415 usque
2534 4346 2602 4400 ad
2631 4345 2911 4405 Christum
2958 4354 3245 4413 manifeste
3270 4360 3530 4418 decurrit.
3560 4340 3641 4419 iEt
3679 4367 3811 4436 qui-

2210 4432 2332 4489 dem
2372 4451 2478 4491 non
2513 4439 2669 4509 quasi
2702 4439 2791 4497 hic
2825 4442 2972 4500 solus
3008 4461 3101 4501 rex
3134 4447 3321 4517 fuerit,
3362 4454 3455 4508 sed
3506 4458 3660 4525 quasi
3689 4432 3811 4528 pri-

2211 4539 2333 4581 mus
2362 4535 2418 4582 et
2463 4543 2651 4600 regum
2694 4533 3050 4605 principium;
3081 4554 3145 4594 ex
3191 4555 3319 4611 quo,
3368 4559 3469 4600 nec
3500 4546 3802 4619 immerito,

2208 4617 2356 4672 velut
2391 4620 2543 4676 solus
2572 4623 2662 4678 hic
2698 4640 2793 4681 rex
2815 4643 2927 4698 prae
2952 4632 3206 4688 omnibus
3248 4647 3607 4709 nuncupatur.
3657 4641 3809 4701 Prae-

2208 4711 2394 4765 sertim
2439 4728 2562 4768 cum
2607 4729 2745 4784 pene
2787 4733 2979 4777 omnes
3007 4735 3229 4794 propter
3276 4727 3461 4798 istum,
3514 4732 3803 4805 Scriptura

2206 4806 2363 4864 teste,
2396 4800 2449 4856 in
2472 4801 2607 4858 solio
2640 4808 2790 4878 regni
2820 4810 2981 4879 positi
3026 4826 3376 4874 reservantur
3404 4837 3419 4886 ;
3446 4831 3501 4878 et
3529 4800 3688 4881 nemo
3711 4827 3804 4883 in-

2203 4899 2395 4947 ventus
2414 4893 2488 4949 sit
2515 4910 2585 4953 ex
2610 4900 2884 4967 omnibus,
2913 4904 3098 4973 etiam,
3128 4917 3189 4963 ut
3212 4909 3285 4965 ita
3313 4912 3509 4979 dicam,
3547 4932 3649 4974 nec
3677 4919 3800 4989 ipse

2201 4980 2358 5040 Dsias
2385 5000 2480 5042 rex
2495 4985 2853 5058 iustissimus,
2878 4997 2945 5050 ad
2967 4995 3129 5067 hujus
3151 5002 3330 5058 meriti
3352 5005 3671 5077 dignitatem

2200 5078 2366 5134 tuerit
2393 5083 2699 5151 pervenire.
2730 5084 2900 5142 Porro
2929 5088 3022 5143 alii
3054 5091 3260 5160 dicunt,
3292 5097 3361 5151 ad
3388 5078 3796 5161 distinction—cm

2202 5167 2426 5226 alterius
2452 5172 2623 5229 David
2649 5176 2796 5231 hunc
2826 5193 3007 5250 regem
3035 5184 3215 5241 verius
3245 5190 3605 5259 nominatum,
3628 5211 3796 5265 quem

2201 5274 2307 5313 non
2331 5275 2535 5333 regem,
2562 5265 2656 5321 sed
2676 5266 2902 5323 militem
2925 5268 3095 5328 fuisse
3114 5276 3452 5347 existimant,
3481 5284 3574 5353 qui
3603 5286 3655 5340 in
3687 5284 3797 5340 Re-

2201 5363 2326 5419 gum
2358 5351 2627 5409 volumine
2663 5363 2717 5409 et
2752 5355 3226 5433 Paralipomenon,
3278 5368 3421 5426 inter
3470 5351 3581 5430 tres
3619 5375 3796 5434 fortes

2199 5439 2394 5497 fortior
2418 5444 2485 5499 de
2529 5446 2750 5519 triginta
2790 5450 2952 5506 dubie
2994 5466 3313 5515 numeratur
3334 5460 3423 5533 (II
3453 5463 3583 5537 Reg.
3626 5484 3788 5537 xxm,

2198 5531 2277 5603 8).
2319 5535 2426 5589 Sed
2467 5544 2649 5592 utrum
2673 5538 2747 5594 sit
2772 5540 2847 5596 ita
2882 5558 3054 5601 necne
3095 5531 3491 5622 accipiendum,
3531 5531 3789 5629 prudens

2236 5594 2245 5603 '
2802 5594 2845 5596 η.
2885 5594 3051 5601 av---"
3095 5594 3491 5622 -νν-Ισιν--υυιιι,
3583 5594 3787 5616 ιυυῡιιδ

513 5594 727 5665 spiritus
750 5597 1020 5668 sapientia
1036 5614 1086 5657 et
1111 5606 1426 5675 intellectus,
1447 5611 1663 5680 spiritus
1683 5617 1887 5673 consilii
1909 5629 1956 5673 et
1976 5619 2091 5687 for—
2195 5622 2369 5679 lector
2418 5626 2703 5700 intelligat.
2747 5630 2858 5688 Nos
2899 5642 3081 5693 tamen
3119 5642 3293 5711 magis
3330 5594 3606 5705 credimus
3636 5654 3787 5721 quod

515 5685 752 5721 οἱηυθὶηὸ.
822 5690 1032 5721 "san..-
1056 5698 1283 5721 --:-_._-__
1320 5712 1355 5721 ,ι
1396 5720 1415 5721 ρ
1432 5703 1444 5721 9
1479 5712 1515 5721 ιλ
1535 5705 1571 5721 ι·
1689 5715 1701 5721 -
1826 5708 1837 5721 ³
1877 5710 1888 5721 ·
1910 5712 1921 5721 ·
2198 5716 2209 5721 ·
2234 5715 2247 5721 “
2412 5718 2424 5721 “
2536 5720 2539 5721 ⁷

513 5685 773 5754 titudinis,
819 5690 1032 5759 spiritus
1053 5698 1284 5755 scientiis
1307 5712 1355 5756 et
1388 5703 1617 5772 pietatis,

511 5776 723 5833 spiritus
750 5778 952 5837 timoris
988 5780 1200 5841 Domini
1225 5789 1361 5847 (ιω.
1407 5808 1485 5857 xt,
1518 5796 1591 5855 ll.

1652 5715 1701 5760 et
1730 5708 1943 5779 replebit
1971 5729 2091 5768 eum

1640 5796 1794 5857 Unde
1833 5809 1889 5857 et
1928 5800 2090 5860 Joan-

2195 5715 2318 5772 ideo
2338 5718 2571 5776 voluerit
2601 5737 2726 5778 eum
2748 5738 2931 5796 regem
2959 5729 3252 5799 nominari,
3278 5743 3339 5790 ut
3360 5739 3628 5797 recoleres
3650 5744 3787 5812 quid

2195 5809 2245 5865 ei
2287 5812 2673 5871 repromissum
2724 5816 2923 5879 fuerat.
2984 5827 3041 5877 et
3083 5835 3410 5885 attnosceres
3447 5829 3592 5889 hunc
3634 5809 3785 5894 esse.
