4072 6362
1141 337 1503 398 EXPOSITIO
1543 342 1608 398 ΙΝ
1649 343 2087 406 MATTHJEUM.
2117 383 2191 396 -ο
2225 354 2354 413 LIB.
2398 359 2438 424 Ι,
2477 358 2630 418 CAP.
2667 362 2712 418 l.

3481 373 3552 430 66

287 443 448 547 cuius
465 445 778 547 Ρτρεθβίξυξξ
804 445 1253 547 ἀεῖῆιεταδειν-ςιιιί
1277 449 1346 547 ίη.
1373 452 1506 507 ⁵01Ῐο
1534 455 1686 547 ι’θῧῐξί
1724 455 1870 510 δοίη·
1893 461 1948 520 Α
1969 463 2102 518 mini
2137 464 2265 524 Jesu
2301 469 2536 528 Christi?
2559 474 2626 529 de
2651 488 2757 544 quo
2795 491 2890 547 per
2929 477 3270 538 Psalmistam
3309 483 3504 542 dicitur
3529 506 3543 542 :

288 544 384 638 eet
416 536 597 638 patris.
620 535 707 638 sui
737 534 908 638 David
943 551 1039 638 rex
1072 537 1416 638 collocandus
1461 545 1725 638 erat._De
1769 559 1877 638 quo
1970 553 2078 627 45
2143 558 2400 616 Dominus
2460 562 2613 633 fortis
2667 534 2757 638 ξι,
2790 534 3002 638 potens,

290 625 440 680 idem
473 623 638 679 David
677 623 826 678 velut
858 625 1120 695 propheta
1150 626 1392 684 futurum
1417 631 1762 699 oratzDeus,
1780 632 1876 703 ju-
1971 623 2272 703 δίπαιδα,
2319 623 2483 703 cui“;
2526 661 2704 703 autem
2747 633 2757 700 ἦ

286 717 488 770 ditium
527 725 676 768 tuum
726 715 834 784 regi
861 716 952 781 da,
1003 725 1053 771 et
1087 719 1354 788 justitiam
1401 731 1546 776 tuam
1580 721 1693 792 ﬁlio
1740 725 1873 793 regis

288 806 468 880 (Psal.
499 824 649 873 Lm,
680 807 756 879 i).
791 807 952 874 Filio,
978 808 1174 880 inquit,
1199 811 1364 882 regis,
1395 813 1522 882 quia
1546 814 1732 870 aeterni
1773 813 1873 869 Pa-

285 901 388 955 tris
412 899 584 955 Filius
605 899 783 955 factus
809 909 896 955 est
928 894 1093 954 etiam
1136 901 1280 956 lilius
1302 903 1490 969 David,
1519 913 1578 960 ut
1602 906 1772 976 possit
1805 905 1870 960 il-

283 993 378 1048 lud
414 992 628 1062 impleri
655 1008 670 1045 :
696 991 868 1061 Super
911 990 1104 1046 solium
1150 992 1338 1058 David,
1385 1003 1434 1047 et
1463 1011 1620 1064 super
1655 1011 1870 1066 regnum

281 1084 402 1153 ejus
427 1082 626 1137 sedebit
669 1083 725 1135 in
755 1092 1007 1136 wternum
1049 1081 1185 1150 (Isa.
1220 1098 1297 1149 ιι,
1328 1083 1405 1155 7).
1429 1084 1497 1139 Et
1521 1085 1642 1155 quis
1671 1094 1754 1140 est
1777 1085 1869 1155 qui

281 1175 468 1228 sedeat
491 1187 653 1242 super
693 1173 946 1228 thronum
985 1172 1155 1228 David
1186 1189 1283 1230 rex
1328 1175 1384 1230 in
1431 1183 1714 1242 aeternum,
1764 1179 1868 1234 nisi

281 1267 453 1321 Filius
489 1264 682 1329 David,
705 1266 822 1335 qui,
865 1265 1164 1320 secundum
1197 1268 1342 1336 quod
1373 1268 1426 1322 in
1457 1268 1722 1338 principio
1750 1278 1870 1324 erat

281 1357 545 1422 Verbum,
585 1366 888 1411 coaeternus
913 1366 996 1412 est
1033 1355 1204 1420 Patri,
1236 1358 1392 1429 cujus
1434 1359 1588 1430 regni
1621 1374 1727 1414 non
1761 1361 1867 1415 erit

279 1451 434 1512 linis,
459 1458 522 1503 ut
547 1448 715 1518 possit
755 1447 898 1503 idem
946 1463 1073 1504 vere
1112 1449 1303 1504 sedere
1331 1449 1442 1504 Rex
1467 1451 1524 1504 in
1561 1452 1864 1506 aeternum?

282 1538 534 1607 Alioquin
579 1539 643 1592 de
685 1537 976 1594 Salomone
1019 1539 1240 1594 minime
1279 1549 1493 1596 constat
1532 1541 1643 1614 44.
1677 1543 1866 1612 praedi-

277 1638 428 1682 ctum
459 1629 642 1692 fuisse,
671 1629 826 1699 cujus
851 1644 989 1699 pene
1020 1645 1244 1700 regnum
1275 1631 1434 1686 simul
1446 1632 1574 1687 'cum
1603 1633 1720 1702 ipso
1743 1649 1862 1689 cor-

273 1721 386 1774 ruit
428 1738 440 1773 :
479 1729 534 1774 et
578 1735 738 1775 omne
798 1734 968 1791 genus
1018 1719 1366 1788 Judze'orum,
1420 1724 1546 1794 quia
1598 1727 1742 1782 hunc
1801 1727 1857 1782 in

3060 569 3316 628 Dominus
3367 585 3545 644 potens
3585 615 3588 618 ~

1971 645 2028 700 in
2070 648 2272 718 praelia.
2319 651 2483 723 Cujus
2526 661 2706 711 autem
2750 655 2939 724 Urias,
3006 661 3097 729 qui
3163 661 3546 732 interpretatus

1971 737 2065 794 tua:
2108 757 2224 796 mea
2268 744 2363 800 Dei
2410 755 2603 815 sonat,
2655 749 2760 806 nisi
2806 751 3012 821 antiqui
3065 753 3396 822 adversarii,
3451 759 3544 828 qui

1969 831 2233 900 superbiae
2293 833 2507 893 inﬂatus
2569 845 2781 896 tumore
2819 841 2956 898 dixit
2997 860 3010 896 :
3062 844 3354 901 Ascendam
3389 865 3548 920 super

1969 919 2296 978 altitudinem
2362 928 2610 996 nubium,
2676 931 2864 988 similis
2915 950 3003 989 ero
3055 935 3320 992 Altissimo
3385 919 3540 1007 (Isa.

1969 1027 2078 1078 x-tv,
2134 1013 2263 1085 l4)?
2299 1016 2434 1084 Quia
2485 1035 2616 1077 vero
2656 1025 2902 1081 creatrici
2950 1041 3015 1082 ac
3066 1030 3408 1100 sempiternae
3452 1031 3542 1088 lux

1966 1111 2085 1192 orta
2128 1105 2182 1160 in
2231 1114 2469 1178 tempore
2515 1126 2574 1166 se
2619 1113 2848 1170 similem
2894 1117 3007 1173 lieri
3052 1121 3394 1192 concupivit,
3438 1123 3541 1180 hoc

1968 1191 2171 1267 ipsum_
2203 1197 2368 1252 etiam
2419 1215 2527 1270 quo
2577 1217 2610 1257 a
2659 1201 2951 1263 Conditore
3009 1191 3284 1276 elucebat,
3337 1213 3533 1268 amisit.
3617 1237 3626 1239 -λ

1973 1281 2158 1350 Unde,
2200 1287 2323 1356 quia
2379 1297 2435 1342 et
2477 1290 2531 1345 in
2588 1293 2817 1351 veritate
2878 1312 2982 1352 non
3046 1301 3225 1366 stetit,
3285 1302 3448 1356 etiam
3507 1321 3536 1357 a

1965 1369 2084 1426 luce
2113 1389 2243 1440 sua,
2279 1391 2440 1446 quam
2469 1393 2500 1432 a
2539 1379 2796 1439 Creatore
2843 1400 2955 1454 prae
2995 1386 3245 1443 omnibus
3271 1391 3537 1446 creaturis

1965 1463 2250 1520 clariorem
2315 1479 2633 1538 acceperat,
2683 1474 2945 1544 superbia!
3002 1478 3231 1543 merito,
3279 1487 3532 1550 tanquam

1964 1554 2248 1612 horrendae
2281 1561 2548 1629 tenebrae,
2581 1563 2832 1621 exclusus
2873 1576 2986 1632 est,
3038 1577 3184 1624 recte
3228 1573 3277 1626 ei
3332 1587 3530 1628 conve-

1962 1645 2043 1700 nit
2087 1647 2226 1715 quod
2283 1648 2534 1718 Ethazus,
2584 1653 2637 1708 id
2693 1663 2777 1710 est
2805 1657 3061 1714 abscissus
3111 1670 3356 1716 vocatur.
3407 1661 3536 1730 Qui-

1961 1744 2066 1806 q'ue
2128 1740 2401 1808 cadendo,
2473 1759 2602 1799 vera
2678 1746 2994 1804 fortitudine
3085 1753 3314 1820 amissa,
3392 1771 3534 1810 nunc

273 1816 500 1872 dextera
531 1815 711 1872 Patris
746 1833 945 1910 magno
986 1817 1236 1873 videlicet
1277 1818 1329 1872 in
1373 1819 1508 1874 solio
1535 1818 1858 1876 collocatum
1884 1811 1934 1873 Β
1960 1825 2124 1882 etiam
2163 1830 2510 1902 transﬁgurat
2554 1849 2613 1888 se
2657 1835 2802 1890 γθιυι
2843 1839 3090 1910 angelum
3133 1811 3534 1908 lucis;audens

274 1910 488 1964 venisse
513 1924 619 1965 non
645 1909 894 1973 credidit,
927 1909 1032 1964 huc
1059 1910 1290 1979 illucque
1316 1912 1548 1981 propriis
1574 1913 1854 1982 expulsum

267 2003 494 2058 sedibus
512 2003 624 2072 jam
660 2001 925 2071 disperiit.
962 1999 1254 2071 Sequitur:

352 2091 523 2146 David
559 2101 728 2144 autem
753 2107 842 2145 rea:
867 2091 1042 2161 genuit
1075 2091 1408 2148 Salomonem
1433 2109 1497 2148 ea:
1524 2110 1586 2148 ea
1609 2111 1725 2165 qua:
1753 2095 1854 2164 fuit

278 2183 452 2238 Uriw.
497 2183 762 2251 Quaeritur
797 2199 944 2254 ergo,
987 2199 1090 2238 nec
1120 2185 1409 2250 immerito,
1440 2201 1562 2240 cum
1594 2197 1702 2241 tres
1733 2186 1856 2242 reli-

267 2291 395 2346 quae
439 2276 697 2330 mulieres
741 2276 794 2329 in
839 2275 935 2330 hac
971 2277 1111 2330 serie
1149 2275 1394 2332 lectionis
1432 2289 1579 2332 retro
1620 2278 1852 2349 propriis

267 2367 585 2421 nominibus
604 2367 719 2436 jam
747 2367 850 2421 sint
871 2367 1080 2436 positaa,
1108 2369 1236 2438 quid
1266 2369 1336 2424 sit
1356 2365 1508 2438 quod
1527 2369 1637 2424 sola
1668 2371 1852 2425 Bersa-

265 2460 366 2514 bea
397 2474 500 2513 suo
530 2459 620 2513 hic
648 2459 868 2513 nomine
900 2475 1007 2514 non
1048 2460 1389 2530 exprimitur,
1423 2461 1516 2515 sed
1545 2461 1687 2530 quod
1715 2476 1850 2515 uxor

262 2553 426 2606 luerit
453 2551 598 2606 Uria:
627 2551 729 2606 hoc
773 2551 948 2606 solum
979 2552 1257 2607 innuitur?
1287 2553 1368 2607 Ad
1399 2554 1541 2621 quod
1580 2567 1709 2607 sane
1738 2568 1844 2608 non

260 2646 556 2716 incongrue
603 2643 881 2700 fatendum
910 2646 1167 2711 creditur,
1199 2647 1326 2716 quia
1368 2655 1480 2701 tres
1520 2645 1844 2715 praescripta:

263 2734 498 2798 l'eminm,
541 2749 636 2804 per
665 2751 802 2804 quas
831 2735 1031 2790 Christi
1060 2752 1226 2806 opera
1254 2737 1472 2806 pietatis
1501 2736 1728 2805 insignia
1756 2743 1841 2806 ty-

257 2828 371 2897 pice
401 2826 823 2897 praesignantur,
871 2843 977 2882 non
1028 2828 1200 2883 solum
1245 2828 1473 2900 culpari,
1501 2845 1686 2884 verum
1722 2828 1840 2882 lau-

255 2922 372 2974 dari
398 2929 545 2976 recte
571 2921 890 2976 meruerint.
923 2919 1076 2975 Unde
1102 2928 1156 2974 et
1195 2920 1312 2975 sine
1351 2920 1458 2975 ullo
1485 2921 1716 2976 nominis
1741 2935 1841 2990 pu-

253 3014 386 3066 dore
412 3013 566 3081 quasi
589 3011 810 3066 virtutis
835 3011 1062 3082 egregiae
1090 3012 1143 3065 in
1176 3013 1278 3066 hac
1309 3012 1620 3083 genealogia
1644 3027 1834 3068 recen-

251 3115 456 3159 sentur.
485 3104 610 3160 Haec
638 3119 852 3174 quoque
891 3103 1156 3158 adulterio
1185 3105 1416 3171 fuscata,
1447 3104 1608 3160 simul
1644 3113 1698 3160 et
1731 3105 1832 3159 viri

1936 1919 2136 1974 adhuc
2160 1920 2369 1986 dicere,
2401 1922 2490 1978 lux
2521 1924 2615 1980 Dei
2659 1941 2779 1982 mea
2823 1937 2922 1984 est.
2965 1930 3034 1985 Et
3068 1932 3197 2000 quid
3223 1921 3455 2001 mirum,
3484 1937 3529 1990 si

1955 2007 2128 2065 lucem
2159 2012 2253 2067 Dei
2275 2011 2418 2068 dicat
2441 2030 2617 2082 suam,
2640 2032 2764 2072 cum
2787 2019 2854 2075 de
2880 2020 2969 2074 illo
2992 2023 3280 2092 Apostolus
3299 2025 3526 2083 clamet:

1913 2079 1917 2083 1
1954 2096 2272 2154 Adversatur
2315 2111 2362 2156 et
2409 2079 2680 2159 extollitur
2719 2123 2880 2176 supra
2921 2079 3071 2165 omne
3127 2113 3267 2182 quod
3310 2079 3529 2184 dicitur,

1953 2192 2201 2260 autquod
2223 2192 2412 2247 colitur
2453 2195 2588 2250 Deus
2617 2196 2704 2268 (II
2753 2197 2931 2254 Thess.
2977 2217 3048 2267 ιι,
3093 2202 3171 2272 4).
3204 2205 3367 2274 Cujus
3400 2223 3530 2263 vero

1950 2279 2388 2354 Bersabeaqtm
2413 2285 2465 2340 in
2494 2287 2744 2343 Latinam
2774 2289 3013 2361 linguam
3035 2303 3221 2361 puteus
3244 2299 3524 2363 satietatis,

1949 2371 2033 2426 vel
2068 2382 2254 2441 puteus
2294 2375 2544 2445 septimus
2581 2377 2829 2443 vertitur,
2872 2379 2974 2434 nisi
3004 2380 3260 2440 Ecclesiae
3298 2385 3524 2456 ﬁguram

1948 2467 2251 2536 expressit?
2276 2477 2422 2524 recte
2446 2471 2590 2526 enim
2623 2482 2934 2529 sanctorum
2963 2475 3202 2532 Ecclesia
3225 2489 3418 2548 puteus
3443 2497 3526 2536 sa-

1948 2558 2149 2613 tietatis
2165 2599 2178 2622 ,
2205 2559 2318 2614 sive
2345 2569 2540 2629 puteus
2559 2564 2822 2632 septimus
2841 2574 3095 2632 vocatur;
3119 2570 3244 2636 quia
3267 2571 3521 2627 nimirum

1945 2649 2033 2704 illa
2071 2650 2400 2720 septiformis
2433 2651 2668 2723 Spiritus
2699 2655 2944 2710 doctrina
2969 2657 3025 2711 in
3047 2657 3234 2714 electis
3263 2661 3374 2716 suis
3402 2677 3520 2717 cer-

1942 2741 2090 2796 nitur
2136 2741 2440 2798 redundare
2461 2783 2476 2809 ,
2515 2759 2636 2813 quae
2669 2760 2811 2816 saepe
2854 2747 2905 2800 in
2937 2746 3133 2803 divinis
3161 2749 3520 2808 voluminibus

1940 2848 2204 2902 aquarum
2233 2832 2452 2888 ﬂuentis
2482 2827 2824 2903 apertissime
2861 2847 3223 2906 comparatur.
3256 2839 3391 2895 Hinc
3416 2840 3520 2896 1)οο

1938 2923 2116 2978 minus
2140 2923 2195 2978 in
2223 2923 2514 2994 Evangelio
2528 2924 2605 2978 ait
2632 2942 2644 2978 :
2675 2924 2733 2980 Si
2759 2926 2874 2997 quis
2890 2927 3017 2992 sitit,
3044 2929 3211 2982 veniat
3238 2929 3307 2982 ad
3331 2946 3443 2995 me,
3469 2941 3516 2985 et

1937 3012 2096 3067 bibat.
2123 3013 2193 3068 Et
2215 3015 2305 3084 qui
2335 3015 2498 3070 credit
2527 3016 2582 3069 in
2608 3033 2687 3070 me
2706 3056 2721 3082 ,
2745 3017 2878 3070 sicut
2919 3016 3042 3071 dicit
3077 3016 3378 3089 Scriptura,
3411 3021 3520 3090 ﬂu-

1935 3104 2076 3156 mina
2103 3102 2166 3156 de
2194 3114 2366 3158 uentre
2387 3103 2499 3173 ejus
2519 3105 2682 3174 [luent
2705 3122 2857 3176 aqua:
2883 3106 3012 3160 viva:
3041 3105 3221 3176 (Joan.
3260 3124 3332 3163 vn
3354 3149 3370 3174 ,
3398 3109 3512 3178 57).

254 3199 548 3255 homicidio
595 3207 898 3264 cruentata,
945 3200 1141 3254 merito
1169 3199 1380 3256 videtur
1425 3199 1826 3268 praetermissa:
1857 3177 1903 3241 (δ
1934 3192 2065 3261 Quae
2093 3203 2271 3248 autem
2312 3204 2455 3250 esset
2501 3194 2614 3265 ipsa
2655 3195 2856 3264 potatio
2891 3195 3220 3252 subsecutus
3271 3177 3512 3269 Evange-

253 3290 444 3344 saltem
479 3298 539 3344 nt
582 3290 800 3345 silentio
842 3290 1097 3355 nominis,
1127 3290 1254 3360 quia
1280 3289 1547 3360 loquendo
1581 3290 1831 3358 nequive-

251 3391 356 3445 rat,
387 3382 530 3451 quod
563 3390 738 3452 turpe
769 3382 1053 3437 videbatur
1095 3383 1312 3436 omnino
1348 3381 1572 3437 tacendo
1605 3391 1822 3452 tegeret.

251 3471 404 3525 Unde
422 3481 479 3526 et
500 3488 695 3527 nomen
732 3473 835 3526 viri
859 3473 995 3544 ejus,
1037 3474 1178 3542 quod
1218 3484 1300 3528 est
1329 3471 1504 3540 Urias,
1529 3474 1674 3528 velut
1694 3475 1826 3544 justi

245 3563 484 3618 hominis
503 3565 722 3633 ponitur
745 3581 759 3618 :
786 3573 847 3618 ut
868 3580 933 3618 ex
966 3565 1067 3619 hoc
1087 3563 1249 3618 etiam
1275 3564 1494 3619 sceleris
1516 3564 1826 3618 immanitas

247 3655 603 3710 verecundius
631 3665 975 3721 memoretur,
1019 3655 1144 3710 dum
1173 3656 1340 3726 ipsius
1366 3671 1527 3710 causa
1561 3655 1699 3709 idem
1729 3671 1822 3710 oc-

242 3745 395 3799 cisus
432 3746 504 3800 ad
532 3747 760 3800 medium
787 3755 1092 3800 revocatur.
1124 3745 1237 3800 Non
1278 3747 1418 3816 (pared
1451 3745 1616 3800 David
1651 3747 1825 3815 pomi-

242 3839 386 3892 tenti
413 3839 517 3892 hoc
537 3838 642 3908 jam
670 3853 699 3892 a
737 3838 964 3894 Domino
993 3839 1279 3892 remissum
1315 3837 1602 3906 imputeter
1631 3853 1821 3907 pecca.

243 3939 357 3983 tum
382 3945 396 3990 ;
427 3929 542 3994 sed,
567 3929 814 3998 quamvis
841 3928 1032 3998 pudice
1061 3928 1298 3998 quolibet
1323 3927 1486 3982 aifatu
1517 3936 1575 3981 ut
1598 3929 1820 3982 demon-

235 4027 460 4083 straret,
504 4019 630 4088 quia
671 4020 874 4074 nostris
903 4018 1060 4073 malis
1089 4020 1230 4074 Deus
1265 4033 1650 4088 nonnunquam
1681 4018 1818 4073 bene

237 4109 472 4173 utendo,
527 4110 692 4163 etiam
731 4125 830 4178 per
881 4124 942 4163 ea
994 4124 1114 4178 qua:
1155 4108 1404 4178 nequiter
1454 4117 1602 4179 gesta
1651 4117 1809 4172 sunt,

234 4206 473 4259 maxima
523 4204 976 4274 indulgentiarum
1033 4203 1296 4258 beneﬁcia
1352 4203 1681 4272 praeligurat.
1750 4201 1818 4256 Et

232 4297 535 4351 notandum
560 4296 703 4364 quod
728 4310 834 4351 non
867 4294 1039 4349 solum
1073 4293 1401 4364 indulgentia
1429 4293 1694 4357 criminis,
1722 4293 1815 4348 sed

229 4395 284 4440 et
343 4385 643 4440 satisfactio
693 4385 747 4439 in
801 4385 966 4438 David
1021 4383 1216 4454 legitur
1249 4401 1262 4436 :
1295 4381 1565 4438 Bersabea
1611 4391 1811 4449 autem,

227 4478 372 4531 sicut
419 4491 524 4532 nec
553 4474 920 4545 principaliter
963 4475 1210 4543 culpatur
1243 4474 1299 4528 in
1341 4473 1564 4537 scelere,
1605 4473 1679 4527 ita
1710 4489 1808 4528 nec

225 4568 572 4638 paenitentia,
620 4567 762 4637 quod
809 4565 1145 4622 consenserit
1187 4565 1242 4619 in
1290 4565 1611 4620 adulterium
1642 4564 1803 4634 regis,

225 4663 434 4718 crimen
457 4677 619 4717 suum
650 4660 868 4716 diluisse
895 4659 1166 4715 scribitur.
1193 4658 1261 4713 Et
1287 4659 1408 4714 ideo
1437 4666 1656 4728 propter
1693 4673 1808 4728 my-

226 4757 423 4812 sticum
457 4756 638 4825 potius
660 4753 914 4809 Ecclesia:
941 4761 1358 4818 sacramentum,
1390 4767 1509 4821 qua:
1535 4753 1584 4806 in
1623 4751 1784 4821 conju

223 4849 374 4917 gium
402 4847 523 4902 veri
555 4847 721 4915 regis,
756 4845 970 4901 diabolo
999 4845 1342 4913 interempto,
1387 4843 1678 4898 clementer
1713 4842 1804 4897 ad-

219 4939 500 5004 sciscitur,
549 4953 687 4992 uxor
733 4936 876 4992 Uria:
915 4936 1004 4990 hic
1047 4943 1254 4990 tantum
1314 4941 1806 4989 commemoratur:

219 5044 448 5104 propter
483 5047 638 5086 suam
665 5045 796 5085 vero
821 5028 996 5084 adhuc
1023 5026 1311 5082 indeletam
1343 5025 1570 5095 culpam,
1601 5032 1807 5078 utcon-

211 5127 372 5196 jicio,
404 5127 474 5181 de
517 5125 736 5180 nomine
761 5123 976 5194 penitus
1017 5121 1288 5176 reticetur.
1326 5118 1458 5172 Nam
1489 5118 1532 5172 si
1564 5118 1667 5173 hoc
1703 5133 1800 5187 pu-

219 5219 424 5273 blicum
469 5216 639 5270 David
689 5215 837 5284 regis
879 5219 1158 5284 peccatum
1204 5211 1540 5281 inspicimus,
1578 5210 1643 5264 de
1690 5210 1806 5279 ipso

221 5309 444 5379 quidem
465 5321 630 5378 opere
666 5305 811 5361 malo
839 5319 1094 5375 magnum
1128 5303 1326 5373 aliquid
1356 5301 1554 5356 bonum
1598 5299 1806 5356 futuro-

221 5412 344 5449 rum
371 5397 755 5466 prophetatum
784 5393 1147 5464 agnoscimus.
1183 5392 1347 5447 David
1379 5406 1610 5461 namque
1637 5391 1804 5447 inter-

216 5494 490 5552 pretatur,
522 5501 683 5538 manu
707 5484 894 5552 (ortis;
935 5481 1096 5538 Urius
1131 5491 1330 5544 autem,
1379 5481 1472 5534 luas
1515 5497 1630 5536 utea
1669 5480 1802 5546 Dei;

215 5572 463 5640 Ethaaus,
503 5575 798 5638 abscissus;
847 5573 1114 5629 Bersabee
1151 5583 1334 5642 puteus
1363 5573 1639 5637 satietatis,
1689 5572 1804 5628 sive

212 5676 406 5737 puteus
447 5667 721 5738 septimus.
772 5665 936 5738 Cujus
978 5665 1160 5744 itaque
1202 5664 1428 5734 ﬁguram
1460 5665 1550 5720 illo
1591 5665 1642 5720 in
1687 5665 1803 5720 loco

217 5757 392 5814 David
467 5755 794 5816 manul‘ortis
860 5757 1090 5827 gessisse
1157 5756 1432 5822 creditur,
1512 5755 1612 5813 nisi
1694 5756 1799 5811 Do-

1933 3285 2053 3340 lista
2073 3285 2323 3355 exposuit
2340 3285 2554 3340 dicens:
2575 3283 2690 3339 Hoc
2704 3297 2877 3340 autem
2905 3287 3038 3340 dixit
3051 3286 3114 3340 de
3140 3285 3340 3356 Spiritu
3360 3304 3509 3358 quem

1930 3375 2192 3444 accepturi
2219 3383 2367 3428 erant
2395 3376 2657 3428 credentes
2682 3375 2734 3427 in
2757 3391 2896 3428 eum.
2922 3374 3060 3430 Hinc
3079 3375 3290 3430 mulieri
3325 3377 3511 3432 Sama-

1929 3469 2117 3522 ritanae
2146 3477 2328 3538 typum
2359 3468 2612 3523 Ecclesia:
2650 3469 2894 3539 gerenti,
2946 3470 3012 3523 ad
3068 3479 3290 3538 puteum
3341 3471 3504 3526 dicit:

1929 3562 2032 3629 Qui
2057 3563 2238 3616 biberit
2263 3579 2328 3615 ea:
2354 3578 2492 3630 aqua
2511 3562 2646 3627 hac,
2679 3561 2817 3615 sitiet
2847 3561 3068 3626 iterum;
3103 3563 3194 3632 qui
3229 3573 3401 3616 autent
3432 3564 3509 3617 bi-

1928 3651 2056 3704 berit
2096 3668 2161 3705 ex
2203 3669 2342 3722 aqua
2383 3668 2540 3722 quant
2569 3667 2660 3721 ego
2687 3650 2821 3704 dabo
2848 3652 2929 3716 ei,
2963 3668 3064 3705 non
3092 3653 3230 3705 sitiet
3269 3653 3323 3706 in
3359 3661 3508 3708 teter-

1926 3758 2050 3795 num
2083 3742 2214 3796 :sed
2235 3759 2371 3812 aqua
2409 3759 2565 3812 quam.
2606 3758 2698 3812 ego
2719 3741 2852 3795 dabo
2878 3741 2964 3809 ﬁet
2989 3743 3037 3796 ei
3061 3743 3178 3811 fons
3203 3760 3352 3813 aqua
3381 3745 3505 3800 viva:

1923 3837 2159 3893 salientis
2179 3840 2234 3894 in
2263 3839 2420 3892 vitam
2446 3847 2696 3892 wternam
2723 3836 2906 3908 (Joan.
2951 3852 3026 3902 Iv,
3067 3837 3176 3908 15).
3210 3837 3384 3907 Super
3411 3853 3501 3893 so-

1922 3929 2117 3990 larium
2143 3929 2325 3998 itaque
2367 3929 2556 3983 domus
2599 3927 2814 3982 lavante
2845 3927 3144 3992 Bersabea,
3186 3926 3352 3982 David
3405 3944 3500 3983 rex

1922 4038 2082 4077 manu
2109 4019 2264 4076 fortis
2286 4019 2546 4090 petulanti
2573 4019 2729 4076 oculo
2760 4019 2924 4085 vidit,
2964 4019 3274 4090 concupivit
3315 4029 3371 4076 et
3407 4019 3502 4076 ab-

1921 4112 2090 4168 stulit.
2125 4111 2260 4180 Quia
2285 4111 2534 4166 videlicet
2573 4110 2883 4181 redemptor
2927 4119 3112 4166 noster
3137 4112 3278 4166 Deus
3303 4127 3366 4167 ac
3395 4112 3500 4168 Do-

1920 4205 2098 4259 minus
2123 4203 2279 4260 Jesus
2307 4203 2557 4259 Christus
2589 4203 2916 4266 Ecclesium,
2964 4218 3128 4274 quam
3151 4219 3215 4259 ex
3249 4205 3497 4274 gentibus

1919 4296 2236 4366 acquisivit,
2269 4296 2487 4351 lavacro
2516 4312 2669 4366 aqua:
2712 4296 2763 4349 in
2797 4296 2962 4350 verbo
2992 4298 3338 4362 mundatam,
3391 4306 3498 4352 ter-

1917 4403 2048 4442 rena
2077 4387 2406 4453 calcantem,
2438 4388 2750 4444 cmlestibus
2783 4388 3079 4442 inhiantem
3102 4430 3116 4453 ,
3146 4389 3494 4458 praedestinm

1921 4489 2026 4534 tam
2053 4481 2188 4536 vidit
2211 4480 2498 4551 providus,
2538 4487 2786 4534 vocatam
2816 4480 3006 4534 dilexit
3029 4495 3259 4550 sponsus
3278 4522 3293 4546 ,
3321 4490 3380 4536 ut
3410 4482 3495 4552 ju-

1911 4571 2201 4626 stilicatam
2239 4570 2340 4625 sibi
2367 4569 2719 4640 conjungeret
2748 4569 3020 4639 legitimus
3047 4570 3274 4640 spiritali
3309 4571 3494 4640 conju-

1909 4662 1998 4732 gio
2028 4661 2273 4715 maritus.
2321 4659 2431 4714 Sed
2477 4669 2536 4713 ut
2580 4659 2860 4714 Bersabeae
2903 4659 3069 4714 David
3115 4661 3490 4732 conjungatur,

1914 4754 2068 4811 Urias
2091 4753 2174 4807 vir
2193 4752 2310 4823 ejus
2332 4751 2688 4817 interﬁcitur;
2717 4751 2841 4822 quia
2871 4760 2930 4805 ut
2951 4749 3220 4820 justorum
3253 4752 3490 4810 Ecclesia

1910 4844 2117 4899 cmlesti
2141 4859 2342 4914 sponso
2377 4843 2682 4908 adhaereat,
2714 4843 2925 4913 antiqui
2957 4843 3128 4900 hostis
3153 4845 3324 4900 virtus
3361 4861 3492 4900 con-

1912 4935 2189 5006 fringitur,
2216 4934 2492 4990 confracta
2521 4935 2746 5004 pedibus
2768 4935 3063 4991 electorum
3091 4936 3342 4991 calcanda
3366 4951 3490 5006 pro-

1907 5026 2188 5082 sternitur.
2217 5025 2370 5081 Unde
2390 5033 2442 5080 et
2463 5040 2560 5095 per
2580 5023 2932 5096 Evangelium
2955 5025 3064 5096 46
3085 5025 3188 5080 illis
3209 5041 3237 5079 a
3263 5025 3487 5080 Domino

1907 5116 2150 5171 dicitur:
2186 5113 2316 5168 Ecce
2358 5114 2480 5168 dedi
2522 5123 2828 5185 potestatem
2867 5116 3009 5170 vobis
3054 5114 3292 5168 calcandi
3331 5132 3487 5184 super

1907 5223 2108 5262 omnem
2119 5207 2357 5261 virtutem
2370 5205 2762 5276 inimici(Luc.x
2774 5207 2818 5273 ,l
2829 5206 2967 5277 9).Si
2981 5213 3158 5260 autem
3172 5205 3274 5260 hoc
3285 5204 3480 5259 factum

1901 5298 2056 5368 juxta
2070 5297 2372 5353 litterarum
2387 5297 2736 5362 attendimus,
2753 5297 2882 5366 quid
2897 5311 3132 5364 unquam
3147 5303 3321 5364 potest
3336 5295 3484 5350 inve-

1908 5391 2012 5445 niri
2053 5389 2376 5446 scelestius?
2401 5387 2457 5444 Si
2488 5404 2619 5444 vero
2644 5389 2963 5461 mysterium
2994 5387 3284 5456 ﬁgurandus
3320 5388 3396 5442 rei
3425 5387 3480 5442 in

1909 5481 2023 5552 ipso
2039 5479 2182 5536 facto
2195 5480 2624 5545 consideramus,
2643 5479 2771 5549 quid
2793 5476 3080 5547 aliquando
3095 5477 3236 5534 valet
3258 5477 3480 5550 reperiri

1908 5572 2216 5629 salubrius?
2241 5573 2336 5628 Est
2367 5581 2547 5628 autem
2575 5572 2630 5626 in
2661 5570 2766 5627 hoc
2793 5569 2934 5626 laeto
2961 5571 3104 5626 aliud
3137 5573 3313 5628 adhuc
3337 5569 3479 5643 quod

1907 5665 2206 5721 evidentius
2234 5667 2512 5735 ﬁguratur.
2559 5662 2727 5717 David
2771 5661 2951 5732 itaque
2989 5659 3041 5720 in
3071 5665 3269 5721 solario
3297 5667 3480 5720 deam-

1911 5754 2124 5824 bulans,
2155 5753 2606 5829 typumexprimit
2629 5751 3022 5825 Redemptoris.
3043 5754 3190 5812 Bene
3221 5764 3395 5812 autem
3425 5757 3475 5812 iu
