4032 6358
516 348 583 406 67
1328 348 1384 406 S.
1423 348 1791 407 PASCHASII
1814 346 2171 406 RADBERTI
2204 345 2504 404 ABBATIS
2530 344 2984 404 CORBEIENSIS

515 460 743 527 solario,
779 460 905 531 quia
928 460 981 515 in
1005 460 1117 517 sole
1144 460 1326 531 posuit
1357 461 1760 516 tabernaculum
1791 474 1974 518 suum.
2007 458 2105 516 So.
2132 466 2186 526 Α
2211 461 2501 516 adventum
2531 458 2945 528 Redemptoris,
2997 456 3106 512 dux
3148 453 3347 526 aliquis
3392 471 3555 528 super
3601 459 3804 517 solium

516 553 711 610 larium
743 552 941 623 quippe
988 567 1093 609 non
1147 552 1216 607 ab
1258 566 1323 606 eo
1368 560 1577 607 tantum
1620 567 1816 608 nomen
1860 551 2104 623 accepit,

517 648 661 720 quod
684 649 751 702 ad
772 647 1183 704 similitudinem
1207 654 1364 701 terra:
1384 646 1556 701 solum
1578 647 1804 712 habeat;
1829 646 1923 702 sed
1941 645 2105 701 etiam

520 739 590 795 ab
626 754 692 793 eo
733 738 875 807 quod
902 736 1231 792 eminentius
1260 737 1480 792 caeteris
1520 736 1771 793 domibus
1801 738 1854 791 in
1896 735 2010 793 sole
2039 736 2112 792 sit

520 831 774 909 pqsitum.
805 828 939 883 Nam
974 837 1029 883 et
1059 826 1283 884 Judaica
1314 828 1464 898 plebs
1485 845 1589 884 non
1617 829 1759 884 sicut
1780 844 1882 885 nos
1904 837 2109 885 tectum

522 937 689 992 super
717 920 918 975 solaria
946 920 1130 985 habet,
1151 921 1297 990 quod
1319 922 1373 976 in
1396 921 1630 978 Absalon
1655 920 1801 978 facto
1828 920 2110 992 Scriptura

521 1012 861 1067 demonstrat
891 1011 1079 1067 dicens
1100 1028 1114 1064 :
1134 1010 1269 1066 Cum
1288 1012 1662 1083 ingrederetur
1681 1014 1751 1067 ad
1776 1013 2111 1068 concubinas

527 1102 701 1172 patris
715 1104 815 1165 sui,
838 1102 981 1173 quod
1003 1103 1236 1157 ministri
1260 1102 1379 1172 ejus
1394 1114 1561 1174 super
1572 1104 1828 1160 solarium
1845 1105 1922 1160 illi
1941 1106 2115 1161 taber-

524 1196 776 1250 naculum
796 1195 1151 1251 tctendissent
1166 1194 1252 1266 ill
1272 1194 1400 1267 Reg.
1416 1213 1529 1262 xvr,
1545 1196 1660 1268 22).
1686 1197 1840 1253 Unde
1862 1207 1919 1253 et
1936 1198 2115 1252 viden-

527 1286 673 1341 tibus
688 1288 920 1351 cunctis,
935 1287 1075 1342 sicut
1091 1286 1371 1358 Scriptura
1402 1296 1651 1352 testatur,
1671 1289 1738 1342 ad
1755 1287 1972 1342 easdem
1986 1302 2116 1342 con-

528 1378 754 1432 cubinas
767 1378 974 1449 ingredi
991 1379 1183 1449 potuit.
1201 1378 1340 1446 Quid
1356 1388 1539 1434 autem
1552 1388 1636 1434 est
1653 1378 1820 1434 David
1837 1378 2117 1435 Bersabeat

533 1467 603 1521 ad
629 1484 687 1522 se
711 1469 1150 1538 perducere,'nisi
1178 1471 1421 1525 datorem
1439 1469 1575 1542 legis
1593 1469 1795 1525 carnali
1828 1471 2025 1541 populo
2040 1470 2118 1525 le-

529 1573 649 1627 gem
677 1560 1021 1630 eonjunctam
1048 1560 1277 1630 spiritali
1303 1563 1406 1617 sibi
1431 1561 1705 1617 intellectu
1728 1562 1975 1617 sociare?
1992 1562 2121 1616 Ber-
2176 1572 2195 1587 ‘

530 1650 692 1707 sabea
723 1661 900 1706 autem
920 1693 934 1717 ,
963 1661 1021 1707 ut
1049 1652 1261 1723 pnefati
1289 1669 1505 1716 sumus,
1537 1662 1733 1724 puteus
1759 1654 2022 1724 septimus
2041 1655 2122 1709 di-

2207 554 2325 624 ejus
2347 554 2635 626 reperitur.
2670 552 2824 609 Unde
2852 550 3153 622 intelligant
3179 550 3422 606 mendosi
3468 551 3674 620 Judaei,
3704 557 3805 625 qui

2210 646 2349 711 sibi,
2379 654 2441 702 ut
2476 646 2590 717 jam
2631 660 2791 717 supra
2823 644 2965 709 dixi,
3011 642 3345 714 applauduut
3381 643 3567 698 nescio
3609 644 3663 700 in
3692 661 3808 717 qua

2210 747 2478 795 terrarum
2504 738 2729 807 regione
2752 737 2819 792 de
2848 735 3019 792 David
3053 735 3226 805 stirpe
3263 736 3573 806 quempiam
3604 736 3814 807 populo

2208 847 2443 905 praeesse
2467 849 2481 886 :
2509 833 2636 902 quia
2660 845 2837 902 neque
2862 831 2916 885 in
2937 829 3094 895 Juda,
3118 838 3179 884 ut
3197 826 3366 884 Jacob
3397 831 3688 900 promittit,
3715 847 3810 887 ne-

2212 940 2317 995 que
2348 924 2403 979 in
2430 922 2767 988 Jerusalem,
2798 929 2860 976 ut
2901 919 2991 975 hic
3018 934 3198 975 sermo
3219 918 3436 975 divinus
3483 928 3640 976 sonat
3665 960 3683 991 ,
3713 920 3819 977 ali-

2213 1015 2368 1084 quis,
2402 1013 2496 1083 qui
2532 1026 2698 1083 super
2726 1009 2922 1067 solium
2961 1009 3112 1081 regni
3134 1008 3355 1064 lucerna
3379 1010 3450 1065 sit
3478 1009 3533 1064 in
3564 1012 3765 1081 populo
3788 1055 3807 1080 ,

2212 1114 2395 1177 potest
2421 1105 2672 1176 reperiri.
2701 1103 2769 1160 Et
2794 1104 2917 1159 ideo
2944 1117 3165 1159 necesse
3193 1112 3301 1169 est,
3325 1112 3383 1157 ut
3410 1104 3704 1173 promissio
3727 1106 3819 1161 di-

2217 1200 2345 1254 vina
2368 1213 2476 1253 non
2505 1197 2833 1261 iuﬁrmetur,
2858 1196 3022 1251 alium
3050 1196 3331 1266 requirere
3357 1195 3692 1252 intellectum
3714 1238 3731 1265 ,
3759 1188 3845 1254 et'

2218 1295 2411 1351 altiora
2440 1304 2905 1351 sacramentorum
2933 1294 3030 1349 Dei
3057 1294 3110 1348 in
3140 1308 3205 1348 eo
3248 1292 3514 1349 beneﬁcia
3544 1293 3811 1365 cogitare.

2219 1386 2350 1454 Quae
2380 1387 2451 1441 sit
2473 1394 2652 1441 autem
2689 1386 2909 1441 lucerna
2953 1383 3165 1440 cunctis
3187 1384 3379 1439 diebus
3408 1383 3598 1439 lucens
3625 1398 3819 1439 coram

2218 1478 2331 1533 Deo
2377 1477 2431 1532 in
2471 1474 2803 1542 Jerusalem,
2850 1477 2933 1530 vel
2974 1491 3095 1547 quae
3150 1473 3547 1531 sitJerusalem
3575 1476 3712 1537 ista,
3759 1474 3822 1529 in

2220 1582 2327 1638 qua
2358 1569 2572 1624 cunctis
2612 1567 2802 1624 diebus
2833 1568 3054 1624 lucerna
3088 1567 3274 1623 lucens
3302 1567 3369 1623 de
3410 1568 3617 1624 semine
3644 1566 3823 1622 David

2222 1668 2446 1732 propter
2471 1676 2596 1715 eum
2625 1658 2805 1714 futura
2834 1659 3251 1730 repromittitur,
3281 1659 3634 1731 Apocalypsis
3649 1658 3826 1715 Joan-

530 1745 694 1809 citur,
738 1746 862 1814 quia
896 1746 1152 1800 nimirum
1198 1762 1296 1817 per
1343 1747 1707 1817 cognitionem
1746 1748 1880 1819 legis
1924 1748 2124 1804 inlusio
2178 1818 2185 1821 Α
2225 1751 2309 1806 nis
2340 1750 2653 1806 manifestat
2677 1751 2863 1806 dicens
2895 1768 2909 1804 :
2942 1749 3013 1804 Et
3050 1750 3227 1804 eduxit
3254 1766 3368 1816 me,
3393 1751 3598 1820 inquit,
3628 1752 3684 1805 in
3711 1750 3831 1821 spi-

534 1842 796 1914 spiritalis
818 1843 1003 1912 gratiae
1026 1841 1264 1913 perfecta
1288 1842 1444 1898 nobis
1465 1843 1732 1914 sapientia
1761 1818 2116 1900 monstratur.
2148 1818 2197 1886 Β
2240 1841 2344 1894 ritu
2370 1841 2425 1893 in
2454 1849 2680 1894 montem
2709 1839 2968 1894 excelsum
2991 1849 3039 1894 et
3061 1856 3336 1912 magnum,
3375 1849 3424 1894 et
3448 1818 3554 1895 vidi
3602 1818 3834 1895 Jerusa-

532 1935 703 2002 Qucm
751 1948 879 1990 vero
928 1934 1113 1997 Urias,
1150 1935 1251 1988 nisi
1282 1933 1567 1989 Judaicum
1608 1934 1863 2005 populum
1913 1936 2121 2007 signat,

532 2028 688 2099 cujus
714 2043 910 2101 nomen
960 2027 1376 2097 interpretatum
1406 2027 1676 2091 diximus,
1708 2026 1803 2082 lux
1843 2044 1959 2081 mea
1989 2025 2127 2080 Dei?

533 2119 792 2176 Judaicus
823 2126 1005 2174 autem
1032 2119 1258 2189 populus
1282 2120 1408 2189 quia
1440 2120 1505 2175 de
1536 2129 1758 2190 accepta
1790 2118 1925 2190 legis
1950 2119 2127 2175 scien-

537 2211 613 2266 tia
637 2210 937 2274 extollitur,
970 2210 1124 2280 quasi
1153 2211 1220 2265 de
1268 2210 1361 2264 Dei
1401 2209 1520 2265 luce
1549 2210 1832 2282 gloriatur.
1867 2210 1975 2265 Sed
2002 2210 2129 2266 huic

539 2302 684 2357 Uriee
712 2301 883 2357 David
915 2316 1139 2355 uxorem
1183 2301 1437 2367 abstulit,
1471 2301 1683 2371 sibique
1712 2302 1971 2367 sociavit;
2002 2300 2126 2371 quia

540 2395 874 2465 Redemptor
900 2395 954 2450 in
969 2409 1134 2449 carne
1161 2409 1425 2464 apparens
1454 2394 1520 2449 de
1550 2409 1609 2448 se
1637 2393 1957 2464 spiritaliter
1979 2392 2127 2462 loqui

539 2489 711 2559 legem
756 2488 1021 2554 innotuit;
1073 2502 1139 2542 ac
1180 2502 1278 2557 per
1323 2487 1455 2553 hoc,
1509 2487 1650 2541 hanc
1679 2485 1903 2542 Iudaico
1935 2485 2132 2557 populo

539 2590 853 2635 extraneam
884 2578 1311 2645 demonstravit,
1340 2580 1551 2649 sibique
1577 2576 1890 2647 conjunxit,
1914 2578 2041 2649 quia
2073 2593 2133 2633 se

539 2685 637 2742 per
661 2670 807 2726 illam
845 2670 1132 2742 praedicari
1175 2669 1493 2724 declaravit.
1524 2669 1591 2723 Et
1623 2670 1744 2724 ideo
1769 2669 2004 2723 carnalis
2041 2684 2134 2738 po-

492 2766 496 2770 “
543 2762 731 2834 pulos,
769 2762 895 2817 dum
927 2762 1181 2816 mandata
1206 2761 1346 2830 legis
1392 2761 1635 2816 retinens
1664 2760 1890 2830 implere
1918 2760 2134 2827 nititur,

543 2855 661 2925 ipse
708 2854 965 2908 nimirum
1009 2852 1179 2908 defert
1230 2853 1485 2907 indicium
1514 2853 1668 2921 quasi
1696 2868 1794 2923 per
1829 2852 2098 2923 Epistolas
2121 2895 2133 2917 ,

545 2946 687 3000 unde
732 2944 1040 2998 damnetur.
1086 2941 1242 3009 Quod
1288 2940 1515 2997 forsitan
1560 2942 1749 2997 volens
1793 2940 2138 3013 Evangelista

547 3036 893 3095 credentibus
935 3033 1002 3091 ad
1030 3035 1460 3091 conﬁrmandam
1502 3034 1663 3089 ﬁdem
1690 3034 1980 3090 ostendere
1999 3076 2013 3100 ,
2044 3035 2138 3089 de-

549 3130 791 3186 duxitad
825 3131 1059 3185 medium
1093 3145 1206 3186 rem
1252 3140 1491 3202 gestam,
1548 3146 1645 3201 per
1689 3147 1850 3200 quam
1904 3130 2140 3186 carnalis

547 3223 712 3279 Israel
742 3223 901 3278 morti
928 3231 1211 3277 notaretur
1238 3222 1539 3287 obnoxius,
1567 3230 1620 3277 et
1641 3222 1903 3292 spiritalis
1937 3223 2137 3278 Christi
2167 3194 2214 3259 Ο

552 3315 606 3370 in
642 3328 869 3385 corpore
907 3314 1173 3378 sociatus,
1223 3327 1405 3368 veram
1442 3313 1603 3384 Regis
1639 3314 1871 3385 conjugii
1927 3315 1984 3368 in
2041 3314 2146 3370 ﬁde

551 3410 858 3478 perciperet
886 3407 1216 3461 ﬁrmitatem.
1251 3406 1387 3474 Quia
1422 3407 1677 3462 nimirum
1710 3407 1762 3462 in
1793 3408 1879 3462 his
1913 3415 2149 3478 quatuor

555 3502 874 3557 mulieribus
906 3500 1144 3557 Ecclesia
1177 3500 1243 3557 de
1271 3501 1520 3572 gentibus
1546 3503 1926 3574 congreganda
1976 3502 2147 3557 mani-

562 3594 754 3649 festius
784 3593 1135 3665 approbatur,
1163 3600 1218 3651 et
1243 3611 1339 3666 per
1373 3611 1466 3651 eas
1498 3597 1800 3653 rectissima
1823 3597 2151 3670 genealogiaa

554 3684 697 3740 linea
730 3687 1159 3755 repromittendo
1207 3689 1351 3755 quod
1402 3686 1641 3743 futurum
1688 3698 1808 3744 erat
1857 3705 2028 3761 usque
2079 3692 2148 3747 ad

556 3776 832 3831 Christum
864 3776 1123 3831 tenditur.
1156 3776 1309 3832 Unde
1335 3786 1391 3833 et
1413 3779 1659 3851 sequitur
1684 3797 1697 3833 :

628 3864 735 3937 47
780 3864 1029 3919 Salomon
1075 3875 1250 3919 autem
1293 3870 1468 3937 genuit
1520 3868 1785 3934 Roboam,
1832 3881 1880 3925 et
1924 3871 2149 3927 Roboant

560 3957 732 4026 genuit
761 3956 967 4008 Abiam.
997 3954 1129 4008 dbia
1154 3972 1269 4009 vero
1300 3957 1424 4011 Asu.
1466 3958 1571 4012 Aea
1596 3970 1768 4014 autem
1795 3960 2072 4032 Josapltat,
2104 3971 2154 4018 et

559 4047 819 4118 Josapltat
849 4048 1021 4119 genuit
1048 4048 1259 4128 lorum;
1307 4050 1444 4117 Quid
1472 4051 1542 4107 sit
1570 4062 1749 4108 autem
1782 4057 1925 4126 quod
1957 4057 2010 4111 in
2044 4055 2151 4112 Re-

563 4154 688 4209 gum
710 4139 983 4194 volumine
1005 4139 1269 4208 legimus?
1294 4141 1576 4213 Auferam,
1603 4145 1775 4215 inquit
1806 4148 2066 4203 Dominus
2088 4148 2156 4204 ad

563 4229 849 4285 Jeroboam
910 4244 1089 4300 regem
1139 4229 1430 4296 Samariae,
1478 4250 1691 4304 regnum
1738 4236 1803 4290 de
1847 4252 2007 4292 manu
2049 4236 2158 4292 Ro-

569 4321 721 4375 boam
745 4320 842 4389 ﬁlii
872 4318 1039 4375 David
1061 4362 1075 4387 ,
1101 4331 1146 4375 et
1186 4321 1320 4375 dabo
1349 4323 1439 4376 tibi
1468 4325 1643 4379 decem
1686 4327 1853 4381 tribus
1874 4368 1888 4392 ,
1916 4327 2028 4397 filio
2058 4344 2157 4381 au-

569 4422 668 4465 tem
696 4411 810 4482 ejus
830 4452 844 4476 ,
888 4411 940 4465 id
970 4421 1086 4476 est,
1117 4412 1218 4482 ipsi
1248 4412 1488 4468 Roboam
1511 4456 1525 4480 ,
1569 4415 1704 4470 dabo
1734 4419 1927 4472 tribum
1957 4435 2115 4474 unam
2138 4461 2153 4486 ,

569 4513 621 4555 ut
651 4511 914 4556 remaneat
947 4501 1158 4557 lucerna
1202 4502 1370 4559 David
1407 4521 1555 4560 servo
1593 4523 1706 4561 meo
1733 4510 1932 4563 eunetis
1976 4510 2157 4566 diebus

569 4607 744 4646 coram
788 4608 867 4646 me
916 4593 970 4645 in
996 4590 1291 4647 Jerusalem
1332 4594 1588 4650 civitatem
1612 4637 1627 4663 ,
1656 4613 1814 4668 quant
1842 4598 1972 4670 elegi
1998 4610 2053 4653 ut
2074 4618 2152 4655 es-

569 4694 643 4737 set
675 4700 859 4737 nomen
885 4699 1055 4737 meum
1086 4684 1157 4738 ibi
1185 4683 1304 4756 (ΙΙΙ
1350 4684 1473 4757 Reg.
1527 4703 1583 4742 x1
1605 4729 1619 4755 ,
1647 4688 1760 4762 55).
1791 4689 1898 4745 Sed
1926 4700 1977 4747 et
2002 4692 2155 4749 Abire

574 4772 693 4843 (IlI
721 4772 846 4844 Reg.
880 4789 968 4836 xv.
997 4773 1052 4845 4)
1079 4815 1094 4841 ,
1125 4783 1346 4845 propter
1371 4777 1537 4833 David
1557 4791 1766 4848 patrem
1792 4796 1982 4848 suum,
2010 4784 2158 4838 dedit

574 4864 834 4920 Dominus
863 4863 1008 4919 Dens
1052 4864 1328 4920 lucernam
1360 4868 1413 4921 in
1442 4865 1778 4937 Jerusalem,
1811 4879 1868 4925 ut
1919 4873 2153 4928 suscita-

573 4967 655 5011 ret
681 4955 847 5009 ﬁlium
872 4956 1005 5026 ejus.
1039 4958 1169 5023 Qua:
1194 4960 1443 5027 quamvis
1468 4961 1546 5015 sic
1591 4964 1888 5017 secundum
1918 4962 2151 5020 litteram

579 5048 863 5101 videantur
887 5062 1045 5116 posse
1069 5049 1271 5120 accipi,
1304 5066 1408 5104 non
1446 5051 1675 5106 dixerim
1702 5054 2019 5125 simpliciter
2045 5073 2165 5113 esse

579 5136 1016 5207 intelligendum,
1049 5138 1145 5193 sed
1174 5139 1417 5210 mysticis
1460 5143 1942 5209 repromissionum
1977 5160 2164 5201 sacra-

580 5230 777 5285 mentis
804 5242 1127 5300 prtesentem
1154 5230 1434 5287 historiam
1462 5233 1756 5289 involutam
1785 5251 1922 5291 esse.
1955 5236 2086 5292 Nam
2111 5239 2165 5294 in

583 5338 646 5377 eo
677 5323 820 5393 quod
844 5322 975 5378 dicit
1007 5341 1018 5375 :
1056 5320 1123 5376 Ut
1154 5333 1417 5377 remaneat
1451 5323 1662 5379 lucerna
1685 5324 1856 5381 David
1885 5344 2029 5383 servo
2052 5344 2166 5384 meo

584 5416 783 5469 cunctis
812 5415 993 5470 diebus
1023 5432 1198 5470 corant
1233 5432 1313 5469 me
1337 5416 1391 5470 in
1412 5417 1743 5486 Jerusalem,
1788 5421 1994 5492 liquido
2040 5438 2169 5478 con-

586 5515 693 5561 stat
715 5509 1007 5563 secundum
1022 5506 1301 5563 Judaieum
1318 5523 1536 5563 sensum
1557 5518 1700 5566 stare
1714 5527 1818 5568 non
1836 5528 2027 5583 posse;
2047 5515 2172 5584 quia

585 5618 684 5659 nec
713 5603 826 5674 ipsa
851 5601 1150 5658 Jerusalem
1183 5604 1392 5659 cunctis
1428 5604 1614 5662 diebus
1646 5613 1790 5661 stare
1853 5609 2082 5675 meruit;
2111 5624 2176 5664 eo

586 5697 729 5765 quod
761 5712 865 5749 non
898 5696 967 5748 sit
994 5694 1046 5749 in
1089 5711 1151 5749 ea
1202 5695 1338 5765 lapis
1383 5712 1545 5767 super
1588 5696 1821 5768 lapidem
1863 5699 2171 5757 derelictus.

588 5786 773 5844 Neque
805 5787 869 5841 de
904 5788 1107 5840 semitw
1141 5787 1279 5857 regis
1312 5786 1476 5842 David
1524 5790 1574 5843 in
1628 5790 1773 5845 (ηιιηί
1814 5788 2025 5859 Iudaea,
2059 5803 2180 5863 post

2230 1931 2329 1986 lem
2355 1931 2748 1986 descendentem
2775 1933 2840 1986 de
2874 1932 3032 1999 caelo,
3071 1943 3319 1988 ornatam
3352 1931 3646 1988 monilibus
3670 1932 3787 1988 suis
3809 1972 3829 1999 ,

2230 2032 2279 2078 et
2304 2022 2479 2078 lumen
2520 2024 2632 2093 ejus
2678 2035 2931 2096 tanquam
2981 2024 3114 2095 lapis
3163 2025 3229 2080 de
3274 2023 3595 2096 ehrysolitho
3625 2025 3827 2096 (Apoc.

2231 2134 2360 2185 xxx,
2413 2117 2522 2186 10).
2557 2118 2623 2173 Et
2649 2118 2810 2189 paulo
2861 2126 3146 2189 postquam
3192 2119 3493 2174 introducit
3537 2118 3591 2173 in
3630 2131 3692 2173 ea
3727 2131 3833 2172 no-

2234 2211 2379 2265 mina
2402 2211 2688 2265 duodecim
2719 2211 2959 2265 tribuum
2987 2210 3220 2266 ﬁliorum
3252 2210 3447 2277 lsrael,
3474 2210 3551 2265 ait
3588 2210 3778 2265 dicens
3811 2225 3828 2260 :

2235 2300 2305 2357 Et
2347 2302 2596 2372 templum
2637 2319 2738 2357 non
2784 2303 2889 2357 vidi
2923 2301 2980 2357 in
3009 2318 3091 2356 ea.
3132 2301 3390 2356 Dominus
3417 2302 3556 2355 enim
3576 2299 3833 2369 templum

2237 2391 2382 2446 illius
2401 2402 2473 2446 est
2496 2401 2543 2446 et
2565 2392 2766 2463 Agnus.
2796 2392 2859 2446 Et
2883 2392 3086 2456 civitas,
3113 2391 3308 2461 inquit,
3328 2407 3433 2445 non
3459 2401 3568 2462 eget
3592 2388 3703 2445 sole
3734 2398 3836 2443 aut

2236 2482 2362 2537 luna
2390 2493 2443 2536 ut
2470 2482 2675 2537 luceant
2698 2484 2750 2536 in
2775 2485 2997 2555 ea,quia
3022 2484 3240 2538 claritas
3267 2482 3368 2536 Dei
3390 2482 3653 2536 illuminat
3684 2498 3831 2547 eam,

2236 2587 2283 2631 et
2313 2577 2525 2631 lucerna
2573 2578 2688 2647 ejus
2737 2588 2810 2631 est
2854 2578 3034 2648 Agnus
3080 2577 3269 2649 (Apoc.
3314 2592 3444 2643 xxi,
3472 2576 3572 2640 2%,
3603 2575 3716 2648 ι25).
3750 2576 3834 2629 Ex

2238 2680 2346 2736 quo
2402 2664 2648 2736 profecto
2702 2666 2872 2736 liquet
2928 2668 3054 2736 quia
3098 2667 3205 2721 ista
3253 2675 3339 2722 est
3382 2665 3684 2722 Jerusalem
3742 2665 3839 2720 illa

2240 2772 2400 2829 quam
2430 2757 2590 2830 elegit
2619 2759 2909 2823 Dominus,
2944 2767 3004 2814 ut
3029 2762 3101 2816 sit
3123 2758 3238 2833 48
3263 2774 3460 2816 nomen
3500 2759 3618 2828 ejus
3641 2759 3751 2824 ibi,
3779 2766 3843 2813 et

2242 2853 2426 2907 sedeat
2452 2852 2506 2906 in
2555 2867 2620 2907 ea
2651 2866 2812 2922 super
2854 2852 3109 2908 thronum
3156 2852 3326 2907 David
3361 2852 3431 2908 de
3470 2852 3680 2907 semine
3713 2850 3842 2920 ejus

2243 2940 2358 2996 Rex
2385 2942 2437 2996 in
2468 2949 2764 3008 aeternum;
2790 2952 2846 2998 et
2872 2957 2978 2999 non
3004 2945 3163 3000 istam
3188 2957 3351 3013 quam
3385 2943 3632 2998 videmus
3657 2946 3722 2995 ad
3754 2954 3846 2995 so-

2243 3034 2353 3089 lum
2385 3049 2555 3106 usque
2582 3034 2847 3101 dirutam,
2883 3044 2939 3089 et
2979 3036 3164 3091 multis
3208 3036 3475 3091 hactenus
3500 3033 3848 3091 maledictio-

2251 3126 2411 3181 nibus
2441 3126 2744 3196 suhjacere.
2777 3126 2909 3194 Quae
2947 3126 2994 3182 si
3040 3126 3214 3182 electa
3272 3126 3571 3183 secundum
3617 3124 3851 3181 electio-

2250 3219 2451 3273 tionem
2500 3218 2690 3288 gratiae
2735 3228 2913 3285 esset,
2947 3232 3224 3289 nunquam
3251 3227 3376 3289 post
3398 3226 3581 3273 tantas
3611 3214 3854 3286 promis-

2248 3313 2431 3367 siones
2458 3326 2565 3365 una
2595 3326 2718 3367 cum
2766 3310 2963 3381 populo
3003 3320 3112 3366 tam
3160 3311 3342 3367 subito
3388 3310 3707 3366 corruisset.
3740 3307 3853 3364 Ubi

2249 3405 2294 3460 si
2323 3405 2455 3460 mihi
2486 3405 2716 3476 opponis
2747 3405 2976 3460 callidus
3008 3405 3422 3476 tergiversator,
3450 3403 3580 3473 quia
3606 3402 3856 3473 peccatis

2249 3497 2362 3553 suis
2389 3498 2591 3553 factum
2638 3498 2736 3563 sit;
2780 3511 2967 3552 verum
3001 3497 3224 3551 omnino
3253 3497 3554 3567 probamus
3582 3496 3725 3566 quod
3768 3494 3859 3549 di-

2252 3591 2352 3646 cis.
2382 3589 2489 3645 Sed
2512 3589 2859 3660 omnipotens
2886 3589 3030 3644 Deus
3049 3588 3310 3659 prazscius
3338 3588 3646 3643 ﬁtturorum
3663 3627 3677 3652 ,
3705 3585 3859 3640 sicut

2252 3681 2515 3754 propheta
2547 3686 2797 3747 testatur,
2842 3680 2931 3750 qui
2976 3689 3051 3734 est
3096 3688 3399 3749 conspector
3425 3679 3658 3733 omnium
3682 3693 3860 3731 δαναι-

2253 3773 2427 3827 lorum
2458 3771 2653 3843 (Eccli.
2684 3787 2848 3827 xxxvi
2866 3814 2881 3837 ,
2918 3770 3026 3843 l9),
3044 3786 3320 3841 nunquam
3343 3785 3403 3825 se
3428 3770 3626 3825 talibus
3644 3768 3862 3839 obliga-

2256 3873 2341 3918 ret
2369 3862 2653 3932 promissis
2672 3901 2687 3927 ,
2715 3864 2760 3917 si
2792 3864 2893 3917 ista
2923 3870 3068 3918 esset
3096 3863 3164 3917 dc
3201 3877 3307 3931 qua
3352 3862 3531 3933 typice
3558 3860 3861 3931 propheta-

2256 3971 2377 4011 rum
2401 3956 2612 4026 eloquia
2640 3958 3070 4027 concrepabant,
3106 3972 3268 4025 quam
3304 3958 3604 4013 secundum
3635 3955 3866 4010 electio-

2258 4064 2381 4103 nem
2411 4049 2599 4118 gratia:
2634 4048 2932 4120 antiquitus
2970 4048 3099 4103 nulli
3133 4050 3355 4105 dubium
3384 4060 3467 4105 est
3495 4049 3738 4121 elegisse.
3778 4047 3866 4103 ls-

2261 4150 2369 4195 tam
2420 4157 2551 4196 vero
2598 4152 2866 4197 terrenam
2913 4139 3246 4206 Jerusalem,
3278 4157 3439 4213 quam
3474 4142 3647 4204 dicis,
3696 4140 3867 4211 elegit

2259 4234 2476 4304 quidem
2507 4235 2575 4288 ad
2601 4242 2843 4304 tempus,
2890 4234 2983 4289 sed
3012 4244 3071 4287 ut
3104 4232 3331 4304 ﬁguram
3382 4224 3624 4286 caelestis
3653 4228 3856 4283 Hieru-

2262 4324 2429 4380 salem
2477 4334 2733 4395 portaret,
2788 4339 3070 4395 quousque
3114 4324 3353 4379 venisset
3399 4323 3487 4377 ille
3534 4323 3600 4377 de
3649 4323 3867 4376 semine

2265 4417 2468 4483 David,
2506 4417 2597 4486 qui
2647 4417 2701 4470 in
2747 4432 2810 4471 ea
2844 4415 2958 4471 Rex
3007 4417 3059 4471 in
3103 4425 3365 4471 aetermun
3418 4413 3652 4469 sederet.
3706 4411 3869 4467 Unde

2265 4510 2391 4579 quia
2428 4507 2703 4578 juraverat
2762 4508 2840 4562 illi
2889 4506 3144 4561 Dominus
3194 4508 3512 4563 veritatem:
3563 4504 3639 4558 De
3684 4506 3872 4572 {ructu

2263 4601 2458 4654 ventris
2484 4601 2562 4653 tui
2581 4616 2771 4669 ponam
2797 4615 2952 4670 super
2972 4600 3146 4653 sedem
3165 4609 3310 4652 tuam
3335 4596 3508 4667 (Psal.
3532 4612 3719 4664 cxxxt,
3748 4598 3865 4668 il).

2260 4689 2329 4745 Et
2356 4690 2483 4745 alibi
2520 4705 2534 4744 :
2568 4690 2874 4759 Stabtliam,
2908 4692 3100 4759 inquit,
3132 4706 3349 4759 regnum
3370 4689 3518 4759 ejus;
3554 4699 3599 4742 et
3643 4689 3871 4743 thronus

2259 4783 2375 4853 ejus
2398 4784 2453 4836 in
2482 4793 2734 4837 wternum
2763 4786 2863 4837 erit
2885 4783 3218 4852 ﬁnitis-simus
3246 4782 3295 4852 (Ι
3330 4781 3458 4835 Par.
3486 4798 3619 4847 xvu,
3646 4781 3871 4865 1134)⁹

2261 4888 2573 4944 quanquam
2606 4886 2921 4943 peccatores
2945 4872 3302 4928 fuerintidem
3330 4872 3422 4928 ﬁlii
3444 4875 3561 4943 ejus
3580 4916 3593 4939 ,
3616 4883 3876 4929 servatur

2263 4972 2444 5019 tamen
2474 4978 2690 5034 semper
2736 4964 3013 5020 successio
3053 4966 3279 5023 seminis
3302 5008 3317 5033 ,
3349 4974 3405 5022 et
3427 4964 3726 5021 Jerusalem
3769 4982 3873 5036 pe-

2274 5056 2420 5111 nitus
2462 5070 2571 5111 non
2614 5055 2841 5121 deletur,
2867 5056 3042 5113 donec
3076 5058 3288 5114 veniret
3317 5073 3533 5125 semen,
3559 5059 3643 5114 cui
3684 5071 3877 5129 repro-

2272 5148 2496 5203 missum
2519 5148 2876 5204 estutsedcat
2902 5151 2956 5204 in
2984 5152 3352 5207 a‘eternuqut
3377 5153 3480 5207 hbe
3501 5162 3587 5207 est
3612 5157 3751 5222 quod
3780 5154 3874 5208 hic

2274 5237 2472 5291 dicitur
2507 5261 2519 5294 ι
2554 5236 2677 5292 Νοη
2703 5238 2900 5307 faciam
2912 5253 3123 5312 propter
3149 5242 3320 5297 David
3348 5258 3554 5297 servum
3570 5244 3876 5307 meum,sed

2276 5329 2411 5382 dabo
2439 5328 2551 5398 ﬁlio
2581 5329 2695 5401 ejus
2728 5330 2921 5385 tribum
2951 5349 3110 5387 unam
3132 5372 3146 5399 ,
3193 5344 3248 5388 ut
3280 5344 3544 5389 remaneat
3572 5334 3787 5388 lucerna
3826 5336 3877 5389 ei

2281 5422 2483 5475 cunctis
2514 5421 2696 5476 diebus
2744 5440 2921 5478 coram
2964 5441 3047 5479 me
3091 5426 3147 5481 in
3175 5427 3468 5482 Jerusalem
3493 5423 3612 5498 (III
3640 5425 3766 5497 Reg.
3794 5443 3874 5494 ιι,

2283 5513 2397 5583 55).
2422 5513 2560 5581 Quid
2586 5516 2748 5587 igitur
2775 5526 2859 5571 est
2885 5517 3093 5573 dicere:
3122 5534 3226 5573 non
3252 5518 3444 5573 faciam
3465 5528 3686 5591 propter
3707 5518 3880 5575 David

2285 5621 2498 5662 servum
2527 5625 2707 5665 meum
2728 5651 2741 5673 ,
2769 5610 2869 5665 uisi
2900 5626 3007 5663 non
3034 5608 3229 5665 faciam
3256 5620 3478 5682 propter
3504 5612 3879 5683 juramentutu

2288 5702 2428 5770 quod
2476 5704 2524 5755 ei
2562 5703 2776 5771 juravi,
2817 5713 2873 5758 ut
2922 5720 3027 5759 non
3081 5703 3358 5760 auferrem
3405 5722 3591 5763 semen
3647 5707 3760 5777 ejus
3812 5706 3885 5762 de

2290 5804 2583 5865 conspectu
2616 5806 2735 5851 meo
2756 5836 2769 5862 ,
2805 5797 2897 5853 sed
2942 5798 3128 5853 darem
3155 5798 3202 5853 ei
3229 5796 3506 5856 lucernam
3529 5812 3650 5871 qua:
3672 5795 3886 5876 luceret
