4032 6358
204 328 273 384 69
918 334 925 337 '
1074 318 1436 379 EXPOSlTlO
1468 319 1537 376 IN
1573 316 1787 375 MATTI

1895 314 2014 372 un.
2052 344 2123 354 —
2162 311 2291 388 LIB.
2329 310 2371 377 ι,
2409 310 2563 369 CAP.
2600 306 2640 366 ι.
3427 308 3515 389 7o

199 461 389 503 coram
417 458 510 498 me
544 443 601 497 in
630 440 930 498 Jerusalem
974 442 1189 497 cunctis
1228 441 1419 497 diebus
1448 436 1801 496 aeternitatis?
1826 432 2156 500 AJoatltan.
2202 430 2259 484 ln
2288 437 2485 500 quarto
2512 428 2676 501 igitur
2696 425 2903 498 Regum
2934 424 3208 481 volumine
3238 424 3488 494 legimus,

199 535 379 604 Quam
402 532 690 588 lucernam
733 532 887 600 quasi
924 547 1107 586 coram
1134 531 1304 586 oculis
1338 532 1477 586 idem
1509 530 1676 584 David
1703 544 1801 600 po-

201 644 377 693 nens,
408 628 593 681 aiebat
630 626 858 681 dicens:
897 624 1135 679 Lucerna
1173 626 1391 696 pedibus
1432 627 1560 680 meis
1590 625 1800 679 verbum

203 736 378 783 xum,
403 728 452 772 et
480 716 665 771 lumen
685 718 884 772 semitis
910 718 1037 771 meis
1069 715 1185 789 (Ps.
1213 734 1402 783 csvm,
1430 718 1576 789 104).
1606 718 1678 772 De
1703 719 1805 772 hac

198 809 453 873 nimirum
469 808 700 865 lucerna
725 819 940 864 constat
962 809 1195 866 dictum:
1217 808 1283 863 Ut
1301 821 1565 865 remaneat
1586 810 1800 864 lucerna

196 901 366 959 David
388 918 544 956 servo
561 919 681 956 meo
695 919 872 955 coram
885 918 967 956 me
986 904 1186 957 cunctis
1199 902 1377 957 diebus
1402 901 1798 956 in'lerusalem.

197 994 351 1060 Quia,
391 994 879 1064 siabrumperetnr
915 993 981 1049 de
1028 994 1233 1048 semine
1278 994 1395 1064 ejus
1418 993 1689 1048 successio
1733 990 1798 1045 ﬁ—

197 1083 391 1140 liorum
421 1100 602 1155 usque
629 1086 696 1139 ad
738 1084 1048 1149 Christum,
1073 1084 1300 1140 forsitan
1345 1093 1559 1155 poterat
1602 1092 1796 1139 eventu

198 1177 519 1246 aliquolibet
545 1175 840 1242 advenire;
869 1178 995 1241 sed,
1032 1177 1329 1233 secundum
1359 1176 1502 1246 quod
1525 1176 1798 1231 Abraham

196 1272 435 1341 primum
488 1279 545 1324 et
589 1279 779 1340 postea
825 1270 992 1325 David
1038 1268 1343 1338 iuraverat,
1375 1270 1558 1324 omnis
1604 1284 1795 1338 τρριότ-

195 1363 389 1417 mimo
438 1362 589 1417 velut
640 1362 694 1416 in
748 1363 967 1417 irritum
1027 1363 1336 1417 duceretur.
1385 1360 1641 1428 Quamvis
1698 1376 1800 1415 nec

198 1453 281 1506 sic
338 1452 704 1521 completum,
767 1453 912 1521 quod
988 1453 1375 1521 repromissum
1438 1451 1615 1508 fuerat
1686 1450 1798 1507 ullo

203 1545 374 1602 modo
409 1548 639 1602 dubitari
666 1546 923 1611 deberet;
965 1546 1090 1616 qu’ia
1124 1547 1263 1601 Deus
1296 1554 1383 1602 est
1424 1546 1518 1616 qui
1554 1544 1795 1600 futurum

204 1638 309 1692 hoc
352 1637 474 1692 sine
510 1640 939 1694 commutatione
988 1638 1399 1708 repromiserat.
1437 1636 1620 1701 Unde,
1668 1636 1795 1706 quia

193 1727 308 1800 59
334 1743 558 1784 omnem
582 1728 923 1799 genalogiam
960 1744 1057 1797 per
1083 1728 1483 1784 successionem
1520 1742 1691 1797 usque
1732 1726 1793 1780 in

1910 528 2052 598 quod
2078 524 2262 582 Joram
2289 522 2581 580 Ochoziam
2630 522 2900 594 genuerit,
2949 530 3004 577 et
3050 520 3116 576 de
3142 518 3377 577 Ochozia
3424 523 3497 578 sit

1907 620 2120 691 genitus
2148 616 2276 674 Joas
2323 635 2335 671 :
2389 634 2453 673 ac
2482 617 2674 673 deinde
2723 617 2848 687 quia
2878 614 3004 672 Joas
3054 617 3298 687 genuerit
3331 617 3495 671 Ama-

1907 714 2065 780 siam,
2115 713 2201 768 cui
2252 712 2515 768 successit
2562 711 2615 766 in
2653 726 2874 784 regnum
2906 710 2995 766 hic
3026 709 3208 776 Ozias,
3258 710 3382 781 quia
3428 711 3498 765 ab

1906 805 2248 878 Evangelista
2275 806 2379 861 hoc
2407 804 2462 860 in
2510 804 2628 859 loco
2662 804 2803 859 ﬁlius
2829 800 3014 859 Joram
3037 803 3355 860 inscribitur
3385 801 3496 872 (IV

1904 902 2030 975 Reg.
2081 919 2199 967 νηι,
2248 902 2354 969 24;
2410 918 2485 967 xi,
2531 901 2605 967 ες
2656 918 2763 967 xu,
2806 902 2894 965 2|;
2951 916 3042 967 xv,
3093 900 3166 971 1).
3218 899 3372 968 Quod
3418 899 3499 953 fa-

1904 1004 2051 1051 ctum
2097 1010 2203 1051 non
2231 995 2326 1050 abs
2375 1009 2433 1050 re
2460 994 2683 1049 omnino
2709 993 2968 1059 creditur,
3016 993 3060 1048 si
3096 992 3325 1047 intentio
3360 990 3497 1047 Mat—

1903 1086 2051 1149 thxi,
2085 1086 2193 1140 imo
2237 1101 2333 1155 per
2372 1101 2494 1139 eum
2525 1082 2763 1153 Spiritus
2790 1083 2962 1139 sancti
2995 1082 3060 1137 ad
3087 1097 3281 1152 purum
3310 1081 3496 1136 consi-

1904 1181 2140 1235 deretur.
2193 1179 2538 1249 Propositum
2582 1178 2725 1233 enim
2756 1184 2874 1232 erat
2905 1176 2952 1231 ei
2998 1184 3109 1231 trcs
3146 1184 3491 1231 tessarescae-

1902 1270 2134 1327 decadas
2164 1271 2218 1325 in
2249 1271 2521 1325 diversum
2551 1277 2750 1324 statum
2782 1282 3004 1337 ponere,
3033 1274 3088 1321 et
3119 1266 3191 1319 ita
3222 1263 3498 1333 obtempe-

1901 1379 2025 1418 rare
2056 1374 2117 1418 ut
2150 1363 2415 1434 mysticus
2456 1372 2923 1417 sacramentorum
2966 1374 3224 1414 numerus
3275 1358 3327 1412 in
3359 1372 3494 1427 qua-

1902 1456 2149 1527 draginta
2177 1465 2232 1511 et
2258 1457 2396 1510 duos
2422 1464 2689 1525 surgeret.
2719 1452 2952 1522 ideoque
2991 1461 3100 1506 tres
3131 1451 3263 1505 istos
3290 1449 3356 1503 de
3383 1464 3497 1503 me-

1900 1547 1989 1602 dio
2021 1546 2210 1603 tulisse
2243 1547 2507 1602 cernitur.
2554 1546 2619 1600 Et
2649 1562 2756 1600 non
2796 1543 2970 1599 solum
3004 1543 3188 1612 itaque
3214 1540 3284 1597 oh
3310 1540 3411 1595 hoc
3438 1546 3499 1595 ut

1901 1638 2044 1693 istud
2087 1638 2384 1694 conﬁceret
2419 1646 2841 1701 sacramentum,
2871 1651 3061 1690 verum
3109 1635 3275 1689 etiam
3309 1640 3368 1687 ut
3396 1646 3497 1688 nos

1904 1728 2149 1800 legaliter
2180 1730 2507 1792 institueret,
2540 1736 2595 1783 et
2627 1743 2877 1796 magnum
2915 1726 3071 1782 nobis
3109 1725 3371 1779 tribueret
3401 1722 3495 1778 do-

196 1819 497 1885 Christum,
552 1821 673 1875 sine
724 1821 980 1893 ambiguo
1026 1821 1093 1876 dc
1119 1821 1287 1875 David
1321 1821 1486 1891 stirpe
1528 1829 1793 1885 tenemus,
1826 1815 1874 1876 Β
1901 1828 2234 1874 cumentum.
2281 1818 2468 1873 Joram
2499 1818 2697 1888 quippe
2735 1817 2919 1889 generi
2961 1832 3020 1871 se
3065 1816 3359 1869 miscuerat
3393 1814 3494 1868 im-

195 1920 248 1964 et
272 1926 398 1966 eum
438 1911 498 1966 in
534 1923 803 1967 aeternum
844 1926 1009 1982 super
1046 1911 1239 1966 solium
1275 1920 1331 1966 et
1368 1926 1531 1981 super
1570 1927 1796 1982 regnum

200 2000 309 2068 ejus
343 2002 543 2056 sedere
574 2003 873 2065 credimus,
907 2001 1113 2055 nullum
1164 2002 1328 2056 alium
1366 2002 1478 2073 jam
1509 2017 1796 2058 venturum

200 2101 620 2160 exspectemus;
661 2110 748 2159 ne,
783 2093 928 2163 quod
956 2094 1119 2158 absit,
1155 2108 1253 2163 pro
1287 2108 1351 2148 eo
1377 2093 1792 2160 Antichristum,

204 2181 287 2250 qui
322 2182 554 2237 futurus
579 2191 666 2239 est
706 2184 759 2238 in
790 2183 1013 2247 mundo,
1046 2184 1389 2255 recipiamus.
1421 2184 1488 2238 Et
1533 2187 1576 2240 si
1608 2201 1798 2255 quem-

206 2270 336 2340 piam
375 2281 595 2336 movet,
628 2273 894 2343 quomodo
930 2274 1018 2328 hic
1046 2276 1237 2331 sedere
1267 2274 1481 2330 dicatur
1512 2291 1675 2346 super
1707 2290 1798 2331 so-

206 2364 321 2418 lium
350 2373 407 2419 et
439 2380 673 2436 regnum
702 2365 891 2431 David,
924 2382 1047 2421 cum
1088 2366 1206 2435 ipse
1234 2366 1400 2421 David
1436 2383 1542 2422 non
1591 2367 1798 2423 sederit

215 2468 299 2507 rex
336 2469 504 2523 super
535 2454 732 2509 solium
764 2466 818 2510 et
850 2470 1074 2526 regnum
1124 2455 1267 2511 illius
1314 2457 1554 2512 cmlestis
1576 2457 1796 2514 Jerusa-

208 2544 322 2613 lem,
351 2562 533 2617 neque
560 2548 815 2603 Christus
863 2563 1028 2618 super
1085 2548 1228 2602 lianc
1277 2558 1551 2605 terrenam
1574 2548 1795 2606 Jerusa-

208 2637 309 2692 lem“
334 2653 431 2693 rex
471 2638 958 2709 sedisselegatur;
996 2640 1294 2709 praesertim
1329 2656 1451 2695 cum
1499 2641 1615 2712 ipse
1650 2642 1795 2698 dicat

207 2728 407 2786 Pilato:
440 2729 679 2801 Regnum
721 2747 893 2786 meum
919 2747 1022 2785 non
1061 2742 1136 2785 est
1175 2733 1239 2785 tle
1277 2731 1377 2786 hoc
1411 2733 1605 2786 mundo
1627 2752 1645 2790 :
1667 2734 1791 2803 quia

210 2826 245 2877 si
265 2824 323 2878 de
343 2824 442 2879 hoc
470 2826 670 2880 mundo
691 2836 849 2890 esset,
877 2828 1055 2897 utique
1085 2827 1314 2882 ministri
1345 2831 1445 2883 mei
1466 2830 1790 2885 decertarent

210 2930 264 2966 ne
289 2918 524 2968 traderer
556 2914 768 2970 Judwis
810 2915 996 2987 (Joan.
1026 2932 1183 2981 xvni,
1209 2916 1323 2987 56).
1373 2918 1613 2975 Dicimus
1660 2935 1790 2992 ergo

210 3007 334 3062 hanc
387 3008 675 3063 civitatem
713 3007 1034 3075 Jerusalem,
1088 3008 1230 3065 illius
1276 3009 1504 3081 ﬁguram
1549 3012 1789 3069 caelestis

206 3098 485 3166 habuisse,
533 3110 588 3156 et
636 3101 740 3156 hoc
788 3116 1018 3173 regnum
1073 3100 1217 3157 illius
1262 3102 1484 3157 schema
1530 3102 1784 3172 gessisse.

1913 1912 2171 1983 piissimae
2190 1910 2409 1967 Jezahel
2436 1928 2449 1963 :
2493 1919 2546 1964 et
2584 1910 2706 1965 ideo
2728 1923 2910 1980 ‘usque
2939 1911 3005 1963 ad
3034 1908 3250 1963 tertiam
3276 1922 3495 1977 genera-

1900 2006 2101 2062 tionem
2145 2003 2262 2073 ejus
2304 2004 2564 2059 memoria
2605 2004 2671 2058 de
2709 2010 2909 2058 sanctae
2960 2000 3262 2056 nativitatis
3303 2000 3494 2055 ordine

1898 2106 2044 2153 recte
2072 2096 2295 2153 tollitur.
2332 2096 2483 2163 Quod
2515 2097 2680 2151 etiam
2727 2096 2782 2150 in
2822 2094 2938 2166 lege
2967 2093 3115 2164 prius
3147 2110 3243 2163 per
3270 2093 3492 2164 Moysen

1896 2191 2039 2247 Deus
2062 2191 2305 2246 dixerat:
2336 2189 2446 2259 Ego
2474 2206 2592 2244 sum
2619 2188 2896 2255 Dominus,
2917 2187 3059 2241 Deus
3082 2186 3253 2256 fortis,
3279 2189 3489 2252 zelotes,

1894 2285 2111 2340 visitans
2136 2293 2347 2354 peccata
2374 2292 2585 2351 patrum
2614 2283 2670 2336 in
2691 2281 2834 2351 ﬁlios
2854 2282 2907 2335 in
2935 2281 3140 2335 tertiam
3168 2297 3230 2335 ac
3247 2289 3491 2351 quartam

1899 2375 2311 2444 generationem,
2343 2391 2524 2429 eorum
2552 2373 2643 2445 qui
2683 2374 2900 2427 oderun:
2940 2388 3054 2437 me;
3088 2381 3137 2426 et
3170 2370 3369 2441 faciens
3392 2370 3493 2423 nti-

1895 2466 2238 2521 sericordiam
2285 2467 2341 2518 in
2379 2464 2545 2518 multa
2596 2463 2785 2529 millia,
2822 2463 2903 2516 his
2927 2465 3018 2534 qui
3050 2463 3274 2533 diligunt
3318 2478 3418 2527 me,
3443 2471 3492 2516 et

1894 2557 2195 2612 custodiunt
2225 2558 2477 2610 mandata
2514 2571 2630 2608 mea
2656 2553 2855 2624 (Exod.
2885 2569 3017 2618 xu,
3048 2553 3123 2622 5).
3165 2551 3265 2608 Ubi
3296 2560 3490 2607 notan-

1893 2644 2020 2700 dum
2046 2645 2187 2716 quod
2230 2645 2295 2700 de
2327 2643 2416 2698 illa
2446 2645 2705 2714 progenie
2751 2642 2973 2704 dicitur,
3006 2657 3129 2713 qua:
3161 2642 3214 2697 in
3252 2646 3492 2712 peccatis

1892 2744 2111 2807 patrum
2143 2745 2197 2792 et
2230 2737 2284 2791 in
2315 2735 2439 2791 odio
2469 2736 2719 2807 pertinax
2748 2734 2919 2791 fuerit
2944 2736 3203 2790 virtutum
3232 2753 3244 2789 :
3272 2735 3412 2790 sicut
3436 2742 3491 2817 et

1892 2829 2265 2885 misericordia
2318 2829 2371 2883 in
2427 2828 2534 2883 illis
2579 2828 2658 2891 ﬁt,
2701 2828 2795 2898 qui
2837 2827 2892 2882 in
2947 2828 3240 2884 dilectione
3266 2827 3481 2884 Domini

1892 2923 2133 2980 continui
2177 2922 2600 2993 permanserint.
2625 2920 2806 2976 Bonus
2830 2935 3064 2991 namque
3094 2922 3275 2985 homo,
3294 2936 3486 2990 quam-

1891 3016 1976 3071 vis
2003 3014 2072 3071 de
2106 3014 2264 3070 malis
2304 3014 2624 3085 parentibus
2668 3013 2740 3069 sit
2788 3021 2978 3078 natus,
3015 3010 3391 3067 misericordia
3430 3011 3490 3065 ﬁt

1892 3107 2115 3177 dignus:
2140 3107 2279 3162 sicut
2313 3122 2344 3162 e
2371 3106 2667 3170 contrario,
2694 3105 2869 3160 malus
2891 3104 3120 3175 quilibet
3139 3121 3204 3160 ex
3234 3105 3372 3159 bono
3395 3118 3486 3176 ge-

205 3199 273 3247 Δρ
294 3210 389 3264 per
415 3196 520 3249 hoc
546 3195 600 3248 iu
633 3210 699 3249 eo
728 3208 894 3265 regno
919 3193 1051 3249 illud
1070 3192 1182 3263 jam
1214 3195 1393 3250 inerat
1413 3210 1509 3264 per
1531 3196 1782 3265 ﬁguram,
1812 3178 1857 3242 (ἶ
1888 3208 2134 3264 neratus,
2159 3213 2317 3268 ptena
2349 3197 2628 3269 plectitur,
2652 3196 2746 3252 Dei
2783 3195 2988 3266 judicio
3013 3196 3317 3252 rectissime
3345 3211 3448 3251 con
3466 3225 3480 3235 -

202 3286 331 3340 sicut
353 3286 409 3340 in
433 3288 542 3342 isto
558 3295 780 3342 terreno
796 3286 931 3342 illud
951 3286 1175 3342 caeleste
1195 3286 1596 3356 quodammodo
1616 3285 1641 3339 Γ
1640 3286 1785 3343 uisse

201 3377 404 3432 videtur
428 3394 534 3449 per
562 3377 831 3433 umbram.
864 3377 973 3433 Sed
1000 3377 1192 3432 umbra
1214 3376 1328 3446 jam
1353 3376 1632 3433 exinanita
1665 3392 1785 3433 cer-

197 3468 357 3533 nitur,
389 3477 450 3523 ut
477 3471 572 3525 lux
604 3485 733 3525 vera
766 3468 1115 3534 succederet;
1147 3480 1204 3525 et
1233 3468 1402 3540 ﬁgura
1434 3478 1563 3525 tunc
1591 3469 1781 3541 viguit,

193 3571 252 3614 ut
278 3563 479 3615 veritas
506 3562 717 3617 interea
742 3560 1034 3628 celaretur,
1063 3562 1235 3617 donec
1266 3560 1546 3631 plenitudo
1577 3569 1785 3631 tempo-

192 3652 267 3706 ris
300 3653 539 3707 veniret.
574 3653 639 3707 Et
687 3653 810 3708 ideo
858 3666 988 3709 sane
1034 3662 1182 3709 recte
1229 3653 1462 3709 dicimus
1504 3652 1784 3708 Christum

189 3763 349 3818 super
379 3746 579 3801 solium
610 3745 783 3801 David
813 3748 1052 3813 sedisse;
1072 3746 1198 3817 quia
1236 3747 1293 3801 in
1321 3747 1415 3803 illo
1445 3746 1582 3802 solio
1613 3746 1785 3801 David

185 3839 291 3909 jam
324 3853 554 3909 regnum
583 3837 791 3895 Christi
837 3839 1012 3892 inerat
1036 3853 1135 3908 per:
1167 3838 1414 3909 ﬁguram,
1442 3852 1606 3907 super
1638 3836 1783 3907 quod

187 3930 435 3983 eumdem
466 3927 642 3984 David
694 3938 821 3983 tunc
867 3929 1096 3994 sedisse,
1127 3943 1288 3984 nemo
1324 3929 1416 3998 qui
1448 3936 1596 3984 recte
1640 3928 1785 3997 sapit

185 4021 429 4090 ambigit.
479 4019 544 4075 in
575 4021 720 4091 quod
751 4019 1001 4092 profecto
1027 4020 1278 4077 Christus
1307 4036 1532 4093 regnum
1559 4022 1783 4078 veniens

186 4126 406 4167 carnem
436 4112 508 4167 de
535 4112 749 4167 semine
774 4112 945 4183 ipsius
974 4112 1232 4182 suscepit,
1265 4112 1547 4167 evacuavit
1574 4111 1783 4168 futuro-

185 4218 299 4257 rum
352 4204 619 4268 umbras,
665 4216 720 4258 et
759 4204 902 4259 sedit
938 4218 1101 4274 super
1145 4203 1455 4258 claritatem
1495 4202 1633 4257 lucis
1660 4217 1782 4272 qua:

184 4304 305 4350 tunc
350 4296 505 4350 intus
548 4295 599 4349 in
629 4310 795 4367 regno
828 4294 1066 4361 latebat;
1102 4310 1167 4349 ac
1205 4309 1303 4363 per
1330 4294 1432 4349 hoc
1466 4293 1659 4349 civitas
1688 4292 1779 4348 illa

184 4405 284 4444 non
319 4397 452 4461 eget
491 4388 610 4444 sole
654 4389 739 4443 vel
791 4388 941 4454 luna,
976 4388 1103 4457 quia
1133 4386 1353 4441 lucerna
1392 4400 1513 4454 quae
1559 4385 1652 4440 diu
1693 4400 1781 4439 re-

176 4486 607 4555 pramittehatnr
653 4484 718 4540 de
762 4484 968 4540 semine
993 4483 1184 4548 David,
1227 4481 1340 4551 jam
1391 4481 1444 4535 in
1488 4495 1553 4535 ea
1591 4479 1773 4543 lucet;

181 4544 229 4631 et
265 4579 359 4631 lux
404 4577 496 4632 illa
539 4577 659 4646 ipse
690 4587 773 4631 est
806 4575 1007 4649 Agnus,
1037 4576 1126 4631 diu
1169 4544 1421 4645 invﬁgura
1458 4587 1556 4643 pro
1579 4573 1779 4643 populo
1805 4544 1857 4606 θ

181 4671 521 4727 immolatus.
568 4668 777 4726 ideirco
820 4672 984 4726 etiam
1030 4670 1098 4725 ad
1124 4667 1306 4723 Joram
1340 4676 1395 4723 et
1420 4667 1656 4735 reliquos
1682 4665 1777 4736 qui

183 4760 343 4816 Deum
374 4761 545 4816 niaiis
569 4762 687 4817 suis
714 4764 1079 4826 irritaverant,
1110 4766 1253 4816 recte
1275 4758 1474 4814 dicitur
1503 4757 1776 4813 lucernam

182 4854 550 4910 auxessionis
599 4861 817 4924 propter
864 4852 1033 4907 David
1096 4860 1155 4906 et
1209 4859 1433 4921 propter
1474 4846 1773 4904 Jerusalem

181 4950 393 5003 cunctis
412 4947 616 5002 diebus
643 4960 827 5000 coram
855 4944 1082 4999 Domino
1120 4957 1447 4999 reservasse.
1494 4939 1630 5007 Quia
1668 4956 1773 4995 non

182 5039 356 5093 solum
395 5040 454 5093 in
478 5052 698 5103 eorum,
724 5037 819 5092 sed
844 5037 1006 5092 etiam
1038 5050 1139 5090 nec
1185 5035 1243 5089 in
1271 5032 1515 5090 omnium
1555 5030 1775 5087 sceleri-

184 5130 298 5193 bus,
336 5143 463 5199 quae
503 5127 611 5183 sibi
642 5128 875 5183 mundus
900 5143 997 5198 per
1024 5136 1211 5198 partes
1239 5131 1608 5186 contraxerat,
1643 5123 1779 5178 adeo

183 5222 349 5290 potuit
388 5220 703 5290 provocari,
733 5221 810 5274 uti
846 5220 1215 5290 juramentum
1251 5214 1639 5272 misericordiae
1667 5230 1779 5271 sua:

188 5314 393 5371 irrimm
435 5317 683 5372 duceret.
727 5315 879 5373 Unde
915 5316 1017 5372 etsi
1055 5317 1275 5387 quidam
1317 5331 1385 5371 ex
1425 5314 1557 5386 ipsis
1596 5315 1650 5370 in
1676 5314 1779 5371 hac

175 5410 499 5481 .gesealogia
554 5424 664 5465 non
711 5419 1026 5465 meruerunt
1073 5409 1334 5474 adscribi,
1389 5423 1552 5464 nemo
1597 5418 1775 5464 tamen

189 5499 435 5557 inventus
463 5511 558 5557 est
585 5518 757 5574 usque
804 5504 872 5559 ad
898 5504 1201 5568 Christum,
1233 5504 1320 5559 cui
1356 5515 1454 5574 per
1482 5504 1779 5559 successio-

192 5608 303 5653 πω
350 5598 502 5654 illius
548 5610 859 5669 negaretur.
924 5598 1077 5666 Quod
1127 5599 1394 5654 continuo
1436 5594 1777 5652 manifestius

192 5691 516 5763 approbatur
558 5692 612 5746 in
641 5691 1009 5761 sequentibus.

252 5783 597 5859 5010mm,
633 5787 828 5847 inquit,
865 5788 1039 5853 qenuit
1075 5786 1284 5841 Oxiam.
1321 5783 1388 5837 Et
1418 5784 1577 5838 Osiris
1599 5784 1772 5853 genuit

1885 3289 2189 3346 demnatus.
2229 3288 2415 3345 Joram
2465 3288 2646 3358 itaque
2682 3287 2863 3358 qualis
2893 3286 3056 3342 fuerit
3095 3288 3276 3342 divina
3305 3288 3488 3357 prodit

1888 3381 2135 3446 historia,
2161 3381 2306 3452 quod
2336 3381 2480 3435 Deus
2510 3379 2560 3433 ei
2591 3379 2792 3435 dixerit
2821 3397 2833 3432 :
2867 3378 3022 3445 Quod
3072 3395 3174 3433 non
3200 3379 3485 3435 ambulasti

1886 3478 1941 3533 in
1983 3477 2080 3531 viis
2098 3474 2357 3544 Josaphat
2391 3475 2559 3545 patris
2596 3474 2693 3536 tui,
2723 3484 2771 3527 et
2805 3474 2861 3527 in
2895 3473 2990 3529 viis
3010 3472 3116 3526 Asa
3157 3473 3288 3543 regis
3313 3472 3480 3535 Iuda,

1884 3567 2142 3623 incesisti
2164 3577 2339 3621 autem
2361 3581 2455 3634 per
2475 3566 2613 3619 viam
2639 3565 2842 3618 itineris
2867 3580 3046 3634 regum
3070 3562 3265 3629 Israel,
3304 3573 3351 3618 et
3373 3564 3484 3633 for-

1886 3658 2053 3712 nicari
2088 3654 2309 3726 fecistiJ
2320 3655 2481 3708 udam
2512 3668 2560 3707 et
2584 3654 2905 3708 habitatores
2948 3654 3268 3719 Jerusalem,
3296 3657 3476 3709 imita-

1886 3758 1968 3803 tus
2008 3748 2412 3819 fornicationem
2452 3747 2639 3801 domus
2680 3746 2892 3809 Achab;
2955 3747 3169 3815 insuper
3205 3758 3255 3801 et
3289 3748 3481 3818 fratres

1885 3852 2022 3906 tuos,
2066 3840 2279 3894 domum
2320 3839 2487 3909 patris
2533 3838 2633 3903 tui,
2677 3837 2917 3893 meliores
2960 3848 3028 3904 te,
3073 3839 3483 3907 occidisti;erce

1884 3933 2143 3989 Dominus
2191 3933 2442 4003 percutiet
2481 3942 2531 3985 te
2562 3930 2719 4002 plaga
2755 3948 2945 4003 magna
2982 3949 3099 3987 cum
3136 3934 3334 4004 populo
3368 3946 3480 4002 tuo,

1884 4037 1929 4081 et
1968 4026 2116 4095 ﬁliis,
2152 4035 2200 4080 et
2237 4024 2488 4079 uxoribus
2534 4023 2669 4087 tuis,
2704 4031 2751 4078 et
2791 4024 3088 4078 universam
3124 4024 3472 4081 substantiam

1883 4129 2030 4173 tuam
2058 4159 2071 4181 ,
2116 4128 2170 4171 tu
2212 4126 2386 4171 autem
2430 4114 2707 4186 a’grotabis
2747 4114 2971 4185 pessimo
3019 4114 3273 4186 languore
3322 4118 3477 4184 uteri,

1884 4213 2047 4265 donec
2086 4210 2425 4281 egrediantur
2464 4207 2647 4261 vitalia
2692 4218 2782 4260 tua
2824 4208 3080 4276 paulatim
3121 4224 3214 4276 per
3244 4208 3481 4279 singulos

1883 4306 1994 4359 dies
2023 4302 2107 4375 (II
2130 4302 2260 4357 Par.
2290 4317 2406 4368 xxi,
2438 4301 2541 4371 12).
2579 4300 2641 4355 Et
2670 4299 2747 4354 ita
2780 4297 2985 4354 factum
3034 4298 3287 4369 legimus,
3315 4309 3480 4372 atque

1884 4398 1959 4452 ita
2000 4401 2353 4465 consumptus
2393 4400 2476 4447 est
2527 4392 2648 4446 tabe
2695 4397 2753 4444 ut
2797 4398 3045 4460 egereret
3081 4390 3244 4445 etiam
3271 4392 3479 4448 viscera

1884 4503 2020 4551 sua;
2063 4485 2321 4556 languore
2364 4482 2568 4553 pariter
2615 4488 2673 4535 et
2721 4478 2832 4534 vita
2881 4480 3074 4536 caruit.
3129 4478 3479 4552 Mortuusque

1882 4588 1967 4636 est
1993 4577 2308 4633 inﬁrmitate
2335 4575 2592 4646 pessima,
2621 4580 2678 4628 et
2721 4587 2828 4627 non
2880 4571 3009 4628 fecit
3037 4572 3138 4644 ει
3171 4574 3220 4628 ei
3248 4575 3482 4644 populus

1882 4676 2181 4732 secundum
2218 4686 2425 4727 morem
2446 4668 2836 4725 combustionis
2865 4671 3174 4740 exsequias,
3207 4669 3351 4725 sicut
3399 4669 3479 4725 fe-

1882 4778 2034 4825 cerat
2063 4764 2361 4835 majoribus
2389 4762 2531 4832 ejus,
2565 4776 2742 4832 neque
2773 4761 3107 4831 sepelierunt
3141 4776 3267 4817 eum
3308 4762 3363 4817 in
3392 4777 3477 4817 se-

1879 4860 2068 4932 pulcro
2097 4873 2302 4931 regum.
2348 4855 2521 4923 Quem
2546 4864 2763 4910 secutus
2788 4842 3003 4925 quoque
3032 4853 3299 4910 Ochozias
3332 4853 3475 4910 ﬁlius

1880 4952 2016 5023 ejus,
2046 4951 2328 5021 Scriptura
2380 4958 2558 5003 teste:
2594 4946 2871 5018 Ingressus
2912 4956 2987 5001 est
3019 4963 3112 5012 per
3148 4947 3261 5000 vias
3284 4945 3472 5001 domus

1887 5043 2084 5099 Achab.
2121 5040 2233 5112 Ipsi
2273 5040 2411 5095 enim
2455 5039 2670 5108 fuerunt
2708 5048 2755 5093 et
2780 5036 3072 5093 consiliarii
3110 5048 3223 5107 post
3252 5046 3471 5090 mortem

1881 5136 2047 5206 patris
2072 5134 2154 5188 sui
2188 5134 2244 5186 in
2270 5130 2537 5185 interitum
2562 5128 2679 5200 ejus
2699 5126 2783 5201 (ΙΙ
2810 5125 2940 5181 Par.
2968 5141 3103 5187 xm,
3127 5124 3203 5196 5).
3234 5124 3339 5180 Sed
3368 5126 3472 5182 hoc

1884 5228 2104 5283 omnino
2132 5239 2230 5280 nos
2262 5232 2460 5288 movet,
2482 5223 2611 5293 quia
2645 5222 2698 5276 in
2738 5220 2879 5276 libro
2906 5217 3352 5288 Paralipomenon
3392 5218 3466 5291 (I,

1883 5334 2022 5384 χχιι,
2065 5316 2119 5387 2)
2146 5316 2374 5388 legimus
2394 5313 2539 5385 quod
2565 5311 2927 5384 quadraginta
2952 5310 3179 5365 duorum
3203 5324 3467 5375 annorum

1883 5420 2002 5469 erat
2030 5425 2153 5466 cum
2180 5422 2408 5479 regnare
2441 5405 2717 5477 coepisset,
2751 5403 2879 5474 quid
2908 5402 2978 5456 sit
3002 5401 3146 5471 quod
3173 5411 3329 5474 pater
3350 5400 3472 5472 ejus

1881 5502 2064 5559 Joram
2094 5502 2318 5573 triginta
2355 5502 2582 5557 duorum
2617 5510 2885 5553 annorum
2924 5493 3091 5550 fuisse
3120 5494 3319 5567 legitur
3346 5511 3470 5553 cum

1882 5609 2110 5667 regnare
2136 5595 2409 5666 coepisset,
2447 5600 2502 5647 et
2523 5599 2647 5646 octo
2677 5588 2834 5643 annis
2859 5586 3282 5659 regnaverit,qui
3308 5585 3468 5643 simul

1883 5688 2016 5745 ﬁunt
2037 5689 2163 5743 anni
2188 5684 2544 5757 quadraginta
2569 5680 2653 5752 (II
2678 5677 2809 5734 Par.
2837 5678 3077 5748 x1130).
3103 5677 3255 5746 Quod
3281 5692 3468 5735 verum

1881 5797 2001 5838 esse
2027 5780 2249 5836 omnino
2274 5792 2385 5834 non
2415 5782 2647 5830 etinstat.
2689 5773 2827 5841 Quia
2859 5777 2901 5830 si
2932 5770 3201 5830 Ochozias
3228 5770 3470 5841 quadra~
