4032 6358
518 385 578 441 ’11
1296 382 1355 439 S.
1396 379 1751 440 PASCHASII
1782 380 2129 437 RADBERTI
2162 378 2456 436 ABBATIS
2493 376 2943 437 CORBEIENSIS
3704 373 3785 428 72

515 499 664 570 ginta
708 509 972 552 annorum
1020 503 1166 553 esset
1207 508 1330 550 cum
1379 502 1501 564 post
1549 502 1757 566 patrem
1803 492 1981 548 suum'
2005 508 2087 550 re-
2112 496 2165 557 Α
2189 500 2283 547 aut
2309 507 2341 546 a
2364 491 2483 563 lege
2507 490 2781 547 videretur
2802 489 3067 571 excedere
3087 486 3223 545 ultio
3242 487 3449 556 divina,
3478 497 3575 546 aut
3595 500 3772 556 certe,

516 603 683 661 gnare
711 588 983 658 cmpisset,
1012 595 1131 642 erat
1164 584 1407 656 profecto
1442 584 1582 655 patri
1621 599 1718 641 suo
1743 583 1955 640 duobus
1991 598 2089 639 an-

515 681 601 735 nis
639 690 765 734 ante
804 687 995 743 natus,
1049 678 1192 750 quod
1237 677 1417 733 facere
1458 677 1675 747 penitus
1729 677 1846 747 ipsa
1893 684 2089 732 natura

516 770 781 841 prohibet.
832 768 985 825 Unde
1034 776 1251 823 constat
1302 765 1431 822 illud
1457 767 1637 822 verius
1682 765 1822 832 fore,
1843 767 1990 837 quod
2034 767 2089 820 in

517 862 724 935 Regum
755 860 1027 916 volumine
1048 858 1297 930 legimus,
1324 859 1451 929 quia
1476 858 1663 928 viginti
1695 858 1803 912 duo
1825 871 2088 912 annorum

517 950 679 1006 fuerit
714 966 836 1006 cum
877 963 1105 1022 regnare
1148 948 1402 1018 erupisset
1430 944 1537 1019 (IV
1561 946 1691 1018 Reg.
1712 962 1831 1013 vm,
1858 945 1971 1016 26).
2025 946 2092 1001 Et

514 1054 599 1102 est
630 1045 758 1101 illud
787 1044 929 1115 quod
959 1044 1013 1098 in
1041 1041 1225 1099 multis
1249 1041 1697 1113 Paralipomenon
1737 1040 1890 1095 libris
1920 1038 2088 1096 habe-

517 1145 622 1202 tur,
650 1135 976 1206 scriptorum
1006 1132 1171 1197 vitio,
1211 1131 1352 1187 sicut
1390 1139 1446 1185 et
1476 1130 1598 1185 aliis
1644 1130 1697 1185 in
1728 1128 1860 1186 locis
1895 1145 2088 1200 quam-

514 1226 783 1298 plurimis,
815 1226 1186 1297 depravatum.
1221 1220 1488 1277 Craterum
1515 1221 1643 1277 Joas
1668 1220 1813 1277 ﬁlius
1838 1208 2091 1277 Oébozia:

514 1316 690 1387 qualis
720 1315 903 1380 fuerit,
931 1322 1215 1386 postquam
1253 1312 1387 1368 obiit
1407 1310 1597 1367 Joiada
1632 1312 1907 1379 sacerdos,
1945 1311 2091 1368 Scri-

515 1420 670 1479 ptura
715 1416 945 1464 testatur
974 1406 1162 1463 dicens
1190 1403 1366 1470 :Quia
1407 1404 1626 1475 ingressi
1666 1413 1787 1458 sunt
1833 1403 2090 1475 principes

514 1501 680 1566 Juda,
711 1510 759 1555 et
786 1500 1133 1555 adoraverunt
1164 1513 1353 1569 regem,
1387 1497 1477 1567 qui
1515 1496 1761 1551 delinitus
1783 1512 1962 1549 eorum
1994 1495 2087 1548 ob-

472 1594 475 1595 ⁷
515 1591 727 1665 sequiis,
775 1591 1031 1661 acquievit
1065 1590 1173 1654 eis;
1214 1598 1261 1642 et
1298 1587 1679 1657 dereliquerunt
1714 1586 1960 1656 templum
1983 1584 2089 1639 Do-

516 1684 647 1739 mini
682 1682 782 1737 Dei
825 1684 909 1737 sui
945 1692 1155 1753 patrum
1195 1695 1438 1743 suorum,
1462 1688 1512 1733 et
1540 1679 1830 1733 servierunt
1868 1676 2000 1731 lucis
2041 1685 2087 1730 et

516 1771 873 1842 sculptilibus,
922 1779 969 1825 et
1007 1770 1148 1840 facta
1183 1777 1258 1823 est
1300 1769 1381 1822 ira
1413 1768 1625 1823 Domini
1668 1778 1850 1821 contra
1888 1766 2089 1820 ludam

2191 582 2284 653 qui
2308 591 2523 653 patrum
2553 581 2726 639 noluit
2752 580 2956 637 imitari
2994 580 3321 651 impietates,
3344 581 3462 651 ipse
3485 596 3679 638 eorum
3711 584 3771 640 in

2189 675 2427 744 peccatis
2454 675 2729 732 videretur
2751 672 2973 730 involvi.
3018 671 3138 740 Quo
3170 672 3289 730 loco
3317 674 3601 744 probatur,
3628 675 3779 732 sicut

2190 776 2246 823 et
2272 767 2327 822 in
2356 766 2479 821 aliis
2509 781 2673 837 quam
2701 764 2969 835 plurimis,
2994 779 3434 835 unumquemque
3463 764 3519 821 in
3544 773 3778 836 peccato

2191 871 2289 911 suo
2325 857 2463 911 mori
2499 856 2734 913 debere:
2770 863 2846 922 et,
2873 854 2921 911 si
2944 862 3164 910 secutus
3207 853 3373 911 fuerit
3412 869 3593 911 mores
3615 855 3801 927 prio-'

2191 962 2310 1002 rum
2337 955 2550 1017 patrum
2577 947 2747 1003 bonos
2783 946 3042 1013 malosve,
3066 958 3257 1017 pinnas
3284 946 3388 1004 sibi
3423 955 3518 1003 aut
3545 949 3779 1019 praemia

2190 1036 2579 1093 benedictionis
2611 1037 2962 1093 accumulari.
2994 1036 3114 1105 Quo
3140 1035 3387 1108 profecto
3415 1047 3472 1093 et
3494 1038 3586 1094 isti
3614 1040 3779 1111 peni-

2123 1128 2138 1146 ‘
2192 1137 2278 1183 tus
2306 1127 2433 1184 hinc
2462 1128 2528 1183 tle
2563 1128 2740 1183 medio
2765 1126 2866 1184 sub
2893 1125 3109 1182 silentio
3150 1125 3494 1195 auferuntur,
3520 1127 3785 1185 videlicet

2190 1226 2413 1289 propter
2457 1231 2673 1288 ptenam
2701 1216 2953 1287 peccati;
2996 1225 3054 1272 et
3104 1224 3284 1271 tamen
3331 1216 3507 1273 fructu
3554 1216 3786 1274 benedi—

2189 1307 2385 1363 ctionis
2429 1307 2485 1361 in
2535 1307 2778 1373 semine,
2826 1315 3046 1379 propter
3088 1308 3510 1377 praecedentium
3556 1317 3785 1379 patrum

2191 1398 2542 1468 repromissa,
2586 1397 2810 1454 minime
2837 1399 3139 1469 privantur.
3176 1397 3386 1456 Idcirco
3411 1408 3466 1455 et
3491 1400 3559 1456 de
3581 1399 3778 1457 Joram

2192 1494 2340 1542 recte
2363 1487 2580 1553 dicitur,
2607 1486 2751 1558 quod
2804 1486 3031 1541 noluerit
3053 1487 3308 1544 Dominus
3345 1488 3643 1560 disperdere
3672 1495 3781 1545 do-

2190 1594 2332 1632 mum
2363 1576 2529 1632 David
2548 1586 2759 1648 propter
2773 1586 2983 1648 pactum
3002 1579 3141 1649 quod
3174 1578 3363 1634 inierat
3395 1595 3517 1633 cum
3539 1596 3621 1645 eo,
3646 1580 3777 1652 quia

2189 1668 2424 1739 promisit
2448 1667 2528 1722 illi
2553 1668 2698 1722 dare-
2713 1668 2982 1723 lucernam
3002 1685 3066 1722 ac
3088 1668 3215 1737 ﬁliis
3236 1670 3350 1739 ejus
3389 1669 3447 1724 in
3471 1670 3616 1724 omni
3640 1678 3778 1723 tem-

2191 1773 2314 1827 pore
2362 1755 2447 1830 (11
2470 1754 2740 1823 Par.‘er,
2767 1758 2845 1829 7).
2884 1756 3082 1826 -Quam
3112 1758 3385 1813 lucernam
3429 1768 3651 1829 propter
3681 1756 3781 1826 ju-

513 1873 564 1919 et
606 1861 905 1919 Jerusalem
944 1872 1156 1933 propter
1192 1860 1288 1914 Itoc
1330 1868 1597 1929 peccatum
1639 1855 1725 1928 (II
1760 1854 1891 1910 Par.
1945 1871 2092 1920 xxiv,
2122 1861 2171 1921 Β
2198 1857 2502 1905 ramentum
2552 1857 2767 1904 constat
2814 1849 3037 1904 omnino
3065 1848 3192 1920 quia
3224 1849 3400 1905 nullus
3424 1858 3780 1920 peccatorum

516 1954 738 2024 17,18).
767 1954 976 2011 Occidit
1000 1953 1162 2008 etiam
1184 1951 1502 2005 Zachariam
1525 1949 1866 2020 prophetam,
1897 1947 2088 2014 lilium,

516 2056 575 2101 ut
600 2046 804 2112 dicunt,
834 2044 1033 2099 Joiadae
1057 2043 1372 2106 sacerdotis,
1400 2041 1492 2111 qui
1518 2055 1644 2095 eum
1674 2040 1729 2094 in
1757 2039 1956 2110 templo
1980 2039 2090 2094 Do-

514 2134 646 2189 mini
684 2134 950 2189 nutrierat
977 2141 1031 2187 et
1054 2130 1411 2187 constituerat
1442 2143 1643 2197 regem.
1678 2127 1850 2194 Quem
1877 2126 2089 2182 Zacha-

515 2224 673 2290 riam,
711 2239 833 2279 cum
868 2231 1012 2278 esset
1047 2221 1412 2277 collactaneus
1447 2217 1565 2287 ejus
1609 2226 1665 2275 et
1709 2219 2087 2284 consobrinus,

513 2324 569 2370 et
594 2314 829 2385 Spiritus
849 2313 1070 2369 Domini
1124 2312 1390 2367 induisset
1432 2325 1557 2365 eum
1585 2326 1651 2366 ac
1683 2310 1816 2366 fecit
1857 2319 2004 2365 stare
2033 2310 2087 2363 in

514 2418 801 2477 conspectu
850 2406 1051 2479 populi,
1101 2407 1193 2477 qui
1219 2404 1356 2461 dixit
1389 2404 1637 2460 ei:Ha:c
1659 2404 1784 2458 dicit
1808 2404 2086 2471 Dominus,

512 2517 674 2571 quare
703 2501 1129 2572 transgredimini
1169 2510 1482 2571 praeceptum
1523 2500 1738 2555 Domini
1769 2500 1909 2571 quod
1947 2501 2087 2555 vobis

513 2607 616 2645 non
646 2590 905 2661 proderit,
951 2601 999 2645 et
1038 2590 1317 2662 reliquistis
1348 2590 1637 2644 Dominum
1676 2598 1733 2643 ut
1777 2590 2088 2661 relinqueret

512 2683 638 2737 vos?
667 2681 768 2747 Qui
796 2683 1095 2753 congregati
1134 2682 1380 2737 adversus
1418 2699 1557 2749 eum,
1594 2683 1844 2737 miserunt
1885 2682 2085 2753 lapides

510 2791 666 2844 super
711 2790 828 2828 eum
865 2774 1027 2844 juxta
1058 2774 1191 2844 regis
1231 2774 1508 2845 imperium
1559 2776 1614 2828 in
1663 2775 1857 2827 atrium
1900 2774 2086 2827 domus

518 2864 758 2930 Domini,
803 2873 852 2917 et
894 2880 998 2918 non
1036 2876 1110 2918 est
1154 2864 1455 2919 recordatus
1496 2864 1627 2918 .Ioas
1666 2880 1758 2918 rea:
1794 2865 2087 2918 misericor-

510 2957 614 3013 dite
633 2974 787 3030 quam
813 2956 1005 3027 fecerat
1022 2956 1218 3013 Joiatla
1238 2969 1386 3028 pater
1406 2956 1549 3011 illius
1571 2972 1765 3023 secum,
1794 2956 1885 3011 sed
1927 2958 2086 3011 inter-

513 3028 840 3117 fecit'ﬁ'lium
901 3048 1036 3117 ejus.
1089 3048 1193 3113 Qui
1245 3064 1362 3101 cum
1402 3056 1694 3101 moreretur
1744 3048 1842 3113 ait,
1900 3046 2084 3101 Videat

513 3136 767 3191 Dominus
825 3147 872 3191 et
935 3137 1161 3206 requirat
1212 3126 1415 3208 (Ibid.,
1476 3135 1569 3204 20,
1614 3137 1707 3203 2i,
1753 3136 1874 3209 22).
1928 3138 2083 3206 Quod

2193 1938 2398 1994 scelera
2423 1938 2696 2008 quiverint
2717 1938 3086 2025 exstinguere:
3109 1946 3164 1994 et
3193 1939 3372 1995 adhuc
3395 1939 3578 2009 miseri
3603 1936 3783 1995 Judaei

2191 2044 2291 2098 pro
2320 2029 2566 2085 caecitate
2605 2044 2704 2085 sua
2730 2029 2844 2101 suis
2872 2029 3115 2100 quotidie
3152 2038 3497 2101 peccatorum
3537 2030 3784 2087 tenebris

2191 2118 2571 2175 obscurantur.

2262 2218 2421 2275 Ozias
2453 2230 2647 2287 autem,
2674 2222 2765 2293 qui
2794 2230 2844 2276 et
2866 2222 3110 2288 Azarias,
3137 2223 3317 2295 genuit
3343 2221 3601 2279 Ioatltan.
3629 2223 3777 2281 Joa-

2190 2312 2316 2366 tltttn
2366 2329 2485 2367 vero
2527 2313 2703 2385 genuit
2760 2315 2961 2369 Acltaz.
3016 2315 3195 2369 Acltas
3239 2325 3413 2370 autem
3460 2313 3775 2372 Ezechiam.

2191 2404 2304 2459 Sub
2337 2405 2534 2474 quibus
2575 2420 2708 2476 ergo
2747 2415 2982 2477 quatuor
3005 2408 3223 2479 regibus
3267 2406 3438 2463 lsaias
3485 2408 3777 2479 propheta,

2189 2511 2295 2551 non
2356 2504 2464 2549 tam
2512 2496 2850 2567 prophetiam
2907 2499 2976 2553 de
3025 2496 3265 2563 Christo,
3315 2499 3460 2568 quod
3501 2500 3569 2554 de
3614 2499 3781 2554 domo

2187 2585 2292 2658 53
2316 2586 2484 2643 David
2510 2586 2723 2644 futurus
2745 2597 2892 2644 esset
2907 2590 3204 2655 contexuit,
3232 2604 3395 2660 quam
3423 2588 3777 2660 Evangelium

2186 2680 2436 2736 omnibus
2465 2680 2797 2750 praedicavit.
2831 2680 2982 2736 Unde
3000 2695 3124 2734 cum
3149 2679 3218 2734 ad
3240 2680 3446 2746 Achaz,
3479 2680 3604 2749 quia
3632 2679 3780 2734 idola

2188 2771 2416 2837 colebat,
2439 2771 2650 2826 diceret
2678 2788 2692 2825 :
2718 2764 2847 2826 Pete
2873 2771 2967 2825 tibi
2988 2771 3196 2843 signum
3222 2789 3256 2825 a
3281 2770 3391 2826 Deo
3413 2771 3479 2826 de
3499 2770 3649 2836 caelo,
3668 2772 3781 2825 sive

2185 2864 2250 2919 de
2273 2864 2535 2934 profundo
2559 2864 2752 2935 inferni
2775 2863 2930 2937 (Isai.
2953 2880 3050 2931 vu,
3084 2864 3192 2937 11).
3218 2864 3287 2920 Et
3307 2863 3396 2919 ille
3419 2863 3608 2919 nolens
3629 2862 3784 2918 dice—

2186 2963 2307 3011 ret:
2344 2954 2470 3008 Non
2510 2964 2706 3026 petam,
2749 2964 2932 3010 etnon
2971 2955 3177 3009 tentabo
3225 2953 3510 3008 Dominum
3560 2952 3725 3024 (Ibid.
3761 2991 3778 3017 ,

2186 3046 2254 3101 l2
2279 3046 2322 3118 ),
2375 3060 2565 3102 versus
2601 3046 2668 3101 ad
2697 3061 2913 3102 omnem
2960 3046 3178 3101 domum
3226 3045 3396 3100 David
3436 3043 3634 3110 aiebat,
3686 3043 3778 3097 di—

2185 3156 2316 3197 cens
2346 3158 2360 3195 :
2395 3140 2589 3194 Audite
2622 3141 2798 3211 utique
2834 3140 3021 3194 domus
3058 3137 3251 3194 David.
3300 3137 3557 3208 Nunquid
3582 3151 3779 3207 parum

514 3225 754 3298 profecto
780 3234 966 3298 postea
988 3226 1247 3284 Dominus
1284 3235 1516 3284 testatur
1545 3227 1768 3284 dicens:
1812 3226 1881 3281 Et
1915 3229 2082 3300 requi-
2114 3221 2161 3286 C
2192 3243 2265 3290 est
2296 3232 2435 3289 vobis
2457 3231 2700 3289 molestos
2733 3248 2845 3288 esse
2872 3231 3187 3298 hominibus,
3228 3231 3350 3302 quia
3395 3228 3601 3284 molesti
3650 3228 3781 3282 estis

518 3329 659 3373 retur
678 3321 845 3374 omnis
875 3322 1091 3392 sanguis
1114 3321 1204 3391 qui
1237 3320 1436 3390 effusus
1475 3328 1550 3374 est
1588 3336 1621 3373 a
1656 3320 1911 3391 sanguine
1955 3320 2085 3375 Abel

505 3409 641 3480 justi
671 3427 830 3481 usque
863 3411 931 3465 ad
964 3414 1270 3481 sanguinem
1304 3410 1599 3478 Zacharite,
1633 3426 1785 3482 quem
1822 3411 2086 3466 occidistis

514 3504 651 3558 inter
674 3503 919 3573 templum
950 3514 997 3557 et
1038 3503 1206 3558 altare
1232 3502 1444 3572 (Matth.
1478 3519 1636 3568 χχιιι,
1657 3502 1771 3574 35).
1813 3502 2089 3560 Successit

516 3594 678 3664 igitur
717 3603 927 3650 mortuo
951 3592 1077 3649 Joas
1116 3610 1239 3665 rege
1278 3593 1421 3649 ﬁlius
1453 3593 1571 3663 ejus
1596 3592 1844 3649 Amasias
1882 3593 1987 3665 52
2033 3595 2085 3649 in

517 3700 758 3755 regnum,
788 3686 880 3756 qui
920 3695 1040 3757 post
1081 3687 1283 3741 caedem
1325 3685 1701 3753 ldumaeorum,
1731 3686 1921 3741 allatus
1957 3688 2088 3741 deos

516 3773 749 3828 ﬁliorum
780 3773 903 3829 Seir
945 3774 1133 3828 statuit
1173 3774 1277 3829 sibi
1326 3776 1379 3828 in
1420 3775 1551 3829 deos
1583 3784 1637 3828 et
1664 3776 1924 3840 adoravit,
1958 3775 2088 3830 illis-

517 3881 619 3935 que
645 3865 892 3921 adolebat
918 3866 1214 3921 incensum.
1245 3867 1604 3933 Quamobrem
1636 3869 1805 3923 iratus
1827 3869 2087 3923 Dominus

517 3957 663 4012 misit
688 3956 756 4011 ad
795 3955 944 4011 illum
972 3958 1312 4027 prophetam,
1339 3958 1431 4027 qui
1457 3957 1662 4012 diceret
1694 3959 1745 4011 ei
1770 3976 1784 4010 :
1810 3957 1919 4012 Cur
1952 3961 2084 4014 ado-

518 4048 646 4101 rasti
692 4046 815 4101 deos
850 4047 938 4117 qui
981 4063 1083 4101 non
1107 4047 1451 4104 liberaverunt
1490 4046 1787 4119 populum?
1827 4048 1924 4104 Cui
1961 4049 2082 4105 ille:

515 4136 663 4194 Num
697 4138 1030 4194 consiliarius
1064 4141 1195 4210 regis
1217 4156 1270 4194 es
1295 4140 1319 4193 ἵ
1348 4139 1583 4206 Quiesce,
1615 4157 1677 4195 ne
1704 4141 2016 4210 inter/icium
2036 4151 2086 4197 te

517 4228 599 4302 (ll
623 4229 753 4284 Par.
779 4246 903 4297 xxv,
930 4232 1015 4298 l5,
1045 4232 1152 4305 l6).
1184 4232 1310 4288 llam
1333 4242 1513 4288 autem
1541 4233 1723 4288 omnia
1752 4234 1875 4289 ideo
1899 4235 1987 4289 hic
2015 4235 2083 4289 ad

515 4308 767 4390 praesens
780 4322 954 4391 posui,
984 4330 1043 4376 ut
1069 4323 1547 4389 animadverteres,
1575 4324 1702 4394 quia
1733 4333 1843 4381 tres
1880 4325 1971 4381 isti
1992 4323 2085 4381 Jo-

516 4427 632 4466 ratn
662 4420 869 4481 patrem
907 4429 1063 4467 suum
1103 4414 1155 4468 in
1184 4415 1332 4470 omni
1370 4415 1644 4486 impietate
1676 4427 1986 4488 sequentes,
2018 4434 2083 4474 ac

515 4503 831 4558 continuum
880 4512 1119 4560 tenentes
1162 4505 1343 4560 odium
1391 4505 1445 4559 iu
1490 4507 1681 4573 Deum,
1733 4509 1929 4564 merito
1968 4525 2078 4580 pra:

2190 3337 2239 3383 et
2260 3326 2369 3381 Deo
2392 3325 2548 3380 meo?
2586 3322 2895 3395 Propterea,
2934 3323 3129 3393 inquit,
3176 3321 3285 3391 ipse
3327 3320 3587 3374 Dominus
3630 3317 3782 3371 dabit

2190 3416 2328 3471 vobis
2347 3417 2555 3486 signum
2579 3430 2598 3469 :
2628 3411 2765 3468 Ecce
2797 3411 2954 3483 Virgo
2975 3410 3222 3481 concipiet
3247 3420 3293 3463 et
3321 3407 3485 3478 pariet
3507 3407 3701 3475 ﬁlium,
3731 3415 3785 3462 et

2192 3506 2442 3561 vocabunt
2500 3522 2688 3561 nomen
2739 3505 2853 3575 ejus
2903 3501 3216 3556 Emmanuel
3270 3499 3457 3572 (Ibid.,
3514 3498 3602 3565 15,
3658 3498 3779 3571 14).

2188 3598 2366 3667 Atque
2392 3597 2461 3651 ad
2491 3605 2791 3652 extremum
2823 3592 2983 3648 :Nisi
3029 3590 3376 3657 credideritis,
3426 3588 3622 3659 inquit,
3672 3604 3787 3644 non

2190 3687 2505 3758 intelligetis.
2537 3686 2691 3755 Quod
2727 3684 3088 3741 testimonium
3114 3699 3214 3737 suo
3241 3682 3296 3737 in
3339 3679 3457 3736 loco
3510 3679 3623 3735 Deo
3678 3694 3785 3735 an-

2189 3788 2390 3833 nuente
2413 3778 2781 3832 tractabimus.
2809 3775 3076 3832 Caeterum
3124 3773 3386 3830 Ezechias
3430 3788 3555 3829 cum
3599 3772 3784 3828 adhuc

2188 3877 2334 3924 esset
2368 3868 2489 3922 sine
2510 3867 2715 3933 liberis,
2746 3867 2872 3936 quia
2898 3866 3145 3921 audierat
3167 3882 3197 3919 a
3224 3865 3451 3921 Domino
3490 3880 3589 3936 per
3644 3863 3784 3917 Pro-

2190 3960 2407 4031 phetam
2442 3972 2457 4011 :
2491 3957 2718 4028 Dispone
2737 3959 2919 4011 domui
2941 3968 3067 4022 tute,
3097 3959 3222 4028 quia
3245 3958 3483 4013 morieris
3512 3968 3569 4011 tu
3590 3966 3639 4013 et
3668 3974 3782 4013 non

2190 4052 2323 4104 vives
2360 4047 2466 4120 (IV
2487 4047 2616 4119 Reg.
2644 4063 2738 4113 xx,
2766 4048 2830 4118 ι),
2885 4062 3181 4103 conversus
3226 4048 3295 4104 ad
3324 4049 3587 4120 parietem
3627 4047 3782 4102 illico

2189 4143 2391 4197 dixisse
2405 4140 2574 4195 fertur
2590 4158 2603 4194 :
2625 4139 2873 4206 Obsecro,
2890 4137 3135 4213 Domine,
3148 4149 3423 4207 memento,
3435 4153 3784 4210 quteso,quo-

2188 4234 2343 4287 modo
2372 4231 2746 4286 ambulaverim
2787 4246 2964 4284 coram
3002 4239 3051 4282 te
3089 4230 3144 4283 in
3174 4230 3387 4283 veritate
3415 4238 3465 4284 et
3487 4228 3641 4283 corde
3659 4243 3785 4298 per-

2189 4324 2344 4393 lecto,
2375 4332 2424 4378 et
2445 4322 2583 4394 quod
2607 4321 2799 4375 bonum
2833 4329 2908 4374 est
2941 4320 2994 4373 in
3017 4318 3308 4374 oculis‘tuis
3349 4319 3577 4389 fecerint.
3607 4315 3785 4372 Flevit

2188 4416 2363 4486 itaque
2386 4413 2639 4468 Ezechias
2661 4413 2787 4483 ﬂetu
2810 4427 3020 4482 magno.
3068 4410 3244 4465 Flevit
3277 4418 3458 4467 autem
3494 4425 3602 4467 non
3644 4423 3782 4480 pro-

2188 4514 2309 4576 pter
2342 4503 2626 4573 plurimos,
2652 4504 2894 4571 inquam,
2915 4501 3040 4557 vita:
3059 4516 3250 4567 annos,
3278 4502 3404 4570 quia
3425 4501 3644 4556 omnino
3673 4514 3781 4555 uo-

514 4592 765 4648 omnibus
796 4594 861 4647 de
883 4594 1191 4665 genealogia
1215 4594 1417 4650 Christi
1441 4596 1820 4652 excluduntur.
1870 4597 2083 4671 lteliqui
2109 4593 2163 4655 D
2189 4604 2341 4651 verat
2365 4595 2568 4650 idcirco
2592 4594 2858 4664 placuisse
2882 4593 2993 4648 Deo
3021 4592 3366 4649 Salomonem
3406 4593 3552 4664 quod
3605 4606 3787 4648 anxios

514 4686 658 4738 enim
689 4698 864 4754 reges,
890 4686 1137 4753 quamvis
1173 4687 1300 4742 mali
1328 4686 1530 4744 fuerint
1561 4698 1617 4744 et
1658 4690 1826 4761 impii,
1860 4692 2086 4747 ubicun-

515 4791 620 4845 que
648 4776 701 4830 in
726 4776 1036 4848 genealogia
1072 4788 1360 4848 ponuntur,
1385 4790 1476 4835 aut
1506 4798 1536 4835 a
1566 4781 1722 4837 bouis
1745 4785 1965 4839 omnino
1993 4799 2083 4855 ge-

513 4876 792 4932 nerantur,
818 4876 912 4922 aut
940 4869 1041 4939 ipsi
1067 4870 1132 4924 de
1163 4886 1221 4926 se
1246 4871 1415 4927 honos
1447 4882 1743 4942 generant:
1773 4874 1827 4929 id
1854 4883 1957 4941 est,
1991 4885 2086 4931 aut

512 4959 639 5014 boni
664 4960 835 5029 patris
870 4969 949 5015 est
981 4961 1143 5028 ﬁlius,
1176 4970 1272 5017 aut
1309 4972 1456 5020 certe
1496 4974 1652 5036 pater
1683 4977 1767 5021 est
1802 4966 2083 5037 cujusdam

514 5048 640 5106 boni
674 5051 791 5107 lilii.
828 5049 1011 5108 Joram
1046 5067 1176 5126 ergo
1212 5054 1313 5110 fuit
1339 5056 1483 5111 ﬁlius
1511 5056 1773 5128 losaphat
1795 5059 1928 5130 justi
1954 5060 2082 5127 viri,

514 5142 607 5212 qui
637 5140 854 5212 reliquit
881 5144 984 5200 sibi
1005 5142 1175 5199 lilium
1201 5146 1351 5215 regni
1378 5156 1436 5202 et
1458 5147 1752 5219 impietatis
1777 5164 1889 5204 suae
1912 5149 2084 5205 haere-

514 5232 655 5287 dem.
687 5232 856 5300 Quem
888 5235 1059 5290 secuti
1088 5250 1275 5291 omnes
1318 5237 1546 5309 ingressi
1593 5248 1719 5295 sunt
1755 5255 1854 5311 per
1887 5239 2082 5295 lineam

513 5323 759 5380 eamdem
802 5326 1081 5396 pravitatis
1122 5328 1283 5396 viam,
1329 5330 1498 5386 donec
1538 5339 1855 5401 perventum
1898 5340 1981 5387 est
2015 5332 2083 5387 ad

514 5416 723 5475 Oxiam.
762 5418 863 5486 Qui
892 5421 1050 5477 Ozias
1077 5435 1213 5492 pene
1241 5422 1296 5477 in
1320 5423 1571 5479 omnibus
1596 5422 1725 5479 fecit
1748 5431 1956 5480 rectum
1992 5437 2083 5479 co-

515 5522 630 5565 ram
655 5510 882 5567 Domino
911 5513 1011 5569 nisi
1036 5514 1182 5584 quod
1227 5514 1283 5569 in
1312 5516 1514 5585 templo
1557 5530 1721 5585 super
1745 5513 1919 5569 altare
1958 5513 2081 5583 thy-

515 5602 786 5658 miamatis
810 5602 979 5660 voluit
1012 5605 1228 5662 adolere
1266 5608 1570 5663 incensum.
1621 5603 1823 5660 Tamen
1844 5604 1939 5673 qui
1967 5603 2084 5658 ido-

515 5691 708 5750 lolatra
737 5693 995 5762 nonfuit,
1041 5696 1221 5769 impiis
1266 5698 1333 5755 de
1377 5696 1556 5754 medio
1595 5693 1995 5766 prietermissis,
2026 5694 2080 5749 in

514 5786 759 5845 eumdem
789 5788 1112 5865 genealogia-
1155 5791 1491 5851 rectissimus
1529 5787 1663 5847 ordo
1704 5786 1979 5858 decurrit;
2013 5804 2083 5847 ne

1636 5954 1747 5967 l-‘I-
1800 5948 1909 5962 ‘\'-o.cr

2189 4688 2313 4742 vita:
2343 4701 2450 4741 non
2479 4684 2696 4756 petierit
2723 4683 3045 4753 ampliores;
3075 4683 3170 4739 sed
3194 4683 3322 4739 hinc
3345 4697 3573 4753 prorsus
3599 4682 3786 4739 iturus

2187 4780 2333 4835 ﬂevit
2354 4780 2484 4835 ﬂetu
2510 4793 2731 4850 magno,
2760 4783 2983 4848 propter
3011 4777 3429 4847 promissionem
3454 4774 3672 4831 Domini
3700 4774 3781 4831 ad

2188 4875 2375 4941 David,
2405 4890 2569 4946 quam
2586 4874 2808 4930 videbat
2833 4857 2974 4929 tunc
2990 4873 3046 4928 in
3071 4888 3170 4928 sua
3190 4880 3367 4929 morte
3414 4871 3633 4944 penitus
3681 4884 3783 4940 pc-

2186 4969 2435 5024 rituram.
2471 4968 2550 5023 Eo
2572 4968 2717 5024 enim
2746 4976 2988 5039 tempore
3010 4967 3275 5022 Ezechias
3298 4966 3441 5022 ﬁlios
3473 4980 3580 5021 non
3602 4965 3777 5021 habe-

2185 5061 2295 5117 bat.
2333 5060 2487 5117 Unde
2517 5069 2574 5116 et
2598 5060 2859 5116 amariter
2909 5058 3095 5125 ﬂebat,
3144 5074 3214 5115 ne
3258 5066 3479 5130 propter
3515 5072 3640 5113 eum
3692 5053 3783 5111 lu-

2184 5166 2347 5207 cerna
2375 5152 2464 5207 diu
2514 5151 2761 5221 patribus
2792 5149 3119 5221 repromissa
3170 5149 3634 5220 exstingueretur,
3676 5161 3781 5201 an-

2185 5252 2400 5314 tequam
2457 5243 2735 5314 plenitudo
2796 5241 3055 5313 temporis
3101 5243 3400 5298 adveniret.
3465 5240 3572 5296 Pro
3622 5248 3782 5295 certo

2185 5351 2420 5406 namque
2446 5335 2653 5391 sciebat
2681 5350 2741 5390 se
2767 5334 2835 5391 de
2861 5334 3032 5389 David
3056 5333 3226 5404 stirpe
3278 5340 3616 5406 generatum,
3674 5344 3779 5401 per

2186 5441 2346 5497 quem
2369 5426 2627 5481 nimirum
2652 5425 2839 5480 venire
2865 5423 3153 5495 oportebat
3188 5424 3345 5493 juxta
3374 5421 3777 5479 successionem

2187 5517 2369 5572 carnis
2394 5517 2544 5573 illum
2597 5531 2757 5587 quem
2801 5517 2918 5588 ipse
2968 5525 3025 5572 et
3070 5514 3225 5570 multi
3244 5514 3338 5570 alii
3386 5511 3777 5585 quamplurimi

2186 5617 2474 5664 venturum
2502 5610 2900 5667 desiderabant.
2957 5607 3106 5666 Unde
3156 5608 3301 5665 idem
3348 5608 3490 5663 inter
3536 5606 3781 5664 lamenta

2185 5699 2389 5757 doloris
2417 5702 2499 5756 sui
2519 5702 2716 5770 aiebat,
2752 5702 2938 5758 dicens
2970 5719 2983 5755 :
3014 5700 3243 5768 Quaesivi
3291 5702 3558 5756 residuum
3604 5716 3778 5755 anno-

2188 5807 2306 5849 rum
2328 5810 2579 5859 meorum,
2622 5797 2759 5859 dixi,
2805 5812 2910 5851 non
2951 5793 3130 5852 videbo
3169 5792 3455 5851 Dominum
3505 5793 3672 5851 Deum
3714 5793 3775 5848 in
