4032 6358
3185 199 3236 222 QN

209 301 269 358 73
1063 295 1422 358 EXPOSI'I‘IO
1456 295 1523 351 IN
1565 290 2000 350 MATTIIAEUM.
2041 324 2109 334 —
2146 296 2275 352 LIB.
2319 297 2362 364 I,
2397 298 2549 354 CAP.
2587 299 2630 352 I.
3383 298 3452 354 74

199 425 328 469 terra
343 411 639 466 uiuentium
663 409 798 479 (Ιεα.
826 409 1173 479 xxxvm,IO).
1197 408 1420 479 Proquo
1441 407 1788 479 Septuaginta
1815 413 1866 474 Α
1890 406 2148 462 Eliachim
2176 422 2375 479 regem,
2403 409 2494 480 qui
2523 409 2692 464 altero
2715 409 2820 480 55
2846 409 3063 465 nomine
3089 409 3332 465 Joachim
3359 425 3451 466 vo-

197 505 376 561 ﬁxere
398 523 413 556 :
434 501 787 572 Nequaquam
815 501 954 554 ultra
978 501 1155 555 uidebo
1185 500 1418 554 salutare
1447 499 1543 554 Dei
1570 501 1623 552 in
1647 509 1786 554 terra

197 596 498 650 eieentium.
529 593 610 648 De
656 607 761 662 qua
799 599 855 647 et
892 592 1015 646 alibi
1069 592 1329 662 scriptum
1376 599 1458 646 est
1501 609 1515 644 :
1560 589 1785 645 Placebo

201 687 418 741 Domino
465 687 522 738 in
573 685 782 754 regione
827 684 1100 738 uiuentium
1156 680 1330 754 (Paul.
1361 697 1506 746 cxrv,
1537 681 1614 751 9).
1673 680 1785 736 IIoc

195 786 368 830 autem
396 784 488 830 est
513 789 678 830 omne
701 774 846 844 quod
874 774 963 828 hic
995 773 1187 828 metuit
1211 773 1493 837 Ezechias,
1547 787 1617 827 ne
1645 771 1784 827 salu-

194 877 303 921 tare
325 867 453 932 Dei,
483 865 538 921 id
565 865 874 929 est'Jesum,
903 866 1094 921 ductus
1121 866 1188 920 ad
1217 864 1418 920 inferos
1444 879 1783 935 nequaquam

193 966 470 1012 mereatur
508 959 776 1028 aspicere.
809 957 944 1012 Hinc
966 965 1050 1012 est
1077 958 1219 1029 quod
1254 959 1518 1027 sequitur,
1568 959 1640 1013 ita
1697 959 1782 1013 di-

193 1064 356 1103 cens:
393 1048 526 1102 Non
549 1048 804 1118 aspiciam
845 1049 1107 1102 hominem
1158 1047 1300 1102 ultra
1337 1058 1385 1102 et
1419 1049 1778 1102 habitatorem.

193 1135 368 1190 Timet
393 1151 542 1208 ergo
570 1138 706 1191 satis
751 1151 822 1192 ne
849 1151 954 1192 non
981 1136 1164 1190 videat
1210 1136 1491 1191 Dominum
1541 1137 1594 1190 in
1638 1145 1783 1190 terra

194 1227 512 1290 viventium,
545 1241 616 1281 ne
644 1227 919 1296 generatio
946 1226 1089 1282 illius
1108 1227 1287 1281 subito
1321 1227 1496 1281 instar
1527 1227 1780 1282 taberna-

189 1318 294 1374 culi
339 1301 700 1382 dissolvatur,
739 1333 808 1372 ne
842 1319 898 1372 in
946 1317 1063 1373 tela:
1107 1317 1511 1373 similitudinem
1562 1317 1615 1372 in
1668 1317 1784 1386 ipso

191 1408 322 1464 lucis
360 1410 593 1464 exordio
616 1408 965 1478 praecidatur,
993 1417 1050 1464 et
1070 1424 1408 1479 nequaquam
1458 1409 1524 1463 de
1574 1408 1783 1464 semine

191 1498 312 1567 ejus
335 1498 587 1554 Christus
611 1499 843 1554 oriatur.
890 1497 994 1554 Sed
1035 1500 1345 1555 misericors
1375 1498 1632 1555 Dominus
1675 1498 1783 1553 cito

204 1587 444 1644 ﬂectitur
470 1589 572 1662 54
596 1589 660 1643 ad
687 1590 1056 1655 clementiam,
1092 1599 1420 1659 provocatur
1455 1589 1524 1644 ad
1571 1587 1782 1644 miseri-

213 1680 463 1734 cordiam.
485 1681 549 1734 Ε.
572 1681 823 1735 immutat
846 1680 988 1736 illico
1015 1681 1362 1745 sententiam,
1390 1695 1552 1750 quam
1589 1693 1782 1735 secun-

1888 507 2060 552 catur.
2108 497 2276 564 Quem
2313 507 2436 568 post
2469 499 2716 553 undecim
2757 513 2927 552 annos
2965 496 3456 554 Nabuchodonosor

1887 604 1980 643 rex
2004 589 2244 644 vinctum
2272 590 2478 644 catenis
2531 589 2782 659 perduxit
2809 590 2864 644 in
2892 588 3217 659 Babylonem
3241 605 3256 642 :
3289 598 3344 644 et
3370 605 3457 644 re-

1885 678 2066 748 gnavit
2090 677 2335 733 Joachim
2364 677 2504 733 filius
2531 677 2647 746 ejus
2671 693 2769 748 pro
2815 691 2903 743 eo,
2945 678 3036 748 qui
3075 686 3130 732 et
3171 677 3456 734 Jecltonias

1884 779 1967 826 est
1988 772 2300 842 appellatus.
2332 771 2795 840 Regnavitautem
2835 778 2891 824 et
2932 771 3048 840 ipse
3094 769 3267 826 tribus
3306 785 3457 825 men-

1884 865 2032 919 sibus
2062 884 2074 918 :
2104 880 2262 935 quem
2313 873 2498 936 postea
2542 863 2758 918 mittens
2803 862 3295 918 Nabuchodonosor
3339 865 3458 918 vin-

1884 964 2047 1018 ctum,
2085 948 2315 1009 'abduxit
2366 956 2418 1008 in
2464 953 2811 1025 Babylonem,
2861 963 2916 1008 et
2955 953 3234 1008 constituit
3287 953 3457 1007 Sede-

1884 1047 2060 1101 chiam
2082 1054 2333 1116 patruum
2359 1045 2476 1115 ejus
2505 1046 2672 1101 filium
2697 1043 2880 1108 Josize,
2928 1042 3150 1098 fratrem
3200 1044 3458 1098 videlicet

1882 1135 2146 1201 Joachim,
2184 1151 2284 1205 pro
2308 1151 2392 1190 eo.
2422 1136 2590 1203 Quem
2631 1143 2686 1190 et
2729 1135 2900 1204 ipsum
2945 1145 3132 1204 postea
3179 1132 3318 1189 idem
3365 1148 3459 1186 rex

1883 1224 2123 1285 caecavit,
2155 1233 2208 1278 et
2237 1225 2290 1278 in
2318 1239 2477 1279 cavea
2502 1223 2666 1278 veluti
2695 1223 2921 1277 bestiam
2943 1221 3208 1287 clausum,
3259 1223 3310 1276 in
3359 1221 3460 1274 Ba-

1882 1311 2131 1382 bylonem
2159 1312 2381 1367 adduxit
2413 1333 2426 1366 :
2458 1321 2519 1366 ut
2541 1327 2768 1382 quorum
2791 1319 2928 1376 erat,
2956 1319 3017 1365 ut
3041 1310 3172 1375 dixi,
3212 1325 3308 1380 par
3359 1309 3460 1363 im-

1883 1403 2075 1471 pietas,
2104 1402 2257 1458 Iieret
2287 1403 2447 1458 simul
2466 1418 2564 1473 par
2592 1417 2773 1473 ptena,
2801 1411 2856 1456 et
2873 1403 2940 1456 ab
2959 1401 3286 1471 evangelista
3317 1415 3462 1455 com-

1884 1495 2061 1549 munis
2087 1493 2417 1549 infelicitatis
2445 1508 2630 1547 eorum
2663 1492 2942 1548 memoria.
2976 1491 3107 1546 Illud
3147 1507 3275 1546 sane
3310 1499 3459 1546 recte

1883 1586 2165 1655 quaeritur,
2189 1600 2358 1655 quare
2377 1583 2690 1639 Jecboniam
2721 1583 2919 1638 dixerit
2947 1582 3250 1646 Matthaeus,
3273 1589 3328 1636 et
3349 1580 3460 1635 fra-

1883 1684 1996 1730 tres
2016 1673 2132 1743 ejus
2159 1690 2189 1728 a
2213 1673 2358 1730 Josia
2383 1675 2612 1746 genitos,
2641 1689 2764 1730 cum
2793 1672 3100 1737 Jechonias,
3139 1673 3229 1742 qui
3251 1680 3307 1726 et
3333 1671 3461 1726 Joa-

202 1770 318 1824 dum
342 1771 752 1839 prudentiam
781 1771 1150 1842 promulgarat
1188 1770 1256 1824 ad
1299 1771 1671 1841 probationem
1716 1767 1778 1823 ﬂ-
1805 1759 1853 1820 B
1880 1764 2045 1828 cbim,
2086 1778 2191 1818 non
2237 1764 2377 1818 ﬁlius
2427 1764 2519 1818 sed
2570 1778 2736 1834 nepos
2773 1762 2934 1818 Josia:
2971 1762 3138 1817 fuisse
3180 1761 3462 1816 manifeste

195 1860 276 1915 dei
307 1861 443 1930 ejus,
477 1869 533 1915 et
559 1863 654 1916 dat
674 1863 908 1932 spatium
935 1862 1224 1934 generandi
1259 1862 1420 1916 etiam
1451 1861 1504 1915 in
1531 1875 1638 1930 quo
1664 1875 1780 1930 my-

194 1950 323 2004 stica
354 1948 669 2006 futurorum
697 1961 1034 2008 sacramenta
1075 1961 1462 2007 monstrentur.
1527 1951 1680 2007 Unde
1725 1959 1780 2006 et

198 2050 311 2109 post
350 2041 580 2095 tertium
608 2056 811 2096 annum
839 2056 1113 2096 concessa:
1140 2042 1264 2096 vita:
1291 2041 1567 2096 Manasses
1595 2041 1778 2095 nasci-

201 2139 426 2200 tur,per
456 2146 623 2201 quem
668 2131 823 2203 origo
866 2130 1066 2187 Christi
1114 2132 1420 2196 duceretur,
1477 2131 1603 2201 quia
1659 2138 1783 2200 post

197 2229 422 2274 mortem
452 2223 648 2305 patris
691 2221 990 2278 duodennis
1031 2223 1227 2294 legitur
1261 2236 1532 2293 regnasse.
1559 2222 1638 2276 Ex
1673 2236 1782 2292 quo

202 2311 330 2365 ﬂet
359 2313 638 2383 quidquid
666 2322 817 2371 antea
847 2315 1022 2370 fuerat
1069 2315 1432 2384 desperatum,
1466 2315 1569 2370 hoc
1610 2322 1780 2369 totum

199 2409 444 2476 quamvis
510 2408 684 2465 malus
730 2409 930 2476 fuerit,
979 2426 1073 2481 per
1136 2410 1530 2464 successionem
1590 2409 1780 2479 patris,

205 2507 380 2566 postea
421 2499 481 2553 in
527 2514 594 2554 eo
622 2499 692 2555 sit
745 2509 1074 2569 reparatum.
1120 2499 1261 2571 Ergo
1286 2500 1386 2554 iste
1433 2498 1612 2553 omnis
1665 2507 1784 2552 erat

203 2587 370 2653 ﬂetus,
392 2591 524 2660 quia
550 2591 872 2662 desperabat
895 2591 1168 2646 Christum
1195 2591 1260 2646 de
1302 2606 1400 2645 suo
1429 2590 1637 2644 semine
1686 2605 1783 2643 na-

204 2678 482 2745 sciturum,
514 2695 676 2750 quem
703 2680 887 2736 multis
908 2680 1002 2736 Dei
1041 2679 1276 2736 oraculis
1323 2687 1548 2734 noverat
1597 2693 1784 2748 repro-

203 2767 438 2834 missum,
519 2778 577 2825 et
634 2785 820 2825 coram
861 2770 1064 2840 positus
1108 2769 1356 2841 plurimis
1407 2769 1558 2825 Isaias
1607 2769 1786 2825 verbis

207 2861 434 2929 quotidie
454 2861 706 2918 audierat
744 2865 1139 2934 prophetatum.
1187 2861 1318 2928 Sed,
1370 2869 1432 2916 ut
1470 2861 1654 2917 verius
1702 2861 1784 2916 lo-

207 2966 349 3021 quar,
397 2954 656 3010 credebat
687 2955 794 3018 hic,
837 2965 893 3012 et
913 2955 1213 3021 dubitabat,
1244 2955 1470 3026 ideoque
1512 2954 1592 3010 sic
1638 2969 1786 3009 ama-

206 3043 408 3098 rissime
442 3043 632 3099 ﬂebat.
663 3043 854 3100 Flebat
888 3046 1071 3116 igitur,
1095 3046 1218 3114 quia
1245 3045 1446 3100 dictum
1490 3045 1539 3100 ei
1586 3045 1780 3110 fuerat,

1883 1856 2158 1926 probetur,
2193 1854 2245 1908 id
2283 1862 2388 1920 est,
2415 1854 2556 1910 filius
2579 1853 2843 1919 Joachim,
2874 1855 3015 1909 sicut
3037 1855 3089 1908 in
3117 1862 3229 1910 toto
3250 1852 3462 1908 Veteris

1883 1946 2218 2002 Testamenti
2250 1953 2399 2000 textu
2429 1945 2754 2001 declaratur.
2783 1946 2862 1999 Ac
2887 1945 3080 2000 deinde
3112 1944 3254 2012 quod
3303 1943 3347 1997 si
3403 1943 3459 1996 in

1883 2037 1990 2091 fine
2027 2035 2276 2090 secundae
2299 2034 2831 2090 tessaresczedecadis
2854 2033 3165 2090 Jecboniam
3182 2033 3458 2102 ponimus,

1881 2127 1936 2180 in
1969 2125 2128 2180 tertia
2158 2140 2264 2179 non
2294 2123 2897 2193 eruntqualuordecim,
2921 2125 3014 2178 sed
3045 2123 3302 2178 tredecim
3344 2130 3462 2176 tan-

1883 2223 1994 2269 tum
2037 2213 2403 2268 inveniuntur.
2431 2213 2619 2269 Restat
2640 2229 2768 2285 ergo
2789 2222 2847 2268 ut
2866 2212 3178 2268 Jechoniam
3201 2212 3460 2283 priorem,

1882 2319 2043 2375 quem
2082 2319 2114 2358 a
2147 2303 2294 2359 Josia
2345 2305 2478 2359 dicit
2527 2305 2788 2375 genitum,
2837 2305 3073 2360 sciamus
3109 2305 3285 2375 ipsum
3339 2319 3464 2360 esse

1880 2395 2125 2452 Joachim
2160 2406 2370 2467 patrem
2398 2396 2697 2462 Jechoniaa,
2723 2397 2888 2452 lilium
2912 2395 3092 2462 Josite,
3139 2395 3231 2465 qui
3262 2396 3315 2450 in
3354 2395 3464 2450 Da-

1883 2488 2039 2544 nielis
2086 2489 2351 2559 principio
2396 2489 2653 2544 scribitur
2701 2506 2712 2541 :
2761 2489 3053 2544 secundum
3105 2501 3236 2541 vero
3275 2485 3466 2542 Jecbo-

1883 2577 2050 2642 niam,
2119 2593 2280 2647 quem
2343 2588 2466 2648 post
2524 2578 3050 2648 transmigrationem
3122 2577 3464 2648 Evangelista

1883 2667 2073 2724 scribit
2116 2667 2367 2740 genuisse
2411 2667 2690 2732 Salathiel,
2732 2667 3096 2738 intelligamus
3137 2666 3312 2736 ipsum
3343 2681 3468 2721 esse

1883 2761 2123 2817 Joachim
2161 2761 2326 2816 filium
2355 2761 2622 2828 Joacbim,
2672 2763 2774 2818 hoc
2813 2772 2895 2817 est
2939 2762 3136 2833 prioris
3170 2760 3461 2828 Jechoniaa,

1885 2864 2134 2923 nepotem
2159 2863 2340 2910 autem
2361 2854 2544 2920 Josim,
2571 2855 2662 2924 qui
2691 2863 2747 2910 et
2776 2855 2894 2924 ipse
2918 2855 2970 2909 in
2991 2854 3291 2911 Ezechielis
3316 2869 3464 2910 com-

1885 2955 2217 3001 memoratur
2253 2947 2499 3003 exordio.
2539 2946 2779 3014 Quorum
2825 2947 2964 3003 alter
2997 2947 3242 3004 Joacbim
3291 2963 3388 3019 per
3435 2969 3468 3004 at

1885 3046 1938 3092 et
1959 3061 2018 3110 μ,
2047 3038 2186 3093 alter
2210 3053 2340 3093 vero
2379 3054 2475 3110 per
2515 3061 2556 3109 χ
2585 3046 2642 3093 et
2671 3062 2698 3094 ν
2731 3038 3007 3094 scribitur.
3047 3039 3204 3109 Apud
3244 3036 3464 3096 Graecos

204 3148 318 3187 cum
337 3144 486 3190 esset
519 3135 640 3190 sine
667 3135 885 3201 liberis,
915 3112 1144 3206 Disponis
1164 3136 1342 3191 domui
1362 3146 1488 3202 tuae,
1523 3137 1648 3208 quia
1674 3151 1784 3188 mo-
1810 3112 1857 3178 C
1889 3135 2070 3183 autem
2101 3135 2154 3182 et
2193 3126 2414 3182 Latinos
2437 3129 2538 3183 h‘oc
2585 3128 2865 3184 confusum
2894 3138 2977 3184 est
3004 3145 3221 3195 nomen,
3279 3131 3354 3185 ita
3404 3139 3464 3185 ut

203 3225 346 3276 τίει-ὅσ
372 3236 430 3278 tu
451 3235 501 3279 et
533 3241 639 3280 non
658 3227 826 3292 uiues;
849 3227 1100 3283 credebat
1128 3237 1332 3293 autem,
1362 3227 1486 3297 quia
1521 3227 1612 3296 qui
1654 3241 1782 3297 pro-

198 3313 417 3367 miserat
442 3330 551 3369 non
579 3315 859 3383 mentitur,
898 3317 1060 3372 Deus.
1122 3316 1230 3372 Sed
1269 3317 1401 3371 vicit
1445 3315 1577 3371 fides
1627 3315 1785 3370 timo-

196 3419 327 3458 rem.
361 3405 574 3463 Idcirco
609 3408 710 3462 sub
739 3423 833 3478 spe
855 3409 999 3474 vitae,
1029 3408 1172 3465 sicut
1192 3423 1373 3464 sermo
1399 3409 1610 3464 divinus
1657 3423 1784 3463 nar-

197 3504 311 3558 rat,
341 3505 451 3551 tam
478 3497 661 3553 subito
686 3498 1012 3554 consolatur.
1044 3499 1196 3557 Unde
1214 3507 1269 3555 et
1296 3514 1392 3554 nos
1431 3513 1559 3570 ergo
1587 3500 1780 3554 creda-

194 3599 337 3648 mus,
365 3601 530 3655 quem
578 3595 700 3657 post
749 3596 926 3644 tantas
977 3589 1197 3644 Patrum
1237 3588 1626 3660 promissiones
1673 3588 1781 3643 laeti

188 3679 550 3747 suscepimus,
560 3687 740 3750 atque,
764 3681 1086 3748 eoducente,
1108 3696 1205 3752 per
1228 3682 1398 3752 ipsam
1423 3683 1783 3739 successionis

190 3762 424 3831 lineam,
465 3782 626 3837 usque
654 3771 721 3823 ad
760 3771 930 3840 ipsum
963 3772 1102 3826 firmi
1133 3776 1526 3844 perveniamus.

263 3856 546 3911 lanatae:
566 3859 753 3930 quippe
770 3863 943 3930 genuit
963 3862 1149 3918 Aman.
1173 3865 1339 3920 Amon
1357 3877 1532 3922 autem
1551 3866 1778 3923 Josiam.

189 3945 369 3999 Joaius
392 3963 512 4000 vero
535 3950 710 4016 genuit
733 3949 1040 4006 Jechoniam
1053 3962 1101 4007 et
1114 3953 1305 4022 fratres
1325 3956 1439 4025 ejus
1455 3958 1511 4010 in
1533 3959 1781 4012 transmi-

186 4041 428 4108 gratione
455 4039 768 4111 Babylonis.
806 4040 983 4099 Josias
1017 4045 1121 4100 iste
1147 4055 1231 4101 est
1277 4062 1374 4102 rex
1417 4049 1774 4118 justissimus,

187 4131 302 4198 qui,
327 4139 624 4202 antequam
653 4142 986 4201 nasceretur,
1026 4136 1243 4206 proprio
1271 4152 1340 4191 ex
1385 4139 1602 4193 nomine
1651 4141 1777 4210 quia

188 4218 402 4276 futurus
427 4233 551 4276 erat
575 4238 676 4294 per
695 4225 1032 4294 prophetiam
1055 4224 1290 4296 Spiritus
1311 4230 1484 4284 sancti
1529 4239 1612 4286 est
1651 4245 1778 4300 pro-

189 4314 404 4368 missus.
432 4313 545 4369 Sed
571 4323 750 4370 tamen
771 4316 887 4387 ejus
909 4317 1120 4387 justitia
1143 4333 1251 4373 non
1281 4319 1551 4376 invenitur
1579 4321 1632 4376 in
1651 4323 1776 4378 ﬁliis

185 4419 320 4472 quos
355 4405 412 4460 in
434 4406 914 4478 transmigratione
934 4407 1222 4482 Babylonis
1248 4412 1498 4482 genuisse
1549 4412 1765 4468 dicitur.

186 4493 299 4550 Non
327 4497 476 4568 quod
496 4496 677 4554 Josias
713 4500 769 4554 in
820 4502 1290 4570 transmigratione
1335 4503 1474 4559 filios
1516 4520 1642 4561 suos
1688 4523 1778 4575 ge-

185 4589 386 4654 nuerit,
422 4589 520 4660 qui
544 4605 807 4660 nusquam
828 4591 1024 4663 legitur
1048 4595 1484 4666 transmigratus;
1526 4598 1620 4653 sed
1647 4599 1774 4668 quia

184 4695 286 4734 non
322 4691 457 4736 sunt
495 4681 669 4736 secuti
690 4697 812 4737 eum
865 4683 961 4738 lilii
1004 4683 1142 4753 ejus,
1189 4686 1440 4741 dicuntur
1494 4688 1648 4757 quasi
1702 4701 1771 4742 ex

187 4774 665 4842 pradestinatione
691 4775 786 4829 Dei
809 4775 974 4844 geniti
1000 4777 1068 4830 ad
1095 4778 1602 4848 transmigrandum.
1627 4777 1769 4844 Non,

188 4865 430 4934 inquam,
460 4865 519 4920 in
545 4865 1036 4935 transmigratione,
1083 4866 1178 4920 sed
1233 4868 1298 4920 ad
1345 4868 1772 4938 transmigratio-

187 4971 327 5022 nem,
357 4958 416 5010 id
447 4965 554 5021 est,
587 4956 772 5026 utique
797 4957 863 5010 ad
894 4957 1404 5028 transmigrandum.
1453 4959 1767 5015 Jechoniam

185 5054 363 5100 autem
393 5054 453 5100 et
468 5043 672 5100 fratres
701 5043 815 5113 ejus
835 5045 1038 5100 idcirco
1059 5046 1215 5100 simul
1239 5046 1409 5115 ponit,
1454 5055 1516 5101 ut
1539 5062 1766 5117 quorum

184 5148 301 5191 erat
327 5137 640 5192 communis
668 5136 936 5206 impietas,
983 5146 1038 5192 et
1061 5138 1346 5208 coasqualis
1389 5136 1626 5203 infamia,
1674 5139 1769 5195 fie-

185 5235 265 5282 ret
288 5225 456 5282 simul
483 5241 594 5280 una
621 5225 868 5296 supplicii
896 5225 980 5281 sui
1000 5235 1056 5280 et
1090 5227 1432 5282 miseriarum
1479 5229 1762 5284 memoria.

187 5317 422 5382 Etenim,
451 5317 738 5371 vulnerato
774 5315 918 5372 Josia
950 5319 1002 5372 in
1033 5318 1174 5373 bello
1202 5327 1392 5375 contra
1423 5317 1642 5376 Necbao
1680 5337 1766 5376 re-

186 5422 302 5476 gem
329 5406 765 5479 Egypti,atque
789 5405 1063 5472 defuncto,
1099 5407 1332 5464 Joachaz
1375 5409 1536 5475 tilius,
1580 5412 1669 5480 qui
1710 5420 1766 5466 et

187 5497 411 5563 Senum,
436 5496 705 5552 successit
733 5496 786 5550 in
818 5511 1062 5566 regnum,
1084 5504 1138 5550 et
1157 5499 1401 5568 regnavit
1430 5499 1602 5555 tribus
1615 5515 1769 5556 men-

184 5589 331 5643 sibus
357 5587 416 5642 in
444 5585 814 5650 Hierusalem,
849 5585 1040 5640 deinde
1075 5596 1160 5642 est
1191 5587 1482 5644 translatus
1512 5590 1565 5644 in
1593 5588 1764 5664 Egy-

184 5689 350 5748 ptum.
387 5679 460 5734 Et
487 5678 768 5734 constituit
790 5693 888 5748 pro
915 5692 980 5734 eo
1008 5693 1103 5734 rex
1143 5678 1360 5751 Egypti
1386 5679 1609 5738 fratrem
1647 5685 1764 5752 ejus

634 5771 898 5831 Panos.
934 5771 1126 5833 CXX.

1889 3219 1956 3273 ab
1985 3219 2254 3288 aliquibus
2283 3235 2468 3273 eorum
2507 3235 2644 3274 unus
2675 3219 2925 3290 idemque
2955 3220 3008 3274 in
3060 3221 3289 3274 duorum
3337 3234 3463 3290 pro-

1885 3310 2166 3380 phetarum
2212 3311 2492 3382 principiis
2531 3313 2810 3368 habeatur.
2851 3311 3096 3368 Joachim
3149 3323 3330 3367 autem
3374 3328 3466 3382 pa-

1887 3411 2024 3455 trem
2040 3400 2328 3464 Jecboniae,
2357 3401 2671 3457 Jechoniam
2695 3402 2861 3459 fuisse
2887 3412 3161 3469 vocatum,
3187 3403 3333 3458 nullo
3354 3404 3459 3459 alio

1886 3493 1939 3547 in
1965 3494 2081 3550 loco
2109 3507 2300 3565 praeter
2328 3496 2486 3550 istum
2517 3496 2792 3566 Evangelii
2821 3496 2997 3552 locum
3015 3496 3261 3563 legimus.
3297 3495 3463 3564 Cujus

1884 3589 2217 3653 auctoritati,
2249 3590 2292 3643 si
2319 3599 2494 3643 tamen
2513 3589 2618 3644 hoc
2655 3590 2728 3643 ita
2773 3588 2939 3643 voluit
2987 3587 3231 3657 intelligi,
3286 3587 3462 3642 nullus

1883 3690 1965 3734 est
1993 3696 2122 3735 sane
2160 3681 2280 3734 ﬁdei
2310 3681 2644 3735 interventor
2673 3679 2764 3750 qui
2788 3679 3124 3734 contradicat
3151 3695 3163 3731 :
3192 3679 3305 3733 sive
3355 3679 3462 3733 isto

1883 3786 2096 3824 nomine
2132 3769 2258 3824 olim
2291 3777 2512 3824 vocatus
2561 3769 2634 3824 sit
2679 3768 2816 3839 ipse,
2859 3776 2916 3824 et
2964 3775 3142 3822 tamen
3188 3768 3348 3822 modo
3405 3767 3461 3822 in

1885 3861 2162 3933 Scriptura
2213 3862 2390 3916 divina
2445 3870 2724 3918 taceatur:
2769 3861 2883 3917 sive
2932 3860 3079 3917 solus
3131 3859 3458 3933 evangelista

1881 3952 2128 4006 eumdem
2150 3951 2251 4007 hoc
2276 3952 2397 4007 ideo
2425 3961 2696 4024 nuncupat
2720 3953 2956 4017 nomine,
2997 3950 3123 4021 quia
3168 3949 3460 4007 Jechonias

1881 4043 2267 4114 interpretatur
2303 4045 2618 4115 prwparatio
2661 4045 2894 4098 Domini.
2936 4042 3269 4112 Praeparatio
3307 4057 3460 4097 nam-

1880 4149 1985 4202 que
2006 4134 2125 4190 ideo
2152 4144 2300 4197 recte
2332 4135 2550 4200 dicitur,
2573 4135 2699 4206 quia
2729 4135 2873 4189 hunc
2903 4134 3042 4189 sicut
3066 4142 3122 4188 et
3144 4133 3312 4188 lilium
3339 4131 3456 4201 ejus

1877 4224 2220 4290 Jechoniam,
2255 4227 2510 4282 Dominus
2535 4227 2664 4282 olim
2688 4236 3085 4298 praeparaverat
3108 4228 3176 4282 ad
3203 4229 3454 4284 transmi-

1879 4315 2161 4384 grandum.
2195 4314 2362 4379 Unde,
2409 4316 2549 4371 sicut
2593 4317 2707 4386 jam
2759 4333 2916 4388 supra
2969 4318 3222 4384 diximus,
3279 4316 3456 4374 Josias

1879 4418 1984 4457 non
2017 4405 2512 4474 transmigratione,
2550 4406 2644 4460 sed
2683 4407 2749 4460 ad
2794 4407 3302 4478 transmigrandum,
3357 4422 3452 4463 eos

1879 4491 2078 4546 dicitur
2101 4507 2408 4564 generasse.
2443 4492 2638 4563 Utique
2659 4495 2810 4564 quasi
2834 4496 2902 4550 ad
2931 4497 3035 4552 hoc
3061 4497 3172 4552 nati
3207 4512 3328 4552 esse
3371 4499 3454 4553 di-

1880 4593 2095 4650 cantur,
2123 4587 2328 4656 quieos
2356 4587 2612 4642 Dominus
2635 4602 2735 4657 pro
2765 4589 2878 4644 suis
2905 4583 3171 4659 ac‘populi
3213 4590 3454 4659 peccatis

1879 4677 2228 4746 captivandos
2253 4677 2360 4748 56
2392 4679 2727 4748 prmscierat,
2761 4688 2819 4734 ut
2839 4679 2893 4733 in
2922 4681 3449 4751 transmigrationem

1879 4766 2037 4822 irent.
2071 4768 2220 4822 Sciat
2255 4783 2487 4838 namque
2517 4771 2750 4840 prudens
2778 4769 2950 4826 lector
2971 4771 3098 4841 quia
3119 4771 3173 4825 in
3211 4772 3294 4827 bis
3328 4787 3450 4842 quae

1876 4857 2037 4911 modo
2060 4858 2125 4912 de
2144 4857 2371 4912 duorum
2403 4859 2640 4914 virorum
2664 4859 3014 4916 distinctione
3053 4861 3288 4916 nominis
3315 4861 3451 4914 dixi-

1874 4963 2015 5013 mus,
2046 4948 2324 5004 veritatem
2352 4949 2591 5006 historia:
2624 4952 2788 5006 secuti
2814 4967 3028 5019 sumus;
3049 4962 3108 5007 ut
3129 4952 3355 5008 alterum
3394 4953 3448 5006 in

1874 5037 1979 5092 fine
1999 5038 2196 5108 prioris
2223 5041 2774 5106 tesserescazdecadis,
2808 5041 3037 5097 alterum
3084 5041 3140 5096 in
3183 5041 3448 5111 principio

1873 5129 2166 5199 sequentis,
2194 5138 2461 5199 quatenus
2479 5139 2766 5203 utramque
2793 5134 3124 5204 quaterdeno
3146 5131 3448 5202 wmpleret

1872 5237 2122 5287 numero,
2180 5237 2523 5292 poneremus.
2578 5222 2888 5280 Secundum
2931 5223 3215 5296 mysticum
3263 5231 3444 5278 autem

1875 5326 2090 5367 sensum
2120 5328 2259 5367 unus
2288 5313 2537 5384 idemque
2556 5313 2864 5381 Jechonias,
2891 5313 2976 5371 bis
2995 5313 3145 5384 quasi
3168 5313 3222 5366 in
3250 5312 3445 5385 angulo

1876 5405 2218 5469 constitutus,
2251 5414 2656 5462 annumeratur.
2691 5407 2826 5462 Cum
2853 5407 3019 5472 enim,
3050 5406 3289 5476 Inquam,
3317 5421 3445 5476 qua-

1877 5495 2127 5549 terdenas
2172 5495 2548 5564 generationes
2581 5498 2752 5554 tribus
2798 5496 3138 5553 distinxisset
3179 5497 3441 5564 articulis,

1875 5584 2059 5641 dicens
2101 5587 2168 5641 ab
2214 5586 2487 5643 Abraham
2544 5602 2712 5659 usque
2749 5590 2816 5644 ad
2859 5589 3026 5646 David
3065 5589 3439 5662 generationes

1873 5678 2300 5750 quattuordecim,
2336 5689 2391 5734 et
2415 5695 2444 5734 a
2473 5680 2640 5748 David
2670 5695 2838 5750 usque
2882 5681 2949 5735 ad
3009 5680 3441 5752 transmigratio-
