4032 6358
581 261 650 323 1s
1395 258 1453 313 s.
1495 256 1854 314 PASCHASII
1893 255 2240 310 RADBERTI
2274 256 2564 313 ABBATIS
2596 256 3045 315 CORBEIENSIS
3617 214 3632 226 ’
3774 264 3850 315 7o

572 368 1032 443 nem'Babylonis,
1061 369 1437 442 generationes
1459 368 1888 441 quattuordecim,
1906 368 2156 423 totidem-
2181 374 2234 433 Α
2258 367 2565 439 lipomenon
2591 384 2719 425 vero
2744 370 2883 425 liber
2903 370 3068 425 habet
3097 370 3239 439 quod
3266 369 3565 429 Zorobabel
3589 374 3847 443 genuerit

572 479 680 535 que
699 462 834 520 alias
858 476 1029 532 usque
1061 462 1130 517 ad
1159 458 1470 526 Christum,
1512 476 1618 516 non
1645 474 1741 515 eas
1783 468 1961 514 tamen
2000 459 2155 515 duxit

572 558 628 612 in
657 570 947 619 summam,
1003 564 1063 608 ut
1107 553 1315 609 diceret
1348 572 1362 606 :
1390 551 1525 607 ﬁunt
1568 552 1752 606 omnia
1798 551 2155 621 quadraginta

572 646 710 701 duae.
744 642 894 700 Unus
921 642 1119 717 quippe
1149 642 1202 696 in
1232 641 1336 695 illis
1357 640 1795 712 progenitoribus
1834 640 1919 695 bis
1972 633 2157 695 numé—

570 744 725 792 ratur
750 733 1056 797 Jechonias,
1120 731 1367 786 videlicet
1396 748 1426 785 a
1457 746 1566 801 quo
1619 729 1773 786 facta
1813 738 1898 787 est
1947 732 2001 786 in
2056 746 2154 786 ex-

574 835 791 882 traneas
818 834 1006 893 gentes
1025 823 1269 893 quaedam
1299 821 1551 889 deﬁexio,
1577 824 1794 893 quando
1832 824 1887 878 in
1925 823 2157 895 Babylo-

571 919 717 973 niam
745 914 1175 985 transmigravit.
1240 912 1339 969 Ubi
1376 924 1560 969 autem
1614 915 1748 970 ordo
1776 931 1807 969 a
1832 915 2154 971 rectitudine

568 1006 820 1071 ﬂectitur,
867 1014 1027 1075 atque
1053 1012 1111 1059 ut
1135 1013 1224 1058 eat
1276 1005 1329 1059 in
1381 1006 1654 1061 diversum
1692 1006 1943 1073 intendit,
2001 1007 2156 1076 quasi

570 1098 1029 1171 angulum.facit;
1068 1107 1123 1152 et
1149 1097 1277 1154 illud
1300 1098 1443 1167 quod
1467 1098 1521 1152 in
1567 1098 1766 1169 angulo
1804 1108 1889 1153 est
1937 1099 1992 1153 in
2048 1098 2155 1153 ﬁne

571 1194 769 1264 prioris
789 1191 1017 1256 ordinis,
1055 1200 1110 1247 et
1149 1192 1202 1245 in
1235 1191 1413 1260 capite
1459 1192 1629 1261 ipsius
1684 1189 2018 1255 deﬁexionis,
2071 1189 2154 1246 bis

567 1290 905 1337 numeratur.
970 1280 1083 1336 Hoc
1139 1289 1321 1334 autem
1380 1279 1555 1349 ipsum
1605 1280 1719 1349 jam
1775 1279 2154 1348 prteﬁgurabat

568 1374 843 1431 Christum
868 1390 900 1428 a
927 1372 1343 1428 circumcisione
1381 1374 1447 1426 ad
1495 1371 1834 1441 pratputium,
1893 1379 2150 1441 tanquam

570 1474 638 1527 ab
666 1470 1004 1526 Hierusalem
1035 1470 1104 1523 ad
1149 1467 1475 1538 Babylonem
1509 1465 1906 1536 quodammodo
1954 1465 2153 1534 migra-

568 1573 770 1627 turum,
837 1570 999 1631 atque
1027 1560 1274 1629 utrisque
1304 1559 1359 1613 in
1385 1573 1445 1613 se
1468 1557 1813 1612 credentibus
1838 1556 1966 1611 hinc
1987 1564 2152 1626 atque

567 1657 713 1719 hinc,
744 1664 1000 1724 tanquam
1026 1650 1257 1722 lapidem
1284 1650 1619 1720 angularem,
1646 1648 1883 1702 medium
1929 1646 2148 1701 adfutu-

2259 458 2557 525 Mosellam,
2600 460 2888 527 Aminiam,
2935 477 3000 516 ac
3041 461 3295 531 reliquos,
3331 463 3473 518 inter
3514 478 3651 533 quos
3697 465 3847 524 Abiu

2258 566 2525 622 nusquam
2555 561 2961 609 annumeratur.
2995 553 3111 608 Tali
3138 554 3302 624 igitur
3341 554 3427 609 vel
3471 555 3579 612 alio
3601 557 3855 625 quolibet

2256 644 2405 699 exitu
2434 644 2697 715 agendum
2728 654 2832 711 est,
2862 659 2930 699 ne
2946 643 3131 699 divina
3155 645 3443 701 dissentire
3473 647 3720 703 videatur
3745 665 3848 705 au—

2256 737 2500 792 ctoritas.
2550 737 2799 807 Alioquin
2852 736 3237 807 evangelistam
3290 738 3494 794 rectius
3551 741 3847 809 protulisse

2258 828 2590 882 credendum
2614 836 2728 892 est;
2752 842 2917 896 super
2940 828 3081 896 quod
3105 827 3285 882 divina
3308 837 3574 885 consonat
3604 831 3846 886 auctori-

2259 928 2362 980 tas,
2396 919 2559 973 etiam
2592 918 2713 974 aliis
2747 920 2799 973 in
2832 918 3242 988 quampluritnis
3276 918 3409 974 locis
3436 936 3448 971 :
3479 919 3553 973 ita
3584 928 3764 975 tamen
3792 922 3846 976 si

2256 1010 2363 1069 ulla
2392 1011 2459 1066 de
2489 1011 2593 1067 hoc
2616 1012 2759 1080 quod
2781 1012 3010 1066 dicimus
3037 1011 3303 1067 dubitatio
3324 1012 3500 1081 possit
3532 1011 3668 1066 ﬁeri.
3698 1012 3847 1067 Prte-

2256 1101 2447 1159 sertim
2485 1116 2608 1156 cum
2646 1102 2701 1157 in
2759 1102 2861 1157 hoc
2910 1101 3050 1159 libro
3086 1110 3306 1173 propter
3339 1103 3466 1157 vitia
3492 1104 3847 1174 scriptorum,

2256 1191 2399 1247 sicut
2423 1200 2481 1247 et
2506 1192 2561 1245 in
2593 1191 2783 1256 Esdra,
2816 1191 3251 1261 genealogiarum
3299 1191 3647 1261 quamplures
3676 1194 3850 1247 inter-

2255 1282 2473 1339 minata;
2498 1282 2720 1337 veniunt
2744 1282 3088 1351 qumstiones.
3115 1281 3269 1337 Unde
3297 1289 3351 1337 et
3378 1280 3666 1350 Apostolus
3701 1300 3713 1334 :
3748 1281 3851 1336 In-

2255 1375 2409 1431 utiles
2435 1386 2609 1430 autem
2628 1385 2675 1430 et
2694 1376 3056 1430 interminatus
3081 1375 3505 1445 genealogiarum
3530 1376 3847 1446 questiones

2253 1466 2462 1537 devita(
2471 1466 2572 1521 Tit.
2592 1482 2673 1533 Ill,
2703 1468 2778 1537 9).
2804 1466 2883 1521 Ex
2912 1466 3037 1522 hinc
3062 1481 3275 1536 quoque
3301 1480 3490 1522 eorum
3519 1467 3610 1536 qui
3640 1467 3846 1523 inscri-

2253 1556 2453 1614 bantur
2477 1573 2647 1629 usque
2672 1559 2741 1615 ad
2773 1557 3072 1625 Christum,
3093 1559 3148 1613 in
3168 1559 3336 1629 gestis
3356 1567 3661 1615 sanctarum
3684 1559 3842 1615 Scri-

2253 1656 2534 1717 pturarum
2568 1648 2770 1704 nullam
2813 1650 3113 1719 reperimus
3151 1650 3499 1705 mentionem.
3553 1650 3659 1706 Sed
3702 1652 3844 1708 ﬁdes

566 1761 707 1801 rum.
738 1744 862 1799 Haec
884 1742 1102 1813 quidem
1125 1751 1254 1795 tunc
1300 1742 1353 1795 in
1406 1741 1576 1811 ﬁgura
1627 1739 1966 1808 praeparabat
2004 1738 2150 1793 Deus
2178 1754 2226 1814 Β
2255 1739 2498 1809 apostolo
2518 1749 2576 1795 et
2610 1740 2956 1811 evangelista:
2994 1749 3080 1795 est
3108 1742 3601 1809 accommodanda;
3635 1758 3759 1799 cum
3788 1753 3848 1799 ct

566 1839 728 1894 rebus
756 1838 806 1892 in
830 1837 1059 1891 veritate
1087 1832 1350 1889 venturis.
1402 1831 1537 1886 Nam
1578 1840 1635 1885 et
1674 1831 1787 1901 ipse
1836 1828 2149 1895 'Jcchonias,

564 1928 653 1983 ubi
682 1928 909 1999 angulus
950 1927 1054 1981 iste
1106 1923 1485 1994 prteﬁguratus
1538 1929 1639 1986 est,
1695 1922 2015 1992 praeparatio
2053 1921 2152 1975 Dei

564 2022 971 2091 interpretatur.
1013 2018 1091 2073 Ac
1118 2032 1217 2087 per
1237 2017 1341 2072 hoc
1363 2016 1474 2084 jam
1496 2031 1602 2071 non
1625 2015 1983 2086 quadraginta
2009 2016 2150 2083 dum,

564 2111 709 2182 quod
737 2111 940 2166 faciunt
971 2117 1054 2165 ter
1081 2108 1526 2179 quattuordecim;
1585 2108 1679 2164 sed
1708 2116 1931 2179 propter
1984 2122 2150 2163 unum

563 2206 650 2261 bis
706 2211 1053 2275 numeratum
1094 2201 1455 2272 quadraginta
1507 2208 1563 2255 et
1611 2216 1716 2255 una
1772 2201 2153 2271 generationes

562 2295 719 2352 ﬁunt.
744 2296 820 2350 De
839 2308 947 2365 quo
968 2302 1173 2364 postea,
1206 2293 1432 2349 Domino
1448 2291 1691 2362 iuvante,
1720 2292 1930 2362 plenius
1955 2307 2053 2347 suo
2095 2294 2150 2347 in

560 2386 683 2444 loco
714 2388 973 2443 dicemus.
1011 2386 1183 2441 Porro
1234 2382 1478 2439 Joachim
1518 2394 1673 2456 pater
1723 2383 2016 2449 Jechoniae,
2062 2401 2151 2441 se-

561 2480 797 2535 cundum
852 2476 1092 2547 ejusdem
1141 2476 1381 2532 doctoris
1424 2476 1864 2547 intelligentiam,
1919 2491 2018 2532 cur
2082 2477 2155 2532 sit

560 2568 961 2639 praatermissus
998 2581 1105 2622 non
1135 2566 1269 2623 satis
1293 2566 1469 2621 elucet
1497 2585 1511 2623 :
1543 2567 1689 2637 quod
1737 2568 1954 2622 reticuit
2006 2569 2150 2623 idem

562 2659 901 2715 occultarum
926 2672 1107 2713 rerum
1131 2659 1489 2727 quaestionum
1515 2659 1843 2729 conspicuus
1895 2674 2149 2729 perscru-

570 2757 731 2803 tator.
782 2749 894 2804 Nisi
939 2749 1077 2803 forte
1114 2749 1362 2818 accipere
1408 2750 1700 2804 debeamus
1742 2751 1887 2819 quod
1917 2764 2151 2821 evange-

562 2838 709 2903 lista,
741 2848 802 2893 ut
830 2848 1016 2909 typum
1052 2838 1253 2893 Christi
1284 2837 1507 2903 faceret,
1552 2840 1675 2894 ideo
1717 2839 2031 2894 Jechoniam
2069 2841 2151 2895 bis

562 2927 1129 2994 volueritnumerari;
1171 2935 1227 2982 et
1255 2926 1525 2994 Joachim,
1572 2944 1642 2984 ne
1665 2945 1925 2987 numerus
1980 2946 2150 3004 auge-

563 3030 732 3087 retur,
755 3020 1098 3092 prmtermitti
1122 3020 1441 3075 decreverit.

2256 1831 2325 1885 de
2345 1831 2816 1900 viciam-quamvis
2857 1831 2913 1885 in
2961 1831 3198 1887 archivis
3224 1831 3532 1887 indecorum
3568 1834 3847 1903 quiverint

2253 1923 2505 1987 inveniri,
2541 1932 2756 1995 poterat
2780 1926 2882 1980 hoc
2923 1933 3348 1995 cognoscere,-et
3370 1939 3475 1994 per
3505 1923 3843 1995 diligentiam

2252 2022 2542 2084 parentum
2586 2014 2787 2070 litteris
2837 2014 3116 2079 mandare,
3159 2013 3306 2082 quod
3350 2013 3603 2069 omnibus
3642 2011 3848 2070 Judaeis

2253 2112 2445 2160 notum
2469 2114 2608 2172 erat,
2646 2106 2775 2176 quia
2817 2104 2885 2159 de
2931 2104 3099 2159 David
3130 2119 3297 2159 came
3322 2102 3573 2159 Christus
3618 2104 3846 2161 deberet

2252 2195 2457 2251 venire.
2489 2195 2642 2268 Unde
2671 2205 2726 2251 et
2755 2195 3063 2266 diligentius
3088 2196 3268 2250 omnis
3307 2195 3397 2249 illa
3430 2195 3685 2271 prosapia
3724 2209 3840 2249 me-

2254 2289 2442 2344 moria:
2469 2288 2579 2360 58
2604 2288 2937 2345 tradebatur.
2985 2287 3123 2344 Hine
3158 2297 3246 2344 est
3290 2289 3435 2344 enim
3461 2289 3604 2359 quod
3632 2288 3844 2344 Africa—

2254 2392 2378 2442 nus,
2408 2378 2475 2432 de
2504 2378 2853 2433 consonantia
2901 2378 3354 2449 evangelistarum
3395 2379 3661 2446 scribens,
3698 2396 3847 2451 qna-

2253 2468 2328 2523 rit
2356 2468 2486 2537 quid
2508 2467 2580 2524 sit
2602 2468 2748 2538 quod
2772 2466 3057 2523 Matthaeus
3085 2469 3217 2523 dicit
3244 2467 3443 2538 Joseph
3470 2469 3643 2526 ﬁlium
3671 2470 3844 2533 fuisse

2254 2557 2443 2623 Jacob,
2470 2567 2523 2613 et
2542 2558 2722 2614 Lucas
2750 2574 2872 2614 cum
2899 2570 3290 2616 commemorat
3311 2561 3480 2616 ﬁlium
3509 2562 3676 2618 fuisse
3698 2563 3843 2627 Heli.

2253 2648 2433 2718 Atque
2453 2664 2641 2704 rursus
2660 2648 2778 2704 Heli
2800 2651 2943 2718 quod
2970 2649 3134 2705 fuerit
3154 2651 3380 2717 Mathat,
3404 2662 3466 2709 et
3482 2652 3648 2717 Iacob
3669 2655 3842 2712 ﬁlium

2255 2737 2472 2793 Matban
2518 2737 2801 2795 Matthazus
2839 2740 3171 2812 evangelista
3214 2744 3428 2813 probat.
3472 2744 3708 2813 rlatluu,
3760 2749 3845 2802 in-

2255 2830 2405 2899 quit,
2442 2839 2489 2883 et
2515 2828 2737 2885 Matium
2775 2830 2981 2885 diverso
3022 2831 3168 2900 fuere
3208 2842 3458 2903 tempore,
3498 2837 3587 2906 qui
3626 2837 3691 2891 de
3731 2854 3843 2894 una

2255 2921 2537 2991 eademque
2571 2937 2737 2975 uxore
2758 2920 2924 2977 Eslna
2949 2923 3161 2977 nomine
3183 2924 3414 2995 singulos
3428 2926 3578 2994 .ﬁls'os
3596 2944 3844 2996 procrea—

2258 3021 2401 3067 runt.
2446 3011 2589 3077 Quia
2630 3011 2885 3078 Mallum,
2925 3016 3015 3084 qui
3056 3031 3149 3084 per
3184 3013 3518 3094 Spioniam
3544 3019 3844 3087 descendit,

630 3110 916 3166 Jecltonias
956 3120 1132 3165 autem
1174 3120 1287 3181 post
1302 3111 1825 3182 stransmigrationem
1866 3111 2153 3185 Babylonis
2181 3114 2228 3178 C
2259 3121 2477 3158 τιπονειη
2508 3120 2623 3159 eam
2640 3106 2841 3175 ριὶηηη
2880 3117 3169 3176 acceperat.
3190 3118 3243 3162 α
3268 3108 3461 3165 ﬁlim
3476 3111 3719 3182 uno-ﬁlio
3738 3112 3844 3167 Ja—

560 3206 739 3277 genuit
761 3204 1042 3261 Salathiel.
1088 3203 1344 3260 Salathiel
1392 3215 1563 3259 autem
1608 3206 1783 3276 genuit
1839 3205 2148 3262 Zorobabel.

561 3295 715 3363 Quod
735 3305 915 3349 autem
940 3294 1239 3355 Zorrhabel
1257 3296 1329 3350 sit
1350 3294 1493 3351 ﬁlius
1506 3294 1783 3361 Salathiel,
1808 3297 1989 3351 multis
2008 3297 2154 3353 Scri-

559 3394 842 3458 pturarum
870 3394 1182 3441 sanctarum
1210 3386 1262 3440 in
1283 3386 1417 3441 locis
1441 3386 1559 3441 sine
1584 3387 1835 3457 ambiguo
1862 3390 2151 3457 reperitur.

563 3475 672 3533 Sed
702 3476 755 3531 in
782 3475 1225 3547 Paralipomenon
1253 3475 1361 3547 57
1392 3476 1548 3549 longe
1578 3476 1737 3531 aliter
1762 3477 2010 3532 habetur.

632 3568 727 3626 Sic
764 3570 909 3625 enim
958 3569 1089 3624 inibi
1132 3568 1363 3639 legimus
1408 3569 1553 3639 quod
1590 3567 1864 3625 Jechoniae
1897 3571 1992 3625 ﬁlii
2035 3570 2153 3627 fue-

563 3662 714 3728 runt,
759 3662 907 3728 Asir,
956 3660 1241 3727 Salathiel,
1280 3660 1604 3728 Melchiam,
1656 3670 1713 3716 et
1764 3660 2021 3717 Phadaia.
2073 3661 2151 3718 De

562 3750 804 3807 Phadaia
835 3760 1013 3807 autem
1040 3753 1147 3806 orti
1172 3760 1305 3807 sunt
1330 3752 1637 3813 ﬂorebabel
1684 3760 1740 3808 et
1786 3754 1985 3807 Semei.
2041 3753 2152 3809 Nos

562 3851 746 3896 autem
771 3843 900 3910 quid
927 3843 995 3897 de
1023 3843 1125 3897 hoc
1158 3842 1391 3898 medium
1426 3844 1674 3898 dicamus
1717 3857 1826 3897 non
1869 3841 2027 3897 facile
2066 3858 2153 3897 re-

564 3933 794 4004 peritur.
846 3932 1000 4000 Quod
1044 3933 1091 3987 si
1136 3932 1433 3989 dixerimus
1477 3933 1624 4004 quod
1684 3933 1740 3987 hi
1798 3934 1906 3989 duo
1953 3935 2150 3990 fratres

564 4041 728 4080 unam
760 4026 974 4080 diverso
1000 4025 1054 4079 in
1084 4033 1328 4095 tempore
1359 4025 1645 4080 duxissent
1664 4038 1914 4091 uxorem,
1948 4039 2016 4080 es
2042 4016 2163 4095 qua

565 4118 707 4173 alter
754 4118 1006 4189 genuerit
1037 4117 1229 4182 ﬁlium,
1277 4119 1368 4187 qui
1401 4117 1556 4173 alteri
1587 4133 1651 4173 ex
1683 4115 1799 4185 lege
1826 4117 1899 4172 sit
1922 4118 2147 4187 adopta—

563 4218 684 4273 tus,
724 4208 973 4264 rcfellunt
1018 4210 1121 4264 hoc
1164 4209 1279 4278 ipsa
1330 4208 1733 4278 Scripturarum
1778 4209 1948 4263 verba
1973 4249 1989 4275 ,
2022 4210 2149 4264 dum

563 4299 850 4356 Mattheus
887 4299 1019 4355 dicit
1055 4299 1199 4368 quod
1243 4296 1502 4353 Salathiel
1533 4298 1781 4368 genuerit
1829 4297 2145 4354 Zorohabel.

558 4391 643 4447 Ac
698 4390 891 4446 deinde
938 4390 1382 4461 Paralipomenon
1417 4382 1556 4445 liber
1597 4390 1867 4461 loquitur,
1922 4393 2046 4462 quia
2083 4392 2149 4447 de

2260 3196 2353 3250 cob
2380 3197 2608 3261 nomine,
2650 3197 2929 3267 defunctus
2968 3208 3065 3252 est.
3104 3196 3237 3254 ﬂost
3256 3201 3425 3271 cujus
3459 3203 3676 3271 obitum,
3703 3220 3847 3276 quoa

2257 3285 2344 3340 lex
2373 3285 2581 3340 viduam
2606 3286 2712 3341 alio
2735 3288 2843 3342 uiro
2868 3302 2972 3342 non
2995 3297 3130 3343 uetat
3153 3290 3362 3355 nubere,
3392 3291 3621 3360 latitat,
3644 3297 3732 3364 qui
3750 3313 3851 3367 per

2260 3378 2478 3433 Nathan
2508 3396 2671 3450 genus
2703 3380 2881 3446 ducit,
2915 3398 3034 3437 cum
3065 3392 3195 3438 esset
3218 3399 3293 3441 ex
3322 3386 3502 3440 eadem
3545 3388 3682 3441 tribu
3701 3430 3716 3454 ,
3751 3392 3846 3446 sed

2257 3486 2361 3524 non
2387 3487 2453 3526 ea:
2474 3473 2655 3526 eodem
2674 3488 2877 3542 genere,
2900 3472 3138 3529 relictam
3158 3474 3357 3530 ﬂatum
3382 3479 3577 3548 occepit
3598 3494 3845 3548 uxorem,

2256 3581 2321 3618 ea:
2340 3581 2442 3636 qua
2475 3574 2523 3618 et
2544 3564 2654 3635 ipse
2678 3566 2877 3635 accepit
2895 3565 3065 3635 ﬁlium
3090 3569 3297 3620 nomine
3318 3566 3460 3633 Heli,
3489 3585 3583 3639 per
3608 3573 3750 3643 quod
3780 3591 3848 3631 ex

2255 3654 2458 3710 diverso
2477 3664 2687 3725 patrum
2708 3672 2892 3727 genere
2913 3657 3206 3728 efficiuntur
3225 3657 3390 3713 Iacob
3416 3669 3466 3713 et
3491 3658 3616 3715 Heli
3644 3666 3847 3720 uterini

2255 3745 2465 3815 fratres.
2499 3745 2736 3812 Quorum
2775 3748 2927 3815 alter,
2953 3751 3008 3803 id
3030 3761 3127 3817 est,
3147 3750 3335 3819 Iacob,
3362 3752 3548 3822 fratris
3570 3755 3692 3810 Heli
3727 3759 3846 3814 sine

2254 3835 2431 3891 liberis
2470 3837 2705 3907 defuncti
2754 3855 2969 3894 uxorem
3009 3858 3074 3896 ea:
3115 3852 3368 3898 mandato
3413 3845 3539 3917 legis
3582 3848 3843 3918 occipiens

2253 3930 2431 3997 genuit
2455 3929 2668 4000 Joseph.
2700 3942 2892 3985 natura
2932 3935 3142 4004 quidem
3182 3937 3430 4006 germinis
3468 3956 3618 3994 suum
3644 3940 3842 4011 filium,

2252 4029 2464 4090 propter
2483 4021 2622 4090 quod
2644 4032 2694 4077 et
2718 4025 2965 4077 scribitur
2986 4041 3005 4078 :
3026 4026 3191 4079 Jacob
3215 4037 3389 4081 autem
3424 4029 3600 4099 genuit
3618 4028 3839 4102 Ioseph.

2253 4109 2555 4166 Secundum
2594 4113 2722 4183 legis
2756 4129 2873 4168 vero
2905 4126 3221 4186 prmeeptunt
3252 4116 3376 4172 ἨεΙί
3414 4119 3631 4190 efficitur
3658 4120 3842 4189 ﬁlius:

2253 4200 2405 4270 cujus
2428 4200 2616 4269 Iacob,
2638 4206 2763 4273 quia
2784 4204 2954 4274 frater
2980 4216 3115 4273 erat,
3142 4225 3358 4263 umorem
3387 4210 3458 4264 ad
3477 4211 3843 4267 suscitandum

2253 4309 2429 4348 semen
2472 4294 2655 4363 fratris
2701 4307 2989 4367 acceperat.
3019 4302 3093 4353 Ac
3113 4316 3206 4371 per
3223 4302 3321 4355 hoc
3352 4310 3470 4355 rata
3502 4303 3765 4356 invenitur
3789 4314 3843 4359 et

2251 4385 2455 4457 integra
2477 4388 2761 4457 generatio.
2790 4388 2921 4443 Haec
2944 4399 3138 4458 autem,
3165 4393 3303 4447 idem
3342 4393 3535 4463 inquit,
3561 4411 3663 4448 non
3690 4395 3845 4451 nobis

560 4482 801 4540 Phadaia
849 4484 954 4539 orti
1000 4492 1135 4538 sunt
1170 4482 1470 4538 Zorobahel
1492 4491 1547 4537 et
1581 4479 1779 4539 Semei.
1812 4482 1948 4539 Nam
1976 4499 2151 4555 neque
2182 4467 2232 4528 Ι)
2258 4478 2328 4531 ad
2348 4478 2576 4532 subitum
2599 4489 2831 4550 reperio,
2866 4491 2958 4535 aut
2989 4483 3183 4553 absque
3213 4484 3336 4539 ullis
3362 4485 3665 4539 auctoribus
3693 4501 3845 4539 com-

560 4577 738 4648 genuit
763 4575 981 4631 aliunde
1009 4584 1190 4646 potest
1222 4575 1314 4630 hic
1349 4575 1596 4646 intelligi,
1651 4591 1815 4646 quam
1845 4578 1971 4647 quia
1997 4576 2146 4632 illum

562 4673 628 4728 de
652 4671 857 4727 semine
881 4671 1101 4742 proprio
1121 4672 1419 4742 generavit.
1437 4669 1623 4740 Neque
1638 4671 1739 4724 orti
1759 4681 1882 4725 sunt
1909 4670 2146 4739 aliunde,

561 4763 668 4818 nisi
694 4761 763 4817 de
786 4762 945 4817 istius
971 4775 1140 4817 carne
1170 4761 1306 4815 nati.
1335 4758 1442 4815 Sed
1480 4758 1642 4815 simul
1670 4760 1736 4814 de
1764 4759 2045 4814 amborum
2069 4775 2149 4815 se-

560 4855 728 4917 mine,
762 4854 878 4924 ipsa
926 4852 1249 4923 prohibente
1292 4858 1509 4916 natura,
1541 4857 1701 4905 natos
1734 4865 1829 4907 eos
1853 4851 2145 4907 absurdum

560 4956 647 5002 est
674 4945 920 5016 intelligi.
946 4943 1124 5008 Unde,
1166 4944 1308 4999 sicut
1336 4945 1556 4998 tradunt
1580 4942 1817 5010 Hebrmi,
1852 4959 2041 4999 verum
2064 4955 2147 5000 est

563 5037 878 5093 trinomium
909 5034 1249 5100 eum'fuisse,
1301 5035 1510 5090 scilicet
1555 5033 1680 5091 Asir
1711 5042 1767 5090 et
1789 5033 2047 5090 Salathiel
2093 5044 2147 5091 et

560 5129 821 5185 Phadaia.
838 5129 1253 5198 'lnterpretatur
1270 5136 1452 5183 autem
1473 5126 1599 5183 Asir
1615 5137 1862 5191 caecatus,
1886 5126 2150 5181 Salathiel

563 5222 741 5293 frutex
773 5222 889 5287 Dei,
908 5219 1164 5277 'Phat'la'ia
1193 5220 1486 5292 redemptus
1516 5220 1751 5275 Domini.
1773 5219 1881 5274 Aut
1903 5218 2151 5275 fortassis

563 5312 645 5367 sic
672 5312 1046 5383 accipiendum
1074 5320 1179 5379 est,
1215 5313 1358 5382 quod
1389 5309 1650 5367 Salathiel
1690 5323 1745 5367 et
1776 5310 2014 5366 Phadaia
2043 5310 2149 5367 duo

568 5400 791 5468 fratres,
819 5401 961 5460 ﬁlios
987 5418 1126 5475 quos
1147 5404 1454 5476 genuerint,
1493 5403 1651 5459 simul
1677 5413 1909 5474 uterque
1959 5418 2147 5459 eorum

565 5493 848 5568 proprium
896 5494 1196 5553 Zorobabel
1232 5496 1528 5561 vocaverit,
1561 5495 1633 5549 ita
1663 5504 1723 5550 ut
1765 5497 1869 5552 duo
1898 5496 2145 5553 fuissent.

568 5584 723 5655 Quod
748 5600 856 5641 non
898 5590 1168 5659 approbo,
1208 5590 1441 5645 maxime
1486 5604 1606 5645 cum
1653 5590 1981 5661 evangelista
2008 5592 2152 5647 dicat

572 5680 639 5737 de
664 5681 769 5737 isto
796 5680 1096 5738 Zorobabel
1136 5682 1274 5738 Abiu
1312 5698 1524 5753 quoque
1552 5683 1790 5753 genitum
1820 5696 1955 5738 esse.
1987 5684 2152 5741 Para-

2257 4580 2487 4626 mentata
2506 4580 2652 4638 sunt,
2674 4572 2765 4625 sed
2789 4571 2889 4643 ipsi
2913 4574 3024 4629 hate
3048 4573 3339 4631 Saluatoris
3363 4577 3532 4630 nostri
3551 4578 3844 4632 secundum

2257 4684 2467 4722 carnem
2506 4669 2784 4739 propinqui
2825 4686 2916 4725 seu
2959 4670 3132 4724 studio
3173 4671 3304 4725 tanti
3358 4670 3570 4726 seminis
3620 4670 3846 4725 demon-

2263 4759 2468 4816 strandi
2487 4800 2501 4824 ,
2550 4775 2642 4813 seu
2679 4760 2901 4815 docendi
2934 4777 3051 4832 qua
3082 4762 3369 4816 secundum
3395 4763 3662 4816 veritatem
3694 4772 3845 4832 gesta

2254 4860 2395 4915 sunt,
2430 4850 2782 4907 tradiderunt.
2817 4851 2873 4907 Si
2905 4853 3049 4906 enim
3095 4852 3562 4923 historiographus
3590 4853 3692 4907 iste
3723 4862 3848 4908 tan-

2256 4952 2363 4999 tam
2391 4958 2579 4998 curam
2607 4944 2798 4999 habuit
2822 4943 3168 5013 perquirendi
3195 4943 3275 4999 rei
3301 4942 3610 5007 veritatem,
3633 4951 3845 5011 quanto

2252 5037 2426 5107 magis
2460 5034 2811 5107 evangelista,
2836 5035 2926 5103 qui
2958 5048 3081 5089 cum
3115 5035 3232 5105 ipso
3257 5033 3487 5091 Domino
3518 5043 3761 5090 moratus
3785 5034 3844 5090 in

2254 5145 2437 5194 carne,
2465 5129 2631 5184 etiam
2659 5129 2798 5182 inter
2824 5136 3077 5197 parentes
3116 5124 3287 5196 ipsius
3310 5126 3555 5197 quotidie
3583 5125 3846 5181 versaba-

2238 5222 2380 5277 tur?
2403 5222 2787 5277 Verumtamen
2817 5219 2959 5289 quod
2998 5219 3086 5275 hic
3112 5222 3278 5275 etiam
3299 5216 3370 5276 ’et
3395 5226 3639 5276 nostrum
3670 5220 3843 5291 aliqui

2253 5314 2450 5385 Joseph
2476 5315 2661 5370 dicunt
2686 5313 2856 5370 ﬁlium
2880 5313 2999 5370 Heli
3027 5312 3216 5381 fuisse,
3240 5329 3348 5382 non
3376 5313 3531 5384 quasi
3558 5327 3625 5369 ex
3649 5328 3841 5381 carne,

2251 5408 2345 5463 sed
2385 5407 2540 5477 quasi
2586 5421 2653 5462 ex
2693 5406 2838 5477 lege;
2888 5403 3211 5477 quiadacob
3249 5404 3550 5474 susceperit
3594 5402 3841 5461 defuncti

2249 5497 2434 5553 fratris
2471 5502 2717 5565 uxorem,
2757 5498 2825 5554 ad
2870 5497 3242 5553 suscitandum
3290 5510 3476 5551 semen
3516 5493 3664 5565 ejus,
3696 5494 3843 5551 sicut

2250 5589 2466 5647 cbnstat
2503 5605 2569 5645 ex
2606 5590 2746 5662 lege,
2787 5591 2914 5661 quia
2953 5590 3069 5645 sine
3113 5588 3298 5644 liberis
3344 5587 3591 5643 obierat:
3623 5586 3845 5641 videtur

2252 5682 2517 5738 infirmari
2544 5684 2661 5739 haec
2694 5683 2891 5739 solutio
2918 5682 3252 5754 quaestionis,
3284 5679 3426 5752 quod
3456 5679 3695 5737 defuncti
3726 5676 3845 5733 fra-
