4032 6358
227 338 286 393 π
1064 321 1430 383 EXPOSITIO
1468 321 1535 377 IN
1575 320 1807 374 MATTi-i

1909 318 2013 375 BM.
2055 350 2126 361 —-
2162 318 2290 375 LIB.
2329 318 2376 386 1,
2409 317 2563 375 CAP.
2596 318 2642 373 l.
3386 312 3457 372 7‘8

225 450 313 507 tris
350 461 555 503 nomen
582 446 783 500 habere
814 442 1091 506 debuerat,
1125 450 1186 494 ut
1229 440 1282 493 in
1313 452 1379 493 eo
1409 453 1602 493 nomen
1632 436 1800 507 patris
1828 438 1871 497 Α
1906 450 2011 489 ιιοιι
2038 434 2344 504 adoptatus,
2377 433 2473 487 sed
2502 432 2718 502 genitus
2742 438 2882 484 erat.
2906 428 3229 501 Quanquam
3259 432 3474 495 etiamsi

223 542 595 601 suscitaretur,
627 535 767 590 sicut
796 548 863 589 ex
892 532 1009 603 lege
1036 546 1230 587 sonare
1254 531 1502 594 videtur;
1533 529 1636 583 nisi
1666 527 1802 582 forte

224 633 523 693 inveniatur
551 628 621 684 de
650 627 752 681 hoc
783 626 887 680 alia
928 624 1182 697 quaelibet
1225 621 1564 677 rationabilis
1613 632 1800 685 causa,

222 741 309 800 per
331 738 497 793 quam
529 719 795 791 probetur
835 716 915 772 sic
951 715 1287 785 praemissam
1325 723 1473 767 stare
1498 726 1659 781 posse
1684 724 1803 766 sem

222 818 456 874 tentiam.
473 811 791 868 Praesertim
812 825 931 866 cum
959 818 1012 864 et
1035 807 1169 863 Iuda
1192 808 1245 862 in
1268 808 1505 861 Thamar
1524 822 1659 860 nuru
1683 819 1802 871 sua,

210 909 327 966 licet
358 908 564 978 ignaro
592 902 891 957 suscitante
914 913 1100 955 semen
1132 896 1366 953 defuncti
1396 896 1517 961 tllii,
1548 910 1653 951 non
1681 896 1804 950 ideo

216 1012 392 1054 eorum
441 994 707 1065 quisque.
750 990 841 1061 qui
888 1005 951 1044 es
996 990 1101 1043 hoc
1156 1003 1263 1043 uno
1308 987 1595 1043 concubitu
1643 1000 1806 1057 gene-

216 1095 414 1150 rantur,
472 1083 588 1139 ﬂer
629 1090 859 1135 vocatus
910 1079 1080 1134 fuisse.
1132 1077 1368 1147 legitur;
1421 1079 1516 1133 sed
1560 1077 1804 1148 profecto

216 1178 337 1232 alter
376 1190 577 1231 eorum
604 1172 849 1237 Phares,
899 1170 1036 1226 alter
1064 1166 1363 1225 vero‘Zara
1393 1170 1661 1224 vocitatus
1698 1178 1799 1224 est.

210 1265 313 1339 59
352 1262 516 1321 Unde
571 1278 681 1317 non
727 1268 917 1317 contra
968 1260 1346 1314 auctoritatem
1372 1257 1584 1313 Veteris
1618 1257 1806 1312 τεθω-

215 1359 372 1413 menti
400 1356 599 1410 venire
626 1354 908 1425 probatur,
933 1352 1075 1421 quod
1114 1352 1203 1406 hic
1227 1350 1451 1419 Ioseph,
1486 1359 1540 1405 et
1564 1366 1670 1405 non
1699 1348 1802 1416 Eli,

216 1450 458 1521 quamvis
487 1447 631 1501 ﬁlius
671 1442 790 1514 ejus
831 1446 903 1499 sit
930 1460 1027 1517 per
1065 1443 1261 1514 legem.
1310 1442 1417 1496 alio
1446 1453 1671 1497 vocatus
1704 1457 1804 1495 no-

219 1540 365 1593 mine
407 1538 689 1607 accipitur.
741 1534 1005 1591 Similiter
1043 1542 1097 1588 et
1140 1532 1285 1588 Boos
1333 1549 1454 1587 cum
1505 1534 1805 1602 accepisset

229 1630 370 1685 Ruth
411 1644 476 1684 ex
505 1630 635 1700 lege,
667 1628 841 1683 ﬁlium
875 1628 965 1697 qui
996 1643 1063 1683 ex
1108 1641 1168 1681 ea
1200 1634 1363 1681 natus
1397 1634 1502 1691 est,
1542 1643 1647 1681 non
1677 1625 1804 1680 Abi-

226 1720 447 1785 melech,
486 1721 539 1775 in
568 1720 725 1790 cujus
760 1719 980 1773 nomine
1015 1717 1334 1782 suscitatur,
1366 1717 1460 1772 sed
1489 1716 1661 1773 Oheth
1712 1732 1803 1771 νοι-

1902 522 2076 579 Lucas
2114 525 2351 593 genitum
2389 522 2594 576 diceret
2622 519 2826 588 Ioseph
2854 520 2926 574 ab
2946 518 3090 583 Heli,
3126 536 3224 577 nec
3267 521 3347 579 sic
3375 537 3487 581 nos.

1900 613 2005 669 hoc
2039 615 2263 669 verbum
2298 614 2618 683 perturbare
2655 611 2896 673 deberet,
2936 619 3001 666 aut
3040 610 3185 667 aliud
3226 613 3470 670 credere-

1904 722 2043 770 mus,
2067 721 2230 775 quam
2258 706 2326 760 ab
2356 720 2463 760 uno
2490 719 2679 760 eorum
2706 702 3035 773 gignentem,
3064 704 3133 757 ab
3153 703 3323 760 altero
3349 719 3491 772 vero,

1903 799 2246 868 adoptantem
2290 805 2498 865 patrem
2539 795 2704 849 fuisse
2747 803 3246 850 commemoratum.
3293 795 3491 866 Neque.

1902 887 2050 942 enim
2084 886 2318 941 absurde
2343 887 2573 957 quisque
2601 885 2819 950 dicitur,
2859 900 2967 940 non
3000 900 3182 951 carne,
3221 886 3318 941 sed
3345 886 3479 943 chat-

1910 976 2077 1031 ritate
2108 976 2358 1047 genuisse
2393 975 2559 1030 ﬁlium
2590 989 2751 1044 quem
2778 974 2882 1031 sibi
2909 975 3280 1045 adoptaverat.
3326 974 3483 1031 Unde

1902 1073 1957 1122 et
1980 1066 2140 1130 Deus,
2169 1065 2365 1134 quibus
2393 1073 2715 1135 potestatem
2742 1064 2889 1124 dedit
2917 1063 3055 1119 ﬁlios
3078 1064 3172 1119 Dei
3206 1063 3342 1130 ﬁeri,
3372 1080 3483 1120 non

1903 1166 2097 1212 natura
2140 1173 2236 1212 eos
2281 1166 2443 1226 atque
2493 1156 2794 1211 substantia
2839 1155 3043 1224 genuit,
3072 1155 3215 1210 sicut
3258 1154 3478 1210 unicum

1903 1246 2121 1312 Filium,
2172 1247 2268 1302 sed
2311 1248 2495 1316 utique
2536 1247 2822 1301 dilectione
2870 1246 3166 1316 adoptavit,
3210 1256 3299 1310 ut,
3333 1246 3482 1315 Apo-

1902 1337 2074 1393 stolus
2122 1338 2315 1408 inquit,
2364 1340 2695 1407 adoptionem
2733 1338 2965 1407 ﬁliorum
2994 1337 3089 1391 Dei
3138 1338 3482 1407 reciperemus

1904 1431 2049 1503 (Gal.
2079 1447 2152 1495 tv,
2184 1430 2260 1502 5).
2311 1430 2378 1485 Ει
2424 1440 2604 1486 tamen
2652 1430 2885 1484 dicimur
2941 1439 3161 1499 accepta
3211 1438 3501 1501 potestate-

1903 1522 2017 1578 nati
2052 1537 2117 1576 ex
2148 1523 2277 1586 Deo,
2320 1531 2379 1577 ut
2420 1522 2514 1577 lilii
2558 1522 2676 1593 ejus
2703 1520 3020 1584 efﬁciamur,
3051 1521 3141 1589 qui
3167 1518 3280 1588 jam
3311 1521 3484 1575 homi-

1903 1630 2003 1671 nes
2031 1632 2268 1672 eramus.
2331 1614 2605 1670 Eﬁicimur
2646 1629 2776 1683 ergo
2813 1614 2905 1668 ﬁlii
2937 1629 3033 1683 per
3077 1614 3324 1683 gratiam,
3376 1629 3483 1666 non

1902 1722 2002 1778 per
2046 1715 2315 1761 naturam.
2370 1705 2503 1761 Nam
2549 1708 2593 1761 si
2643 1721 2740 1776 per
2788 1714 3038 1760 naturam
3088 1704 3179 1758 ﬁlii
3218 1719 3485 1773 essemus,

220 1812 320 1869 cari
348 1811 577 1881 placuit.
609 1808 754 1880 Ergo
778 1812 824 1864 si
853 1824 919 1864 ex
948 1807 1065 1879 lege
1094 1808 1409 1862 mandatum
1432 1816 1583 1861 esset
1615 1822 1801 1861 semen
1828 1790 1879 1853 Β
1906 1814 2182 1868 nunquam
2211 1799 2354 1853 aliud
2387 1798 2692 1853 fuissemus.
2726 1796 2928 1851 Tamen
2959 1797 3085 1866 quia
3117 1812 3212 1866 per
3238 1797 3487 1865 adoptio-,

219 1900 451 1955 defuncti
482 1914 594 1953 non
629 1898 739 1952 alio
764 1912 922 1968 posse
949 1896 1133 1951 vocari
1164 1897 1381 1951 nomine
1406 1912 1568 1966 quam
1599 1895 1718 1963 ejus
1751 1895 1804 1950 in

218 1991 360 2061 cujus
404 1988 799 2053 suscitabatur,
847 2001 1189 2058 nequaquam
1236 1988 1509 2041 credimus
1554 1987 1699 2041 viros
1750 1994 1807 2041 et

220 2083 470 2138 mulieres
517 2083 785 2136 virtutum
833 2088 1021 2135 contra
1086 2078 1256 2149 legem
1302 2079 1486 2137 venire
1548 2078 1801 2133 voluisse.

222 2172 360 2229 Unde
390 2170 612 2242 liquido
645 2178 859 2225 constat
896 2170 1037 2224 hanc
1076 2168 1428 2239 quaestionem
1473 2168 1552 2222 sic
1577 2168 1803 2223 solidam

223 2278 459 2325 manere,
490 2263 638 2317 sicut
683 2276 714 2315 a
742 2259 1038 2331 majoribus
1080 2258 1367 2328 explanata
1411 2266 1572 2326 atque
1608 2256 1805 2312 litteris

222 2352 606 2409 commendata
654 2352 912 2406 cemitur.
985 2348 1256 2404 Caeterum
1302 2348 1446 2418 quod
1498 2346 1802 2414 Matthaeus,

227 2444 385 2513 genuit
418 2443 515 2496 hic
544 2450 642 2497 aut
677 2441 783 2507 ilic,
815 2455 916 2512 per
940 2441 1124 2495 omnia
1154 2439 1326 2510 ponit,
1355 2440 1547 2509 probat
1579 2432 1636 2495 se
1669 2439 1806 2495 ﬁlios

224 2546 422 2591 tantum
472 2536 660 2591 carnis
706 2536 774 2590 de
820 2535 1026 2590 semine
1069 2532 1492 2603 uniuscujusque
1537 2533 1802 2601 posuisse.

226 2626 288 2682 At
307 2640 438 2681 vero
466 2626 670 2691 Lucas,
702 2624 829 2695 quia
854 2625 993 2680 dixit
1025 2625 1117 2694 qui
1142 2624 1242 2695 fuit
1266 2622 1411 2689 Heli,
1435 2623 1527 2694 qui
1558 2623 1656 2691 fuit
1689 2622 1807 2677 Ila-

230 2719 349 2782 tliat,
378 2719 460 2773 sic
490 2719 713 2773 demum
749 2725 807 2773 et
828 2717 888 2772 in
928 2715 1173 2787 reliquis,
1201 2714 1440 2771 ostendit
1466 2728 1525 2769 se
1557 2715 1721 2768 etiam
1750 2714 1805 2769 in

227 2810 319 2866 hac
361 2808 682 2881 genealogia
727 2808 865 2863 alios
911 2822 1075 2878 quam
1128 2806 1312 2862 carnis
1357 2805 1496 2861 ﬁlios
1535 2807 1804 2877 posuisse.

230 2900 371 2957 Unde
430 2908 491 2955 et
532 2899 727 2954 beatus
771 2898 1106 2969 Augustinus
1172 2897 1228 2951 in
1294 2895 1435 2951 libro
1503 2895 1806 2951 concordia:

226 2990 726 3063 Evangelistarum:
758 3008 779 3041 ι
806 2987 954 3056 Quos
976 2998 1179 3052 autem,
1205 2987 1403 3057 inquit,
1433 2997 1631 3052 movet,
1662 2986 1806 3057 quod

227 3081 352 3137 alios
394 3081 779 3153 progenitores
808 3079 1097 3134 Matthteus
1137 3086 1443 3144 enumerat,
1470 3079 1805 3134 descendens

1906 1906 2031 1946 nem
2064 1906 2133 1945 ex
2164 1889 2275 1945 Deo
2308 1891 2419 1944 nati
2466 1890 2715 1951 dicimur,
2750 1904 3023 1958 nunquam
3063 1889 3297 1942 alienum
3336 1898 3484 1945 esset

1904 1997 1937 2036 a
1966 1982 2223 2043 veritate,
2256 1981 2300 2034 si
2329 1979 2507 2034 Lucas
2543 1981 2707 2034 etiam
2740 1982 2809 2035 ab
2844 1980 2935 2034 illo
2958 1994 3082 2035 esse
3106 1979 3303 2050 Ioseph
3333 1980 3485 2051 geni-

1906 2082 2019 2128 tum
2050 2074 2269 2136 diceret,
2298 2087 2329 2125 a
2354 2086 2462 2142 quo
2489 2070 2666 2127 fuerat
2689 2073 2994 2141 adaptatus.
3023 2070 3114 2127 Sic
3137 2071 3333 2141 quippe
3356 2085 3485 2127 eum

1905 2166 2092 2239 genuit
2123 2180 2231 2220 non
2264 2173 2323 2218 ut
2352 2165 2513 2219 homo
2538 2174 2712 2228 esset,
2741 2164 2834 2218 sed
2864 2172 2925 2218 ut
2948 2162 3118 2217 Filius
3146 2173 3310 2227 esset,
3343 2166 3485 2220 sicut

1906 2273 2007 2313 nos
2034 2255 2219 2329 genuit
2241 2255 2382 2311 Deus
2400 2296 2416 2321 ,
2451 2264 2510 2310 ut
2538 2254 2633 2310 ﬁlii
2668 2253 2784 2323 ejus
2812 2270 3052 2311 essemus
3074 2296 3088 2321 ,
3119 2270 3258 2326 quos
3277 2254 3485 2311 dudum

1906 2350 2115 2405 fecerat
2142 2359 2202 2403 ut
2227 2348 2477 2404 homines
2504 2362 2766 2403 essemus.
2800 2345 3029 2402 Unicum
3062 2355 3241 2402 autem
3277 2348 3484 2415 genuit.

1906 2457 2014 2497 non
2058 2440 2230 2495 solum
2259 2447 2318 2494 ut
2343 2439 2510 2496 Filius
2539 2447 2703 2503 esset,
2746 2439 2890 2508 quod
2920 2446 3074 2509 pater
3119 2454 3225 2494 non
3255 2448 3361 2503 est,
3391 2440 3487 2495 sed

1905 2532 2069 2587 etiam
2100 2540 2160 2584 ut
2189 2530 2331 2586 Deus
2370 2541 2517 2585 esset
2563 2531 2704 2600 quod
2751 2539 2807 2584 et
2831 2529 2991 2584 Pater
3014 2538 3117 2584 est.
3167 2531 3271 2586 Sed
3307 2531 3350 2584 si
3386 2531 3487 2586 hoc

1907 2623 2075 2677 verbo
2102 2621 2276 2677 Lucas
2317 2630 2579 2688 uteretur,
2612 2621 2923 2690 ambiguum
2965 2630 3111 2676 esset
3149 2622 3271 2690 quis
3294 2636 3484 2679 eorum

1906 2714 2273 2782 adoptamem,
2307 2713 2428 2782 quis
2452 2728 2516 2767 ex
2567 2712 2781 2781 propria
2829 2726 2995 2767 carne
3041 2712 3346 2783 gignentem
3396 2728 3488 2782 pa.

1908 2812 2047 2859 trem
2074 2812 2571 2859 commemorasset.
2605 2802 2682 2857 De
2707 2811 2905 2863 eastern
2935 2804 3061 2873 quid
3092 2805 3284 2860 borum
3316 2806 3488 2876 magis

1904 2894 2241 2963 sequendum
2290 2895 2380 2959 sit,
2413 2904 2592 2949 utrum
2639 2908 2707 2947 ex
2754 2894 2890 2965 lege,
2940 2908 3008 2949 an
3058 2908 3155 2963 per
3196 2895 3493 2964 quamlibet

1910 2985 2250 3055 adoptionem
2283 2985 2426 3041 ﬁlius
2454 2985 2619 3040 fuerit
2662 2984 2797 3048 Heli,
2830 2986 3028 3040 frustra
3069 2994 3332 3051 certatur,
3361 2987 3491 3043 dum

1908 3076 2219 3132 omnimodo
2245 3084 2502 3146 utrosque
2531 3075 2901 3145 Evangelistas
2918 3091 3106 3132 verum
3133 3077 3335 3132 dixisse
3360 3091 3489 3147 pro-

224 3188 255 3227 a
279 3172 443 3226 David
463 3184 643 3240 usque
671 3170 740 3224 ad
763 3168 995 3240 Ioseph;
1029 3168 1166 3224 alios
1193 3177 1374 3223 autem
1399 3167 1574 3223 Lucas
1606 3183 1803 3224 ascen-
1830 3178 1877 3242 ο
1907 3166 2115 3222 bamus.

223 3265 350 3321 deus
378 3279 410 3319 a
432 3264 641 3334 Ioseph
668 3277 841 3333 usque
869 3262 939 3317 ad
965 3261 1134 3317 David
1169 3280 1184 3316 :
1222 3261 1382 3317 facile
1414 3270 1499 3317 est
1522 3270 1586 3316 ut
1608 3261 1806 3317 adver-

220 3365 334 3412 tant
374 3354 581 3425 Ioseph
625 3353 764 3408 duos
811 3360 1000 3424 patres
1045 3354 1249 3409 habere
1287 3354 1546 3425 potuisse,
1578 3369 1743 3408 unum
1771 3368 1805 3409 a

216 3462 321 3518 quo
346 3449 586 3521 genitus,
614 3446 846 3501 alterum
897 3460 929 3500 a
959 3460 1066 3515 quo
1094 3446 1262 3501 fuerit
1292 3446 1601 3516 adOptatus.
1651 3444 1806 3500 Anti-

212 3554 319 3609 qua
356 3548 443 3593 est
479 3539 629 3593 enim
668 3535 1005 3592 consuetudo
1054 3535 1366 3606 adoptandi,
1412 3536 1579 3590 etiam
1633 3536 1684 3590 iu
1715 3534 1807 3590 illo

200 3631 415 3704 populo
443 3630 565 3696 Dei,
601 3637 667 3685 ut
691 3629 796 3685 sibi
829 3628 969 3685 ﬁlios
998 3628 1249 3685 facerent
1290 3644 1427 3699 quos
1461 3629 1649 3698 utique
1696 3643 1803 3683 non

208 3722 323 3794 ipsi
350 3723 686 3795 genuissent.
729 3720 891 3787 Nam,
917 3728 1148 3789 excepto
1191 3720 1338 3788 quod
1368 3718 1475 3772 ﬁlia
1507 3718 1806 3781 Pharaonis

204 3815 441 3888 Πυγκο
466 3815 845 3884 adoptaverat,
871 3813 962 3868 illa
990 3814 1190 3884 quippe
1215 3813 1516 3882 alienigena
1540 3810 1660 3877 fuit,
1692 3812 1808 3882 ipse

208 3906 386 3962 Iacob
414 3915 649 3978 nepotes
676 3921 838 3973 suos,
885 3921 951 3962 ex
980 3905 1179 3976 Ioseph
1204 3914 1391 3971 natos,
1419 3906 1604 3961 verbis
1639 3905 1810 3961 mani-

208 3999 531 4055 ﬁstissimis
572 3997 872 4068 adoptavit,
903 3998 1130 4053 dicens:
1173 3996 1333 4051 Nunc
1361 3998 1536 4069 itaque
1568 3997 1675 4052 duo
1708 3996 1809 4066 ﬁlii

208 4092 310 4154 uti,
342 4092 435 4161 qui
466 4090 602 4159 facti
633 4099 752 4143 sunt
792 4087 886 4142 tibi
929 4090 1234 4159 priusquam
1265 4087 1333 4141 ad
1365 4097 1414 4141 te
1438 4088 1684 4150 venirem,
1707 4086 1809 4139 mei

206 4193 353 4247 sunt,
378 4179 588 4250 Eﬂ’rem
609 4180 845 4234 uidelicet
864 4188 914 4233 et
946 4177 1219 4234 Manassae
1237 4219 1253 4243 ,
1282 4188 1533 4250 tanquam
1554 4177 1731 4232 Ruben
1759 4187 1807 4231 et

208 4275 448 4339 Simonta,
470 4274 577 4327 mei
605 4282 793 4338 erant;
824 4271 959 4326 alios
992 4281 1166 4325 autem
1195 4288 1323 4342 quas
1345 4280 1524 4341 postea
1546 4269 1806 4340 genuerit,

208 4366 302 4419 tibi
342 4373 506 4419 eruat
549 4359 705 4433 (Gen.
736 4377 927 4426 xum,
955 4361 1031 4433 5).
1086 4360 1241 4417 Unde
1286 4369 1341 4415 et
1385 4358 1589 4416 factum
1631 4368 1714 4415 est
1750 4368 1811 4416 ut

207 4457 507 4514 duodecim
557 4455 738 4509 tribus
778 4461 983 4510 essent.
1033 4452 1200 4508 Israel
1247 4454 1451 4522 absque
1487 4453 1630 4507 tribu
1655 4452 1807 4519 Levi,

1979 3258 2135 3326 Quod
2178 3267 2357 3314 autem
2401 3259 2665 3329 sequitur,
2712 3258 2838 3328 quia
2877 3258 3045 3314 Iacob
3079 3261 3256 3330 genuit
3295 3261 3491 3333 Ioseph

1907 3359 2077 3413 uirum
2100 3356 2310 3422 Maria,
2342 3356 2407 3410 de
2429 3372 2533 3427 qua
2558 3365 2712 3411 natus
2734 3366 2811 3411 est
2837 3353 3098 3421 Christus,
3130 3371 3237 3413 non
3264 3358 3491 3413 oroden.

1910 3450 2055 3505 tibus
2083 3450 2269 3519 utique
2295 3449 2429 3504 satis
2450 3447 2816 3504 diﬁicillimatn
2858 3458 3082 3517 generat
3111 3450 3489 3518 quaestionem,

1908 3541 2038 3611 quid
2072 3542 2339 3610 pertineat
2363 3541 2450 3602 ad
2486 3538 2760 3595 Christum
2787 3542 3062 3611 generatio
3086 3557 3153 3596 ex
3186 3542 3355 3597 David
3379 3543 3493 3597 ori-

1908 3633 2031 3702 gine
2052 3634 2117 3685 ad
2139 3630 2338 3700 Ioseph
2361 3646 2530 3700 usque
2552 3629 2798 3695 deducta,
2817 3646 2939 3685 cum
2960 3645 3169 3698 omnes,
3195 3634 3492 3688 secundum

1910 3723 2248 3791 Scripturam
2302 3722 2569 3785 divinam,
2624 3721 2891 3779 catholico
2956 3723 3313 3781 conﬁteantur
3361 3723 3491 3794 quia

1909 3813 2161 3869 Christus
2194 3814 2262 3868 de
2298 3812 2493 3885 Ioseph
2535 3817 2741 3870 semine
2786 3832 2888 3871 non
2933 3818 3004 3872 sit
3047 3827 3237 3884 natus,
3286 3821 3378 3874 sed
3424 3819 3495 3877 de

1911 3905 2115 3975 Spiritu
2147 3915 2338 3961 sancto
2376 3920 2445 3961 ex
2488 3905 2655 3961 Maria
2694 3907 2933 3979 Virgine,
2967 3911 3109 3965 sicut
3136 3911 3190 3967 in
3238 3911 3495 3984 Symbole

1909 4000 2257 4067 conﬁtemur,
2301 4010 2637 4071 procreatus.
2669 4001 2872 4069 Quibus
2917 4005 3149 4073 primum
3198 4005 3354 4061 facile
3404 4018 3493 4063 re-

1910 4094 2281 4163 spondendum
2336 4103 2440 4158 est,
2496 4108 2603 4149 non
2655 4108 2773 4149 esse
2826 4095 3232 4151 consuetudinis
3281 4106 3495 4154 saneta-

1912 4194 2031 4239 rtt'm
2064 4185 2500 4255 Scripturarum,
2538 4193 2597 4240 ut
2637 4186 2918 4240 mulierum
2958 4187 3009 4241 in
3056 4190 3496 4257 generationibus

1908 4277 2014 4349 61
2030 4278 2162 4332 ordo
2192 4285 2422 4341 texatur,
2453 4279 2593 4348 quod
2633 4294 2699 4333 ex
2726 4279 2977 4333 omnibus
3018 4280 3168 4335 libris
3201 4282 3395 4338 divinae
3420 4283 3497 4339 le-

1911 4371 1993 4442 gis
2017 4369 2245 4439 probare
2272 4368 2650 4438 possumusEt
2675 4369 2796 4424 ideo
2824 4384 2931 4425 non
2955 4385 3053 4440 per
3072 4370 3294 4425 Mariam
3328 4389 3491 4443 gene-

1914 4459 2141 4513 rationis
2162 4459 2333 4513 series
2374 4457 2665 4522 inducitur,
2703 4459 2797 4513 sed
2828 4472 2927 4529 per
2960 4459 3176 4531 Ioseph,
3208 4472 3265 4515 ut
3296 4463 3495 4519 idioma
3604 4486 3613 4491 ι

204 4566 331 4621 qua
376 4547 591 4619 templo
617 4547 909 4601 serviebat.
942 4564 965 4598 ι
1016 4545 1097 4600 Ex
1126 4560 1236 4615 quo
1281 4544 1600 4616 intelligitur
1634 4544 1809 4600 Lucas
1836 4545 1888 4606 D
1916 4549 2319 4620 Scripturarum
2366 4548 2419 4602 in
2460 4548 2724 4619 principio
2763 4563 2869 4603 non
2917 4550 3163 4606 violetur.
3191 4551 3391 4609 Deinde
3423 4569 3493 4610 ex

204 4650 426 4716 patrem
454 4638 663 4708 Ioseph
692 4652 800 4692 non
847 4652 877 4690 a
902 4649 1015 4707 quo
1039 4634 1276 4706 genitus,
1298 4636 1401 4689 sed
1438 4650 1469 4688 a
1497 4649 1605 4703 quo
1633 4634 1811 4691 fuerat

204 4735 511 4803 adoptatus
553 4731 608 4783 in
641 4727 935 4798 Evangelia
960 4742 1060 4783 suo
1087 4727 1411 4797 suscepisse,
1441 4724 1595 4794 cujus
1618 4741 1811 4799 proge-

208 4826 424 4879 nitores
468 4836 700 4878 sursum
746 4834 941 4875 versus
986 4826 1474 4879 commemoraret.
1521 4819 1694 4873 donec
1741 4819 1811 4874 ad

211 4916 388 4973 David
413 4917 617 4973 exiret.
648 4914 821 4982 Quem
849 4914 1013 4986 igitur
1031 4913 1368 4984 probabilius
1395 4914 1704 4984 adoptantis
1733 4922 1811 4971 te-

209 5011 403 5064 nuisse
430 5005 730 5074 originem,
758 5020 921 5076 quam
955 5018 1080 5059 eum
1109 5004 1201 5075 qui
1235 5004 1409 5059 noluit
1432 5002 1632 5073 Ioseph
1660 5004 1812 5076 geni-

208 5109 330 5155 tum
359 5103 554 5157 dicere
580 5102 654 5157 ab
694 5099 790 5155 illo
820 5098 978 5169 cujus
1012 5113 1137 5153 eum
1170 5112 1299 5153 esse
1319 5094 1488 5150 ﬁlium
1525 5095 1815 5151 narrabat?

208 5190 578 5248 Commodius
606 5192 753 5247 enim
778 5190 930 5246 illius
958 5188 1078 5258 ejus
1097 5189 1273 5245 dictus
1303 5195 1409 5254 est,
1440 5202 1473 5242 a
1501 5201 1608 5257 quo
1637 5186 1816 5245 fuerat

213 5288 541 5357 adoptatus,
570 5298 735 5355 quam
761 5285 809 5341 si
830 5285 1108 5341 diceretur
1127 5286 1197 5341 ab
1218 5300 1286 5341 eo
1306 5286 1541 5356 genitus,
1568 5286 1635 5341 de
1665 5283 1818 5355 cujus

218 5394 388 5435 carne
422 5394 535 5435 non
562 5386 686 5433 erat
714 5385 894 5434 natus.
926 5377 1061 5433 Nam
1094 5377 1377 5434 Mattheus
1402 5378 1626 5435 dicens:
1651 5379 1819 5435 Abro-

220 5474 342 5527 boat
367 5473 555 5544 genuit
582 5472 701 5544 α)
737 5470 914 5538 Isaac,
945 5480 1107 5542 atque
1135 5472 1209 5526 ita
1238 5472 1293 5526 in
1320 5472 1427 5527 hoc
1448 5471 1638 5538 verba,
1675 5472 1818 5542 quod

220 5574 307 5619 est
328 5566 536 5635 genuit,
560 5564 883 5634 perdamus,
910 5564 1085 5619 donec
1108 5565 1163 5619 in
1191 5563 1384 5619 ultimo
1407 5563 1629 5630 diceret,
1651 5564 1816 5619 Iacob

223 5667 402 5710 ωεηι
424 5656 610 5727 genuit
629 5653 847 5725 Ioseph,
873 5656 1011 5710 satis
1038 5655 1322 5727 expressit
1361 5655 1430 5710 ad
1455 5671 1581 5712 eum
1605 5664 1816 5727 patum

222 5759 445 5819 oetnpa
467 5744 693 5802 duxisse
725 5748 970 5803 ordinem
996 5747 1395 5818 generantium,
1427 5763 1455 5802 a
1484 5760 1591 5818 quo
1617 5748 1817 5820 Ioseph

1913 4658 2022 4701 una
2048 4641 2189 4697 tribu
2220 4640 2416 4711 Ioseph
2461 4649 2516 4696 et
2542 4640 2762 4695 Mariam
2810 4641 2977 4699 fuisse
3020 4646 3330 4713 probamus,
3356 4649 3497 4705 unde

1914 4745 1970 4791 et
1998 4743 2269 4806 praecepto
2308 4734 2439 4804 legis
2465 4747 2584 4788 eam
2629 4734 2783 4803 quasi
2817 4735 3175 4805 propinquam
3192 4740 3499 4810 cogebatur

1918 4828 2184 4897 accipere,
2216 4841 2282 4880 ne
2304 4839 2363 4881 se
2399 4826 2572 4880 tribus
2595 4826 2645 4879 in
2671 4825 2832 4879 aliam
2853 4827 3228 4884 commisceret
3259 4831 3492 4899 tribum;

1917 4920 2011 4976 sed
2047 4919 2414 4988 unusquisque
2438 4918 2505 4973 de
2528 4934 2625 4973 sua
2648 4919 2789 4973 tribu
2813 4919 3050 4990 legitime
3083 4921 3185 4977 sibi
3224 4924 3499 4993 acciperet

1918 5026 2164 5067 uxorem.
2195 5010 2263 5066 Et
2292 5011 2413 5066 ideo
2446 5025 2567 5065 cum
2614 5013 2903 5083 descriptio
2944 5015 3116 5084 prima
3140 5015 3363 5071 Romani
3397 5018 3499 5073 im-

1917 5104 2053 5174 perii
2079 5102 2406 5167 celebratur,
2434 5111 2493 5157 ut
2518 5103 2712 5175 singuli
2739 5105 2793 5159 in
2840 5121 2991 5161 suam
3015 5108 3397 5178 proﬁterentur
3419 5111 3499 5167 ci-

1918 5196 2163 5262 vitatem,
2200 5193 2397 5264 Ioseph
2438 5203 2493 5251 et
2538 5194 2727 5262 Maria,
2759 5212 2864 5252 non
2906 5198 3077 5255 solum
3104 5200 3259 5268 quasi
3298 5200 3366 5264 de
3386 5216 3493 5260 una

1915 5288 2086 5352 tribu,
2106 5300 2295 5341 verum
2313 5287 2477 5341 etiam
2497 5286 2643 5342 velut
2661 5288 2729 5343 de
2748 5304 2852 5343 una
2878 5290 3318 5361 stirpegenerati,
3338 5295 3499 5351 simul

1921 5378 1977 5433 in
2000 5376 2274 5432 Bethleem
2304 5387 2595 5432 censentur
2629 5380 2864 5435 nomine.
2906 5380 3029 5444 Ubi,
3058 5382 3102 5433 si
3129 5396 3235 5435 non
3262 5386 3405 5440 esset
3431 5385 3499 5441 tle

1922 5484 2030 5524 una
2058 5469 2200 5524 tribu
2230 5483 2293 5523 ac
2319 5470 2387 5525 de
2425 5469 2615 5524 eadem
2642 5471 2891 5534 civitate,
2936 5485 3049 5524 non
3078 5472 3371 5542 diceretur,
3396 5476 3494 5531 Ατο-

1920 5561 2091 5615 cendit
2139 5568 2312 5615 autem
2357 5570 2405 5615 et
2439 5561 2634 5631 Ioseph
2676 5578 2707 5613 a
2734 5559 2956 5616 Catum:
2985 5563 3050 5617 de
3073 5565 3279 5622 civitate
3310 5567 3497 5623 IllamL

1896 5654 2032 5708 "roth
2078 5655 2133 5707 in
2159 5653 2405 5708 Indicam
2449 5654 2707 5707 civitatem
2750 5652 2941 5717 David,
2987 5668 3106 5727 qua!
3151 5669 3365 5714 vocatur
3391 5658 3498 5715 Bc.

1920 5745 2125 5810 thleem,
2164 5762 2222 5800 eo
2267 5746 2406 5815 quod
2434 5757 2562 5800 esse!
2589 5747 2653 5801 de
2696 5748 2851 5804 domo
2892 5769 2953 5806 ac
2993 5752 3196 5822 familia
3218 5752 3409 5820 David,
3441 5768 3496 5824 η
