4032 6358
526 277 595 332 το
1092 227 1099 234 ’
1360 270 1419 328 s.
1458 264 1816 327 PASCHASI!
1853 262 2201 322 RADBERTI
2241 263 2536 322 ABBATIS
2571 264 3032 325 commensus
3748 270 3821 325 so

521 391 858 467 proﬁteretur
905 401 1026 444 eum
1057 399 1223 440 uxore
1258 401 1355 439 sua
1398 385 1714 454 desponsata
1761 381 1912 461 (Luq.
1941 397 2002 446 ιι,
2033 380 2110 453 4).
2140 381 2194 444 Α
2218 381 2345 436 tatis
2369 375 2632 450 originem
2661 381 2970 447 deduxisse,
3015 380 3161 452 quod
3205 393 3308 438 nec
3353 383 3693 441 sacerdotale
3728 402 3822 459 ge-

523 485 684 554 Quia.
729 483 873 538 sicut
920 478 1169 549 legimus,
1217 476 1412 548 singuli
1451 475 1602 531 ibant
1627 483 1687 529 ut
1727 474 2112 544 proﬁterentur

522 577 581 633 in
605 589 761 632 suam
791 571 1088 628 civitatem.
1110 567 1265 634 Quod
1288 569 1333 623 si
1365 566 1586 638 singuli,
1613 575 1668 622 et
1690 565 1860 622 Maria
1886 575 2016 622 tunc
2039 567 2108 622 ad

521 683 676 726 suam
738 663 1059 721 conscendit
1107 661 1294 730 utique
1342 659 1639 723 civitatem,
1685 669 1745 713 ut
1769 657 1991 729 Joseph,
2019 657 2111 729 qui

521 767 640 814 erat
689 756 806 826 ejus
853 767 1084 825 sponsus
1111 793 1128 817 ,
1178 751 1377 806 ibidem
1431 764 1554 805 cum
1599 749 1712 819 ipsa
1746 748 2109 820 proﬁteretur.

519 850 655 907 Nam
687 859 741 904 et
783 863 944 917 supra
975 845 1370 915 Prophetarum
1413 841 1650 897 oraculis
1701 843 1834 898 satis
1876 841 2116 895 ostendi-

520 957 645 998 mus
672 940 950 996 Christum
984 937 1049 992 de
1096 935 1304 990 semine
1349 933 1518 989 David
1550 942 1864 989 venturum.
1901 933 1977 987 Ex
2005 947 2112 1003 quo

516 1033 810 1106 probamus
853 1030 1138 1084 evidenter
1176 1027 1399 1081 Mariam
1443 1027 1508 1081 de
1530 1025 1648 1095 ejus
1693 1026 1860 1096 stirpe
1888 1026 2112 1080 descen-

518 1127 682 1182 disse.
719 1125 871 1181 Unde
899 1131 953 1178 ct
979 1122 1270 1193 specialius
1297 1137 1393 1192 per
1434 1123 1756 1192 prophetam
1787 1121 1967 1175 domui
2012 1121 2117 1175 Da-

517 1214 606 1269 vid
636 1215 835 1270 dicitur
869 1233 882 1267 :
918 1213 1110 1266 Audite
1137 1213 1335 1282 itaque,
1383 1211 1568 1264 domus
1618 1211 1814 1273 David,
1841 1212 1966 1280 quia
1998 1227 2114 1264 mo-

494 1299 632 1367 L’esti
671 1311 792 1364 estis
836 1309 965 1373 Deo,
1005 1316 1279 1377 propterea
1314 1307 1422 1375 ipse
1479 1305 1733 1360 Dominus
1782 1305 1926 1357 dabit
1975 1304 2114 1358 vobis

499 1401 747 1475 ‘signum.
801 1400 937 1454 Ecce
993 1399 1137 1469 virgo
1185 1397 1436 1452 concipiet
1481 1406 1527 1449 et
1567 1396 1730 1466 pariet
1759 1393 1930 1464 ﬁlium
1976 1394 2109 1464 (Isa.

521 1508 625 1560 vn,
653 1492 762 1563 l5).
786 1492 864 1546 Ac
885 1491 928 1546 si
952 1490 1154 1544 diceret
1177 1503 1192 1542 :
1211 1487 1374 1542 Vobis
1397 1486 1612 1558 quidem
1637 1485 1852 1540 dabitur
1873 1485 2112 1550 omnino,

517 1585 645 1656 quia
693 1585 758 1639 de
795 1583 970 1646 vobis,
1005 1589 1061 1636 et
1102 1581 1154 1636 in
1196 1579 1371 1644 vobis,
1414 1594 1477 1633 ac
1516 1594 1614 1649 pro
1656 1578 1810 1632 vobis
1848 1577 1969 1632 erit.
2014 1576 2114 1632 Ubi

517 1674 834 1738 notandum,
886 1673 1028 1744 quod
1078 1680 1133 1725 et
1173 1670 1449 1741 Virginem
1499 1668 1805 1738 proﬁtetur,
1856 1683 1924 1722 ne
1975 1666 2114 1722 forte

2218 491 2320 530 nus
2363 475 2510 544 ejus,
2545 473 2686 530 Luca
2729 474 3070 540 insinuante,
3109 481 3360 541 tacetur,
3405 479 3548 547 quod
3584 491 3821 550 cognata

2215 564 2332 634 ejus
2357 574 2500 621 esset
2545 564 2846 628 Elisabeth,
2886 580 3047 634 quam
3085 565 3219 621 dicit
3264 567 3331 622 de
3372 566 3586 622 ﬁliabus
3632 571 3820 627 Aaron

2216 655 2403 712 fuisse.
2438 655 2588 712 Unde
2619 671 2716 710 nos
2745 670 2965 711 carnem
3001 655 3203 712 Christi
3245 658 3312 712 de
3343 670 3577 729 utroque
3615 675 3824 730 genere

2215 756 2568 820 propagatam
2614 748 2838 804 minime
2886 749 3241 816 dubitamus;
3273 765 3462 820 regum
3520 751 3737 808 scilicet
3768 763 3826 811 et

2217 843 2581 896 sacerdotum.
2612 840 2672 896 ln
2721 840 2919 911 quibus
2968 841 3216 910 personis
3267 841 3410 912 apud
3436 841 3586 896 illum
3639 857 3821 914 p0pn-

2215 935 2326 990 lum
2351 934 2698 989 Hebraiorum
2722 933 2886 987 etiam
2928 932 3158 1003 mystica
3185 932 3388 988 Christi
3419 934 3601 989 unctio
3625 933 3824 1006 ﬁgura-

2215 1023 2398 1088 batur,
2434 1023 2576 1092 quod
2614 1021 2830 1077 futurus
2859 1031 2975 1077 erat
3005 1023 3058 1078 in
3095 1038 3203 1093 quo
3234 1023 3392 1077 simul
3423 1024 3622 1095 regalis
3641 1034 3698 1078 et
3724 1041 3821 1080 sa-

2217 1110 2505 1167 cerdotalis
2535 1113 2668 1165 ordo
2711 1115 2809 1181 per
2855 1126 3022 1166 unum
3069 1111 3432 1181 eumdeinque
3460 1113 3822 1171 inediatorem

2217 1203 2312 1258 Dei
2342 1210 2398 1256 et
2435 1202 2715 1256 hominum
2758 1202 2954 1258 melius
2994 1203 3330 1274 impleretur,
3362 1203 3570 1270 Virum,
3609 1205 3815 1276 inquit,

2217 1291 2410 1347 Maria:
2429 1293 2494 1346 de
2536 1309 2640 1363 qua
2673 1305 2828 1346 natus
2857 1303 2932 1346 est
2960 1291 3223 1348 Christus.
3257 1292 3487 1349 Pulchre
3515 1294 3725 1366 itaque,
3753 1298 3823 1354 de

2215 1401 2318 1456 quo
2343 1391 2504 1438 natus
2524 1393 2628 1450 est,
2657 1393 2712 1438 et
2741 1399 2873 1448 non,
2905 1383 2971 1438 de
2998 1385 3187 1456 quibus
3220 1385 3379 1449 dixit,
3414 1385 3540 1455 quia
3568 1387 3688 1442 sine
3713 1388 3820 1444 viri

2216 1476 2360 1531 coitu
2386 1475 2583 1545 ubique
2612 1484 2904 1546 generatus
2945 1473 3012 1530 de
3041 1474 3208 1530 Maria
3235 1477 3582 1546 praedicatur.
3609 1473 3822 1544 Quibus

2215 1566 2290 1622 ita
2321 1567 2586 1631 decursis,
2628 1582 2815 1622 rursus
2849 1568 3182 1638 evangelista
3211 1570 3264 1622 in
3311 1567 3418 1622 ﬁne
3444 1568 3822 1624 concludendo

2215 1658 2442 1728 mystice
2454 1666 2702 1712 cunctam
2725 1657 2824 1713 sub
2847 1672 3072 1712 numero
3085 1658 3452 1729 genealogiam
3470 1659 3819 1730 recapitulat.

516 1765 891 1822 existimemus
918 1803 932 1826 ,
980 1762 1120 1816 sicut
1159 1759 1401 1815 nonnulli
1440 1759 1841 1823 hazreticorum,
1883 1772 2006 1812 cum
2031 1758 2113 1810 vi-
2141 1747 2187 1808 B
2285 1749 2582 1814 Abraham,
2638 1750 2848 1819 inquit,
2902 1766 3066 1821 usque
3107 1751 3176 1803 ad
3222 1750 3395 1804 David
3452 1752 3821 1820 generationes

515 1869 637 1912 rum
666 1853 947 1914 audimus,
995 1850 1272 1906 Christum
1312 1851 1378 1903 de
1407 1848 1605 1920 Joseph
1649 1849 1852 1904 semine
1883 1862 2108 1916 genera-

515 1950 652 1998 tum.
681 1940 867 1995 Virum
899 1949 1078 1994 autem
1119 1953 1246 1992 eum
1300 1937 1481 1992 Mariae
1529 1953 1626 1992 cur
1681 1939 1900 2002 dixerit,
1949 1937 2108 2007 paulo

513 2042 640 2106 post
668 2036 908 2104 apertius
936 2030 1351 2085 monstrabitur.
1399 2029 1579 2100 Neque
1605 2031 1748 2085 enim
1787 2029 1870 2084 fas
1901 2039 2021 2084 erat
2049 2039 2111 2085 ut

514 2123 586 2179 ob
617 2124 719 2178 hoc
747 2138 870 2177 eum
903 2136 933 2175 a
972 2119 1226 2191 conjugio
1266 2119 1448 2174 Maria:
1476 2120 1836 2190 separandum
1866 2129 2102 2190 putaret,

513 2213 660 2284 quod
688 2229 795 2268 non
811 2227 879 2266 ex
902 2211 1020 2282 ejus
1041 2211 1354 2275 concubitu,
1387 2212 1483 2265 sed
1517 2211 1678 2282 Virgo
1709 2210 1987 2266 Christum
2013 2227 2104 2282 pe-

512 2307 676 2378 perit.
707 2305 818 2361 Hoc
863 2306 1007 2360 enim
1048 2304 1299 2374 exemplo
1331 2303 1618 2374 magniﬁce
1639 2303 1946 2357 insinuatur
1974 2302 2106 2358 lide-

515 2397 661 2454 libus
684 2395 1008 2468 conjugatis,
1039 2397 1206 2451 etiam
1257 2405 1470 2450 servata
1496 2397 1612 2466 pari
1639 2411 1906 2451 consensu
1934 2395 2108 2450 conti-

511 2490 720 2554 nentia,
768 2505 928 2560 posse
975 2503 1298 2558 permanere
1325 2486 1742 2557 conjugiumque
1769 2488 1973 2549 vocari,
1999 2503 2105 2541 non

511 2581 778 2652 permisto
806 2579 1050 2650 corporis
1071 2594 1226 2642 sexu,
1256 2577 1350 2632 sed
1369 2577 1639 2632 custodito
1659 2577 1855 2631 mentis
1889 2575 2104 2631 aﬁ‘ectu.

511 2667 698 2739 Neque
723 2669 865 2723 enim
897 2677 1181 2740 pr0pterea
1228 2683 1333 2722 non
1376 2678 1494 2722 erat
1525 2665 1876 2737 appellandus
1904 2665 2103 2736 Joseph

510 2768 669 2832 pater
692 2759 916 2824 Christi,
939 2760 1063 2829 quia
1089 2775 1196 2813 non
1221 2774 1343 2813 eum
1369 2757 1784 2814 concumbendo
1809 2765 2100 2828 genuerat;

510 2852 948 2924 quattdoquidem
996 2861 1142 2908 recte
1184 2863 1340 2921 pater
1377 2860 1522 2907 esset
1560 2851 1726 2905 etiam
1757 2848 1895 2918 ejus,
1917 2863 2102 2920 quem,

509 2958 620 2999 non
644 2958 707 2997 ex
734 2956 829 2996 sua
849 2938 1075 3011 conjuge
1094 2949 1461 3010 procreatum,
1486 2941 1586 2995 sibi
1611 2939 1829 2994 aliunde
1851 2939 2106 3010 adoptas-

512 3041 616 3088 set.
659 3030 812 3086 Nunc
858 3039 1039 3086 autem
1080 3031 1190 3103 62
1232 3032 1358 3100 quia
1399 3046 1464 3085 ex
1486 3047 1582 3086 sua
1608 3047 1806 3102 sponsa
1835 3031 2102 3096 nascitur,

2211 1840 2320 1913 63
2341 1842 2769 1910 quatuordecim;
2794 1852 2841 1896 et
2869 1860 2901 1896 a
2923 1842 3096 1897 David
3118 1859 3281 1914 usque
3301 1843 3370 1896 ad
3393 1845 3823 1915 transmigratio-

2212 1948 2328 1986 nem
2401 1930 2688 2002 Babylonis
2742 1935 3100 2004 generationes
3177 1936 3615 2003 quatuordecim;
3664 1946 3714 1991 et
3781 1953 3821 1991 tt

2209 2025 2670 2093 transmigratione
2711 2023 2996 2094 Babylonis
3041 2042 3204 2096 usque
3251 2026 3321 2079 ad
3351 2024 3617 2081 Christum
3655 2044 3819 2098 gene-

2211 2113 2437 2168 rationes
2468 2113 2883 2184 quatuordecim.
2918 2114 2974 2168 In
3018 2130 3124 2184 qua
3153 2115 3409 2171 nimirum
3436 2117 3813 2184 distinctione,

2211 2203 2316 2258 tria
2345 2204 2410 2258 ad
2439 2203 2714 2259 Christum
2742 2205 3092 2260 declarantur
3131 2215 3374 2278 tempora
3419 2211 3766 2266 concurrisse
3795 2227 3813 2278 ;

2210 2295 2416 2352 scilicet
2455 2304 2581 2351 ante
2608 2295 2804 2367 legem,
2842 2297 2943 2352 sub
2969 2313 3076 2368 quo
3116 2307 3364 2354 versatus
3397 2308 3484 2354 est
3510 2298 3814 2370 Abraham,

2209 2387 2456 2444 naturale
2480 2403 2704 2444 servans
2732 2404 2800 2443 ex
2841 2389 3130 2444 devotione
3173 2390 3486 2445 mandatum
3523 2401 3687 2461 :post
3731 2391 3816 2449 le-

2208 2497 2329 2554 gem
2349 2523 2362 2547 ,
2389 2497 2512 2538 cum
2551 2480 2722 2537 Judaei
2765 2483 3184 2553 prtevaricantes
3226 2483 3280 2537 in
3313 2483 3678 2554 captivitatem
3710 2484 3816 2539 du-

2209 2583 2404 2630 cuntur
2441 2593 2455 2630 :
2493 2583 2617 2645 post
2657 2576 2910 2645 gratiam,
2954 2591 3052 2645 per
3088 2591 3251 2647 quam
3289 2591 3482 2632 omnes
3523 2576 3590 2631 de
3615 2567 3813 2634 eadem

2209 2666 2406 2722 misera
2436 2667 2726 2738 Babylonis
2761 2667 3074 2737 captivitate
3104 2668 3408 2723 solvuntur.
3447 2668 3515 2724 Et
3544 2669 3600 2723 in
3634 2668 3818 2724 omni-

2207 2761 2309 2816 bus
2333 2761 2450 2816 istis
2471 2761 2805 2830 temporibus
2828 2771 3202 2820 monstrantur
3221 2764 3275 2818 hi
3301 2763 3392 2832 qui
3425 2763 3493 2818 ad
3521 2762 3807 2819 Christum

2206 2853 2452 2918 veniunt,
2507 2852 2851 2908 manifestius
2879 2853 3152 2926 designari
3182 2869 3198 2909 :
3234 2855 3378 2924 quod
3424 2855 3583 2937 aliter
3624 2870 3722 2925 per
3743 2854 3813 2910 ﬁ-

2209 2943 2332 2998 dem
2365 2951 2574 3000 tantum
2603 2944 2656 3000 in
2690 2945 2989 3014 primordio
3027 2947 3201 3001 renati
3230 2945 3622 3015 justiﬁcantur,
3649 2947 3812 3003 aliter

2209 3043 2389 3089 autem
2426 3035 2722 3090 secundum
2771 3035 3054 3092 electionis
3082 3038 3336 3108 gratiam,
3363 3039 3455 3110 qui
3492 3054 3523 3094 a
3551 3038 3718 3093 David
3747 3039 3811 3095 in

510 3123 602 3194 qui
637 3122 707 3176 ab
733 3121 987 3177 omnibus
1017 3121 1159 3175 ﬁlius
1190 3122 1503 3192 putabatur,
1554 3131 1700 3177 recte
1725 3123 1811 3176 vir
1836 3123 2024 3177 uxoris
2042 3131 2099 3178 et
2127 3123 2173 3186 C
2205 3125 2577 3198 Babyloniam,
2620 3126 2874 3182 videlicet
2926 3129 2978 3183 in
3029 3122 3406 3195 tentationem,
3462 3129 3750 3186 mittuntur
3787 3147 3804 3184 :

511 3221 668 3284 pater
713 3211 806 3268 ﬁlii
865 3221 1224 3282 nuncupatur.
1264 3211 1566 3266 Putabatur
1595 3212 1813 3281 quidem
1851 3211 2101 3266 Christus

512 3305 658 3361 ﬁlius
679 3304 901 3376 Ioseph,
931 3313 1186 3374 tanquam
1211 3320 1278 3360 ex
1301 3305 1419 3376 ejus
1450 3321 1617 3360 carne
1647 3305 1881 3376 genitus,
1909 3306 2004 3360 sed
2032 3307 2101 3361 ab

510 3396 599 3451 his
627 3412 763 3467 quos
791 3395 973 3450 Maria:
1018 3394 1221 3449 latebat
1259 3395 1558 3466 virginitas.
1609 3395 1743 3449 Nam
1785 3394 1960 3450 Lucas
1985 3395 2098 3448 ait:

509 3487 579 3542 Et
611 3489 718 3560 ipse
761 3489 916 3543 Iesus
945 3495 1058 3541 erat
1086 3486 1338 3554 incipiens
1377 3487 1532 3557 quasi
1562 3503 1822 3540 annorum
1853 3487 2068 3556 triginta
2087 3527 2101 3551 ,

509 3588 567 3633 stt
601 3579 903 3648 putabatur,
930 3577 1075 3648 ﬁlius
1099 3576 1295 3647 Joseplt
1317 3576 1470 3648 (Luc.
1499 3593 1584 3642 ιιι,
1605 3577 1721 3648 25).
1751 3577 1926 3647 Atque
1953 3577 2099 3642 alibi,

508 3668 702 3735 Erant,
724 3670 918 3741 inquit,
957 3681 1107 3741 pater
1131 3671 1246 3741 ejus
1272 3683 1320 3726 et
1350 3682 1518 3726 mater
1540 3674 1796 3725 mirantes
1835 3688 1995 3740 super
2021 3673 2102 3726 Itis

506 3777 625 3833 qua:
658 3761 970 3815 dicebantur
987 3761 1052 3815 de
1069 3761 1159 3814 illo
1183 3760 1337 3832 (Luc.
1371 3778 1434 3824 ιι,
1467 3761 1581 3831 55).
1606 3761 1740 3816 Cum
1766 3761 1930 3832 igitur
1956 3771 2104 3817 recte

509 3853 748 3923 putative
782 3860 938 3921 pater
966 3852 1286 3921 appelletur,
1321 3853 1448 3922 quid
1478 3854 1674 3906 mirum
1701 3853 1745 3907 si
1771 3868 1894 3907 eum
1923 3853 2102 3906 virum

512 3942 698 3998 Maria:
737 3951 884 3998 recte
911 3942 1234 4014 appellatum
1290 3943 1520 3998 dicimus
1568 3943 1686 3999 sine
1728 3944 2104 3999 commistione

509 4035 734 4090 carnis?
764 4035 928 4089 Multo
971 4035 1153 4106 itaque
1191 4034 1535 4104 conjunctius
1556 4045 1714 4107 pater
1743 4034 1944 4091 Christi
1971 4036 2105 4092 dici-

509 4136 621 4192 tur,
649 4125 776 4197 quia
804 4142 870 4182 ex
902 4125 1020 4194 ejus
1068 4125 1298 4196 conjuge
1327 4127 1592 4191 nascitur,
1619 4143 1784 4197 quam
1810 4126 1856 4181 si
1886 4125 2103 4183 aliunde

507 4218 563 4273 in
593 4217 761 4274 ﬁlium
789 4218 1162 4288 adoptaretur.
1189 4219 1257 4273 Et
1286 4219 1408 4274 ideo
1430 4219 1576 4288 quod
1600 4219 1731 4276 dicit
1767 4221 2101 4292 evangelista

507 4309 635 4380 quia
681 4311 976 4379 putabatur
1034 4309 1175 4366 ﬁlius
1222 4309 1448 4381 Josepb,
1503 4321 1720 4382 propter
1773 4313 1893 4368 illos
1918 4314 2105 4383 utique

509 4409 723 4457 constat
741 4403 960 4468 dixisse,
992 4402 1085 4472 qui
1108 4419 1233 4458 eum
1277 4419 1340 4458 ex
1370 4402 1592 4473 Josepb,
1630 4404 1770 4460 sicut
1804 4405 1894 4459 alii
1933 4406 2105 4460 homi-

510 4512 609 4551 nes
643 4507 963 4561 nascuntur,
999 4507 1188 4552 natum
1236 4498 1662 4553 arbitrabantur.
1708 4501 1788 4555 Ac
1815 4517 1913 4570 per
1955 4501 2058 4556 hoc
2082 4542 2096 4568 ,
2126 4473 2179 4534 θ

508 4587 752 4657 inquam,
775 4589 820 4643 si
846 4591 1018 4659 possit
1038 4591 1233 4661 aliquis
1255 4591 1650 4658 demonstrare,
1672 4593 1815 4662 quod
1837 4607 1968 4648 sane
1989 4608 2097 4648 non

508 4686 711 4749 potest,
759 4677 985 4734 Mariam
1023 4696 1090 4736 ex
1140 4680 1309 4736 David
1355 4681 1557 4737 nullam
1613 4684 2100 4756 consanguinitatis

507 4769 773 4839 originem
801 4769 1018 4835 ducere,
1061 4771 1195 4826 satis
1227 4780 1376 4838 erat,
1405 4772 1700 4828 secundum
1747 4774 1906 4829 istam
1937 4775 2099 4831 ratio-

509 4879 654 4929 nem,
684 4862 958 4920 Christum
1002 4863 1170 4919 ﬁlium
1218 4864 1386 4920 David
1423 4866 1690 4937 accipere.
1728 4882 1850 4922 cum
1898 4866 2095 4939 .loseph

504 4957 683 5012 virum
737 4954 936 5020 Maritc,
969 4965 1024 5012 et
1051 4965 1262 5027 patrem
1305 4957 1622 5021 Salvatoris,
1653 4966 1714 5012 ut
1756 4958 2098 5028 praemissum

503 5058 609 5114 est,
663 5058 815 5106 recte
853 5049 1238 5120 intelligamus.
1297 5050 1513 5118 Quanto
1548 5051 1719 5122 magis
1765 5067 1926 5116 nunc,
1974 5067 2098 5106 cum

504 5142 893 5225 prophetarum
933 5142 1147 5212 eloquia
1180 5151 1236 5196 et
1264 5141 1638 5210 Evangelium,
1676 5141 1860 5195 multis
1885 5142 1938 5194 in
1968 5141 2102 5196 locis

503 5231 573 5286 de
618 5233 785 5289 David
822 5250 945 5290 cum
990 5234 1160 5304 stirpe
1211 5241 1526 5288 asseverant
1563 5232 1917 5304 generatum?
1948 5230 2101 5287 Unde

501 5329 562 5377 et
588 5321 788 5380 Paulus
815 5325 1090 5395 apostolus
1114 5341 1129 5378 :
1163 5322 1501 5395 Segregatum
1527 5339 1588 5379 se
1620 5324 1747 5376 dicit
1773 5324 1828 5377 in
1862 5321 2099 5394 Evange-

511 5415 644 5470 littm
671 5415 791 5482 Dei,
815 5420 955 5490 quod
993 5429 1114 5475 ante
1155 5419 1470 5490 promiserat
1503 5417 1558 5468 in
1587 5413 1878 5483 Scripturis
1903 5417 2098 5470 sanctis

510 5505 578 5562 ds
601 5505 742 5562 Filio
770 5525 884 5572 suo,
907 5511 996 5580 qui
1019 5511 1192 5579 factus
1227 5520 1302 5565 est
1330 5510 1378 5564 ei
1406 5524 1471 5562 ea:
1507 5506 1700 5562 semine
1723 5505 1890 5560 David
1915 5523 2102 5561 secun-

512 5599 640 5654 dum
679 5617 892 5656 carnem
929 5600 1108 5674 (Rom.
1141 5620 1178 5667 ι,
1217 5604 1293 5675 1).
1330 5601 1540 5658 Idcirco
1583 5599 1833 5656 dubitare
1881 5600 2102 5655 omnino

509 5707 618 5748 non
642 5691 902 5748 debemus
931 5693 1152 5750 Mariam
1195 5695 1260 5752 de
1307 5695 1474 5751 David
1515 5693 1688 5761 stirpe
1715 5692 2102 5762 consanguini-

2206 3221 2414 3292 ipsique
2444 3236 2633 3276 rursus
2678 3222 2744 3276 de
2788 3222 2904 3292 ipsa
2955 3225 3254 3281 tentatione
3308 3224 3520 3296 probati
3549 3227 3614 3281 ad
3638 3239 3808 3280 coro-

2203 3311 2440 3364 nandum
2484 3318 2604 3379 post
2651 3311 2952 3367 certamina
2978 3353 2993 3376 ,
3034 3315 3182 3369 velut
3213 3316 3468 3382 victores,
3515 3331 3686 3385 usque
3733 3317 3812 3372 ad

2204 3399 2474 3455 Christum
2517 3402 2838 3458 ascendunt.
2897 3405 3029 3472 Quae
3075 3406 3351 3462 distinctio
3384 3423 3540 3477 atquo
3570 3407 3816 3476 partitur

2204 3507 2452 3557 numero,
2481 3501 2538 3546 ut
2567 3509 2668 3563 per
2693 3493 2934 3565 singulas
2955 3506 3141 3566 partes
3171 3499 3253 3554 bis
3291 3507 3498 3568 septem
3524 3499 3817 3554 invenian-

2205 3590 2310 3638 tur.
2341 3582 2560 3640 Scilicet
2585 3587 2711 3655 quia
2745 3589 2920 3659 gratia
2963 3591 3132 3644 sancti
3179 3589 3414 3660 Spiritus
3447 3592 3501 3646 in
3559 3593 3810 3658 homine,

2203 3687 2426 3747 propter
2491 3689 2778 3750 utramque
2835 3682 3233 3748 substantiam,
3291 3691 3404 3738 tam
3470 3684 3813 3742 intrinsecus

2204 3785 2367 3842 quam
2395 3773 2756 3838 extrinsecus,
2805 3774 3131 3845 geminatur.
3176 3773 3386 3844 Quippe
3437 3775 3555 3846 qui,
3600 3776 3644 3830 si
3694 3791 3814 3832 non

2203 3870 2463 3932 utrasque
2493 3870 2675 3932 partes
2719 3865 2982 3935 possidet,
3027 3880 3370 3936 nequaquam
3399 3874 3547 3921 recte
3571 3865 3813 3924 dicimus

2205 3967 2328 4008 cum
2366 3955 2629 4024 propheta
2661 3973 2673 4008 :
2700 3953 2807 4010 Cor
2836 3972 3006 4010 meum
3038 3967 3087 4011 et
3117 3973 3240 4011 caro
3267 3974 3382 4012 mea
3409 3957 3811 4014 exsultaverunt

2204 4044 2260 4100 in
2282 4045 2451 4099 Deum
2484 4048 2648 4102 vivunt
2677 4046 2852 4118 (Psal.
2877 4063 3106 4114 Lxxxnt,
3139 4049 3217 4120 2).
3247 4049 3341 4106 Ille
3370 4050 3626 4105 nimirum
3656 4059 3811 4108 totus

2206 4136 2260 4191 itt
2311 4137 2480 4193 Deum
2529 4141 2786 4205 exsultat,
2836 4157 2996 4210 quem
3041 4143 3214 4211 gratia
3247 4143 3421 4198 sancti
3466 4141 3701 4213 Spiritus
3736 4144 3813 4200 ad

2204 4227 2424 4298 plenum
2457 4229 2664 4298 implet.
2704 4230 2784 4286 Ad
2811 4231 3027 4300 plenum
3061 4233 3225 4303 igitur
3265 4232 3534 4287 interdum
3566 4232 3814 4301 repletur

2203 4322 2454 4392 quisque,
2487 4323 2531 4376 si
2563 4323 2741 4376 anima
2770 4331 2826 4377 et
2849 4338 3017 4378 carne
3040 4325 3364 4396 pinguedine
3387 4338 3558 4378 sacrae
3587 4323 3810 4378 unctio-

2206 4411 2289 4466 nis
2312 4412 2511 4468 Christi
2545 4412 2750 4482 pariter
2792 4414 3094 4486 saginatur.
3133 4414 3287 4481 Quod
3332 4421 3516 4468 autem
3549 4422 3630 4468 ter
3661 4428 3808 4483 qutt-

2207 4501 2418 4556 terdeni
2448 4512 2908 4557 connumerantur
2932 4543 2948 4569 ,
2974 4517 3162 4556 verum
3206 4501 3486 4573 religionis
3515 4501 3719 4557 cultum
3736 4501 3810 4558 in

2205 4607 2331 4648 eum
2360 4592 2452 4662 qui
2508 4592 2578 4646 ad
2620 4593 2898 4648 Christum
2958 4593 3181 4649 festinat
3223 4592 3496 4648 dedicant.
3559 4593 3812 4660 Quatuor

2205 4683 2351 4738 enim
2383 4691 2439 4736 et
2459 4683 2668 4749 decem,
2689 4683 2819 4753 quid
2836 4684 2984 4738 aliud
3014 4699 3177 4752 quam
3215 4682 3381 4738 Vetus
3407 4692 3572 4752 atque
3592 4682 3810 4740 Novum

2207 4773 2341 4843 legis
2386 4770 2791 4827 Testamentum
2848 4772 3163 4827 insinuant?
3213 4771 3346 4838 Quia
3395 4772 3652 4827 nimirum
3711 4773 3812 4830 via

2205 4878 2328 4932 quae
2349 4863 2416 4917 ad
2443 4861 2716 4918 Christum
2748 4865 3033 4920 credentes
3057 4865 3272 4929 invitat,
3304 4879 3404 4934 per
3422 4863 3609 4918 decem
3633 4865 3812 4922 verba

2205 4955 2362 5026 legis,
2390 4965 2445 5010 et
2471 4966 2704 5026 quatuor
2729 4957 2880 5029 regni
2924 4957 3164 5013 ctelestis
3196 4956 3485 5026 Evangelia
3528 4955 3806 5025 praedica-

2205 5055 2312 5100 tur.
2355 5047 2430 5102 lta
2477 5058 2654 5104 tamen
2683 5091 2699 5115 ,
2735 5051 2781 5105 si
2816 5051 3080 5119 quidquid
3121 5051 3176 5105 in
3213 5050 3419 5105 eisdem
3454 5049 3613 5104 lineis
3664 5063 3810 5106 con-

2203 5141 2492 5206 scribitur;
2525 5141 2682 5211 quasi
2730 5141 2834 5198 hoc
2863 5142 2917 5196 in
2942 5141 3102 5197 nobis
3132 5140 3490 5210 triplicantes,
3518 5138 3806 5207 Triuitati,

2203 5233 2347 5302 quod
2405 5233 2546 5290 Deus
2594 5243 2698 5300 est,
2729 5249 2826 5305 per
2863 5235 3045 5289 omnia
3093 5247 3498 5290 consecremus.
3543 5231 3808 5302 Alioquin

2204 5334 2593 5398 pmoeptorum
2622 5327 2884 5396 perfectio
2916 5325 3141 5382 minime
3185 5325 3596 5394 adimpleretur,
3622 5323 3668 5378 si
3695 5322 3810 5381 hoc

2207 5418 2433 5488 quilibet
2478 5433 2705 5474 numero
2750 5419 2960 5475 colendi
2995 5420 3161 5474 Deum
3199 5418 3254 5472 in
3301 5417 3486 5488 aliquo
3514 5424 3804 5472 vacuatur.

2208 5509 2276 5566 Et
2302 5518 2363 5564 ut
2400 5511 2543 5565 hanc
2584 5525 2708 5566 esse
2743 5511 2887 5566 viam
2917 5509 3268 5582 perveniendi
3316 5509 3386 5564 ad
3414 5509 3650 5581 patriam
3684 5507 3810 5564 evi-

2209 5604 2422 5660 dentius
2448 5612 2741 5675 appareat,
2769 5613 2915 5660 totus
2938 5603 3028 5660 hic
3065 5617 3326 5658 numerus
3358 5601 3410 5656 in
3451 5615 3663 5657 summa
3689 5599 3810 5656 col.

2210 5695 2426 5761 ligatur,
2475 5706 2531 5750 ct
2581 5697 2938 5763 quadraginta
2982 5695 3090 5750 duo
3131 5695 3512 5758 generationes
3550 5689 3805 5751 veniunt.
