4032 6358
221 280 290 334 8t
321 307 327 310 -
1091 271 1456 333 EXPOSITIO
1491 274 1557 330 ΙΝ
1595 273 2034 332 ΜΔΤΊἮᾹΞΗΜ.
2074 304 2147 319 -ι-
2180 273 2308 332 LIB.
2347 277 2394 344 l,
2428 276 2584 333 CAP.
2624 277 2667 332 ι.
3437 279 3512 339 8!

224 400 348 470 Quo
374 408 608 454 numero
651 391 992 448 mansionum
1034 405 1196 447 verus
1221 390 1479 449 Hebraeus
1506 389 1805 464 proﬁcisei-
1832 393 1888 452 Α
1908 389 2167 446 virtutum
2222 392 2446 446 tramite
2479 390 2755 447 moraliter
2793 402 2981 447 castra
3031 403 3323 460 metentes,
3375 410 3505 466 pos-

227 502 321 549 tur
344 507 410 548 ex
432 487 705 560 Egypto;
747 493 806 540 ut
827 483 1153 555 quandoque
1177 489 1244 541 ad
1265 487 1497 557 patriam
1522 497 1642 560 post
1671 489 1821 546 laboo

230 598 356 642 rem
397 580 609 637 itineris
657 577 1013 646 ingrediatur.
1059 575 1232 644 Quam
1259 579 1492 650 patriam
1543 578 1822 636 Christum

232 676 326 731 diu
353 671 596 744 patribus
617 669 1006 740 repromissum
1027 669 1250 725 omnino
1280 669 1628 743 intelligimus
1656 691 1669 726 :
1697 676 1822 743 quia

231 765 339 840 σε
363 766 479 835 ipse
510 773 604 819 est
640 773 787 818 terra
836 761 924 816 illa
965 762 1287 827 viventium,
1328 762 1383 816 in
1414 779 1518 832 qua
1556 763 1824 834 Propheta

227 858 392 914 credit
413 872 477 911 se
492 857 643 911 bona
659 853 871 909 Domini
887 853 1070 908 videre
1086 851 1261 925 (Ptol.
1282 870 1431 920 xxvr,
1459 854 1545 927 19)
1563 873 1577 920 ;
1601 871 1666 911 eo
1683 857 1825 926 quod

227 955 334 1008 sint
353 952 401 1005 in
428 950 558 1020 ipso
578 963 774 1004 omnes
790 946 1031 1001 thesauri
1060 945 1335 1016 sapientia:
1360 956 1414 1000 et
1441 947 1680 1002 scientiae
1707 945 1821 1002 Dei.

228 1045 328 1098 Per
369 1044 474 1097 bas
504 1040 680 1112 igitur
728 1038 1038 1094 mansiones
1085 1039 1470 1109 generationes
1519 1039 1827 1106 Christi,ut

229 1137 482 1198 diximus,
514 1134 699 1190 currit
739 1147 901 1186 verus
935 1130 1217 1195 Hebraeus,
1255 1131 1345 1200 qui
1386 1132 1454 1186 de
1479 1140 1623 1185 terra
1653 1140 1827 1187 trans-

231 1229 307 1281 ire
331 1227 558 1282 festinat
595 1224 666 1278 ad
713 1223 946 1288 cmlum;
976 1233 1031 1277 et
1075 1221 1311 1294 IEgypto
1334 1223 1515 1278 saaculi
1545 1223 1824 1290 derelicta,

233 1329 425 1373 terram
459 1315 909 1387 repromissionis
937 1315 1253 1385 ingreditur.
1297 1313 1408 1369 Nec
1449 1315 1668 1380 mirmn,
1699 1315 1744 1370 si
1773 1316 1826 1370 in

229 1409 321 1464 illo
349 1409 565 1462 numeri
593 1414 942 1462 sacramento
968 1406 1348 1474 perveniamus
1371 1407 1437 1460 ad
1467 1421 1633 1476 regna
1665 1407 1830 1461 caelo-

232 1516 380 1563 rum,
403 1500 511 1554 sub
535 1513 638 1568 quo
670 1496 937 1551 Dominus
977 1506 1139 1566 atque
1185 1495 1438 1552 Salvator
1469 1513 1498 1552 a
1530 1499 1705 1568 primo
1731 1513 1828 1569 pa-

241 1592 510 1653 triarcha,
549 1590 627 1644 cui
664 1588 846 1643 fuerat
889 1589 1275 1659 repromissus,
1307 1575 1556 1660 pervenit
1597 1589 1664 1644 ad
1713 1589 1830 1644 Vir-

241 1685 434 1755 ginem,
472 1682 624 1752 quasi
669 1682 738 1736 ad
779 1679 1094 1746 Jordanem,
1144 1698 1264 1752 quae
1311 1682 1474 1752 pleno
1499 1683 1671 1739 ﬁuens
1698 1700 1828 1755 gur-

1923 483 2093 539 simus
2115 491 2324 539 vastam
2363 484 2618 540 vitiorum
2665 481 3010 562 solitudinem
3053 465 3410 554 pertransire,
3457 465 3533 544 et'

1924 576 1991 630 ad
2015 575 2290 632 Christum
2317 576 2490 644 ocius,
2523 577 2704 634 divina
2726 576 2954 645 juvaute
2981 577 3176 650 gratia,
3206 581 3514 650 pervenire.

1923 664 2028 722 Per
2052 668 2151 723 hos
2180 667 2345 739 igitur
2371 667 2562 722 Patres
2593 668 2661 722 ad
2708 676 2954 724 nostram
2988 667 3221 724 salutem
3269 668 3519 728 Christus

1882 792 1890 799 -
1926 756 1980 812 in
2035 757 2295 812 mundum
2343 757 2610 821 veniebat,
2644 767 2702 812 et
2732 759 2924 814 horum
2955 759 3197 814 omnium
3246 759 3300 814 in
3339 761 3519 832 seipse

1926 849 2148 919 gerebat
2172 847 2429 914 oﬁicium,
2459 857 2518 903 ut
2543 849 2738 904 horum
2765 850 3211 921 interpretatione
3238 851 3521 907 nominum

1926 947 2171 994 nostram
2226 940 2538 1012 designaret
2586 939 2834 995 salutem.
2875 939 3048 1008 Quam
3096 949 3244 997 recte
3291 941 3520 998 salutem

1927 1039 2250 1100 quterentes,
2290 1031 2524 1100 primum
2567 1047 2689 1102 cum
2731 1031 3007 1085 Abraham
3049 1032 3115 1086 de
3145 1033 3398 1088 incendio
3439 1033 3520 1087 vi-

1929 1123 2126 1178 tiorum
2152 1124 2304 1179 exire
2331 1139 2607 1189 curemus,
2629 1135 2685 1178 et
2714 1124 2779 1178 ad
2802 1123 3036 1193 patriam
3054 1125 3337 1188 virtutum,
3357 1140 3520 1194 quam

1929 1218 2072 1273 Deus
2110 1217 2269 1272 nobis
2297 1233 2395 1288 per
2431 1217 2781 1287 semetipsum
2829 1218 3177 1282 monstravit;
3213 1217 3520 1273 tendamus.

1933 1309 2035 1365 Ubi
2093 1309 2330 1379 primum
2375 1308 2528 1374 ﬁdes,
2557 1324 2678 1378 quae
2717 1325 2813 1378 per
2861 1307 3202 1362 dilectionem
3245 1317 3520 1378 operatur,

1930 1415 2156 1458 necesse
2180 1411 2264 1456 est
2303 1401 2669 1466 interveniat;
2701 1409 2760 1454 ut
2790 1416 2888 1472 per
2908 1401 3155 1455 eamdem
3190 1399 3371 1460 ﬁdem.
3395 1399 3522 1469 quia

1931 1511 2028 1565 per
2051 1510 2270 1549 carnem
2298 1494 2606 1563 nequimus,
2651 1493 2742 1547 filii
2770 1494 2939 1547 simus
2964 1492 3218 1557 Abrahm,
3259 1501 3526 1560 quatenus

1932 1583 2244 1640 colueredes
2301 1583 2420 1652 ejus
2473 1597 2594 1638 esse
2645 1591 2834 1652 postea
2883 1581 3179 1636 valeamus.
3249 1580 3525 1650 Scriptum

1933 1691 2166 1747 namque
2191 1672 2687 1746 lcgimus,Credidit
2710 1673 2976 1726 Abraham
3003 1671 3127 1736 Deo,
3154 1681 3200 1725 et
3230 1681 3527 1741 reputatum

228 1778 355 1848 gite,
382 1775 626 1844 Spiritus
671 1773 846 1829 sancti
893 1775 1067 1844 gratia
1108 1775 1462 1830 redundabat.
1515 1775 1652 1831 Nam
1696 1775 1832 1830 Mat-
1860 1767 1906 1828 B
1933 1780 2007 1824 est
2033 1771 2079 1824 ei
2108 1769 2178 1822 ad
2199 1768 2465 1839 justitiam
2493 1764 2663 1836 (Gen.
2706 1781 2796 1831 xv,
2832 1764 2919 1836 6).
2953 1763 3250 1820 Credamus
3295 1779 3424 1835 ergo
3472 1771 3530 1818 et

228 1869 398 1923 thzeus
447 1867 520 1921 ab
570 1867 855 1920 Abraham
899 1881 1056 1920 orsus
1104 1875 1186 1921 est
1244 1866 1636 1938 genealogiam,
1684 1867 1830 1923 velut

221 1958 463 2013 caelestis
514 1959 712 2030 patria:
759 1959 1071 2013 mansiones
1133 1969 1338 2022 texere,
1397 1967 1454 2013 et
1500 1961 1825 2024 numeravit,

222 2049 562 2118 quibuslibet
602 2050 987 2120 praetermissis
1010 2091 1024 2113 ,
1061 2051 1418 2120 quadraginta
1467 2051 1573 2105 duo
1599 2067 1828 2122 genera-

221 2141 420 2194 tiones.
456 2139 599 2207 Quae
643 2149 705 2194 ut
753 2140 976 2195 totidem
1022 2149 1230 2204 essent,
1290 2141 1569 2197 Christum
1616 2143 1669 2197 in
1725 2144 1830 2198 ﬁne

218 2230 595 2301 supputavit:
639 2244 703 2285 eo
741 2229 886 2300 quod
930 2230 1044 2300 ipse
1097 2230 1170 2285 sit
1218 2233 1616 2288 consummatio
1669 2234 1832 2289 totius

220 2320 443 2375 itineris
477 2360 495 2383 ,
551 2327 603 2374 et
652 2320 859 2374 mansio
891 2327 1166 2390 perpetuae
1213 2320 1338 2376 vitae
1363 2363 1378 2388 ,
1422 2331 1546 2377 ante
1585 2332 1828 2394 tempora

217 2411 517 2467 saecularia
573 2412 921 2466 credentibus
959 2421 1282 2482 praeparata.
1311 2413 1586 2468 Abraham
1608 2414 1827 2484 quippe,

218 2502 268 2557 in
289 2517 408 2572 quo
445 2517 589 2572 gens
611 2501 960 2556 Hebraeorum
987 2517 1018 2556 a
1051 2504 1261 2558 caeteris
1301 2505 1552 2576 gentibus
1596 2506 1830 2575 primum

218 2593 683 2662 distingueretur,
729 2592 932 2648 idcirco
969 2594 1111 2649 Deus
1152 2595 1219 2649 de
1253 2603 1396 2649 terra
1442 2610 1540 2651 sua
1568 2602 1623 2650 et
1650 2594 1717 2648 de
1740 2609 1832 2650 co-

217 2684 482 2764 gnatione
504 2683 787 2753 separavit
809 2723 824 2745 ,
852 2691 909 2736 ut
941 2698 1008 2738 ex
1036 2683 1139 2740 hoc
1173 2684 1480 2741 distinctius
1507 2686 1574 2740 ad
1600 2686 1834 2755 prophe-

219 2775 452 2829 taudum
485 2773 772 2829 Christum
827 2789 891 2829 ac
926 2776 1396 2844 praenuntiandum
1445 2777 1681 2832 maxime
1712 2793 1833 2848 per-

219 2868 451 2930 tineret,
484 2866 635 2936 quod
665 2867 1084 2936 promittebatur
1103 2881 1171 2920 ex
1198 2882 1304 2936 qua
1336 2876 1495 2938 gente
1524 2877 1668 2923 esset
1697 2883 1831 2923 ven-

219 2970 402 3014 turus.
429 2957 489 3014 In
516 2973 586 3013 eo
614 2959 816 3028 quippe
845 2959 1079 3028 primum
1126 2956 1260 3013 ﬁdes
1284 2959 1350 3013 ad
1375 2957 1643 3028 justitiam
1671 2975 1838 3030 repud

221 3059 408 3115 tatur;
441 3061 500 3104 et
553 3048 678 3104 ideo
706 3049 864 3118 quasi
910 3048 1120 3104 initium
1164 3048 1266 3104 viae
1302 3048 1372 3104 ad
1418 3048 1735 3105 Paradisum
1763 3051 1832 3104 ab

1933 1875 2032 1915 nos
2053 1860 2177 1928 quia
2208 1874 2305 1929 pro
2332 1858 2489 1912 nobis
2528 1858 2646 1912 haec
2681 1857 2883 1926 scripta
2914 1865 3057 1916 sunt,
3088 1864 3143 1910 et
3180 1869 3439 1910 exeamus
3462 1854 3530 1909 de

1931 1959 2073 2006 terra
2088 1950 2272 2004 carnis
2297 1957 2516 2013 nostrae,
2537 1949 2678 2003 ultra
2697 1949 3103 2018 proficiscentes
3125 1948 3192 2002 ad
3218 1946 3525 2013 meridiem,

1933 2043 2023 2097 ubi
2063 2041 2315 2096 Christus
2343 2041 2518 2111 pascit
2549 2051 2713 2111 atque
2745 2041 2907 2095 cubat
2935 2040 2987 2092 in
3018 2039 3165 2094 omni
3194 2038 3533 2110 plenitudine

1931 2139 2230 2194 eharitatis.
2259 2138 2409 2191 Tunc
2449 2137 2612 2208 igitur
2653 2137 2881 2206 quisque
2926 2144 3074 2190 recte
3101 2141 3254 2204 pater
3282 2130 3532 2186 excelsus

1932 2238 2298 2300 nuncupatur,
2329 2244 2451 2284 cum
2477 2236 2625 2282 tanta
2655 2228 2777 2284 ﬁdei
2819 2226 3137 2282 fortitudine
3181 2223 3530 2288 sublimatur,

1932 2333 1996 2379 ut
2026 2325 2200 2395 magis
2219 2323 2499 2382 Christum
2527 2323 2652 2388 ﬁde,
2687 2338 2850 2394 quam
2881 2337 2947 2375 ex
2979 2337 3038 2376 se
3080 2334 3244 2374 carne
3283 2324 3529 2390 generet.

1933 2414 2117 2486 Neque
2143 2416 2289 2472 enim
2317 2415 2590 2470 Abraham
2622 2414 2858 2485 priumm
2899 2412 3005 2466 nisi
3039 2426 3137 2482 per
3164 2409 3326 2464 ﬁdem
3366 2405 3531 2476 justi-

1933 2505 2146 2570 ﬁcatur,
2189 2516 2351 2574 atque
2396 2504 2518 2559 ideo
2554 2503 2814 2557 obedie'ns
2866 2501 3042 2555 factus
3088 2497 3286 2552 meruit
3339 2495 3532 2550 audire

1933 2595 2075 2666 quod
2107 2595 2159 2648 in
2183 2593 2388 2649 semine
2407 2592 2526 2664 ejus
2547 2606 2736 2648 omnes
2760 2599 2948 2659 gentes
2974 2589 3380 2643 benedicentur.
3406 2583 3531 2638 ldeo

1932 2697 1987 2742 et
2017 2695 2099 2752 tu,
2121 2686 2165 2740 si
2187 2686 2271 2741 vis
2314 2693 2472 2756 pater
2499 2682 2749 2740 excelsus
2779 2681 2922 2748 ﬁeri,
2960 2680 3177 2736 imitare
3203 2687 3414 2733 tantum
3440 2690 3536 2746 pa-

1935 2780 2230 2836 triarcham
2257 2795 2272 2843 ;
2298 2778 2425 2849 quia
2455 2785 2586 2832 tunc
2611 2777 2727 2832 veri
2758 2791 2947 2832 sumus
2991 2774 3086 2829 ﬁlii
3119 2773 3354 2830 Abrahae
3393 2770 3537 2826 sicut

1934 2871 2197 2928 Dominus
2223 2871 2380 2938 dicit,
2403 2872 2448 2927 si
2473 2869 2587 2940 ejus
2615 2868 2844 2925 facimus
2867 2884 3032 2940 opera
3064 2866 3247 2938 (Joan.
3274 2877 3394 2929 vm,
3413 2863 3531 2935 39).

1933 2962 2207 3018 Abraham
2254 2962 2454 3032 quippe
2499 2970 2656 3032 pater
2704 2959 2998 3015 multarum
3055 2957 3295 3029 gentium
3342 2964 3535 3028 postea

1935 3063 2322 3121 commutatur,
2349 3055 2479 3125 quia
2519 3070 2617 3124 per
2660 3053 2888 3125 gratiam
2920 3052 3150 3122 quisque
3193 3059 3348 3122 pater
3391 3049 3533 3106 mula

221 3144 343 3213 ipso
365 3157 548 3212 usque
576 3142 646 3196 ad
682 3141 956 3196 Christum
992 3155 1090 3212 per
1122 3141 1481 3212 quadraginta
1531 3141 1636 3197 duo
1671 3156 1834 3210 gene-
1860 3133 1906 3198 C
1939 3155 2123 3208 tarum,
2144 3146 2404 3200 virtutum
2439 3145 2688 3201 ellicitur.
2730 3143 2889 3200 Fides
2917 3158 3154 3214 namque
3178 3142 3379 3199 Christi
3409 3159 3534 3214 gra-

221 3234 472 3288 rationes
499 3233 773 3304 dirigitur.
811 3231 869 3286 Si
897 3232 1116 3301 quidem
1144 3247 1384 3302 praesens
1416 3240 1618 3287 sancta:
1645 3232 1831 3288 Eccle-

223 3323 323 3380 siae
364 3333 586 3395 tempus
631 3339 731 3394 per
775 3324 920 3380 hunc
969 3339 1256 3379 numerum
1308 3322 1641 3395 designatur,
1688 3326 1833 3394 quod

222 3414 496 3472 Dominus
539 3417 845 3481 nobiscum,
875 3416 920 3472 si
943 3416 1071 3488 quid
1097 3417 1308 3488 agimus
1330 3417 1472 3486 quod
1501 3423 1710 3471 rectum
1739 3416 1829 3482 sit,

224 3511 567 3566 intrinsecus
609 3519 956 3580 cooperator.
1004 3507 1218 3580 Septies
1270 3509 1416 3563 enim
1459 3508 1574 3564 seni
1603 3508 1834 3579 quadra-

226 3604 385 3674 ginta
434 3604 546 3658 duo
578 3600 801 3656 faciunt.
840 3601 909 3656 Et
958 3617 1115 3656 rarus
1148 3610 1234 3657 est
1275 3601 1490 3672 quidem
1517 3642 1532 3666 ,
1577 3602 1670 3672 qui
1701 3617 1834 3657 sane

227 3709 335 3750 sex
376 3696 446 3748 ad
476 3710 660 3764 opera,
715 3703 921 3764 septem
949 3709 1079 3750 vero
1104 3695 1170 3748 ad
1209 3696 1452 3762 requiem
1483 3694 1680 3748 futurae
1707 3694 1832 3748 vita:

227 3779 650 3858 significandam
679 3787 952 3857 pertinere
983 3787 1210 3842 dubitet.
1241 3785 1394 3842 Unde
1431 3787 1571 3841 bene
1602 3785 1832 3856 populus

233 3882 324 3938 ille
355 3887 424 3937 de
450 3889 600 3936 terra
623 3879 845 3952 Αἰπυιὶ
869 3879 1130 3944 salvatus,
1157 3877 1284 3948 quia
1325 3879 1426 3932 sub
1469 3891 1563 3946 spe
1596 3875 1832 3932 intrandi

234 3973 291 4028 in
353 3971 622 4041 requiem,
667 3971 819 4041 virga
874 3969 1170 4040 disciplina:
1226 3969 1322 4024 Dei
1373 3968 1687 4040 corrigitur,
1735 3983 1835 4039 per

233 4064 439 4132 septies
461 4077 647 4126 senas,
676 4061 730 4116 id
760 4070 844 4116 est
887 4075 985 4130 per
1013 4059 1368 4132 quadraginta
1392 4060 1497 4115 duo
1527 4059 1834 4115 mansiones

233 4154 565 4208 arctissimze
583 4153 690 4207 via:
709 4153 777 4207 ad
798 4153 1032 4222 patriam
1052 4160 1491 4208 castrametatur.
1520 4151 1578 4207 ln
1600 4167 1832 4222 quarum

233 4248 452 4313 ultima,
492 4248 624 4302 dum
661 4245 845 4301 Jesum
892 4247 1086 4301 ducem
1131 4245 1389 4315 suscepit,
1431 4259 1557 4300 mox
1596 4243 1834 4301 Iordane

233 4339 534 4410 patefacto,
589 4347 645 4393 et
681 4335 910 4394 devictis
938 4336 1204 4401 hostibus,
1243 4335 1565 4405 promissam
1597 4336 1726 4391 olim
1751 4336 1834 4391 in-

235 4431 404 4485 travit
433 4429 708 4500 requiem,
758 4437 812 4484 et
838 4427 1110 4500 propriam
1152 4428 1302 4498 regni
1331 4427 1704 4484 haereditatem
1735 4429 1834 4485 ob-

1936 3236 2025 3291 tite
2048 3236 2319 3304 copulata,
2363 3235 2720 3307 plurimarum
2744 3235 3007 3291 virtutum
3039 3236 3248 3306 copiam
3276 3235 3330 3289 in
3376 3233 3537 3290 nouis

1936 3338 2184 3400 generat,
2214 3339 2269 3385 et
2294 3329 2423 3386 facit
2455 3345 2554 3385 nos
2584 3329 2877 3400 aliquando
2919 3330 3072 3386 exire
3115 3329 3430 3386 obedientes
3478 3327 3535 3383 in

1935 3419 2112 3476 locum
2138 3437 2236 3491 per
2265 3420 2804 3491 contemplationem,
2832 3437 2994 3492 quem
3023 3420 3302 3491 accepturi
3344 3428 3535 3490 postea

1937 3527 2123 3568 sumus
2151 3513 2205 3566 in
2254 3512 2647 3568 hiereditatem.
2691 3511 2837 3584 Exiit
2871 3527 3002 3580 ergo
3043 3512 3131 3566 ille
3158 3511 3407 3567 nesciens
3427 3525 3536 3582 quo

1938 3603 2076 3668 iret;
2111 3611 2168 3657 et
2199 3617 2298 3658 nos
2323 3603 2540 3673 quidem
2577 3619 2674 3672 per
2703 3602 2863 3658 ﬁdem
2907 3602 3246 3658 ambulantes
3276 3601 3534 3657 tenebrae

1937 3709 2055 3748 rum
2085 3692 2316 3760 caligine
2345 3693 2694 3758 involvimur,
2725 3693 2850 3763 quia
2883 3694 3122 3748 nondum
3153 3708 3251 3762 per
3293 3693 3532 3763 speciem

1935 3785 2294 3842 ambulamus.
2349 3785 2480 3841 Hau:
2502 3797 2599 3851 est,
2629 3787 2874 3856 inquam,
2928 3786 3068 3841 sicut
3113 3786 3192 3841 ait
3221 3785 3531 3856 Apostolus,

1932 3881 2043 3953 σθ
2071 3880 2288 3934 victoria
2307 3892 2424 3950 qua!
2443 3879 2597 3934 vincit
2627 3881 2902 3943 mundum,
2919 3879 3050 3946 [idet
3074 3890 3253 3934 nostra
3270 3878 3328 3949 (1
3331 3897 3450 3934 amt.
3476 3894 3531 3944 v,

1933 3972 2024 4044 4).
2056 3972 2122 4028 Ει
2154 3971 2274 4028 ideo
2301 3972 2346 4028 si
2375 3971 2688 4028 coheredes
2737 3972 2873 4027 tanti
2911 3974 3084 4042 patris
3112 3987 3233 4028 esse
3261 3972 3532 4042 cupimus.

1936 4064 2120 4128 ﬁdem,
2164 4080 2285 4135 qua:
2324 4079 2420 4136 per
2466 4063 2810 4120 dilectionem
2857 4074 3135 4134 operatur,
3181 4064 3235 4119 in
3279 4063 3534 4120 omnibus

1939 4163 2242 4220 teneamus,
2289 4155 2415 4224 quia
2461 4154 2580 4210 sine
2624 4153 2729 4208 ﬁde
2771 4153 2881 4209 Deo
2930 4168 3271 4225 nequaquam
3319 4151 3534 4223 placere

1935 4263 2245 4320 possumus.
2276 4246 2401 4303 Haec
2429 4256 2513 4303 est
2553 4262 2800 4318 namque.
2835 4247 3012 4317 prima
3063 4245 3292 4311 mansio,
3339 4245 3394 4301 in
3420 4259 3529 4315 qua

1935 4353 2098 4394 verus
2119 4337 2378 4394 Hebrteus
2400 4337 2693 4410 Egyptum
2720 4339 2932 4410 fugiens
2961 4353 3121 4409 supra
3152 4346 3384 4408 petram,
3413 4353 3534 4406 qua:

1937 4428 2188 4486 Christus
2211 4439 2318 4493 est,
2353 4429 2663 4516 ﬁrmissime
2687 4438 3131 4486 castrametatur.
3161 4429 3236 4485 De
3266 4445 3372 4500 qua
3405 4428 3531 4495 ﬁde,

236 4521 423 4576 tinuit.
467 4517 562 4574 Sic
603 4519 787 4590 itaque
827 4517 1086 4573 Dominus
1114 4515 1273 4572 Iesus
1315 4528 1499 4574 noster
1532 4519 1837 4591 quadrage-
1868 4509 1922 4571 D
1945 4537 2066 4593 quae
2092 4522 2382 4578 multarum
2427 4509 2690 4577 virtutum
2736 4523 3005 4579 initiatrix
3043 4533 3150 4589 est,
3190 4538 3352 4579 venus
3381 4523 3532 4579 Isaae

233 4614 375 4670 sima
399 4612 646 4667 secunda
689 4611 1056 4682 generatione,
1093 4620 1380 4682 postquam
1418 4612 1653 4667 mundus
1680 4612 1838 4667 caeci-

236 4707 362 4760 tatis
417 4704 662 4774 antiquae
714 4703 990 4768 tenebras,
1039 4710 1204 4773 atque
1250 4702 1522 4756 Abraham
1579 4702 1838 4758 credente

238 4796 620 4852 Chaldaeorum
672 4795 920 4850 incendia
962 4792 1268 4863 dereliquit,
1315 4792 1608 4848 adveniens
1637 4793 1692 4847 in
1722 4808 1838 4849 car-

241 4907 320 4953 ne,
380 4887 649 4959 baptismi
697 4888 858 4943 nobis
913 4886 1153 4952 lavacra,
1189 4894 1246 4941 et
1305 4885 1432 4940 (ξωιὶ
1457 4883 1655 4954 januas
1682 4893 1835 4956 pate-

239 4981 384 5036 fecit.
433 4979 593 5036 Unde
640 4977 885 5049 profecto
938 4977 1197 5032 virtutum
1229 4993 1411 5041 cursu,
1466 4977 1566 5032 sub
1591 4975 1835 5045 ejusdem

235 5073 342 5146 65
373 5071 596 5126 numeri
623 5078 1000 5136 sacramento,
1042 5070 1110 5124 ad
1142 5069 1197 5123 id
1223 5068 1366 5139 quod
1409 5068 1647 5122 nondum
1686 5068 1836 5124 vide-

238 5181 357 5220 us
385 5163 666 5218 tendimus
694 5178 708 5214 :
737 5161 834 5216 sed
874 5168 1156 5232 sperantes
1179 5175 1274 5231 per
1299 5159 1614 5230 patientiam
1645 5173 1838 5230 exspe-

239 5266 455 5312 ctamus
469 5255 646 5309 donec
672 5254 859 5308 veniat
885 5250 1028 5322 quod
1045 5252 1100 5306 in
1114 5250 1332 5307 Christo
1348 5251 1453 5305 lmti
1471 5251 1835 5320 percepimus,

240 5359 292 5405 et
312 5349 433 5418 jam
459 5345 710 5416 quotidie
750 5343 1102 5414 praelibando,
1133 5352 1290 5415 gustu
1325 5342 1628 5398 caelestium
1654 5357 1837 5398 sacra-

241 5451 554 5497 mentorum
587 5435 841 5492 fruimur.
872 5435 1209 5506 Quapropter
1256 5443 1316 5489 ut
1361 5435 1501 5490 hanc
1546 5435 1688 5490 viam
1730 5441 1839 5488 tam

242 5533 455 5606 angusti
487 5530 706 5586 itineris
749 5527 944 5583 melius
987 5530 1235 5598 desuper,
1286 5525 1492 5598 Spiritu
1545 5536 1735 5583 sancto
1777 5526 1842 5582 il-

241 5623 544 5690 lustrante,
603 5623 946 5692 pertransire
987 5621 1288 5692 possimus,
1349 5620 1515 5676 libeat
1561 5620 1838 5690 paululum

241 5717 537 5774 articulum
576 5713 881 5782 reﬁectere,
928 5721 1196 5786 quatenus
1235 5728 1333 5786 per
1366 5713 1611 5786 singulos
1650 5713 1841 5772 Patres

1942 4611 2186 4685 profecto
2236 4612 2496 4668 nascitur.
2537 4611 2687 4668 lsaac
2731 4613 2928 4684 quippe
2979 4615 3116 4668 risus
3161 4613 3245 4670 vel
3271 4615 3526 4686 gaudium

1943 4703 2355 4774 interpretatur,
2394 4702 2660 4773 siquidem
2703 4704 2828 4773 quia
2875 4713 3002 4760 tunc
3044 4721 3174 4762 vere
3207 4708 3527 4778 gaudemus,

1941 4795 1988 4850 si
2045 4809 2145 4866 per
2187 4794 2346 4850 ﬁdem
2388 4793 2619 4850 Domino
2668 4796 3005 4853 cohaerentes
3051 4797 3309 4854 virtutum
3363 4814 3531 4871 opera

1941 4886 2316 4958 adimplemus.
2371 4885 2524 4943 Unde
2559 4885 2850 4958 Apostolus
2875 4889 3096 4956 clamat,
3133 4891 3350 4947 dicens:
3385 4889 3530 4945 Gau-

1942 4977 2057 5032 dete
2077 4978 2131 5030 in
2151 4976 2376 5031 Domino
2404 4980 2826 5048 semper,iterum
2848 4982 2964 5036 dico
2975 4983 3199 5049 gaudete
3213 4982 3414 5055 (Philip
3451 4999 3528 5047 Iv,

1941 5068 2032 5140 4).
2081 5067 2349 5125 Gaudium
2389 5069 2574 5140 itaque
2619 5087 2806 5127 verum
2854 5077 3068 5131 nonnisi
3113 5077 3180 5131 de
3225 5076 3346 5131 ﬁdei
3399 5080 3527 5131 sub-

1945 5160 2144 5216 stantia
2172 5169 2228 5216 et
2255 5161 2517 5216 virtutum
2540 5164 2795 5234 operibus
2816 5176 3143 5236 generatur:
3172 5167 3529 5223 substantiam

1946 5259 2127 5306 autem
2165 5251 2553 5322 Sperandorum
2601 5253 2889 5324 Apostolus
2935 5255 3181 5311 eamdem
3233 5255 3390 5312 ﬁdem
3436 5273 3532 5327 ap-

1946 5345 2296 5418 pellat(Heb.
2329 5362 2409 5412 ιι,
2433 5347 2508 5417 1).
2551 5347 2704 5404 Unde
2729 5366 2837 5405 non
2860 5349 3004 5406 aliud
3035 5366 3131 5421 per
3156 5350 3326 5421 ipsam
3367 5351 3528 5408 ﬁdem

1947 5441 2014 5497 de
2037 5441 2146 5494 Deo
2171 5440 2372 5495 sentire
2399 5449 2634 5510 oportet,
2673 5457 2834 5512 quam
2858 5443 3003 5512 quod
3037 5441 3214 5499 adhuc
3248 5453 3530 5515 sperantes

1945 5534 2001 5589 in
2031 5532 2270 5588 futurum
2300 5548 2396 5604 per
2422 5532 2701 5588 Christum
2742 5542 3080 5602 exspectant.
3125 5532 3527 5606 Sperandorum

1946 5636 2148 5682 auteur
2171 5625 2472 5680 substantia
2501 5624 2636 5680 ﬁdes
2673 5624 2944 5680 interdum
2980 5626 3100 5683 ideo
3148 5628 3368 5693 dicitur,
3391 5641 3529 5698 quo-

1947 5719 2093 5778 niam
2127 5706 2387 5789 quidquid
2415 5715 2546 5772 illud
2570 5723 2657 5771 est
2677 5716 2821 5786 quod
2843 5718 2986 5776 Deus
3006 5728 3111 5788 est,
3149 5719 3395 5781 habitare
3426 5732 3526 5792 per
