4032 6358
511 278 584 334 88
1299 271 1356 326 S.
1397 269 1752 327 PASCHASH
1803 269 2147 324 RADBERTI
2186 269 2476 326 ABBATIS
2515 268 2969 330 CORBEIENSIS
3403 337 3411 342 ,
3715 272 3790 328 86

512 395 675 450 ﬁdem
701 407 756 445 in
782 389 1034 446 cordibus
1057 387 1282 451 nostris,
1311 397 1406 443 aut
1427 389 1790 461 intelligendo,
1823 396 1917 442 aut
1942 395 2101 444 certe
2118 389 2338 458 Atquod
2358 389 2597 444 charitas
2628 398 2907 459 procreata
2925 387 3128 460 iugiter
3163 388 3478 453 inardescit,
3510 397 3566 443 et
3592 398 3794 444 contra

511 485 784 542 credendo
808 483 988 547 debet,
1037 481 1211 536 donec
1264 481 1319 535 in
1366 481 1450 536 via
1498 497 1704 536 sumus.
1758 481 1908 537 Unde
1954 481 2094 550 quod

513 574 712 635 ctelum
750 580 806 627 et
833 582 979 626 terra
1009 571 1232 626 minime
1278 571 1516 640 capiunt,
1562 572 1679 626 sinu
1724 573 1847 626 ﬁdei
1886 580 2098 640 oportet

514 662 1016 732 comprehendere;
1064 669 1120 716 et
1161 661 1227 715 de
1272 661 1403 725 Deo,
1451 669 1510 715 ut
1539 671 1641 726 est,
1680 663 1922 726 sentire;
1955 662 2093 717 etin

513 755 764 809 omnibus
805 754 970 808 etiam
1001 767 1121 823 qua:
1145 752 1712 821 incomprehensibilia
1743 754 2013 816 videntur,
2038 761 2097 808 ut

513 859 574 900 se
622 846 700 899 rei
745 846 945 900 veritas
977 846 1160 909 habet,
1200 859 1299 914 per
1336 844 1495 899 ﬁdem
1529 845 1709 900 omnia
1745 847 2098 914 comprehen-

514 941 664 994 dere.
681 939 927 1008 Alioquin
951 954 1104 993 error
1126 941 1296 1008 magis
1319 955 1479 1008 quam
1507 940 1639 994 ﬁdes
1653 948 1735 993 est
1758 939 2094 1010 appellanda,

511 1029 557 1085 si
587 1029 729 1083 aliud
762 1030 865 1083 fide
892 1029 1218 1097 concipitur,
1249 1045 1409 1098 quam
1436 1031 1577 1098 quod
1607 1029 1748 1084 Deus
1769 1040 1845 1084 est
1865 1070 1880 1094 ,
1901 1039 1957 1084 et
1985 1031 2100 1099 ipse

512 1120 578 1174 de
628 1135 686 1175 se
735 1121 1080 1175 credentibus
1127 1130 1188 1175 ut
1255 1122 1540 1176 crederent
1596 1122 1829 1192 Spiritus
1877 1133 2099 1177 sanctus

513 1209 654 1264 Deus
699 1210 973 1266 revelavit.
1021 1209 1155 1265 Nam
1211 1211 1346 1266 fides
1392 1227 1607 1265 onmem
1669 1211 2097 1280 intelligentiam,

512 1300 636 1356 dum
664 1317 853 1356 sumus
884 1303 970 1357 hic
1001 1303 1052 1356 in
1075 1303 1184 1369 via,
1223 1303 1514 1358 antecellit.
1545 1304 1809 1372 Quoniam
1839 1303 2100 1373 quidquid

511 1399 593 1446 est
607 1392 748 1460 quod
760 1393 1060 1463 intelligere
1078 1409 1180 1448 non
1195 1394 1456 1458 valemus,
1471 1395 1595 1463 quia
1614 1395 1752 1449 Deus
1778 1397 1976 1449 verit.:s
1991 1409 2099 1448 non

513 1484 792 1545 mentitur,
833 1484 937 1539 ﬁde
977 1485 1269 1549 credimus,
1301 1495 1354 1539 et
1384 1486 1437 1539 in
1465 1485 1569 1540 ﬁde
1592 1501 1689 1555 per
1722 1486 2096 1550 Substantiam,

512 1575 772 1644 quidquid
809 1584 890 1630 est
921 1575 1048 1630 illud
1078 1577 1220 1644 quod
1245 1588 1347 1640 est,
1382 1577 1495 1646 jam
1526 1585 1792 1630 tenemus.
1829 1576 1977 1630 Hanc
2003 1576 2100 1646 igi-

515 1675 602 1721 tur
637 1667 1028 1735 sperandorum
1053 1668 1413 1722 substantiam
1439 1669 1504 1721 ad
1535 1668 1795 1736 liquidum
1827 1683 1930 1720 non
1968 1683 2101 1736 quo-

2196 483 2375 536 omnia
2424 481 2659 537 carnalia
2695 483 2957 537 dimicans
3000 481 3128 536 vitia
3161 480 3492 550 supplantat.
3539 478 3649 534 Sed
3687 495 3794 536 cur

2195 590 2293 644 per
2341 572 2508 629 Jacob
2553 575 2874 630 charitatem
2921 573 3213 643 signiﬁcari
3263 573 3515 636 dixerim,
3573 572 3619 627 si
3669 571 3795 627 dili-

2196 677 2385 736 genter
2413 667 2910 728 animadvertimus,
2939 665 3193 720 facillime
3223 665 3497 734 quibimus
3541 665 3741 721 intueri
3772 681 3792 732 ;

2195 757 2497 826 praesertim
2545 756 2590 810 si
2634 755 2769 810 duas
2811 766 3018 811 tantum
3050 772 3246 811 uxores
3272 756 3408 824 ejus,
3451 754 3600 811 Liam
3643 758 3793 813 vide-

2199 847 2322 902 licet
2352 857 2515 916 atque
2548 847 2773 913 Rachel,
2806 848 2858 901 in
2897 849 3131 902 medium
3171 848 3516 904 deducamus.
3549 849 3795 914 Quarum

2200 936 2292 990 Lia
2323 936 2569 990 laborans
2600 938 3014 1006 interpretatur,
3056 938 3257 993 Rachel
3288 955 3416 993 vero
3445 940 3608 994 visum
3646 942 3798 1009 prin-

2200 1029 2394 1098 cipium
2451 1029 2649 1083 dicitur
2679 1046 2693 1082 :
2725 1045 2887 1098 quam
2941 1029 3043 1084 sibi
3094 1029 3335 1084 charitas
3385 1029 3512 1083 dum
3556 1030 3796 1100 primum

2200 1129 2347 1174 recte
2383 1120 2586 1189 appetit
2633 1121 2686 1174 in
2734 1119 3065 1189 coniugium,
3107 1120 3390 1190 praesentis
3432 1121 3552 1175 vitae
3579 1120 3798 1175 labores

2201 1211 2456 1264 ardenter
2487 1211 2695 1264 tolerat.
2732 1211 2797 1264 Et
2837 1211 3098 1280 quidquid
3142 1211 3398 1265 eximium
3427 1219 3509 1265 est
3543 1210 3794 1281 periculi,

2201 1302 2318 1357 sine
2346 1303 2650 1358 cessatione
2672 1317 2840 1372 usque
2863 1304 2930 1356 ad
2952 1311 3181 1356 mortem
3209 1318 3304 1372 per
3325 1303 3636 1372 patientiam
3662 1318 3799 1356 con-

2202 1395 2458 1449 certendo
2480 1402 2718 1462 superat.
2746 1392 2803 1447 lu
2831 1402 3037 1447 tantum
3065 1401 3122 1446 ut
3144 1393 3458 1464 par-mnes
3477 1392 3526 1448 ei
3549 1393 3800 1447 videatur

2203 1487 2344 1555 quod
2371 1485 2604 1550 laborat,
2639 1486 2683 1538 si
2716 1483 2854 1540 forte
2884 1484 3052 1554 possit
3081 1485 3363 1553 pervenire
3391 1485 3458 1538 ad
3481 1500 3601 1539 eam
3629 1499 3800 1554 quam

2204 1587 2368 1630 amat.
2423 1576 2575 1630 Unde
2625 1577 2882 1646 scriptum
2930 1584 3059 1630 est:
3105 1574 3408 1644 Concupiin
3450 1577 3794 1643 sapientiam,

2204 1684 2348 1721 serva
2367 1671 2637 1731 mandata,
2658 1676 2704 1720 et
2729 1665 2984 1720 Dominus
3001 1665 3092 1719 tibi
3109 1665 3255 1720 illam
3276 1666 3522 1734 praebebit
3538 1665 3731 1737 (Eccli.
3752 1681 3798 1733 ι,

514 1763 672 1815 modo
717 1771 799 1816 est
845 1761 1097 1823 scientes,
1137 1763 1230 1815 sed
1261 1763 1386 1831 quia
1414 1770 1495 1815 est
1525 1761 1837 1831 plenissime
1873 1761 2100 1815 creden-
2132 1745 2178 1804 Β
2205 1760 2326 1829 55).
2368 1759 2472 1815 Sed
2527 1760 2641 1824 Lia,
2691 1760 2942 1814 videlicet
2994 1760 3106 1813 vita
3155 1759 3367 1822 activa,
3407 1758 3555 1828 prior
3603 1757 3800 1828 nuptui

515 1864 629 1918 tes;
662 1855 761 1907 etsi
803 1856 1040 1910 nondum
1074 1856 1248 1908 adhuc
1277 1855 1330 1908 in
1354 1870 1410 1908 re
1451 1863 1690 1916 tantum,
1732 1855 1856 1922 quia
1899 1853 1952 1906 in
2007 1868 2102 1923 spe

513 1948 754 2018 profecto
786 1949 1157 2018 gratulamur;
1194 1950 1389 2003 merito
1419 1949 1471 2001 in
1499 1949 1667 2010 Isaac,
1706 1948 1796 2016 qui
1842 1947 1981 2001 risus
2021 1947 2101 2000 in-

515 2047 859 2108 terpretatur,
899 2049 1371 2095 castramctamur.
1421 2038 1570 2092 Isaac
1616 2039 1814 2107 quippe
1873 2046 2016 2092 totus
2046 2038 2101 2091 in

510 2145 628 2200 spe,
668 2133 810 2201 quod
851 2133 1211 2200 repromissus
1241 2131 1541 2200 concipitur
1585 2145 1682 2198 per
1723 2131 1905 2193 ﬁdem,
1957 2129 2101 2198 quod

511 2222 753 2275 nascitur
781 2237 876 2290 per
901 2222 1153 2291 gratiam,
1179 2222 1429 2290 gaudium
1455 2219 1769 2289 parentibus
1799 2220 2096 2289 generavit.

511 2311 590 2366 lta
613 2327 745 2367 sane
771 2322 825 2366 et
854 2313 1141 2383 Apostolus
1166 2314 1280 2382 ipse
1307 2313 1603 2383 gaudentes
1630 2328 1728 2366 nos
1749 2329 1871 2367 esse
1898 2313 2095 2378 voluit;

513 2402 636 2470 quia
670 2404 736 2458 de
757 2419 854 2473 spe
881 2404 1033 2458 home
1062 2405 1429 2467 conscientiae,
1467 2419 1626 2472 quam
1662 2404 1714 2456 in
1765 2403 1980 2457 Christo
2004 2418 2103 2472 per

509 2494 690 2557 ﬁdem,
720 2510 840 2564 qua:
859 2511 956 2564 per
977 2496 1317 2550 dilectionem
1341 2505 1618 2564 operatur,
1643 2495 1924 2558 habemus,
1959 2496 2102 2551 risus

508 2584 666 2640 nobis
687 2600 751 2640 ex
785 2587 955 2654 gratia
983 2596 1292 2654 generatur.
1323 2586 1430 2656 67
1463 2586 1599 2639 llinc
1627 2589 1822 2655 quippe
1849 2596 1933 2639 est
1957 2585 2100 2654 quod

507 2676 710 2730 virtute
739 2692 958 2746 operam
991 2678 1198 2742 damus,
1253 2686 1310 2730 ut
1343 2678 1393 2730 iu
1430 2692 1546 2746 spe,
1593 2677 1757 2730 veluti
1806 2677 1978 2742 Isaac,
2010 2692 2096 2732 se-

508 2779 692 2824 rentes
719 2771 908 2824 eodem
932 2786 1095 2833 anno,
1129 2771 1180 2823 id
1211 2779 1294 2824 est
1336 2770 1388 2822 in
1436 2769 1692 2838 praesenti
1733 2770 1866 2832 vita,
1908 2778 2096 2823 centu-

507 2861 658 2930 plum
688 2863 960 2931 accipere,
991 2873 1045 2915 et
1095 2863 1148 2915 in
1181 2862 1363 2916 futuro
1409 2861 1574 2914 vitam
1623 2871 1883 2916 aeternam
1920 2863 2095 2930 possi-

510 2953 637 3006 dere
668 2951 961 3006 valeamus.
996 2953 1122 3016 Sed,
1153 2952 1280 3022 quia
1313 2953 1366 3006 in
1395 2952 1543 3007 Isaac
1573 2968 1697 3022 spes
1730 2956 1852 3008 vitie
1882 2954 2100 3024 negotio

513 3042 798 3114 ﬁguratur,
840 3059 1061 3099 necesse
1103 3055 1186 3099 est
1238 3054 1294 3098 ut
1326 3045 1647 3109 Rebeccam,
1686 3062 1806 3116 qua:
1847 3049 2098 3116 patientia

2203 1867 2362 1913 noctu
2394 1858 2645 1921 traditur,
2685 1857 2811 1910 dum
2845 1857 2932 1910 hic
2965 1856 3241 1925 proximos
3280 1851 3499 1907 interim
3528 1865 3624 1920 per
3655 1850 3798 1904 cha-

2204 1949 2417 2003 ritatem
2441 1948 2662 2018 diligere
2696 1947 2966 2017 iubemur.
2984 1946 3119 2012 Quia
3146 1946 3190 2000 si
3209 1946 3441 2014 primum
3464 1940 3799 2011 proximum,

2202 2059 2363 2114 quem
2398 2044 2663 2107 videmus,
2697 2041 2921 2096 niinime
2947 2041 3238 2111 diligimus,
3264 2037 3595 2100 'Doniinum,
3634 2049 3800 2104 quem

2204 2153 2309 2192 non
2331 2137 2594 2200 videmus,
2613 2135 2836 2206 diligere
2858 2145 2919 2188 ut
2938 2140 3149 2204 oportet
3169 2145 3273 2185 non
3301 2129 3563 2184 valemus.
3581 2125 3716 2180 Nam
3741 2133 3802 2182 et

2205 2227 2344 2281 idem
2378 2227 2690 2294 patriarcha
2738 2225 2969 2294 primum
3015 2217 3607 2286 Jacob,deinde|sracl
3649 2225 3803 2272 recte

2203 2319 2420 2372 dicitur.
2452 2318 2586 2384 Quia
2613 2320 2801 2371 eadem
2834 2317 3073 2371 charitas
3110 2323 3268 2368 antea
3307 2329 3402 2381 per
3432 2312 3644 2366 labores
3666 2309 3800 2366 vitia

2203 2408 2557 2478 suppiantans
2607 2408 2772 2461 vitam
2808 2406 3102 2476 praelicam
3153 2401 3567 2470 complexatur:
3609 2405 3800 2468 postea

2203 2515 2436 2569 namque
2464 2515 2560 2569 per
2579 2499 3089 2569 contemplationem
3121 2497 3287 2550 Deum
3313 2493 3455 2548 facie
3478 2493 3545 2547 ad
3574 2491 3798 2557 faciem,

2195 2593 2360 2646 sicuti
2414 2601 2517 2656 est,
2566 2593 2876 2648 certissime
2930 2590 3246 2662 perfruitur.
3291 2588 3442 2642 Unde
3478 2584 3794 2656 Apostolus,

2204 2682 2361 2735 Nunc
2413 2693 2608 2745 autem,
2648 2683 2839 2750 inquit,
2897 2689 3109 2734 manent
3157 2678 3312 2747 ﬁdes,
3359 2692 3496 2744 spes,
3539 2673 3798 2740 Charitas,

2201 2774 2302 2825 tria
2331 2774 2465 2836 lucc,
2497 2773 2667 2841 major
2693 2783 2867 2825 autem
2899 2771 3130 2824 charitas
3171 2767 3233 2839 (Ι
3268 2767 3388 2820 Cor.
3423 2779 3545 2828 xm,
3572 2761 3690 2830 13).
3727 2757 3799 2815 Ει

2203 2877 2300 2915 cur
2350 2862 2697 2931 major?nisi
2751 2861 2878 2930 quia
2929 2875 3052 2914 cum
3100 2857 3308 2912 ﬁnitum
3348 2855 3513 2909 fuerit
3543 2852 3688 2923 quod
3723 2865 3797 2906 ex

2203 2960 2356 3020 parte
2382 2961 2484 3014 est,
2521 2951 2633 3005 sola
2662 2950 2928 3004 charitate
2956 2947 3173 3002 fruituri
3205 2946 3346 3015 quod
3377 2944 3675 3012 perfectum
3706 2948 3797 2995 est

2204 3041 2708 3109 contemplabimur,
2765 3040 2910 3093 illam
2961 3038 3281 3109 sapientiam
3313 3051 3433 3105 qua:
3474 3033 3617 3088 Deus
3659 3039 3796 3100 est;

513 3137 922 3207 interpretatur,
956 3138 1006 3190 in
1056 3136 1362 3207 coniugium
1399 3110 1720 3204 sumamus;
1756 3153 1822 3193 ne
1847 3110 1970 3194 sine
1999 3156 2098 3210 pa-
2127 3110 2171 3172 Ο
2207 3143 2367 3200 atque
2389 3131 2462 3185 ita
2495 3148 2614 3186 cum
2645 3131 2733 3185 illa
2771 3140 2827 3184 et
2861 3145 2956 3199 per
2986 3130 3130 3184 illam
3176 3130 3334 3184 beate
3386 3127 3652 3190 viventes,
3689 3123 3796 3194 ipsi

513 3231 702 3286 tientia
732 3246 854 3299 spes
884 3231 990 3285 cito
1024 3230 1320 3301 frangatur.
1358 3229 1494 3295 Sed,
1524 3232 1664 3286 sicut
1687 3233 1764 3286 ait
1787 3233 2096 3302 Apostolus,

513 3321 620 3390 Spe
639 3323 942 3391 gaudentes,
962 3324 1015 3375 in
1035 3323 1371 3378 tribulatione
1395 3324 1645 3392 patientes
1662 3322 1840 3395 (Rom.
1863 3342 1960 3390 xli,
1987 3327 2098 3395 12).

516 3413 665 3468 Unde
685 3423 739 3467 et
761 3413 1006 3468 Rebecca
1029 3413 1080 3466 in
1103 3412 1484 3483 Mesopotamia
1506 3422 1630 3468 nata
1655 3416 1855 3468 dicitur
1870 3435 1882 3469 :
1900 3416 2101 3486 quippe

507 3505 637 3573 quia
674 3503 1060 3575 Mesopotamia
1097 3502 1406 3560 ﬂuminibus
1432 3505 1818 3571 circumdatur,
1865 3516 1926 3561 ut
1961 3507 2102 3562 inter

512 3597 836 3651 tentationes
863 3612 928 3651 ac
961 3595 1368 3651 tribulationum
1398 3597 1694 3666 procellas,
1727 3599 1911 3654 multis
1933 3614 2100 3669 angu-

508 3689 731 3742 stiarum
774 3687 985 3757 injuriis
1013 3687 1256 3752 erudita,
1299 3688 1436 3742 sciat
1458 3688 1525 3743 de
1561 3699 1822 3760 conceptu
1849 3691 1963 3761 spei
1990 3690 2100 3747 Deo

511 3780 650 3834 lilios
674 3794 980 3848 procreare,
1004 3787 1059 3833 et
1088 3778 1368 3833 meditanti
1393 3778 1544 3835 Isaae
1571 3779 1622 3833 in
1651 3796 1804 3851 agro,
1836 3782 2100 3838 virtutum

514 3872 675 3942 pallio
697 3881 950 3942 000perta
975 3881 1223 3928 verenter
1243 3889 1553 3930 occurrere.
1585 3873 1645 3928 Si
1675 3874 1892 3945 quidem
1927 3874 2098 3941 Isaac,

510 3983 634 4037 spes
682 3967 928 4023 videlicet
971 3967 1357 4036 promissorum
1408 3969 1535 4033 Dei,
1589 3967 1644 4022 in
1691 3982 1756 4024 eo
1808 3969 2102 4023 meditatur

512 4077 660 4131 agro,
693 4076 800 4130 quo
832 4061 1146 4116 thesaurum
1190 4061 1339 4118 novit
1377 4063 1735 4127 reconditum,
1778 4070 1833 4116 et
1863 4059 2102 4116 occurrit

511 4155 560 4210 ei
591 4155 848 4224 patientia
885 4152 1102 4223 conjux,
1127 4170 1246 4226 qua:
1281 4171 1379 4211 suo
1410 4155 1694 4224 complexu
1726 4163 1918 4211 cuncta
1943 4169 2097 4209 com-

513 4253 705 4315 ponat;
741 4253 797 4299 ut
827 4259 922 4315 per
945 4245 1158 4301 labores
1181 4254 1236 4301 et
1255 4247 1557 4301 certamina
1584 4247 1899 4302 thesaurum
1926 4243 2100 4314 possit

510 4338 766 4404 effodere,
795 4347 849 4394 et
879 4338 946 4394 ad
986 4339 1306 4410 promissam
1335 4354 1481 4408 spem
1522 4340 1844 4409 quandoque
1870 4337 2102 4392 feliciter

513 4430 836 4500 pervenire;
864 4445 964 4499 pro
987 4445 1093 4501 qua
1133 4430 1325 4485 beatus
1347 4429 1638 4500 Apostolus
1684 4445 1810 4484 suos
1846 4426 2099 4483 monebat

511 4522 824 4577 auditores:
849 4523 1000 4577 Iuste
1031 4533 1080 4578 et
1113 4523 1195 4593 pie
1225 4523 1456 4577 vivamus
1481 4521 1534 4574 in
1557 4522 1652 4574 hoc
1690 4519 1883 4575 stecalo
1921 4535 2098 4587 exspe-

511 4623 707 4667 ctantes
734 4613 935 4668 beatam
963 4631 1104 4683 spem
1129 4624 1177 4667 et
1200 4613 1480 4668 adventum
1507 4612 1717 4666 Domini
1749 4610 1878 4682 (Tit.
1897 4626 1956 4672 ιι,
1989 4609 2093 4679 15).

509 4705 617 4762 Ista
648 4714 731 4761 est
758 4722 993 4776 namque
1015 4721 1159 4776 spes,
1187 4722 1307 4775 quae
1346 4705 1610 4777 processit
1634 4720 1804 4774 usque
1852 4704 1920 4758 ad
1952 4704 2094 4758 inte-

513 4799 657 4853 riora
695 4797 976 4852 velaminis
1023 4795 1261 4860 Christi;
1309 4805 1362 4849 ct
1400 4795 1545 4849 velut
1591 4810 1786 4848 aurora
1829 4795 1954 4847 dum
1992 4792 2097 4848 illi-

513 4891 660 4944 ditur
702 4887 974 4951 ﬁuctibus,
1005 4886 1130 4956 quia
1171 4886 1426 4956 patientia
1466 4886 1689 4946 sociata,
1731 4895 1880 4940 tanta
1931 4893 2095 4954 atque

514 4984 802 5041 immobilis
848 4991 1176 5053 perseverat,
1229 4991 1284 5035 et
1329 4980 1488 5035 nullis
1540 4980 1878 5050 periclitatur
1929 4995 2097 5050 angu-

513 5077 652 5133 stiis.
685 5075 855 5143 Quam
893 5083 1041 5129 recte
1082 5073 1396 5142 patientiam
1431 5081 1556 5126 tunc
1587 5071 1641 5124 in
1687 5071 2094 5126 tabernaculum

516 5170 667 5226 Sara:
700 5169 1122 5232 introducimus,
1176 5182 1298 5220 cum
1345 5164 1604 5234 quidquid
1657 5163 1930 5219 laboribus
1967 5163 2094 5218 fati-

517 5275 724 5329 gamur,
745 5259 1138 5330 patientiSsime
1163 5265 1329 5310 totum
1359 5256 1547 5326 gratim
1578 5256 1965 5310 comn‘iittimus
1990 5254 2097 5309 Re-

516 5351 829 5420 demptoris.
852 5348 929 5402 De
943 5349 1136 5418 quibus
1162 5345 1406 5418 profecto
1436 5347 1769 5417 parentibus,
1801 5347 1929 5404 uuid
1950 5346 2095 5402 aliud

514 5457 675 5513 quam
702 5443 939 5497 charitas
963 5441 1294 5513 generatur?
1327 5440 1460 5507 Quia
1489 5441 1744 5494 nimirum
1785 5456 1906 5510 spes
1941 5441 2090 5500 nobis
2158 5485 2165 5492 .

519 5531 645 5587 talia
673 5533 1016 5602 repromittit,
1069 5531 1248 5602 qualia
1295 5547 1393 5586 nec
1422 5531 1612 5586 oculus
1637 5532 1791 5596 vidit,
1819 5548 1920 5588 nec
1945 5534 2092 5591 auris

515 5627 742 5691 audivit,
773 5641 872 5682 nec
900 5627 954 5681 in
976 5641 1072 5681 cor
1091 5626 1324 5682 hominis
1349 5625 1688 5697 aliquatenus
1709 5629 2088 5694 ascenderunt,

513 5718 703 5804 procul
730 5719 891 5781 dubio
915 5733 1023 5778 non
1057 5733 1342 5796 possumus
1368 5734 1478 5779 non
1508 5734 1710 5777 amare.
1744 5719 1814 5777 Et
1833 5721 1958 5779 inde
1984 5733 2087 5789 est,

2205 3223 2371 3277 etiam
2401 3223 2541 3276 beati
2583 3222 2824 3276 erimus?
2854 3221 3082 3290 Pmpter
3124 3235 3284 3289 quam
3331 3217 3583 3273 nimirqu
3626 3215 3798 3278 servit

2203 3317 2380 3372 omnis
2405 3315 2709 3385 religiosus,
2737 3324 2792 3368 et
2818 3315 3044 3369 desudat
3074 3312 3283 3367 fortiter
3318 3313 3372 3366 in
3395 3310 3606 3382 agonia,
3635 3307 3798 3378 huius

2205 3407 2522 3463 desiderans
2563 3406 2788 3462 nimiam
2838 3404 3320 3474 pulchritudinem,
3369 3403 3414 3457 si
3468 3399 3800 3471 quandoquq

2206 3506 2479 3552 mereatur
2512 3499 2777 3568 attingere
2809 3497 2937 3552 illud
2961 3497 3135 3550 visura
3161 3494 3505 3565 principium,
3535 3500 3591 3545 et
3623 3491 3678 3544 in
3721 3503 3796 3547 eo

2204 3588 2437 3646 feliciter
2475 3589 2750 3645 delectari.
2786 3588 2969 3658 Neque
3002 3588 3146 3642 enim
3177 3602 3234 3643 se
3263 3587 3489 3658 quisque
3515 3584 3796 3640 convertit

2204 3683 2413 3738 servire
2436 3682 2660 3751 iustitia:
2682 3698 2778 3752 per
2809 3681 3161 3745 charitatem,
3198 3679 3302 3733 nisi
3341 3687 3401 3731 ut
3425 3678 3608 3746 quiete
3643 3670 3800 3736 vivat

2205 3775 2257 3830 in
2287 3775 2474 3839 verbo,
2498 3789 2596 3844 per
2615 3773 2759 3844 quod
2784 3773 2996 3827 videtur
3017 3771 3337 3842 principium
3357 3769 3500 3839 quod
3523 3778 3606 3824 est
3625 3769 3798 3836 Deus,

2206 3873 2260 3919 et
2293 3865 2596 3933 requiescat
2641 3863 2885 3933 protinus
2923 3870 3045 3931 post
3094 3860 3354 3916 laborem.
3405 3860 3533 3924 Quis
3575 3859 3798 3916 tandem

2207 3954 2475 4008 amaverit
2523 3955 2579 4009 in
2625 3955 2881 4022 operibus
2931 3951 3156 4022 iustitia:
3203 3952 3496 4015 desudare,
3549 3950 3795 4008 laborem

2204 4045 2535 4114 passionum,
2564 4060 2668 4098 non
2707 4052 2929 4114 propter
2958 4043 3180 4107 Rachel,
3228 4043 3337 4097 imo
3366 4051 3584 4112 propter
3615 4039 3794 4108 Liam,

2203 4132 2428 4188 subire?
2458 4132 2590 4200 Quis
2635 4149 2753 4188 eam
2800 4134 2966 4187 vitam
3015 4140 3236 4203 propter
3277 4132 3511 4201 seipsam
3551 4145 3793 4200 unquam

2201 4226 2504 4296 expetivit?
2535 4235 2628 4279 aut
2675 4226 2798 4296 quis
2832 4241 2951 4280 eam
2993 4241 3088 4296 per
3139 4233 3369 4281 mortem
3422 4224 3592 4294 petiit,
3626 4237 3796 4292 quam

2203 4333 2393 4375 omnes
2418 4317 2698 4372 moriendo
2728 4317 3030 4372 deserunt?
3081 4315 3218 4372 Hinc
3266 4330 3499 4384 namque
3540 4323 3620 4369 est
3645 4313 3795 4383 quod

2205 4409 2440 4464 charitas
2470 4411 2635 4464 Deum
2659 4424 2725 4464 ex
2751 4417 2862 4464 toto
2893 4410 3078 4474 corde,
3101 4417 3156 4463 et
3176 4425 3243 4464 ex
3274 4417 3383 4462 tota
3406 4407 3611 4471 anima,
3642 4415 3698 4462 et
3720 4421 3794 4466 ex

2207 4509 2318 4556 tota
2353 4501 2572 4567 virtute,
2611 4515 2716 4556 non
2766 4499 2836 4555 ob
2883 4501 3028 4556 aliud
3065 4516 3228 4571 quam
3279 4509 3498 4572 propter
3549 4499 3794 4570 seipsutn

2206 4591 2377 4663 diligit
2406 4609 2424 4658 ;
2459 4591 2765 4662 proximum
2790 4607 2922 4646 vero
2965 4609 3072 4648 non
3135 4600 3358 4664 propter
3392 4592 3650 4663 seipsum,
3692 4591 3794 4648 sed

2203 4691 2426 4751 propter
2454 4682 2624 4735 Deum
2648 4697 2830 4736 amare
2860 4682 3116 4752 disponit,
3142 4691 3199 4736 et
3233 4682 3282 4737 ei
3326 4697 3424 4752 per
3464 4681 3795 4738 charitatem

2201 4773 2404 4830 servire
2427 4775 2723 4828 contendit.
2744 4773 3126 4829 Verumtamen
3139 4774 3387 4845 quamvis
3409 4782 3626 4843 propter
3639 4787 3794 4827 eam-

2199 4866 2320 4922 dem
2352 4865 2576 4933 Rachel,
2604 4866 2657 4922 id
2689 4875 2772 4922 est
2796 4875 3018 4939 propter
3043 4867 3217 4923 visum
3247 4876 3465 4922 aeterna:
3485 4867 3608 4920 vim
3630 4865 3790 4934 prin-

2198 4959 2418 5028 cipium,
2441 4968 2634 5014 cuncta
2657 4960 2940 5016 devotione
2969 4960 3226 5014 virtutum
3250 4974 3411 5028 opera
3438 4971 3789 5029 peragamus,

2198 5050 2290 5106 Lia
2319 5050 2472 5105 nobis
2490 5051 2722 5120 primum
2741 5060 2899 5107 nocte
2924 5051 3260 5121 supponitur,
3280 5050 3407 5121 quia
3426 5065 3523 5119 per
3548 5050 3793 5118 seipsam

2200 5143 2308 5198 vita
2346 5144 2614 5200 laboriosa
2659 5145 2809 5214 diligi
2857 5160 2962 5199 non
3007 5153 3252 5215 poterat,
3299 5153 3357 5198 ut
3384 5160 3480 5215 per
3519 5158 3639 5198 eam
3673 5143 3791 5197 Deo

2201 5234 2458 5290 virtutum
2497 5235 2636 5290 ﬁlios
2663 5244 2987 5306 generantes
3014 5237 3338 5306 quandoque
3364 5237 3432 5292 ad
3456 5234 3638 5290 dulces
3667 5247 3786 5290 cos-

2203 5323 2353 5380 lestis
2401 5327 2519 5380 \itze
2551 5327 2931 5396 perveniamus
2980 5328 3280 5398 amplexus.
3334 5328 3620 5382 Toleratur
3655 5327 3790 5400 istag

2202 5427 2261 5473 ut
2288 5419 2598 5490 perfruatur
2623 5420 2732 5474 illa.
2767 5419 2872 5475 Sed
2913 5422 3039 5475 dum
3069 5422 3334 5491 quaeritur
3367 5421 3477 5486 illa,
3516 5420 3617 5474 ista
3662 5433 3791 5490 sup—

2199 5513 2434 5584 ponitur,
2452 5523 2508 5567 ut
2533 5521 2651 5582 post
2673 5513 2828 5566 istam
2849 5513 3195 5584 perveniatur
3221 5514 3286 5567 ad
3315 5513 3479 5567 illam.
3505 5509 3790 5567 Servimus

2201 5617 2380 5664 autem
2394 5609 2647 5679 primum,
2663 5624 2785 5663 cum
2812 5623 2841 5662 a
2871 5608 3025 5663 nobis
3046 5608 3159 5679 69
3181 5607 3276 5665 Lia
3299 5609 3554 5680 diligitur,
3573 5618 3789 5677 septem

2199 5703 2371 5773 annis,
2391 5702 2445 5758 id
2469 5709 2552 5760 est
2575 5709 2781 5775 septem
2802 5701 2935 5776 legis
2957 5710 3228 5776 praicepta
3255 5711 3552 5772 servantes,
3574 5713 3696 5776 qua:
3711 5695 3790 5779 ad
