4072 6362
241 343 315 399 35
1099 335 1464 395 EXPOSITIO
1500 338 1566 394 1N
1606 335 2043 397 MATTHEUM.
2084 326 2155 381 έ-
2189 340 2318 399 LIB.
2360 342 2402 408 Ι,
2444 340 2596 399 CAP.
2638 342 2679 399 Ι.
3458 345 3529 403 86

245 454 486 528 proximi
521 450 798 533 pertinent
820 448 1141 506 charitatem
1176 469 1187 505 :
1222 451 1418 509 deinde
1454 453 1595 509 alios
1639 462 1844 523 septem
1872 454 1925 511 Δ
1951 451 2123 507 stolus
2167 452 2424 508 divinitus
2452 454 2772 509 exhortatur
2801 472 2813 508 :
2858 451 2917 510 Si
2942 457 3346 535 consurrexistis
3375 459 3538 531 igitur

248 550 406 620 juxta
420 531 807 617 perfectionem
822 541 1150 601 vitaerursus
1177 542 1559 601 reinsumimus
1585 560 1779 609 annos,
1794 544 1841 601 si
1948 559 2067 596 cum
2093 542 2325 608 Christo,
2345 556 2464 615 qua:
2492 562 2701 600 sursum
2726 556 2847 601 sunt
2866 531 3051 618 sapite,
3080 563 3184 601 non
3226 531 3344 619 quae
3383 542 3559 621 super'

252 636 531 711 quomodo
575 636 644 692 ad
686 633 857 699 illam,
894 648 1056 704 qnam
1100 635 1553 704 concupiscimus,
1596 635 1850 691 ardenter
1950 639 2164 686 terram.
2195 630 2394 687 Μονιηὶ
2420 635 2555 688 enim
2582 634 2793 703 estis,et
2816 636 2921 691 vita
2939 644 3109 691 vestra
3131 638 3435 694 abscondita
3459 650 3537 695 est

256 731 653 801 ingrediamur.
684 726 824 781 Hinc
862 741 1098 796 namque
1130 725 1330 783 dicitur
1358 745 1370 781 :
1405 725 1556 781 Beati
1595 743 1850 798 pauperes
1878 718 1881 723 ’
1951 738 2068 776 cum
2093 720 2299 778 Christo
2326 725 2380 779 in
2405 725 2544 782 caelis
2573 724 2708 800 (Col.
2741 744 2824 794 ιιι,
2850 729 2941 801 l).
2970 728 3129 786 Tales
3154 746 3389 802 namque
3411 746 3538 803 spes

253 826 469 897 spiritu,
512 821 764 894 quoniam
797 821 1147 890 ipsorum'est
1190 836 1404 890 regnum
1448 818 1716 875 caelorum.
1761 818 1849 884 Et,
1955 813 2083 873 facit
2103 818 2397 887 gaudentes
2424 820 2784 886 nos,etlsaac
2812 821 3031 879 nomine
3053 822 3541 895 dedicarizquiain

254 916 411 970 Beati
440 914 618 979 miles,
638 913 892 982 quoniam
938 910 1038 980 ipsi
1070 909 1404 980 possidebunt
1451 920 1666 965 terram.
1698 907 1853 964 Beati

256 1021 463 1075 quoque
513 1003 766 1073 lugentes,
818 1001 940 1072 quia
991 999 1421 1056 consolabuntur.
1459 998 1546 1068 Et,
1577 1000 1728 1055 Beati
1758 1000 1882 1071 qui.

256 1096 499 1155 esuriant
528 1111 592 1149 ac
613 1094 797 1148 sitiunt
811 1092 1100 1162 justitiam,
1129 1109 1351 1164 quorum
1376 1102 1450 1147 est
1478 1102 1688 1147 celerare
1735 1093 1853 1147 vitae

258 1184 537 1240 saturitas.
566 1184 657 1248 Et,
690 1181 844 1238 Beati
873 1183 1231 1239 misericordes
1261 1200 1324 1239 ac
1352 1184 1579 1253 pacifici,
1605 1185 1856 1255 quoniam

260 1277 498 1347 ipsorum
520 1283 595 1328 est
620 1288 835 1344 regnum
857 1270 1104 1327 citatorum
1130 1271 1349 1345 (Matth.
1378 1272 1503 1340 νβ,
1532 1272 1589 1340 4,
1611 1271 1668 1339 5,
1692 1272 1746 1340 6,
1776 1270 1855 1342 7).

261 1366 476 1424 Felices
503 1374 632 1421 sunt
659 1379 789 1436 ergo
818 1364 1092 1429 monachi,
1122 1379 1352 1435 quorum
1383 1365 1507 1420 talia
1559 1375 1687 1421 sunt
1726 1364 1857 1420 inci-

267 1465 509 1512 lamenta
534 1457 824 1512 virtutum.
853 1454 991 1527 Quia
1024 1456 1069 1511 si
1102 1471 1230 1511 vere
1253 1466 1379 1513 sunt
1403 1459 1547 1528 quod
1581 1458 1859 1525 dicuntur,

266 1550 325 1606 in
344 1564 536 1605 eorum
566 1548 673 1602 vita
704 1547 815 1605 ista
840 1547 1101 1602 virtutum
1134 1547 1470 1604 incrementa
1492 1549 1527 1605 b
1548 1549 1860 1605 'atitudines

270 1650 468 1712 parant
488 1641 656 1711 regni.
687 1637 805 1693 Etsi
846 1639 1082 1695 nondum
1116 1637 1171 1694 in
1214 1655 1291 1703 re,
1323 1641 1376 1695 in
1406 1654 1501 1713 spe
1530 1648 1708 1696 tamen
1740 1640 1865 1695 tali-

266 1733 372 1787 bus
396 1731 637 1801 quotidie
655 1739 1005 1787 coronantur.
1023 1729 1413 1798 Vellentenim,
1437 1732 1483 1787 si
1512 1732 1627 1788 ﬁeri
1652 1740 1859 1803 posset,

1953 909 2206 976 praesenti
2234 909 2341 964 vita
2366 911 2512 982 juste
2539 911 2732 983 pieque
2752 913 3018 980 viventes,
3044 913 3176 969 nihil
3202 914 3346 970 aliud
3376 929 3539 985 quam

1954 997 2171 1052 beatam
2205 999 2578 1056 desiderantes
2626 1018 2798 1073 spem,
2847 1004 3136 1060 adventum
3189 1004 3400 1062 Domini
3449 1021 3545 1061 ex-

1956 1099 2282 1160 spectamus.
2315 1090 2553 1159 Quorum
2585 1092 2711 1164 quia
2753 1092 2895 1151 Deus
2937 1095 3112 1166 portio
3161 1103 3217 1151 et
3258 1095 3550 1153 haereditas

1958 1183 2249 1246 invenitur,
2278 1184 2423 1241 Deus
2444 1186 2614 1254 Isaac,
2642 1188 2695 1243 id
2717 1197 2802 1244 est
2825 1204 2919 1260 spe
2949 1187 3318 1261 gaudentium,
3350 1188 3546 1244 merito

1958 1286 2321 1348 nuncupatur.
2355 1278 2526 1336 Porro
2575 1281 2702 1351 quia
2756 1279 2901 1336 Deus
2953 1279 3120 1336 Iacob
3162 1281 3342 1350 potius
3380 1295 3547 1351 quam

1958 1365 2125 1422 Israel
2172 1368 2387 1424 interim
2431 1370 2747 1436 ascribitur,
2774 1370 3021 1442 designat
3051 1369 3373 1426 cbaritatem
3398 1367 3559 1429 illam

1960 1472 2082 1527 quae
2110 1473 2208 1528 per
2242 1458 2586 1516 dilectionem
2608 1461 2844 1531 proximi
2872 1461 2961 1517 hic
2987 1477 3110 1518 cum
3135 1461 3239 1518 ﬁde
3283 1462 3550 1518 hactenus

1961 1536 2238 1620 operatur,
2274 1559 2329 1605 et
2370 1551 2648 1622 negotium
2680 1553 2871 1607 activae
2916 1551 3042 1608 vitae
3077 1552 3131 1606 in
3175 1566 3270 1624 Spe
3295 1553 3547 1625 peragit:

1961 1639 2088 1708 quia
2117 1641 2244 1695 dum
2271 1655 2392 1695 cum
2440 1641 2561 1696 istis
2608 1640 2831 1708 vivitur,
2881 1640 3092 1698 visione
3139 1641 3233 1696 Dei
3282 1638 3439 1696 sicuti
3468 1648 3553 1697 est

1967 1729 2056 1787 hic
2087 1730 2265 1786 nullus
2294 1730 2510 1787 fruitur.
2542 1732 2609 1787 Et
2630 1734 2750 1789 ideo
2776 1733 2982 1790 interea
3009 1734 3190 1805 potius
3212 1733 3354 1789 Deus
3382 1732 3552 1790 Jacob

267 1824 387 1879 sine
414 1822 704 1879 tolerantia
752 1820 973 1886 laboris,
1015 1837 1135 1892 quae
1172 1824 1229 1879 in
1277 1825 1483 1895 agendo
1509 1823 1865 1895 faciendoque
1886 1808 1939 1873 Β
1964 1817 2125 1893 quam
2168 1823 2335 1880 Israel
2382 1832 2528 1880 recte
2557 1824 2887 1895 appellatur;
2934 1840 3002 1882 ne
3039 1825 3181 1897 quod
3212 1826 3446 1881 nondum
3469 1833 3554 1881 est

268 1913 638 1984 amplectitur,
653 1912 839 1968 statim
853 1913 919 1968 ad
942 1912 1182 1984 pulchrae
1193 1922 1356 1985 atque
1374 1913 1629 1986 perfectae
1651 1916 1865 1989 sapien~

272 2003 363 2059 tia:
391 2003 617 2059 delicias
643 2002 946 2072 pervenire.
983 2001 1092 2059 Sed
1126 2019 1258 2059 sane
1282 2005 1385 2060 hoc
1407 2021 1513 2061 non
1542 2014 1724 2077 potest
1749 2007 1863 2075 hic,

271 2095 405 2149 dum
453 2094 658 2148 vivitur
702 2094 759 2148 in
813 2102 956 2149 terra
988 2094 1353 2152 morientium.
1384 2096 1452 2151 Et
1479 2097 1583 2153 hoc
1616 2098 1757 2154 forte
1787 2100 1866 2155 vi-

276 2183 441 2240 detur
477 2184 799 2255 signiﬁcare,
845 2184 987 2254 quod
1038 2185 1243 2243 dictum
1271 2194 1356 2243 est
1403 2187 1472 2243 ad
1499 2185 1688 2256 Jacoh,
1716 2188 1877 2265 'Non,

278 2285 359 2329 est
401 2277 565 2328 moris
594 2276 647 2329 in
674 2274 784 2328 loco
810 2286 1009 2341 nostro,
1038 2286 1095 2330 ut
1132 2278 1305 2332 minor
1342 2280 1488 2349 prius
1508 2297 1665 2347 quam
1691 2283 1867 2355 major

274 2364 446 2417 nubat
471 2366 493 2434 (
507 2362 638 2419 Gen.
668 2381 815 2429 xxix,
835 2364 959 2439 26).
998 2365 1130 2434 Quae
1155 2366 1276 2423 ideo
1304 2376 1452 2424 recte
1479 2371 1653 2442 major
1682 2373 1869 2445 appel-

271 2452 438 2517 latur,
465 2455 593 2525 quia
644 2463 878 2526 tempore
910 2456 1061 2526 prior
1102 2465 1205 2520 est,
1252 2468 1475 2530 propter
1508 2462 1864 2520 eruditionem

270 2544 475 2601 divinae
504 2546 837 2614 voluntatis;
893 2547 1143 2619 quamvis
1187 2550 1281 2604 illa
1328 2552 1526 2607 merito
1554 2554 1864 2621 antecellat,

268 2646 497 2709 propter
546 2650 827 2711 aspectum
867 2640 1063 2699 divinae
1105 2642 1546 2712 pulchritudinis.
1599 2645 1706 2701 ista
1758 2655 1862 2714 est,

270 2730 517 2800 inquam,
552 2732 812 2798 charitas,
836 2748 935 2804 per
959 2733 1127 2791 Jaeob
1150 2743 1313 2807 atque
1334 2735 1503 2793 lsrael
1534 2737 1744 2796 duobus
1770 2755 1867 2796 no-

270 2822 512 2879 minibus
538 2821 864 2895 designata:
895 2840 1015 2895 quae
1063 2841 1185 2881 cum
1226 2825 1389 2882 fuerit
1441 2843 1611 2899 usque
1657 2829 1724 2884 ad
1770 2845 1867 2884 au-

271 2929 456 2969 roram
486 2915 771 2973 matutina
816 2915 951 2973 lucis
999 2918 1388 2975 certaminibus
1426 2918 1668 2992 fatigata,
1697 2919 1865 2977 Israel

273 3012 484 3061 tantum
523 3007 847 3063 vocabitur:
897 3010 1022 3080 quia
1067 3010 1343 3081 deinceps,
1394 3019 1453 3067 ut
1507 3012 1642 3080 dixi,
1692 3011 1865 3070 Deum

270 3095 413 3152 facie
458 3096 528 3152 ad
562 3096 761 3153 faciem
789 3098 1030 3155 charilas
1068 3101 1539 3171 contemplabitur,
1571 3111 1627 3159 et
1663 3103 1717 3159 in
1749 3118 1866 3159 am-

270 3186 524 3258 plexibus
557 3199 835 3261 perpetua:
866 3189 1001 3249 lucis
1028 3189 1412 3261 jocundabitur
1437 3194 1554 3248 sine
1595 3192 1720 3249 ﬁne.
1753 3193 1866 3251 Has

272 3293 511 3350 namque
533 3286 643 3335 tres
662 3280 925 3336 virtutum
948 3282 1279 3349 mansiones,
1303 3282 1394 3354 qui
1416 3283 1531 3339 vult
1549 3284 1604 3339 in
1631 3284 1865 3343 Abrahae

271 3371 482 3427 semine
513 3369 782 3439 benedici,
824 3382 879 3428 et
914 3373 1058 3429 inter
1087 3374 1227 3431 ﬁlios
1255 3376 1579 3447 computari,
1627 3376 1867 3447 primum

272 3477 500 3519 necesse
523 3461 627 3519 est‘
642 3463 995 3536 ingrediatur,
1027 3480 1091 3521 ac
1124 3465 1319 3521 deinde
1346 3467 1414 3522 ad
1452 3466 1691 3538 reliquas
1723 3483 1862 3540 quo-

274 3558 407 3614 tidie
433 3557 766 3630 proﬁciendo
794 3568 1225 3617 castrametetur.
1250 3560 1387 3629 Quia
1417 3561 1534 3617 sine
1572 3562 1694 3619 istis
1717 3562 1869 3619 nulla

279 3648 541 3705 virtutum
570 3665 738 3724 opera
765 3666 864 3722 per
890 3652 1056 3719 viam,
1089 3668 1210 3724 qua:
1238 3651 1491 3710 Christus
1525 3661 1630 3721 est,
1673 3654 1741 3709 ad
1768 3668 1867 3724 pa-

277 3740 444 3797 triam
472 3756 572 3797 nos
599 3741 891 3799 deducunt.
922 3740 1077 3801 Unde
1104 3741 1334 3812 coniicio
1360 3753 1526 3808 recte,
1558 3744 1702 3815 quod
1727 3744 1863 3800 isto-

274 3848 402 3889 rum
432 3832 572 3889 Deus
593 3842 804 3891 tantum
831 3834 953 3895 ideo
973 3835 1293 3907 appelletur,
1320 3843 1378 3891 ut
1398 3849 1497 3906 per
1517 3850 1612 3892 eos
1635 3835 1864 3893 demom

277 3931 486 3978 straret
532 3924 682 3992 ιιιω,
734 3925 831 3995 qui
864 3925 1179 4003 secundum
1228 3926 1541 3983 interiorem
1590 3927 1869 3985 hominem

280 4016 462 4075 tribus
504 4018 620 4075 istis
670 4019 965 4077 virtutibus
1028 4028 1398 4097 propagentur
1456 4019 1627 4077 cultui
1680 4019 1867 4075 divino

274 4109 594 4180 mancipati,
634 4127 865 4182 quorum
919 4128 1027 4169 non
1081 4113 1428 4169 confunditur
1465 4114 1607 4169 Deus
1656 4114 1865 4172 vocari.

272 4197 391 4257 Hos
418 4216 609 4257 omnes
646 4203 942 4261 secundum
987 4204 1268 4261 electionis
1312 4203 1545 4277 gratiam
1577 4204 1685 4261 sibi
1709 4200 1866 4261 dedi-

273 4292 423 4347 cavit
469 4293 524 4347 in
570 4296 777 4351 servos.
809 4293 945 4353 Nam
975 4295 1181 4363 dicere,
1209 4294 1324 4369 Ego
1353 4313 1471 4353 sum
1503 4296 1649 4359 Deus
1697 4298 1870 4359 Δάνῳ

1968 1915 2073 1971 illis
2101 1916 2191 1987 qui
2218 1916 2394 1972 adhuc
2422 1927 2550 1973 sunt
2578 1918 2631 1973 in
2661 1917 2960 1973 certamine
2988 1917 3104 1973 sine
3134 1916 3409 1972 fruitionis
3429 1933 3554 1989 gra-

1966 2005 2039 2060 tia
2065 2006 2443 2062 nominetenus
2471 2007 2826 2062 comlonetur.
2886 2005 2998 2063 Nec
3040 2006 3256 2061 mireris
3285 2005 3411 2075 quia
3438 2005 3552 2061 dixi

1966 2094 2142 2152 tribus
2186 2097 2305 2153 istis
2330 2098 2575 2153 omnium
2607 2094 3021 2154 universitatem
3054 2098 3350 2155 electorum
3403 2098 3553 2155 velut

1966 2201 2064 2257 per
2088 2186 2323 2256 speciem
2367 2186 2677 2260 designari;
2735 2203 2855 2243 cum
2910 2187 3038 2243 alibi
3085 2184 3199 2242 Noe
3238 2202 3304 2263 ac
3356 2182 3457 2243 τοι)
3497 2195 3557 2243 et

1967 2277 2174 2343 Daniel,
2201 2294 2300 2350 pro
2343 2276 2613 2337 universis
2659 2279 3032 2350 accipiantur,
3083 2279 3176 2349 qui
3226 2277 3325 2335 soli
3355 2293 3452 2334 sua
3496 2276 3553 2333 in

1966 2371 2226 2426 extremis
2252 2370 2467 2441 justitia
2512 2369 2904 2427 liberabuntur.
2952 2369 3082 2435 Sua,
3135 2369 3378 2440 inquam,
3423 2368 3555 2440 quia

1967 2462 2136 2533 gratis
2166 2478 2262 2533 per
2306 2461 2465 2518 ﬁdem
2495 2459 2801 2531 iustiﬁcati,
2829 2477 3017 2517 eorum
3060 2444 3281 2535 patroni
3302 2461 3559 2533 operibus

1968 2554 2299 2619 inluerendo,
2344 2569 2574 2625 quorum
2621 2553 2970 2625 praesignavit
3009 2552 3249 2619 nomina,
3283 2551 3557 2621 Deijnsti—

1969 2638 2099 2697 tiam
2130 2652 2536 2709 conservantes,
2588 2644 2860 2714 propriam
2908 2638 3009 2699 sibi
3060 2643 3176 2698 suis
3223 2643 3434 2699 meritis
3460 2657 3555 2699 ae-

1969 2734 2293 2809 quisierunt.
2347 2732 2612 2790 Similiter
2654 2743 2710 2789 et
2756 2734 2809 2788 in
2858 2733 2967 2799 his,
3012 2742 3073 2788 ut
3125 2733 3378 2809 diximus,
3414 2733 3558 2788 Deus

1968 2841 2155 2882 eorum
2192 2826 2475 2896 accipitur,
2521 2825 2614 2897 qui
2640 2840 2739 2896 per
2776 2824 2935 2880 ﬁdem
2972 2840 3037 2881 ac
3057 2839 3207 2895 spem
3231 2833 3285 2879 et
3314 2822 3587 2880 dilectio-‘
3662 2841 3667 2847 ·

1968 2898 2114 2981 nem,
2138 2915 2381 2985 patribus
2412 2914 2758 2985 copulantur,
2786 2920 2842 2970 et
2867 2913 3031 2969 cultui
3071 2911 3255 2969 divino
3280 2912 3561 2999 serviunt;

1968 3005 2116 3075 quia,
2148 3005 2289 3061 sicut
2333 3004 2540 3075 liquido
2589 3013 2824 3072 constat,
2870 3003 3049 3060 nullus
3086 3004 3204 3060 sine
3240 3003 3359 3061 istis
3381 2998 3557 3061 tribus

1970 3094 2073 3169 71
2105 3096 2396 3152 virtutibus
2431 3094 2538 3150 Deo
2563 3095 2977 3168 appmpinquat,
3002 3110 3177 3164 neque
3202 3092 3345 3151 Deus
3364 3108 3556 3150 eorum

1893 3170 1939 3234 (ἶ
1970 3197 2195 3245 vocatur
2219 3203 2287 3245 ex
2314 3188 2527 3254 merito,
2555 3203 2786 3259 quorum
2825 3204 2932 3244 non
2980 3196 3107 3243 sunt
3147 3186 3266 3245 ista:
3289 3176 3554 3244 virtutum

1963 3284 2208 3341 omnium
2234 3284 2465 3339 virtutes
2492 3282 2618 3337 vitae
2646 3282 2828 3353 operis
2858 3283 2913 3337 in
2934 3282 3169 3355 negotio.
3187 3281 3242 3337 ln
3266 3281 3353 3338 bis
3386 3280 3552 3354 igitur

1958 3374 2073 3446 jam
2115 3372 2485 3431 mansionibus
2511 3374 2880 3430 castrametati
2908 3373 3145 3445 reliquas
3168 3364 3394 3430 Christo
3415 3372 3555 3431 duce

1965 3463 2183 3522 facilius
2209 3466 2656 3533 commeabimus,
2691 3479 2856 3536 super
2892 3464 3026 3520 istas
3074 3472 3403 3519 caeterarum
3436 3462 3561 3529 vir-_

1965 3566 2145 3615 tutum
2181 3574 2347 3629 opera
2405 3557 2775 3622 cumulando;
2817 3557 2945 3627 quia
2993 3556 3247 3613 nimirum
3279 3557 3396 3612 haec
3441 3571 3555 3613 non

1965 3648 2071 3721 nisi
2126 3648 2367 3704 omnium
2414 3648 2677 3703 virtutum
2736 3646 3095 3719 perﬁciuntur
3143 3646 3436 3718 operibus;
3492 3654 3561 3705 ut.

1965 3755 2128 3821 verus
2152 3739 2411 3797 Hebraeus
2436 3740 2504 3795 ad
2533 3748 2758 3806 terram,
2804 3754 2924 3811 quae
2948 3737 3197 3796 Christus
3224 3748 3333 3821 est,
3381 3754 3554 3810 quan-

1966 3818 2143 3904 doque
2168 3832 2450 3905 perveniat
2474 3832 2565 3888 diu
2594 3833 2841 3905 patribus
2868 3818 3401 3904 repromissamQUbi
3426 3848 3557 3891 mox

1967 3933 2093 4001 ante
2117 3924 2253 3981 alios
2292 3923 2707 3997 signiﬁcantius,
2751 3935 2874 3995 post
2901 3916 3014 3979 'eos
3048 3937 3185 3994 quos
3224 3923 3557 3997 evangeliea

1966 4019 2248 4091 prmmisit,
2261 4019 2500 4092 primum
2526 4019 2768 4075 occurrit
2790 4017 2973 4084 ludas,
2999 4018 3093 4089 qui
3119 4027 3269 4077 recte
3294 4018 3557 4090 confessio

1968 4111 2398 4182 interpretatur:
2446 4126 2512 4166 eo
2540 4111 2684 4181 quod
2712 4119 2998 4183 postquam
3038 4110 3216 4169 tribus
3254 4110 3372 4166 istis
3404 4109 3555 4166 velut

1967 4201 2237 4261 virtutum
2270 4202 2519 4272 passibus
2545 4201 2971 4259 Christianitatis
3010 4203 3116 4259 iter
3160 4202 3424 4259 fuerimus
3470 4202 3553 4257 in-

1969 4292 2165 4369 gressi,
2187 4307 2410 4351 necesse
2434 4301 2522 4350 est
2543 4302 2602 4349 ut
2623 4293 2693 4351 ad
2713 4293 3109 4351 confessionem
3126 4293 3255 4350 ﬁdei
3277 4292 3421 4349 illico
3449 4303 3551 4349 nos

270 4385 425 4453 ham,
454 4384 601 4442 Deus
630 4385 810 4454 Isaac,
842 4397 893 4447 et
917 4387 1060 4444 Deus
1080 4387 1246 4445 Iacob
1275 4387 1485 4461 (Exerit
1517 4405 1605 4457 ιιι,
1635 4389 1724 4462 6),
1761 4391 1885 4463 79.
1968 4398 2252 4455 paremus:
2281 4393 2551 4457 quatenus
2577 4392 2704 4441 ante
2732 4399 2888 4457 reges
2915 4394 2972 4441 et
2989 4385 3270 4456 praesides,
3295 4384 3379 4441 vel
3406 4394 3558 4442 certe

274 4477 411 4547 quid
452 4477 599 4533 aliud
631 4487 907 4549 estquam
939 4489 1128 4551 aperte
1155 4480 1466 4546 ostendere,
1495 4481 1642 4553 quod
1669 4481 1866 4541 horum
1891 4538 1942 4553 ﬁ
1969 4493 2097 4533 cum
2128 4477 2439 4535 relaxamur
2475 4475 2863 4549 aliquantisper
2907 4493 2939 4532 a
2989 4476 3306 4542 tentatione,
3350 4475 3557 4533 confes-

272 4575 493 4622 tantum
540 4565 683 4625 Deus
721 4538 812 4633 sit,
847 4569 939 4643 qui
971 4538 1142 4626 lribus
1177 4570 1294 4628 istis
1324 4538 1614 4629 virtutibus
1640 4572 1867 4629 istorum
1889 4538 1948 4601 Β
1973 4571 2182 4627 sionem
2224 4586 2333 4627 non
2363 4570 2543 4627 minus
2564 4538 2939 4643 corde-quam
2962 4586 3060 4626 ore
3091 4578 3407 4645 teneamus;
3463 4583 3558 4638 ne,

270 4661 607 4732 colliguntur
632 4662 701 4719 ad
749 4663 1047 4719 meritum?
1089 4663 1177 4731 Et,
1220 4671 1281 4719 ut
1303 4665 1480 4739 aptius
1508 4664 1703 4731 dicam,
1734 4665 1869 4736 quid

272 4755 423 4811 aliud
453 4756 506 4811 in
530 4757 716 4828 aliquo
744 4756 1147 4830 comprobatur,
1189 4758 1295 4815 nisi
1325 4759 1441 4815 htec
1472 4758 1571 4814 tria
1604 4758 1875 4817 virtutum.

276 4849 512 4920 mystica
564 4851 753 4907 dona?
795 4850 900 4908 Per
928 4866 1052 4922 qua:
1092 4850 1336 4923 profecto
1371 4852 1587 4909 divinus
1614 4866 1796 4909 sermo
1831 4868 1865 4910 a

272 4942 459 5011 specie
492 4944 692 4998 transit
731 4943 801 5017 ad
832 4959 1025 5015 genus,
1059 4951 1115 4999 et
1140 4942 1343 4999 dicitur
1381 4943 1523 4999 Deus
1561 4942 1858 5011 Abraham,

271 5046 470 5089 eorum
491 5034 724 5101 scilicet,
746 5035 987 5106 quicum
1026 5036 1143 5107 ipso
1173 5050 1272 5107 per
1308 5032 1468 5092 ﬁdem
1499 5034 1869 5106 justiﬁeantur

270 5130 339 5179 et
356 5132 541 5194 patres
566 5125 861 5181 multarum
889 5126 1026 5183 ﬁunt
1066 5125 1368 5193 virtutum;
1410 5134 1475 5181 ut
1508 5125 1562 5180 in
1610 5125 1881 5197 idipsum,.

273 5217 581 5275 secundum
608 5218 1023 5289 promissionem
1046 5219 1271 5283 seminis
1310 5234 1477 5276 unum
1504 5234 1699 5285 omnes
1721 5220 1871 5277 inve-

276 5307 525 5369 nitntur.
578 5308 723 5366 Deus
762 5318 943 5367 autem
992 5310 1143 5367 [suae
1184 5326 1374 5369 eorum
1403 5318 1554 5367 recte
1578 5310 1867 5381 accipitur,

278 5402 399 5474 qui,
426 5418 526 5474 spe
550 5403 847 5475 gaudentes
868 5404 1245 5467 tribulationes
1280 5405 1560 5474 patiuntur
1587 5420 1603 5470 ;
1633 5418 1871 5475 quorum

272 5511 389 5555 vox
424 5510 517 5555 ess
532 5512 663 5553 eum
687 5495 985 5567 Apostolo:
1021 5495 1160 5564 Quia
1197 5496 1460 5566 conﬁdere
1508 5512 1602 5552 nos
1643 5495 1766 5566 fecit
1807 5497 1879 5559 iis

272 5589 577 5647 διέταξεν..
601 5589 821 5661 (Epiros.
843 5605 907 5657 ιι,
935 5590 1013 5663 6).
1043 5589 1188 5648 Sane
1216 5590 1456 5647 nondum
1495 5590 1552 5646 in
1574 5605 1659 5657 re,
1692 5588 1787 5647 sed
1810 5589 1867 5649 in

272 5698 379 5755 spe
398 5684 719 5756 plenissime
737 5683 1031 5757 gloriantes
1044 5726 1061 5752 ,
1094 5692 1153 5741 et
1177 5683 1337 5742 nullis
1360 5694 1578 5742 aeterna)
1599 5683 1724 5739 vitae
1742 5697 1869 5759 pro-

274 5773 653 5843 m
683 5777 1045 5837 inﬁrm-mir.
1098 5775 1253 5837 [huic
1290 5784 1349 5837 et
1393 5777 1681 5836 credentes
1716 5774 1861 5848 Apo-

1971 4680 2071 4737 per
2112 4663 2489 4723 inﬁrmitatem
2519 4664 2720 4730 carnis,
2762 4665 2995 4721 virtutes
3022 4678 3161 4735 quas
3194 4663 3553 4735 percipimus.

1972 4756 2150 4813 subito
2175 4754 2565 4829 relinquamus.
2596 4756 2770 4827 Quam
2796 4755 2844 4812 si
2870 4754 3093 4813 omnino
3125 4753 3319 4812 Petrus
3347 4755 3402 4813 in
3428 4767 3555 4827 pas-

1970 4845 2125 4902 sione
2144 4854 2437 4911 servasset,
2457 4847 2746 4905 discrimen
2768 4846 3070 4919 negationis
3088 4861 3197 4921 non
3224 4840 3547 4921 incurreret;

1969 4950 2182 5005 verum,
2205 4936 2332 5009 quia
2365 4935 2641 4995 Christum
2663 4937 2913 4994 conﬁteri
2954 4937 3150 5003 timuit,
3183 4935 3309 5011 ﬁdei
3327 4949 3392 4990 ac
3421 4933 3554 4989 cha-

1970 5028 2151 5087 ritatis
2196 5030 2448 5087 ardorem
2485 5030 2541 5087 in
2579 5031 2760 5089 subito
2788 5028 3153 5105 praetermisit,
3191 5038 3248 5084 et
3294 5027 3549 5099 laqueum

1969 5120 2272 5193 negationis
2300 5136 2408 5177 non
2441 5123 2635 5178 evasit.
2663 5123 2771 5179 Sed
2794 5138 2864 5180 ne
2892 5123 2946 5179 in
2973 5117 3362 5193 desperationis
3384 5117 3521 5189 hara
3566 5170 3573 5185 ,

1968 5212 2097 5275 thro
2125 5211 2329 5269 diutius
2351 5222 2830 5282 remaneret,.mox
2851 5216 2921 5271 ad
2950 5230 3073 5272 eum
3101 5212 3278 5269 divina
3309 5209 3571 5282 respexit.

1969 5305 2283 5373 clementia,
2312 5314 2368 5363 et
2403 5306 2547 5379 quod
2584 5324 2683 5381 per
2706 5308 3120 5367 inconstantiam
3153 5303 3276 5362 ﬁdei
3299 5303 3553 5377 deliquit.

1967 5413 2069 5468 per
2093 5397 2485 5457 confessionem
2506 5393 2694 5470 postea
2722 5401 2961 5457 amarius
2978 5396 3246 5469 purgavit.
3270 5394 3572 5469 Siquidem,

1968 5490 2241 5553 confessio
2267 5494 2482 5565 gemina
2501 5509 2623 5553 esse
2645 5495 2864 5560 dicitur,
2882 5508 2948 5550 eo
2975 5493 3118 5563 quod
3141 5492 3286 5549 aliud
3315 5503 3401 5550 est
3420 5506 3554 5550 con-

1968 5585 2113 5647 ﬁteri
2136 5586 2303 5643 Deum
2320 5602 2419 5658 per
2450 5588 2631 5654 ﬁdem,
2648 5597 2704 5643 et
2732 5587 2874 5642 hanc
2901 5585 3125 5643 omnino
3150 5584 3549 5644 confessionem

1969 5682 2252 5742 cbaritatis
2279 5683 2473 5738 ardore
2491 5681 2559 5736 ad
2584 5680 2745 5736 ﬁnem
2784 5694 2958 5751 usque
2982 5680 3105 5737 vita:
3132 5680 3275 5737 inter
3298 5679 3555 5735 universa

1970 5784 2241 5835 tormenta
2278 5780 2588 5833 constanter
2610 5774 2889 5853 retinere;
2923 5776 3069 5837 aliud
3095 5790 3228 5837 sane
3262 5783 3555 5849 postquam
