4032 6358
503 323 573 424 sv
1269 359 1326 415 s.
1365 354 1719 416 pascam]
1758 351 2104 411 nauseam
2139 346 2429 408 seems
2461 345 2910 407 commensus
3705 344 3779 402 ss

497 479 852 554 prolabimur,
880 476 1208 533 conscientia
1231 489 1330 529 nos
1360 481 1680 535 accusante,
1715 468 1917 539 peccati
1953 482 2077 521 con-
2103 469 2157 528 Α
2179 471 2353 554 tutum
2385 461 3023 554 solidius-confirmatur;
3156 457 3300 554 quod
3327 457 3604 554 sinenistis
3629 457 3780 513 nulla

497 570 733 628 fessione
756 567 993 638 purgari.
1023 564 1262 633 Utraque
1293 575 1472 616 tamen
1514 561 1685 613 virtus
1713 557 2068 628 prtedicatur:

499 664 594 719 sed
619 661 705 715 illa
735 659 996 715 mirabilis
1023 674 1088 713 ex
1137 658 1334 710 virtute
1384 653 1650 722 martyrii,
1683 652 1786 706 ista
1816 651 2076 720 quodam-

502 751 663 806 modo
689 749 972 804 laudabilis
992 755 1210 817 propter
1243 744 1635 798 confessionem
1678 751 1733 796 et
1776 741 2075 796 remedium

502 841 730 911 peccati.
764 838 851 892 Illa
883 838 1145 908 siquidem
1185 835 1450 906 martyrio
1481 843 1792 897 coronatur,
1837 833 1938 887 ista
1973 831 2078 885 sal-

502 941 610 986 tem
643 930 850 986 veniam
881 936 1002 998 post
1025 936 1230 981 reatum
1271 935 1526 979 meretur.
1553 925 1626 977 De
1659 924 1747 978 illa
1772 924 1965 994 quippe
1991 922 2076 975 di-

501 1023 680 1076 citur:
713 1020 926 1085 Quinte
965 1016 1230 1084 confessus
1271 1015 1426 1084 fuerit
1467 1030 1643 1067 coram
1675 1013 1988 1076 hominibus,
2029 1019 2077 1064 et

501 1131 593 1185 ego
633 1111 914 1180 conﬁtebor
943 1126 1059 1164 eum
1087 1125 1261 1162 coram
1289 1105 1447 1160 Patre
1471 1123 1604 1168 meo,
1631 1107 1718 1176 qui
1745 1115 1818 1158 est
1847 1104 1902 1157 in
1937 1103 2076 1157 cazlis

500 1203 730 1274 (Matth.
770 1217 824 1263 ι,
853 1200 975 1271 32).
1024 1198 1100 1252 De
1131 1200 1231 1251 hac
1273 1213 1422 1260 vero,
1473 1196 1609 1261 Quia
1645 1195 1894 1265 gaudium
1921 1204 1991 1246 est
2023 1194 2077 1246 in

501 1292 627 1346 creto
656 1308 810 1360 super
829 1307 932 1344 uno
953 1299 1219 1359 peccatore
1241 1289 1592 1359 paenitentiam
1616 1299 1794 1357 agente
1816 1285 1964 1356 (Luc.
1984 1301 2074 1350 xv,

502 1385 589 1454 7).
619 1382 727 1438 Nec
760 1382 1031 1437 immerito
1061 1381 1200 1450 quod
1235 1378 1400 1434 Judas
1437 1387 1629 1448 quarto
1658 1377 1775 1431 loco
1816 1376 2030 1446 ponitur
2059 1392 2072 1427 :

500 1476 626 1545 quia
659 1474 799 1527 Deus
827 1473 1063 1528 Trinitas
1093 1472 1263 1526 tribus
1290 1471 1578 1541 prmmissis
1605 1468 1912 1531 virtutibus,
1953 1482 2076 1521 cum

502 1566 574 1619 sit
619 1564 815 1634 ubique
849 1563 1129 1626 colendus,
1171 1572 1360 1631 quarta
1421 1560 1670 1614 videlicet
1713 1558 1826 1613 sola
1869 1556 2077 1612 confes-

503 1654 654 1708 sione
676 1654 981 1707 hominibus
1004 1652 1342 1722 prmdicatur.
1363 1651 1514 1706 Unde
1529 1651 1786 1720 scriptum
1813 1649 2070 1719 legimus:

503 1741 672 1796 Corde
703 1743 932 1797 creditur
959 1744 1028 1797 ad
1040 1742 1325 1812 justitiam,
1352 1758 1479 1794 aure
1517 1751 1686 1794 autem
1732 1740 1987 1808 confessio
2014 1739 2074 1806 ﬁt

2177 553 2348 626 possit
2358 553 2529 607 virtus
2542 551 2856 615 subsistere,
2872 564 3048 620 neque
3061 547 3406 604 Christianus
3417 548 3612 620 aliquis
3627 563 3777 604 esse.

2180 644 2285 700 Sed
2327 644 2451 714 quia
2481 643 2532 698 in
2558 641 2906 697 fundamento
2937 641 3027 695 diu
3073 639 3268 694 morati
3313 654 3520 702 sumus,
3565 639 3782 710 regiam

2179 747 2468 809 carpentes
2494 738 2656 799 viam,
2699 742 2865 789 restat
2902 742 2961 787 ut
2981 732 3046 785 ad
3079 731 3284 786 Phares
3313 740 3366 785 et
3397 729 3588 784 Zaram
3618 730 3782 786 ocius

2179 829 2285 900 73
2308 830 2607 883 veniamus.
2631 827 2836 881 Phares
2863 839 3095 894 namque
3135 823 3315 894 lingua
3354 831 3538 878 nostra
3572 823 3781 877 divisus

2179 919 2604 988 interpretatur;
2647 916 2784 970 Zara
2819 931 2948 970 vero
2985 915 3158 969 oriens
3189 927 3384 969 sonare
3414 914 3648 968 videtur.
3679 913 3780 966 [lle

2179 1008 2432 1062 nimirum
2463 1019 2610 1063 recte
2641 1007 2845 1062 Phares
2870 1004 3090 1070 dicitur,
3129 1019 3291 1074 quem
3339 1013 3553 1059 torrens
3591 1005 3776 1058 tribu—

2179 1099 2398 1154 lationis
2446 1115 2551 1153 una
2600 1115 2723 1154 cum
2780 1096 2982 1168 populo
3015 1095 3428 1166 peregrinantis
3475 1094 3542 1149 de
3592 1094 3780 1149 medio

2179 1193 2370 1246 dividit
2413 1191 2725 1262 Babylonis.
2768 1190 2923 1246 Unde
2963 1188 3225 1259 propheta
3275 1171 3509 1250 clamat,
3557 1185 3776 1251 dicens,

2180 1283 2289 1337 imo
2317 1298 2414 1352 per
2436 1282 2750 1352 prapbctam
2774 1281 3033 1335 Dominus
3058 1298 3070 1332 :
3100 1278 3274 1343 Exite,
3298 1276 3489 1348 popule
3509 1293 3679 1341 meus,
3705 1277 3783 1330 de

2180 1372 2353 1426 medio
2379 1371 2686 1441 Babylonis,
2721 1371 2856 1425 exite
2883 1371 2971 1441 qui
2991 1369 3141 1438 fertis
3165 1385 3287 1423 vasa
3327 1367 3560 1432 Domini,
3587 1377 3633 1422 et
3656 1366 3782 1436 pol-

2177 1462 2343 1516 lutum
2371 1462 2530 1515 nolite
2559 1473 2771 1532 tangere
2792 1460 2928 1531 (Isa.
2970 1476 3064 1524 ιιι,
3100 1458 3209 1530 Η).
3241 1459 3384 1514 Bene
3412 1459 3558 1513 enim
3593 1472 3651 1512 se
3691 1457 3786 1510 di-

2181 1553 2384 1607 viserat
2423 1569 2450 1606 a
2491 1552 2712 1622 populo,
2745 1552 2998 1606 videlicet
3038 1566 3069 1604 a
3098 1550 3349 1614 terrenis,
3383 1549 3473 1618 qui
3508 1547 3722 1602 dicebat
3753 1563 3776 1598 :

2180 1642 2378 1696 Nostra
2403 1653 2578 1696 autem
2619 1643 2943 1696 conversatio
2970 1643 3025 1694 in
3049 1641 3191 1694 catis
3212 1649 3288 1694 est
3313 1637 3530 1711 (Philip.
3567 1654 3627 1700 ιι,
3649 1635 3778 1706 20).

2179 1732 2284 1788 Sed
2314 1741 2370 1787 et
2398 1732 2567 1786 David
2598 1750 2612 1786 :
2651 1730 2850 1786 Judica
2898 1747 3010 1796 me,
3036 1730 3194 1792 Deus,
3223 1729 3416 1799 inquit,
3451 1732 3498 1781 et
3532 1729 3784 1780 discerne

503 1834 572 1886 ad
608 1833 828 1888 salutem
858 1834 1039 1906 (Rom.
1069 1851 1120 1897 χ,
1149 1835 1267 1904 10).
1308 1834 1376 1887 Et
1407 1833 1525 1888 ideo
1552 1833 1794 1902 quisquis
1814 1848 1894 1896 es,
1923 1833 2076 1887 Chri-
2104 1823 2151 1883 B
2178 1840 2391 1878 causam
2443 1840 2610 1878 meam
2641 1823 2705 1877 de
2728 1832 2876 1894 gente
2920 1839 3025 1876 non
3060 1831 3243 1876 sancta
3283 1818 3456 1892 (Psal.
3505 1833 3638 1882 ml,
3690 1818 3777 1906 l).

501 1925 698 1990 stiane,
721 1927 764 1980 si
792 1925 873 1979 vis
893 1926 987 1980 tibi
1019 1935 1130 1980 tres
1157 1926 1288 1980 istas
1314 1927 1540 1979 virtutes
1567 1925 1673 1996 ⁵12
1709 1924 1968 1994 proﬁcere
2004 1925 2072 1990 ad

503 2014 750 2079 salutem,
783 2015 1120 2070 confessione
1146 2015 1388 2080 induere,
1433 2023 1698 2083 quatenus
1742 2022 1928 2069 contra
1957 2029 2074 2068 om-

504 2107 590 2160 nia
630 2108 970 2162 adversantia
992 2108 1167 2162 victor
1193 2108 1370 2178 possis
1389 2108 1642 2162 existere.
1669 2105 1802 2161 Nam
1829 2107 2074 2162 diabolus

501 2204 726 2250 cunctos
786 2196 1028 2266 expetiit,
1073 2204 1131 2250 ut
1182 2195 1446 2250 cribraret
1496 2194 1641 2250 velut
1693 2196 1951 2250 triticum.
1992 2195 2072 2250 Tu

500 2295 702 2351 autem,
746 2297 840 2340 aut
886 2302 982 2356 per
1023 2285 1411 2342 confessionem
1457 2287 1768 2342 thesaurum
1814 2287 1936 2342 ﬁdei
1975 2287 2073 2342 tibi

501 2375 641 2432 forte
670 2377 1016 2433 commissum
1063 2380 1284 2433 omnino
1320 2379 1578 2445 servabis,
1626 2387 1686 2434 ut
1727 2387 1912 2434 contra
1941 2379 2071 2434 vitia

501 2469 815 2524 tentationis
855 2469 1217 2524 Christianum
1261 2477 1312 2524 te
1357 2471 1594 2538 proles;
1629 2477 1722 2523 aut
1764 2476 1930 2533 certe,
1954 2476 2076 2538 post

498 2569 726 2623 reatum,
771 2561 1112 2630 paenitendo,
1154 2561 1267 2616 sola
1324 2561 1661 2617 confessione
1708 2561 2070 2618 mundaheris.

496 2648 746 2721 Alioquin
772 2652 1014 2722 quisquis
1045 2666 1123 2718 es,
1177 2667 1283 2707 non
1312 2653 1530 2717 evades,
1581 2653 1626 2707 si
1660 2653 1852 2707 harum
1911 2670 2070 2709 unam

498 2756 604 2795 non
633 2743 889 2797 tenueris.
933 2741 1182 2798 Forsitan
1223 2758 1350 2814 ergo
1395 2742 1644 2798 Christus
1686 2743 1752 2798 de
1793 2741 1949 2808 Juda,
1981 2745 2072 2813 qui

497 2841 583 2887 est
631 2841 856 2901 quartus
904 2835 972 2887 ab
1017 2834 1306 2899 Abraham,
1367 2833 1567 2888 idcirco
1614 2834 1760 2888 nasci
1803 2833 1988 2897 voluit,
2019 2841 2075 2887 et

499 2924 672 2977 tribus
718 2924 1097 2992 prmtermissis
1139 2923 1421 2986 fratribus,
1472 2925 1538 2978 de
1584 2938 1690 2992 quo
1739 2924 1948 2978 veniret
1977 2938 2074 2992 per

498 3028 739 3079 carnem,
771 3015 913 3068 hunc
941 3014 1122 3085 elegit.
1149 3023 1207 3068 ut
1248 3030 1367 3070 mox
1397 3022 1646 3084 percepta
1670 3014 1841 3084 gratia
1873 3012 1992 3068 fidei
2017 3019 2074 3066 et

496 3105 631 3174 spei,
663 3120 726 3160 ac
760 3105 1058 3171 charitatis,
1098 3121 1164 3161 ex
1211 3114 1396 3160 nostra
1440 3103 1686 3160 Christus
1735 3103 2072 3160 confessione

2176 1915 2398 1970 Talibus
2419 1921 2476 1970 et
2499 1912 2874 1982 hujuscemodi
2902 1911 3254 1966 incrementis
3273 1908 3450 1964 sancti
3475 1907 3575 1962 Dei
3605 1905 3787 1977 preti-

2175 2006 2402 2071 cientes,
2443 2006 2511 2060 ad
2562 2006 2796 2074 patriam
2846 2003 3090 2058 Paradisi
3147 2010 3445 2074 gaudentes
3493 2000 3663 2064 ibant,
3712 2006 3782 2054 et

2177 2113 2399 2168 semper
2420 2097 2488 2151 ad
2516 2097 2570 2152 id
2599 2097 2741 2166 quod
2766 2096 2821 2150 in
2858 2103 2982 2150 ante
3009 2104 3093 2150 est
3117 2109 3176 2150 se
3220 2092 3779 2165 superessendebant-

2177 2187 2330 2244 Unde
2351 2189 2406 2244 in
2443 2188 2580 2243 Zara
2606 2187 2926 2243 matutinam
2951 2187 3047 2241 Dei
3068 2200 3320 2241 auroram
3347 2183 3775 2253 conspicientes,

2175 2284 2496 2354 splendebat
2528 2282 2739 2354 .ubique
2769 2283 2820 2336 in
2845 2282 2926 2336 eis
2950 2281 3030 2336 sol
3055 2280 3300 2351 iustitiae,
3337 2279 3394 2334 et
3418 2294 3580 2334 verus
3608 2277 3779 2332 Luci-

2175 2374 2259 2432 fer
2311 2375 2367 2430 in
2425 2390 2612 2430 eorum
2654 2371 2908 2428 cordibus
2941 2370 3238 2425 oriebatur.
3278 2367 3448 2424 Porro
3491 2369 3543 2422 in
3573 2368 3776 2423 Esrom

2173 2466 2321 2521 velut
2349 2466 2404 2520 in
2431 2465 2548 2520 acie
2573 2463 2888 2528 constituti,
2914 2461 3140 2532 sagittas
3163 2460 3361 2530 quibus
3390 2458 3581 2514 militia
3607 2458 3776 2514 Chri-

2176 2541 2354 2614 stiana
2395 2565 2640 2612 armatur
2669 2563 2859 2611 contra
2893 2555 3104 2609 hostem
3139 2551 3444 2623 dirigimus.
3469 2551 3546 2605 De
3568 2552 3775 2623 quibus

2177 2649 2392 2719 sagittis
2421 2647 2664 2718 profecto
2696 2644 2933 2701 dicitur:
2965 2641 3185 2713 Sagittae
3217 2653 3322 2696 tua:
3365 2652 3555 2707 acute,
3583 2640 3779 2711 poputi

2173 2738 2267 2793 sub
2300 2748 2348 2792 te
2387 2739 2571 2792 cadent
2601 2735 2775 2807 (Psal.
2804 2749 2949 2798 κων,
2980 2733 3056 2803 7).
3087 2731 3233 2800 Quas
3263 2732 3496 2802 denique
3529 2733 3769 2802 sagittas

2174 2832 2270 2888 filii
2291 2847 2664 2896 excussorum,
2691 2829 3057 2900 apostolorum
3073 2827 3302 2893 scilicet,
3322 2837 3586 2892 tenentes,
3611 2827 3777 2882 ibant.

2174 2925 2371 2994 ubique
2399 2925 2757 2995 fulgurantes,
2790 2931 2843 2978 et
2876 2936 3091 2977 omnem
3120 2920 3460 2976 altitudinem
3510 2921 3772 2991 redigen-

2173 3025 2256 3072 tes
2283 3017 2336 3072 in
2353 3017 2742 3085 captivitatem.
2771 3013 3037 3068 Futurum
3061 3020 3146 3068 est
3189 3019 3249 3066 ut
3279 3010 3373 3066 fiat
3401 3011 3578 3066 omnis
3599 3025 3767 3064 mun-

2172 3107 2273 3162 dus
2320 3105 2571 3161 subditus
2618 3105 2749 3159 Deo.
2825 3103 2934 3158 Has
2995 3103 3160 3174 igitur
3214 3101 3474 3156 virtutum
3534 3099 3768 3171 sagittas

495 3205 827 3261 nasceretur,
871 3198 1110 3252 moribus
1155 3213 1277 3251 eum
1309 3213 1372 3252 ac
1414 3213 1542 3252 voce
1589 3197 1855 3252 veraciter
1901 3195 2066 3266 proti-
2097 3177 2143 3241 C
2175 3198 2406 3269 quisque
2435 3196 2538 3251 sibi
2564 3205 2691 3250 tunc
2729 3194 2798 3249 ad
2828 3208 2923 3248 cor
2952 3191 3192 3262 apponit,
3234 3206 3356 3247 cum
3388 3188 3768 3260 compunctio-

495 3285 678 3351 tendo,
718 3295 980 3356 quatenus
1025 3297 1079 3342 et
1117 3287 1216 3356 ipsi
1253 3287 1306 3340 in
1352 3288 1576 3352 semine,
1623 3288 1764 3356 quod
1793 3295 1878 3342 est
1929 3287 2065 3356 ipse,

495 3376 751 3432 divinitus
771 3378 995 3442 couniti,
1023 3377 1396 3432 benedictione
1429 3375 1691 3442 fruamur,
1712 3379 1922 3434 etiamsi
1947 3388 2070 3449 post

493 3469 818 3538 baptismum
861 3469 1108 3523 labimur.
1143 3469 1287 3540 Ergo
1333 3470 1457 3539 quia
1512 3478 1622 3525 tres
1667 3471 1845 3526 inesse
1889 3480 2068 3527 motus

495 3558 658 3611 animi
704 3559 974 3628 sapientes
1018 3558 1198 3614 saeculi
1261 3559 1533 3625 dixerunt,
1589 3575 1810 3616 necesse
1848 3570 1932 3616 est
1973 3576 2070 3631 per

492 3647 908 3714 confessionem,
927 3667 1045 3720 quae
1066 3659 1258 3721 quarto
1287 3651 1524 3706 succedit
1547 3651 1684 3718 loco,
1708 3653 1963 3708 continuo
1985 3667 2068 3708 re-

491 3756 782 3810 paremur:
816 3751 874 3796 ut
908 3741 1176 3808 Christus,
1223 3743 1314 3813 qui
1343 3743 1395 3796 in
1423 3743 1576 3798 nobis
1608 3744 2067 3813 concupiscentia,

491 3839 546 3883 et
590 3830 690 3892 ira,
723 3845 786 3884 ac
838 3831 1045 3884 ratione
1081 3833 1313 3886 humana
1343 3832 1650 3901 perimitur,
1680 3847 1808 3885 vera
1852 3831 2068 3896 confes-

492 3921 643 3975 sione
669 3921 875 3989 peccati
920 3922 986 3976 ad
1016 3922 1301 3990 pristinum
1323 3921 1603 3976 charitatis
1629 3935 1763 3990 opus
1781 3920 2068 3977 confestim

495 4024 742 4085 resurgat
769 4024 823 4069 et
855 4015 1161 4070 innovetur.
1195 4014 1382 4069 Ruben
1406 4015 1623 4084 quippe,
1651 4014 1743 4084 qui
1782 4015 1986 4069 effusus
2009 4023 2070 4070 ut

492 4124 631 4176 aqua
673 4108 892 4172 dicitur,
925 4105 1357 4176 concupiscentia
1391 4105 1694 4160 denotatur.
1737 4104 1806 4159 Et
1846 4102 2068 4160 Simeon

491 4200 586 4252 ira:
613 4199 742 4253 vitio
787 4199 1118 4262 ascribitur,
1166 4197 1419 4267 quoniam
1469 4197 1618 4252 furor
1659 4197 1774 4266 ejus
1819 4199 2068 4269 pertinax

490 4290 834 4344 criminosius
883 4289 1229 4359 exprobatur.
1273 4287 1442 4344 Porro
1504 4287 1634 4344 Levi
1690 4289 2066 4344 rationabilem

490 4387 636 4432 tenet
665 4377 916 4443 formam,
940 4379 1024 4432 cui
1045 4379 1207 4434 etiam
1230 4393 1448 4434 servare
1481 4379 1653 4450 legem
1690 4380 2064 4436 committitur.

490 4468 595 4521 Sed
633 4469 755 4536 quia
787 4468 1018 4522 humana
1069 4469 1206 4524 ratio
1238 4480 1424 4525 contra
1473 4471 1710 4525 divinam
1755 4487 1864 4527 non
1919 4488 2060 4542 prae-

488 4558 630 4612 valet
669 4558 1012 4624 sententiam,
1058 4574 1280 4614 necesse
1322 4568 1405 4615 est
1449 4558 1784 4616 confessione
1820 4560 2063 4616 deleatur

485 4647 744 4718 quidquid
795 4648 966 4703 tribus
1019 4648 1139 4704 istis
1191 4649 1425 4704 motibus
1461 4649 1792 4720 negligenter
1838 4659 2057 4706 contra-

486 4746 653 4801 hitur.
683 4746 757 4803 De
784 4763 887 4818 qua
915 4747 1080 4818 igitur
1107 4747 1446 4804 confessione
1470 4765 1567 4818 per
1593 4749 1916 4820 Prophetam
1940 4751 2058 4821 pul-

483 4837 614 4894 chre
665 4840 860 4895 dicitur
921 4859 933 4894 :
1001 4838 1388 4908 Confessionem
1447 4849 1495 4893 et
1540 4840 1777 4895 decorem
1835 4841 2055 4896 induisti

484 4927 657 4999 (Psal.
690 4947 806 4996 CIII,
831 4931 921 5000 2),
965 4929 1214 4986 videlicet
1244 4928 1347 4983 fide
1395 4945 1459 4985 ac
1505 4931 1746 4985 moribus
1779 4929 2054 4986 Christum

483 5019 540 5072 in
563 5022 813 5075 omnibus
842 5021 1183 5086 exornando,
1238 5037 1306 5076 ne
1346 5021 1476 5075 nudi
1525 5020 1898 5087 inveniamur;
1947 5021 2058 5077 imo

478 5125 580 5180 per
595 5111 756 5176 hanc,
785 5111 909 5179 quia
936 5109 1272 5178 pulchritudo
1294 5111 1552 5165 virtutum
1576 5119 1629 5166 et
1649 5109 1769 5165 fidei
1787 5110 2057 5166 confessio

481 5217 696 5273 semper
726 5203 778 5256 in
807 5209 1100 5270 conspectu
1134 5199 1249 5269 ejus
1287 5210 1589 5266 versantur,
1616 5217 1798 5256 coram
1830 5203 2056 5257 Domino

479 5311 582 5352 nos
628 5296 826 5366 ubique
878 5297 1130 5350 sistentes
1180 5295 1364 5348 mundi
1417 5305 1472 5348 et
1521 5293 1848 5348 immaculati
1901 5293 2051 5348 inve-

407 5433 413 5440 .
482 5387 717 5442 niamur.
743 5387 994 5456 Quisquis
1021 5387 1182 5459 igitur
1208 5385 1513 5441 Christiano
1535 5395 1786 5441 censetur
1814 5386 2052 5451 nomine,

480 5495 587 5534 non
620 5487 826 5533 tantum
853 5479 1111 5550 glorietur
1138 5479 1241 5535 dici
1270 5493 1429 5548 quam
1473 5491 1610 5541 esse,
1657 5477 1782 5545 quia
1813 5475 2054 5545 profecto

479 5572 597 5626 haec
635 5579 717 5627 est
742 5573 1064 5641 quadratura
1098 5573 1356 5627 virtutum
1392 5586 1512 5640 qua:
1546 5569 1841 5639 perfectum
1893 5567 2056 5620 faciat

477 5664 883 5731 Christianum,
927 5675 983 5720 et
1045 5667 1189 5721 omni
1235 5664 1506 5721 soliditate
1564 5662 1796 5730 undique
1848 5659 2052 5714 versari

475 5757 868 5816 ﬁrrmissimum.
909 5756 1083 5832 Super
1110 5772 1272 5831 quam
1323 5756 1651 5829 reliquarum
1697 5751 1900 5809 fabrica
1939 5750 2060 5806 vir-'

784 5879 899 5900 ρ..-

2173 3306 2296 3344 nem
2319 3289 2487 3344 divini
2519 3287 2756 3358 Spiritus
2779 3287 3046 3356 percipit;
3081 3295 3138 3340 et
3165 3285 3452 3348 carbones,
3478 3283 3571 3353 qui
3595 3281 3767 3338 forci-

2170 3395 2238 3450 pe
2263 3379 2521 3436 tolluntur
2549 3379 2616 3434 de
2646 3378 2818 3434 altare
2841 3377 2960 3443 Dei,
2989 3377 3137 3433 velut
3167 3376 3522 3433 desolatorios
3561 3384 3760 3431 contra

2167 3491 2330 3532 omne
2351 3475 2522 3546 frigus
2560 3475 2768 3545 peccati
2804 3475 3031 3529 devotus
3057 3474 3314 3528 admovit.
3342 3473 3420 3528 Ac
3445 3488 3542 3543 per
3563 3472 3665 3527 hoc
3699 3471 3770 3528 fit

2169 3573 2228 3620 ut
2253 3564 2318 3619 ad
2345 3566 2534 3630 Aram,
2571 3563 2662 3634 qui
2713 3563 2908 3619 electus
2952 3562 3038 3617 vel
3079 3562 3308 3618 excelsus
3340 3562 3764 3630 interpretatur,

2169 3655 2385 3710 tandem
2431 3654 2720 3724 aliquando
2764 3652 3143 3724 perveniamus
3178 3651 3344 3722 :quia
3374 3650 3632 3706 nimirum
3658 3649 3766 3719 qui

2170 3744 2290 3799 istis
2329 3744 2532 3799 fuerint
2577 3745 2799 3800 enutriti
2849 3743 3165 3809 virtutibus,
3209 3742 3265 3796 hi
3310 3740 3556 3812 profecto
3583 3755 3770 3811 genus

2168 3832 2420 3900 electum,
2447 3835 2743 3890 secundum
2773 3834 3003 3904 gratiam
3025 3849 3129 3904 qua
3143 3833 3372 3904 quisque
3391 3833 3766 3906 gratiﬁcatur,

2169 3925 2534 3979 inveniuntur.
2567 3924 2720 3980 Felix
2741 3940 2870 3995 ergo
2917 3924 3006 3980 ille
3036 3933 3138 3990 est,
3173 3939 3282 3994 quo
3319 3923 3615 3980 secundum
3651 3922 3766 3979 Dei

2169 4014 2506 4081 electionem,
2530 4015 2740 4071 meritis
2765 4015 3271 4081 intervenientibus.
3299 4015 3551 4072 excelsus
3588 4014 3769 4070 fuerit

2169 4103 2484 4175 appellatus,
2539 4115 2701 4174 atque
2750 4106 3215 4161 consummatione
3261 4106 3526 4160 virtutum
3565 4105 3623 4160 in
3663 4104 3765 4160 ul-

2170 4195 2299 4251 tima
2337 4196 2432 4252 Dei
2474 4198 2874 4254 examinatione
2899 4197 3103 4254 electus
3137 4198 3396 4254 meruerit
3439 4199 3763 4269 approbari.

2168 4287 2314 4345 Sane
2352 4289 2475 4346 talis
2504 4291 2630 4346 dum
2659 4290 2749 4346 hic
2785 4291 2841 4345 in
2869 4291 2956 4344 via
2984 4290 3210 4356 vivitur,
3247 4289 3479 4360 populus
3502 4289 3761 4344 volunta-

2169 4380 2278 4434 rius
2289 4421 2302 4444 ,
2316 4381 2458 4451 quod
2474 4390 2558 4436 est
2571 4381 2892 4447 Aminadab,
2907 4395 3013 4436 non
3037 4381 3482 4437 inconvenienter
3499 4391 3760 4437 vocatur.

2169 4471 2433 4538 Quoniam
2469 4471 2772 4527 voluntarie
2799 4473 3147 4542 semetipsum
3178 4472 3293 4526 Deo
3313 4472 3556 4542 quotidie
3577 4473 3765 4528 sacri-

2168 4564 2314 4629 ficat,
2358 4572 2414 4619 et
2457 4564 2511 4618 in
2564 4564 2814 4619 omnibus
2850 4559 3141 4620 mandatis'
3161 4579 3225 4618 ac
3265 4561 3763 4632 justiﬁcationibus

2168 4654 2379 4709 Domini
2419 4654 2718 4720 ultroneus,
2745 4671 2866 4726 qua:
2903 4664 3030 4710 sunt
3068 4655 3331 4710 bonorum
3382 4668 3606 4724 operum
3661 4654 3764 4710 in—

2165 4753 2471 4798 strumenta
2517 4743 2693 4810 offert,
2737 4755 2794 4800 et
2823 4761 2886 4801 ea
2902 4745 3103 4817 iugiter
3130 4747 3441 4801 meditatur.
3486 4745 3758 4816 Alioquin

2164 4835 2276 4890 Deo
2317 4834 2426 4907 74
2467 4845 2748 4906 acceptum
2802 4852 2905 4891 non
2945 4837 3048 4891 erit
3075 4851 3271 4892 munus
3307 4837 3510 4906 operis,
3547 4837 3594 4890 si
3630 4850 3755 4892 non

2162 4927 2325 4983 fuerit
2349 4936 2538 4996 sponte
2563 4928 2868 4984 dedicatum
2907 4943 2973 4984 ex
3001 4929 3329 4984 abundantia
3354 4930 3511 4984 bona:
3547 4928 3754 4983 volun-

2159 5020 2305 5074 tatis.
2338 5018 2490 5074 Unde
2519 5019 2572 5074 in
2599 5019 2714 5090 lege
2741 5019 2967 5075 donaria
2988 5019 3299 5084 offerentes,
3323 5035 3548 5091 prorsus
3571 5017 3756 5073 ultro—

2156 5110 2244 5165 nei
2275 5111 2645 5181 requiruntur,
2678 5120 2737 5165 ut
2759 5123 2825 5164 ex
2852 5126 2918 5166 eo
2947 5112 3090 5181 quod
3117 5111 3347 5182 quisque
3373 5111 3536 5166 habet
3581 5123 3754 5164 acce-

2154 5210 2305 5270 ptum
2339 5200 2453 5267 fiat,
2503 5209 2558 5256 et
2604 5216 2710 5255 non
2753 5216 2820 5256 ex
2850 5215 2916 5256 eo
2944 5203 3087 5272 quod
3130 5203 3184 5257 in
3213 5201 3491 5258 voluntate
3540 5199 3752 5270 aliquis

2155 5306 2261 5346 non
2307 5291 2489 5346 habet.
2541 5290 2684 5345 Nihil
2725 5291 2887 5362 igitur
2920 5291 3084 5346 ditius
3135 5302 3217 5348 est
3254 5293 3393 5346 bona
3435 5290 3742 5346 voluntate.

2154 5383 2284 5451 Quae
2333 5393 2460 5439 tunc
2488 5397 2612 5438 vere
2659 5383 2718 5438 tit
2771 5384 2982 5451 devota,
3033 5384 3079 5439 si
3113 5384 3180 5439 ad
3230 5382 3466 5437 futuram
3519 5395 3749 5449 semper

2156 5477 2406 5546 inspiciat
2434 5477 2766 5532 mansionem
2788 5518 2802 5541 ,
2839 5485 2895 5532 et
2919 5492 3038 5546 qua:
3075 5486 3202 5530 sunt
3240 5483 3441 5530 acterna
3480 5473 3622 5528 bona
3651 5471 3746 5526 in-

2156 5571 2465 5625 desinenter
2493 5570 2757 5624 intendat.
2787 5569 2999 5623 Naason
3040 5576 3220 5621 autem
3267 5567 3550 5636 augurium
3595 5562 3744 5632 forte

2157 5663 2564 5731 interpretatur.
2597 5663 2663 5716 Et
2683 5661 2809 5730 quid
2834 5675 2930 5730 per
2961 5659 3098 5714 forte
3124 5658 3431 5729 augurium,
3454 5655 3558 5711 nisi
3580 5662 3740 5710 recta

2158 5752 2307 5818 fides,
2339 5769 2436 5824 per
2485 5769 2644 5824 quam
2699 5768 2820 5824 quae
2872 5758 2998 5808 sunt
3048 5749 3230 5807 divina
3277 5744 3737 5818 contemplantes,
