4032 6358
193 326 266 388 89
1062 322 1422 382 EXPOSITIO
1456 324 1524 381 IN
1562 324 1793 381 MATTH

1895 325 1998 383 ΗΜ.
2029 358 2098 369 -
2138 327 2264 382 LIB.
2306 327 2346 394 Ι,
2389 325 2549 384 CAP.
2591 327 2637 384 Ι.
3427 326 3497 388 90

195 445 497 519 promissas
529 415 714 497 rerum
759 439 1122 494 humanarum
1163 439 1380 494 divitias
1418 441 1572 510 parvi
1617 439 1802 510 pendi-
1829 443 1879 502 Α
1906 443 2158 496 cremari.
2204 441 2279 497 De
2320 443 2421 499 hoc
2449 445 2646 515 quippe
2692 445 2962 500 sacriﬁcio
2984 446 3245 502 virtutum
3271 449 3324 502 in
3349 447 3497 502 Pen-

195 552 329 592 mus
352 535 374 588 l
396 530 684 587 Vilescunt
731 544 970 600 namque
1000 531 1181 586 omnia
1201 546 1324 600 qua:
1352 540 1478 586 sunt
1510 531 1564 585 in
1612 531 1794 594 terris,

201 628 255 684 si
301 627 428 680 bene
467 623 625 679 velut
673 621 997 693 augurando
1055 621 1142 676 illa
1200 622 1630 686 considerentur,
1681 637 1801 691 qua:

199 720 356 775 nobis
373 717 772 787 promittuntur
818 715 871 770 in
919 714 1091 770 caelis.
1124 713 1398 771 Fortassis
1435 730 1566 785 ergo
1601 713 1802 784 Joseph

202 808 292 864 tali
321 823 373 862 se
420 807 774 878 gloriabatur
811 805 1038 876 augurio
1090 806 1382 870 eruditum,
1423 816 1477 860 et
1518 805 1638 862 ideo
1691 805 1800 860 fra-

202 899 363 952 tribus
390 897 620 950 dicebat
649 912 661 948 :
696 896 781 950 An
807 895 1058 965 ignoratis
1105 899 1230 965 quia
1263 913 1366 951 non
1393 897 1457 951 sit
1480 896 1668 951 similis
1699 899 1801 952 mei

200 994 251 1045 in
272 986 808 1060 augurando.’(Gen.
862 1003 1006 1052 XLIV,
1059 988 1171 1059 15.)
1215 987 1538 1045 Sanctorum
1585 1006 1801 1060 quoque

199 1080 502 1150 augurium,
530 1082 680 1147 quod
711 1087 796 1132 est
821 1077 1150 1147 percipiendi
1176 1078 1393 1144 ﬁducia,
1413 1079 1568 1134 valde
1590 1079 1801 1135 ﬁrmius

198 1173 406 1230 exhibet
437 1171 590 1241 quod
640 1170 931 1240 promittit,
965 1185 1125 1240 quam
1177 1170 1460 1240 gentilium
1509 1186 1688 1237 error,
1743 1171 1802 1246 in

200 1285 306 1339 quo
340 1268 650 1339 quidquam
693 1265 842 1320 aliud
873 1280 978 1319 non
1013 1274 1096 1320 est
1134 1275 1332 1334 praeter
1365 1265 1668 1320 dmmonum
1703 1264 1801 1319 fal-

198 1360 369 1416 sitatis
401 1359 755 1428 ﬁgmentum.
779 1354 888 1410 Sed
911 1355 1036 1425 quia
1060 1371 1220 1410 verus
1251 1355 1556 1410 divinorum
1587 1355 1798 1426 inspec-

198 1459 306 1510 tor,
339 1445 765 1516 contemplando
787 1459 1008 1514 semper
1042 1444 1213 1498 inhiat
1243 1446 1308 1499 ad
1348 1460 1603 1515 superna,
1630 1459 1800 1513 quan-

205 1538 383 1606 doque
412 1551 632 1590 necesse
658 1543 744 1589 est
771 1534 1083 1589 sensibilem
1115 1549 1173 1590 se
1217 1535 1426 1600 reddat,
1454 1543 1508 1590 ει
1533 1533 1797 1605 intelligat

211 1632 582 1686 mandatorum
620 1629 717 1684 Dei
749 1628 1029 1698 mysteria,
1059 1628 1254 1697 quibus
1297 1626 1570 1697 Propheta
1611 1642 1793 1681 sacra-

205 1725 389 1777 mentis
420 1722 665 1776 imbutus
698 1721 903 1784 aiebat,
934 1721 1118 1774 dicens
1145 1737 1158 1772 :
1187 1719 1232 1773 Α
1278 1720 1543 1773 mandatis
1583 1719 1687 1773 tuis
1715 1718 1797 1772 in-

1906 533 2157 588 tateucho
2177 533 2420 603 profecto
2450 535 2650 590 dicitur
2679 554 2693 590 :
2722 533 3090 607 Odoratusque
3112 548 3186 591 est
3229 537 3488 594 Dominus

1903 623 2113 676 odorem
2143 625 2419 678 suavitatis
2458 623 2612 696 (Gen.
2654 642 2773 690 vm,
2819 625 2932 699 2i).
2978 627 3228 698 Alioquin
3284 631 3492 684 sacriﬁ-

1899 713 2109 768 ciorum
2132 716 2313 770 carnis
2343 717 2555 771 adustio
2585 719 2758 788 magis
2807 716 3037 774 fetorem
3066 730 3288 790 generat
3329 735 3494 790 quam

1901 806 2122 860 odorem
2145 807 2430 861 suavitatis
2452 807 2700 863 Domino.
2724 809 2832 863 Aut
2861 810 3106 879 nunquid
3129 811 3269 866 Deus
3296 811 3496 867 talibus

1907 903 2054 950 recte
2075 897 2328 951 delectari
2353 898 2582 962 videtur,
2605 898 2853 969 qualibus
2869 914 2969 954 nec
2983 900 3254 954 humanus
3280 916 3494 967 sensus,

1904 988 2006 1043 etsi
2037 1004 2102 1044 ex
2129 989 2213 1044 his
2235 990 2506 1045 interdum
2535 992 2771 1047 nutritus
2793 992 2886 1058 sit,
2913 992 3197 1048 honestius
3221 1008 3279 1047 se
3305 1008 3491 1064 agens,

1903 1079 2206 1136 delectatur
2234 1082 2257 1136 ?
2295 1081 2411 1138 Non
2438 1084 2660 1139 omnino
2689 1083 2815 1138 talia
2854 1093 2980 1139 sunt
3022 1085 3326 1140 calestium
3358 1086 3492 1140 odo—

1901 1182 2144 1225 ramenta
2169 1173 2455 1238 virtutum,
2485 1189 2604 1244 qua:
2629 1175 2924 1228 secundum
2952 1175 3306 1246 Apocalypsis
3331 1174 3496 1230 Joan-

1900 1260 1988 1314 nis
2040 1261 2198 1317 ﬁdem
2224 1265 2501 1318 orationes
2551 1273 2679 1319 sunt
2731 1274 3042 1321 sanctorum
3083 1266 3268 1337 (Apoc.
3310 1283 3364 1332 v,
3413 1267 3490 1337 8).

1902 1352 2058 1409 Unde
2073 1353 2241 1408 David
2267 1356 2445 1411 aiebat
2475 1358 2661 1413 dicens
2691 1375 2705 1412 :
2729 1357 3009 1430 Dirigatur
3028 1361 3199 1414 oratio
3223 1377 3338 1414 mea
3359 1361 3497 1413 sicut

1900 1441 2171 1497 incensum
2205 1446 2258 1497 in
2282 1456 2560 1516 conspectu
2603 1457 2693 1501 tuo
2736 1445 2910 1519 (Psal.
2941 1464 3062 1510 CXL,
3100 1448 3178 1521 2).
3220 1447 3373 1516 Quod
3414 1449 3497 1502 iu-

1902 1546 2126 1586 censum
2156 1533 2283 1602 quia
2319 1548 2383 1587 ex
2415 1534 2600 1590 multis
2649 1537 2913 1591 bonorum
2959 1552 3184 1608 operum
3214 1536 3496 1608 speciebus

1901 1625 2205 1691 conﬁcitur,
2261 1627 2380 1682 ideo
2433 1643 2554 1682 cum
2606 1643 2815 1684 summa
2848 1630 3151 1685 devotionis
3197 1629 3392 1686 ﬁducia
3439 1631 3494 1684 in

1901 1727 2198 1787 conspectu
2229 1718 2321 1773 Dei
2349 1719 2602 1790 dirigitur
2631 1737 2645 1774 :
2677 1729 2737 1775 ut
2761 1736 2827 1776 ex
2855 1723 2956 1778 hac
2983 1723 3173 1788 David,
3210 1723 3301 1792 qui
3330 1738 3493 1779 manu
3566 1785 3568 1790 _

191 1810 383 1876 telleIri,
410 1826 694 1884 propterea
716 1813 895 1868 audivi
918 1829 1121 1866 omnem
1145 1813 1281 1866 viam
1304 1813 1596 1882 iniquitatis
1625 1809 1800 1883 (Psal.
1831 1805 1879 1865 B
1906 1808 2061 1877 fortis
2110 1809 2504 1878 interpretatur,
2539 1811 2694 1880 quasi
2722 1812 2984 1866 virtutum
3020 1828 3086 1867 ex
3127 1814 3324 1868 merito
3368 1829 3494 1884 pro-

188 1917 375 1967 ram],
405 1903 557 1974 105).
591 1903 663 1956 Ει
679 1900 972 1972 Apostolus
1011 1918 1025 1954 :
1053 1899 1254 1954 Sentite
1287 1900 1351 1954 de
1372 1899 1595 1953 Domino
1624 1901 1678 1954 in
1699 1900 1792 1954 bo-

187 2001 345 2050 nitate
371 2007 423 2050 et
454 1997 512 2050 in
534 1995 880 2064 simplicitate
908 1993 1080 2047 cordis
1107 1991 1257 2063 (Sap.
1291 2008 1328 2057 ι,
1353 1992 1426 2063 1).
1463 1992 1601 2059 Quid
1635 1992 1796 2063 igitur

185 2101 262 2144 est
298 2090 517 2144 sentire
559 2089 630 2143 de
660 2087 893 2142 Domino
930 2086 982 2140 in
1004 2085 1268 2150 bonitate,
1308 2084 1410 2140 nisi
1441 2087 1796 2155 quodammo-

185 2182 246 2235 do
271 2183 536 2236 suaviter
555 2180 861 2252 percipere,
902 2188 957 2233 et
988 2178 1220 2249 quodam
1248 2178 1426 2248 palato
1447 2179 1626 2233 cordis
1657 2193 1795 2248 prte-

183 2283 435 2342 gustare,
496 2288 667 2342 quam
722 2272 900 2326 suavis
947 2280 1032 2326 est
1072 2269 1372 2325 Dominus?
1419 2269 1567 2325 Talis
1611 2269 1793 2339 itaque

178 2368 348 2437 justus
381 2383 623 2423 omnem
649 2368 826 2422 carnis
855 2365 1374 2436 concupiscentiam,
1404 2364 1448 2418 si
1483 2374 1566 2419 est
1596 2364 1648 2418 in
1696 2379 1793 2419 no-

182 2460 275 2524 bis,
299 2460 558 2521 abdicat,
591 2469 648 2514 et
679 2460 731 2513 in
763 2457 1177 2528 prmsentiarum
1215 2457 1463 2512 miserias
1499 2456 1791 2511 reﬁciendo

181 2565 272 2604 nos
303 2549 599 2604 confortat
645 2563 710 2604 ac
741 2547 1066 2602 consolidat.
1115 2547 1326 2601 Interea
1365 2546 1457 2616 qui
1507 2546 1586 2600 sic
1627 2545 1792 2599 sentit

181 2641 244 2696 de
274 2641 542 2705 Domino,
572 2642 865 2710 praesentis
897 2639 1020 2693 vitae
1048 2653 1280 2709 angores
1308 2646 1363 2693 et
1392 2637 1789 2692 oblectamenta

180 2736 385 2789 sentire
414 2751 530 2789 non
577 2742 781 2804 potest,
811 2747 878 2788 eo
913 2731 1058 2802 quod
1081 2733 1134 2786 in
1166 2733 1283 2800 ipso
1308 2733 1376 2787 sit
1419 2731 1653 2784 maxima
1687 2729 1791 2783 Do-

1898 1910 2179 1956 nascatur.
2212 1903 2598 1958 Verumtamen
2647 1906 2774 1974 quia
2826 1904 2990 1972 Booz,
3027 1907 3129 1962 etsi
3185 1907 3239 1961 in
3270 1908 3385 1976 ipso
3409 1916 3494 1964 est

1896 1991 2158 2049 fortitudo
2234 1995 2531 2064 accipitur,
2606 1997 2780 2067 major
2846 1998 2936 2053 hic
3010 1999 3274 2053 duntaxat
3346 2007 3493 2053 recte

1899 2091 2216 2156 aestimatur,
2262 2090 2354 2159 qui
2394 2089 2503 2158 jam
2551 2091 2695 2160 quod
2744 2091 2798 2146 in
2842 2091 2958 2162 ipso
3015 2100 3099 2146 est
3150 2107 3312 2144 manu
3366 2107 3492 2161 pro-

1901 2180 2020 2249 pria
2079 2195 2241 2249 agere
2304 2188 2600 2250 pcrtentat,
2660 2189 2716 2235 et
2758 2182 2966 2236 viribus
3034 2182 3147 2236 suis
3200 2196 3305 2235 una
3366 2196 3491 2236 cum

1894 2272 2004 2344 76
2031 2272 2124 2326 Dei
2151 2273 2322 2342 gratia
2355 2288 2604 2327 ursorum
2631 2273 2874 2338 brachia,
2900 2283 2954 2328 et
2982 2273 3195 2328 leonum
3226 2288 3322 2327 ora
3345 2273 3494 2327 valet

1893 2362 2211 2434 effringere;
2255 2379 2414 2432 quam
2450 2363 2535 2416 ille
2557 2363 2647 2432 qui
2677 2363 2940 2420 hactenus
2969 2362 3346 2418 fortitudinem
3369 2378 3489 2432 qua:

1894 2452 1947 2507 in
1993 2454 2109 2522 ipso
2139 2462 2224 2508 est
2247 2453 2502 2523 operibus
2527 2453 2699 2507 noluit
2723 2461 2818 2507 aut
2840 2469 2946 2507 non
2977 2453 3148 2507 valuit
3173 2453 3488 2524 adimplere.

1893 2541 2010 2609 Qua
2041 2543 2203 2613 igitur
2237 2543 2551 2597 fortitudine
2576 2543 2805 2612 quisque
2846 2543 3187 2597 adversarias
3230 2541 3492 2611 dejecerit

1891 2641 2210 2703 potestates,
2242 2633 2375 2687 satis
2415 2641 2498 2687 est
2528 2642 2588 2687 ut
2627 2641 2750 2702 post
2779 2633 3064 2687 victoriam
3099 2630 3354 2686 Salomon
3374 2670 3389 2695 ,
3435 2631 3490 2685 id

1891 2734 1976 2779 est
2003 2722 2277 2794 paciﬁcus,
2308 2723 2591 2778 habeatur.
2621 2723 2757 2790 Quia
2785 2724 2965 2778 nullus
2993 2724 3082 2778 hic
3119 2724 3292 2794 magis
3324 2736 3488 2792 quam

181 2827 306 2881 mini
359 2826 660 2880 fortitudo.
707 2824 904 2880 Pastus
952 2825 1096 2878 enim
1135 2824 1228 2879 tali
1270 2823 1569 2880 dulcedinis
1626 2837 1786 2876 sensu
1888 2828 2111 2888 propter
2133 2832 2321 2886 pacem
2347 2815 2545 2870 bellare
2569 2816 2800 2869 videtur.
2828 2815 2896 2869 Et
2917 2815 3038 2869 ideo
3061 2814 3278 2885 dignum
3300 2823 3384 2868 est
3405 2819 3488 2879 ut,

178 2916 315 2973 Booz
346 2919 526 2984 illico,
557 2917 702 2988 quod
728 2925 906 2978 sonat,
934 2916 987 2970 in
1018 2915 1134 2984 ipso
1161 2923 1246 2970 est
1271 2913 1528 2984 fortitudo
1553 2912 1784 2978 Domini,

182 3011 567 3068 consolidatns
637 3020 797 3082 gustu
865 3007 1146 3079 aptissime
1203 3013 1566 3076 nuncupatur.
1635 3003 1788 3060 Unde

182 3105 448 3158 nimirum
476 3101 635 3156 Elias
660 3115 783 3155 cum
813 3099 1151 3169 percepisset
1187 3097 1368 3153 cibum
1408 3097 1474 3150 de
1501 3112 1661 3149 manu
1690 3111 1787 3148 an-

1889 2909 2178 2979 prostratis
2205 2909 2369 2974 vitiis,
2398 2907 2652 2978 deinceps
2675 2917 2730 2962 et
2746 2907 3003 2975 subjectis
3034 2906 3301 2971 hostibus,
3334 2906 3486 2975 quis—

1890 3013 1997 3070 que
2051 2999 2377 3068 tranquillus
2421 3015 2485 3053 ac
2530 2997 2751 3068 quietus
2789 2998 2972 3052 vivat»:
3014 3006 3283 3067 quatenus
3311 3011 3379 3053 ex
3423 3011 3491 3054 eo

1891 3091 2032 3161 quod
2065 3090 2280 3144 futurus
2307 3090 2549 3144 creditur
2574 3089 2688 3158 jam
2728 3106 2849 3146 esse
2886 3089 3128 3159 incipiat.
3169 3088 3323 3142 Beati
3351 3091 3489 3144 enim

181 3197 303 3267 geli,
328 3203 499 3266 gustu
544 3200 849 3256 recreatus,
880 3190 1180 3245 ambulavit
1217 3189 1272 3244 in
1317 3187 1635 3243 fortitudine
1679 3187 1784 3242 cibi
1815 3172 1860 3236 C
1889 3183 2116 3254 paciﬁci,
2145 3183 2393 3253 quoniam
2417 3181 2518 3251 ﬁlii
2564 3181 2664 3234 Dei
2698 3181 3020 3235 vocabuntur
3051 3179 3266 3250 (Matth.
3305 3193 3372 3244 v,
3407 3178 3485 3250 9).

179 3291 324 3346 illius
365 3289 739 3360 quadraginta
793 3287 984 3343 diebus
1031 3295 1086 3341 et
1125 3285 1488 3356 quadraginta
1537 3280 1789 3337 noctibus

179 3399 353 3454 usque
403 3384 474 3436 ad
514 3391 762 3436 montem
804 3379 898 3433 Dei
942 3379 1106 3434 Oreh.
1147 3377 1318 3446 Quem
1353 3383 1589 3431 montem
1631 3373 1790 3428 Chri-

180 3487 328 3531 stum
383 3474 704 3545 significare
759 3487 864 3526 non
923 3469 1248 3538 ambigimus
1289 3486 1302 3522 :
1347 3469 1414 3523 ad
1463 3483 1621 3536 quem
1659 3466 1792 3522 ﬁde-

181 3569 250 3622 lis
277 3569 512 3637 quisque
544 3581 642 3636 per
685 3563 792 3635 75
824 3565 942 3619 haec
983 3564 1317 3618 incrementa
1360 3561 1618 3614 virtutum
1661 3575 1791 3630 quo-

183 3658 318 3712 tidie
355 3665 644 3726 properat,
681 3653 1005 3723 quandoque
1049 3661 1428 3723 perventurus.
1459 3649 1658 3705 Sancta
1691 3649 1789 3720 igi-

182 3756 274 3801 tur
325 3748 431 3802 viri
485 3748 704 3812 anima,
765 3744 1042 3816 paululum
1098 3758 1222 3799 cum
1270 3751 1566 3814 praegustat
1626 3756 1790 3810 quam

185 3839 370 3894 suavis
397 3850 482 3894 est
521 3838 806 3903 Dominus,
835 3852 983 3901 mox,
1009 3835 1192 3890 mundi
1228 3835 1440 3900 nescia,
1470 3832 1619 3888 velut
1651 3831 1790 3904 ignis

184 3931 469 3985 amoribus
503 3930 825 3994 inardescit,
865 3937 922 3983 et
959 3927 1019 3983 ﬁt
1065 3926 1264 3993 fortis;
1293 3926 1369 3980 ita
1400 3933 1459 3980 ut
1495 3924 1545 3978 ei
1571 3939 1676 3980 non
1704 3923 1789 3977 vi-

182 4026 380 4079 deatur
431 4023 773 4094 impossibile
826 4022 1013 4076 venire
1059 4021 1126 4074 ad
1177 4019 1322 4090 quod
1377 4017 1568 4073 tendit.
1622 4015 1791 4085 Magis

184 4128 372 4174 autem
405 4119 459 4172 in
489 4117 635 4174 bello
667 4116 822 4171 fortis
857 4113 1022 4177 facta,
1069 4122 1263 4168 cuncta
1303 4127 1424 4181 qua:
1452 4108 1791 4166 occurrerint

184 4211 541 4266 adversantia
585 4208 824 4265 transilit
850 4223 911 4262 ac
943 4205 1258 4263 contemnit.
1290 4203 1444 4271 Quod
1489 4203 1533 4258 si
1564 4200 1791 4272 cmperit

183 4302 314 4372 quid
335 4301 455 4370 jam
480 4299 724 4370 fatigari,
756 4299 1014 4355 continuo
1044 4298 1213 4352 Deum
1242 4295 1442 4365 ubique
1467 4303 1790 4365 praesentem

185 4395 434 4448 sentiens
507 4391 660 4445 velut
717 4399 1175 4460 propugnatorem
1239 4385 1614 4450 fortissimum,
1674 4386 1791 4456 ejus

185 4484 568 4540 consolidatus
594 4481 818 4536 brachio
846 4495 956 4534 non
1009 4477 1250 4533 lacescit.
1299 4476 1637 4546 Quapropter
1687 4475 1790 4529 Do-

1894 3272 2032 3341 Quid
2065 3274 2227 3345 igitur
2254 3275 2306 3328 in
2339 3274 2440 3328 hac
2462 3273 2573 3327 vita
2602 3271 2813 3326 felicius
2853 3279 2957 3338 est,
2985 3271 3075 3326 ubi
3103 3286 3208 3325 non
3245 3269 3347 3324 nisi
3373 3269 3490 3340 jur-

1895 3367 1980 3440 gia
2008 3379 2061 3422 et
2084 3367 2341 3422 scandala
2369 3368 2575 3437 vigent,
2609 3382 2770 3434 quam
2804 3365 2946 3419 inter
2989 3379 3084 3419 eos
3127 3364 3218 3433 qui
3253 3364 3491 3418 oderunt

1893 3474 2082 3529 pacem
2105 3474 2224 3514 esse
2248 3449 2571 3528 paciﬁcum?
2593 3457 2690 3512 Vel
2718 3457 2848 3526 quid
2870 3457 3140 3512 diﬁicilius
3160 3472 3321 3525 quam
3346 3456 3490 3509 inter

1893 3551 2188 3608 seditiones
2215 3559 2269 3604 et
2299 3549 2574 3604 molimina
2604 3549 2883 3611 vitiorum,
2916 3549 3058 3602 inter
3083 3547 3303 3602 fraudes
3329 3556 3385 3602 et
3411 3545 3490 3600 la-

1892 3657 2062 3712 queos
2089 3643 2312 3706 inimici,
2340 3642 2645 3710 quempiam
2675 3641 2969 3694 immunem
2998 3654 3140 3703 esse,
3166 3648 3366 3708 etquae
3395 3652 3489 3710 pa-

1892 3734 1971 3789 cis
2002 3742 2129 3788 sunt
2167 3733 2373 3804 jugiter
2401 3733 2660 3804 operari?
2697 3732 2822 3788 Haec
2861 3732 3126 3803 siquidem
3178 3732 3322 3787 inter
3360 3739 3488 3788 octo

1892 3823 2256 3879 heatitudines
2283 3823 2510 3892 septima
2541 3833 2660 3888 est,
2705 3838 2825 3892 qua:
2869 3823 2925 3876 in
2957 3822 3138 3877 futuro
3163 3821 3373 3892 plenius
3401 3835 3489 3876 rc-

1892 3913 2266 3985 promittitur,
2301 3929 2424 3968 cum
2469 3912 2686 3982 adoptio
2725 3911 2960 3966 ﬁliorum
2993 3911 3088 3966 Dei
3130 3910 3295 3964 fuerit
3335 3910 3493 3965 exhi-

1892 4006 2025 4071 bita,
2043 4021 2141 4075 per
2159 4021 2320 4075 quam
2346 4020 2554 4072 summa
2579 4013 2892 4059 sanctorum
2917 4004 3131 4072 requies
3154 4003 3490 4075 designatur.

1893 4097 2027 4152 Nam
2072 4098 2126 4152 in
2173 4096 2373 4153 Genesi
2418 4097 2644 4167 septima
2670 4096 2787 4152 dies
2827 4096 3234 4164 sanctiﬁcatur,
3282 4096 3338 4151 in
3385 4111 3492 4165 qua

1892 4190 2036 4247 Deus
2066 4191 2401 4260 requievisse
2431 4189 2645 4260 legitur,
2674 4204 2770 4260 per
2793 4205 2956 4260 quam
2986 4200 3190 4245 aeterna
3218 4188 3308 4242 illa
3346 4203 3451 4257 pax
3471 4226 3487 4252 ,

1891 4297 2012 4352 qua:
2060 4290 2354 4352 exsuperat
2395 4296 2612 4337 omnem
2661 4295 2902 4346 sensum,
2949 4280 3098 4335 velut
3129 4295 3196 4333 ex
3226 4277 3489 4348 praesagio

1892 4373 2220 4438 futurorum,
2249 4373 2316 4427 ab
2347 4372 2500 4426 initio
2532 4370 2768 4442 Spiritus
2797 4371 2970 4426 sancti
3003 4369 3174 4440 gratia
3202 4383 3489 4424 consecra-

1893 4472 1996 4518 tur.
2045 4463 2197 4531 Quod
2227 4464 2273 4517 si
2303 4464 2370 4518 ab
2395 4463 2621 4518 exordio
2650 4461 2805 4528 ﬁdei,
2837 4461 3045 4516 scilicet
3077 4462 3145 4517 ab
3177 4460 3483 4527 Abraham,

185 4575 314 4628 mini
348 4572 555 4628 solatio
579 4570 815 4638 adjutus,
846 4585 1009 4624 verus
1040 4567 1243 4623 Christi
1276 4543 1499 4631 athleta,
1518 4543 1789 4620 —obedien-
1820 4543 1868 4604 ί)
1893 4558 1986 4628 qui
2017 4572 2082 4611 ex
2109 4556 2214 4612 ﬁde
2240 4572 2433 4627 nempe
2465 4555 2792 4625 justiﬁcatus
2829 4554 3242 4623 promissionem
3278 4554 3488 4625 primus

185 4669 272 4721 tia:
297 4681 461 4720 arma
487 4679 710 4732 semper
746 4662 996 4732 bajulans
1021 4658 1171 4716 Obed
1207 4657 1452 4713 eilicitur.
1509 4655 1789 4726 Siquidem

188 4763 331 4821 Obed
356 4765 416 4818 in
443 4764 631 4833 lingua
649 4770 837 4816 nostra
867 4759 1094 4813 serviens
1121 4763 1367 4812 vocatur.
1401 4753 1533 4820 Quae
1555 4752 1790 4808 servitus

191 4867 249 4911 ut
266 4859 333 4912 sit
359 4863 659 4928 perpetua,
699 4862 845 4908 recte
871 4868 978 4906 non
1012 4849 1230 4905 aliunde
1264 4863 1427 4918 quam
1474 4847 1540 4902 de
1568 4844 1788 4900 fortitu-

188 4946 309 5004 dine
334 4956 394 5002 et
432 4944 728 5001 velocitate
759 4943 968 4998 timoris
989 4941 1083 4996 Dei
1107 4947 1428 5012 generatur.
1461 4937 1616 4993 Unde
1644 4937 1790 4992 Ruth

187 5053 425 5108 quoque,
486 5038 556 5092 de
581 5051 688 5107 qua
715 5035 804 5090 hic
829 5033 1091 5096 nascitur,
1123 5031 1380 5102 festinans
1407 5038 1492 5086 est
1515 5030 1786 5099 interpre-

187 5137 294 5183 tata
320 5148 334 5183 :
373 5135 436 5182 ut
462 5128 540 5182 sit
560 5142 771 5192 sensus,
796 5124 941 5196 quod
962 5122 1203 5180 ctelestis
1222 5123 1346 5177 vitae
1367 5119 1559 5176 militia
1593 5118 1791 5174 talibus

191 5223 346 5275 enixa
383 5219 716 5290 parentibus
756 5217 989 5281 oriatur,
1039 5223 1095 5270 et
1138 5220 1364 5286 generet
1416 5210 1590 5278 Jesse,
1647 5209 1792 5282 quod

193 5314 437 5383 profecto
488 5314 768 5365 incensum
815 5308 1036 5363 dicitur.
1066 5306 1351 5362 lncensum
1394 5303 1600 5359 scilicet
1640 5301 1790 5368 illud,

194 5405 328 5473 quod
379 5402 530 5458 infra
576 5400 775 5456 Sancta
834 5407 1173 5462 sanctorum,
1204 5395 1295 5452 ubi
1351 5393 1510 5450 Jesus
1551 5392 1794 5463 pontifex

190 5491 458 5559 introivit,
514 5509 684 5563 super
728 5506 881 5546 aram
935 5489 989 5544 in
1019 5489 1241 5542 odorem
1276 5485 1656 5540 suavissimum
1693 5481 1798 5537 Do-

194 5586 334 5640 mino
390 5601 557 5640 mane
604 5599 670 5638 ac
719 5596 948 5652 vespere
992 5579 1240 5636 offertur.
1289 5578 1498 5647 Quippe
1541 5575 1668 5645 quia
1719 5573 1799 5628 sic

195 5678 419 5743 servire,
461 5675 618 5731 velut
671 5675 956 5729 incensum
1003 5669 1132 5725 boni
1179 5668 1364 5724 odoris
1411 5667 1653 5737 fragrare
1691 5673 1796 5732 est,

197 5779 248 5827 et
272 5771 395 5840 igne
423 5768 721 5828 charitatis
757 5767 868 5831 Deo
905 5765 961 5822 in
1000 5761 1378 5822 holocaustum
1400 5757 1634 5817 feliciter
1668 5772 1799 5814 con-

1893 4648 2102 4718 accepit
2133 4647 2200 4702 de
2227 4647 2471 4710 Christo,
2504 4661 2675 4717 usque
2701 4647 2771 4701 ad
2806 4640 3152 4702 S'alomonem
3182 4645 3343 4699 simul
3371 4660 3489 4700 om-

1891 4757 1992 4796 nes
2017 4753 2401 4805 connumeres,
2429 4737 2738 4807 quindecim
2779 4737 3144 4809 colliguntur,
3174 4735 3373 4806 quibus
3418 4735 3488 4790 ad

1892 4833 2154 4904 templum
2185 4832 2444 4904 gradibus
2484 4830 2612 4885 olim
2655 4831 3084 4894 ascendebatur,
3135 4839 3192 4885 et
3228 4830 3329 4884 sub
3371 4829 3488 4900 ipso

1892 4942 2122 4982 numero
2145 4926 2311 4980 etiam
2343 4924 2652 4994 quindecim
2697 4923 3030 4994 psalmorum
3071 4924 3284 4978 cantica
3316 4920 3488 4977 titulis

1890 5018 2281 5090 praenotantur.
2298 5015 2401 5084 Qui
2421 5015 2664 5087 profecto
2686 5030 2946 5070 numerus
2965 5030 3030 5071 ex
3054 5021 3261 5084 septem
3287 5020 3343 5066 et
3363 5017 3489 5065 octo

1892 5115 2130 5172 constat,
2160 5114 2427 5178 quatenus
2449 5107 2652 5162 eisdem
2678 5105 2938 5161 virtutum
2968 5104 3225 5176 gradibus
3247 5117 3344 5158 nos
3364 5116 3490 5172 pro-

1894 5210 2017 5273 pter
2034 5201 2377 5270 adoptionem
2399 5199 2640 5264 ﬁliorum~
2659 5199 2756 5254 Dei
2782 5199 2916 5255 satis
2935 5197 3189 5269 paciﬁcos
3208 5196 3488 5263 exhibeat,

1896 5305 2062 5366 atque
2094 5309 2318 5364 operum
2362 5293 2714 5349 incrementis
2757 5293 2824 5348 ad
2871 5293 3084 5348 culmen
3127 5290 3278 5362 pacis
3317 5303 3490 5360 usque

1897 5387 2180 5457 perducat.
2210 5386 2429 5456 Septem
2452 5387 2616 5455 igitur
2637 5385 2925 5442 referimus
2949 5393 3167 5455 propter
3193 5382 3490 5439 Sabbatum

1901 5481 1968 5534 ad
1995 5478 2184 5549 legalia
2211 5479 2334 5534 vitae
2364 5479 2609 5534 instituta
2637 5498 2650 5546 ;
2686 5488 2809 5535 octo
2838 5494 2970 5534 vero
2990 5487 3214 5548 propter
3241 5490 3487 5533 resurre-

1895 5572 2100 5627 ctionis
2131 5571 2355 5641 gloriam
2398 5573 2766 5640 exsequimur,
2799 5579 2859 5624 ut
2887 5571 3236 5639 quantocius,
3269 5583 3391 5638 qua:
3417 5566 3488 5623 sit

1903 5663 1990 5718 illa
2006 5662 2245 5718 caelestis
2263 5663 2451 5732 patrim
2472 5678 2595 5731 pax,
2614 5662 2820 5740 plenius
2843 5663 3189 5734 degustantes
3210 5658 3490 5730 percipere

1901 5772 2225 5814 mereamur.
2247 5755 2361 5814 Non
2377 5755 2657 5812 minimum
2673 5772 2800 5826 ergo
2823 5756 2909 5814 ille
2925 5757 2978 5813 in
2997 5757 3098 5812 bac
3111 5753 3220 5810 vita
3233 5763 3491 5808 conscen-
