4032 6358
594 288 659 346 91
1399 297 1459 354 S.
1493 297 1855 359 PASCHASll
1894 303 2247 363 RADBERTI
2278 305 2570 365 ABBATIS
2607 310 3053 371 CORBEIENSIS
3807 325 3882 385 92

593 401 694 467 dit,
708 400 956 472 quisquis
965 416 1100 507 jam,
1126 404 1696 479 Dominidispensante
1710 415 2176 486 gratia,pacilicus
2202 417 2255 479 Δ
2280 421 2521 475 succedit
2547 424 2828 491 virtutum,
2863 435 2922 480 ut
2963 427 3108 481 idem
3144 427 3556 496 apprehendens
3594 432 3878 507 intelliga-

592 492 1028 562 digne~vocatur.
1051 493 1189 550 Huic
1210 512 1345 553 sane
1371 499 1498 569 quid
1523 513 1801 572 superest,
1834 507 1937 562 nisi
1966 517 2022 562 ut
2048 508 2179 563 alio-

590 599 712 640 rum
737 586 982 656 prol'ectu
1006 586 1061 641 in
1082 588 1349 645 charitate
1370 590 1626 648 dilatatus
1649 610 1713 649 ac
1746 596 1996 653 fundatus
2013 641 2028 665 ,
2053 602 2176 658 ubi-

589 691 695 746 que
720 678 1084 747 propagetur?
1105 678 1344 735 Roboam
1367 682 1565 753 quippe
1595 683 1818 740 latitudo
1838 690 2017 759 populi
2040 708 2177 747 nun-

587 775 835 836 cupatur.
854 768 959 838 77
974 766 1113 836 Quid
1140 769 1210 824 sit
1229 781 1410 826 autem
1424 772 1650 829 latitudo
1662 778 1865 847 populi,
1880 780 2015 849 nihil
2030 781 2173 838 aliud

586 873 747 927 quam
789 860 1028 917 Charitas
1075 862 1375 933 invenitur,
1410 867 1475 923 de
1519 883 1625 937 qua
1649 871 1894 941 profecto
1936 875 2169 933 dicitur:

588 951 778 1007 Latum
810 956 1117 1011 mandatum
1146 968 1294 1012 tuum
1324 960 1476 1015 nimis
1500 961 1671 1032 (Psal.
1704 980 1890 1032 cxvm,
1928 967 2037 1038 96).
2066 969 2167 1026 Et:

594 1042 745 1099 Viam
769 1048 1138 1103 mandatorum
1171 1058 1380 1107 tuorum
1404 1056 1635 1121 cucurri,
1664 1074 1781 1112 cum
1810 1059 2047 1115 dilatasti
2081 1080 2173 1117 cor

580 1150 751 1188 meum
790 1135 961 1207 (Ibid.
987 1178 1005 1203 ,
1051 1139 1173 1212 '52).
1216 1140 1307 1196 Ille
1350 1143 1604 1201 nimirum
1647 1145 1770 1215 jure
1806 1148 2033 1205 latitudo
2069 1169 2170 1223 po-

582 1224 694 1293 puli
730 1224 849 1283 fore
884 1230 1154 1298 creditur,
1191 1233 1285 1303 qui
1328 1235 1553 1291 dilatato
1581 1238 1743 1295 corde
1781 1242 1922 1297 viam
1949 1247 2171 1302 manda-

577 1326 755 1373 torum
782 1319 881 1375 Dei
908 1323 1168 1391 operibus
1193 1326 1495 1398 adimplere
1527 1332 1823 1399 probatur;
1864 1336 1988 1404 quia
2023 1339 2168 1407 quod

574 1411 730 1477 latet,
759 1416 903 1484 quod
932 1425 1113 1486 patet,
1148 1427 1319 1477 totum
1351 1423 1720 1496 circumplecti
1749 1428 1962 1485 videtur
2000 1433 2053 1487 in
2080 1434 2165 1489 in-
2222 1422 2233 1432 ’

576 1503 743 1568 limis,
776 1505 903 1563 dum
935 1508 1127 1565 devote
1152 1512 1475 1569 charitatem
1504 1519 1644 1588 gerit
1671 1519 1723 1573 in
1754 1522 2012 1578 moribus.
2039 1523 2167 1578 Nul-

571 1593 657 1649 lus
676 1596 822 1651 enim
848 1599 962 1653 suis
989 1603 1258 1671 excipitur
1295 1606 1671 1674 amplexibus:
1721 1612 1845 1681 quia
1886 1629 2074 1671 omnes
2108 1616 2163 1671 in

571 1687 788 1747 Christo
818 1706 927 1746 non
956 1694 1137 1750 minus
1179 1710 1400 1754 manere
1436 1715 1597 1769 quam
1630 1706 1913 1772 pervenire
1953 1708 2164 1763 deside-

573 1789 688 1848 rat;
721 1792 777 1837 et
803 1786 973 1841 castis
997 1788 1299 1847 visceribus
1336 1792 1503 1848 Deum
1535 1805 1757 1865 propter
1782 1814 1863 1864 se,
1894 1808 1948 1854 et
1978 1801 2159 1870 proxi-
2188 1781 2237 1843 Β

569 1891 719 1930 mum
748 1888 971 1949 propter
997 1882 1163 1937 Deum
1193 1884 1417 1955 diligere
1446 1890 1675 1957 gaudet,
1718 1897 1773 1945 et
1809 1906 1993 1947 amare
2030 1908 2160 1950 con-

568 1968 757 2025 tendit.
789 1968 1051 2040 Sequitur
1074 1984 1254 2031 antem
1285 1977 1442 2041 Abia,
1473 1980 1564 2049 qui
1608 1991 1754 2051 pater
1790 1983 2047 2055 Dominus
2077 1986 2161 2041 ino

566 2066 918 2128 terpretatur.
954 2063 1053 2119 Hic
1082 2077 1345 2136 pnnterea
1396 2070 1554 2141 longe
1587 2071 1700 2140 jam
1738 2084 2158 2132 castrametatur

564 2153 632 2206 ab
653 2150 911 2225 Egypto,
935 2160 1370 2229 quandoquidem
1392 2178 1490 2231 per
1507 2163 1847 2221 latitudinem
1873 2169 2157 2227 eharitatis

561 2244 706 2302 ﬁlius
740 2248 834 2304 Dei
858 2250 973 2320 jam
1014 2252 1256 2317 effectus,
1291 2255 1492 2313 fratres
1518 2259 1571 2312 in
1601 2258 1817 2317 Christo
1846 2277 2034 2319 omnes
2062 2280 2154 2319 ve-

562 2338 765 2393 raciter
791 2341 913 2396 sinu
944 2345 1148 2399 amoris
1176 2344 1338 2411 fovet,
1386 2358 1708 2416 veneratur,
1759 2361 1921 2423 atque
1956 2353 2153 2425 diligit.

560 2424 661 2481 Hie
680 2430 877 2500 quippe
902 2447 1010 2488 non
1032 2434 1168 2490 ollas
1188 2438 1433 2492 carnium
1450 2438 1561 2507 jam
1590 2442 1845 2513 suspirat,
1863 2445 1955 2499 sed
1980 2424 2156 2503 haeres

558 2516 675 2580 Dei,
719 2521 960 2577 cohzeres
999 2533 1181 2579 autem
1223 2526 1447 2591 Christi,
1482 2536 1691 2584 tantum
1714 2533 1957 2589 caelestia
1978 2537 2151 2605 sapit,

557 2609 871 2678 meditatur,
904 2621 1067 2685 atque
1097 2615 1353 2671 intendit.
1383 2618 1554 2673 Porro
1579 2620 1709 2687 Asa,
1743 2622 1883 2679 ﬁlius
1904 2623 2040 2694 ejus,
2070 2636 2153 2681 at-

555 2699 740 2755 tollens
771 2712 919 2758 recte
960 2716 1323 2776 nuncupatur.
1371 2706 1507 2776 Quia
1553 2710 1645 2779 qui
1687 2713 1754 2767 ad
1798 2713 1901 2768 hoc
1931 2716 2149 2772 culmen

554 2792 865 2864 pervenerit
904 2799 1230 2865 sanctitatis,
1260 2817 1475 2873 semper
1503 2816 1729 2860 necesse
1757 2818 1841 2861 est
1874 2809 1943 2861 ad
1982 2809 2151 2864 subli-

555 2885 663 2940 mia
690 2901 750 2942 se
782 2890 994 2945 attollat
1030 2900 1085 2946 et
1118 2892 1324 2960 elevet;
1354 2904 1623 2965 quatenus
1666 2913 1765 2967 per
1808 2899 2147 2957 incrementa

554 2979 817 3034 virtutum
845 2983 912 3036 de
934 2983 1037 3038 hac
1060 2985 1201 3039 valle
1229 2986 1593 3058 lacrymarum
1618 2989 1846 3046 festinus
1865 2995 2146 3049 ascendat.

2281 516 2390 565 tur.
2417 510 2677 582 Sequitur
2700 524 2881 571 autem
2909 516 3188 581 Ezechias,
3225 518 3378 587 fortis
3409 520 3667 579 Dominus
3688 542 3710 589 ;
3741 527 3879 595 quia

2277 604 2366 659 hic
2391 607 2513 661 talis
2550 607 2661 677 jam
2700 626 2805 667 non
2832 612 2931 666 sibi
2963 613 3114 678 vivit,
3144 613 3276 667 vivit
3311 624 3491 671 autem
3530 618 3587 671 in
3619 633 3684 674 eo
3712 620 3867 676 altis-

2276 701 2412 756 sima
2436 704 2606 758 virtus
2632 705 2855 761 Christi.
2888 707 2955 760 Et
2984 707 3104 761 ideo
3140 724 3247 762 non
3279 709 3412 778 ipse,
3448 711 3543 766 sed
3575 711 3734 768 fortis
3765 714 3876 772 Do-

2275 792 2457 847 minus
2488 795 2539 849 in
2585 794 2675 849 illo
2705 795 2914 851 felicius
2955 813 3114 866 quam
3153 800 3500 856 extollentius
3530 806 3872 873 enuntiatur,

2275 898 2339 938 ac
2360 899 2455 953 per
2478 885 2600 950 hoc,
2628 888 2752 956 quia
2773 886 2887 955 jam
2910 904 3017 943 non
3043 891 3157 958 ipse
3179 900 3262 945 est
3283 907 3378 959 per
3399 891 3693 949 emeaciam
3717 912 3875 952 mene

2276 975 2364 1037 tis,
2400 978 2489 1045 qui
2519 993 2615 1045 per
2650 980 2832 1034 carnis
2862 981 3218 1036 substantiam
3253 986 3430 1040 adhuc
3472 987 3611 1042 inter
3652 989 3873 1045 inﬁrma

2272 1069 2456 1122 mundi
2488 1080 2763 1133 versatur,
2794 1080 2942 1126 recte
2978 1072 3272 1129 obliviosus
3302 1076 3428 1129 huic
3457 1078 3715 1131 continuo
3741 1079 3861 1132 sub

2271 1159 2524 1214 nectitur.
2577 1160 2824 1217 Manasse
2854 1179 2985 1233 ergo
3023 1165 3076 1218 in
3117 1166 3299 1238 lingua
3334 1179 3516 1223 nostra
3551 1169 3743 1223 oblivio
3775 1186 3869 1225 vo-

2272 1260 2445 1306 catur.
2482 1252 2634 1307 Unde
2662 1263 2715 1309 et
2741 1253 2941 1310 Paulus
2965 1258 3291 1324 praedicator
3335 1261 3607 1330 egregius,
3639 1272 3871 1330 praeter—

2269 1341 2471 1396 itorum
2498 1343 2849 1409 oblivisccns,
2866 1346 2933 1399 ad
2950 1361 3012 1401 ea
3046 1362 3166 1417 qua:
3189 1349 3240 1403 in
3268 1348 3511 1404 futurum
3534 1360 3661 1406 sunt
3689 1366 3873 1421 quan-

2271 1431 2444 1487 tocius
2490 1449 2550 1489 se
2596 1437 2790 1505 agebat
2840 1436 3071 1509 (Philip.
3115 1456 3211 1507 ιιι,
3252 1440 3388 1512 15);
3435 1450 3495 1497 ιιι
3541 1442 3594 1497 in
3625 1444 3871 1498 Ammon

2268 1524 2442 1581 ﬁdelis
2473 1528 2826 1595 inveniretur,
2858 1540 2911 1584 et
2938 1546 3035 1600 per
3062 1529 3266 1588 Josiam
3297 1533 3455 1588 salus
3497 1534 3715 1604 Domini
3756 1535 3870 1592 sibi

2268 1632 2452 1673 comes
2498 1620 2745 1686 inventa,
2793 1620 2907 1691 ipse
2940 1632 3067 1692 post
3105 1624 3267 1677 linem
3311 1625 3437 1679 vitae
3478 1641 3600 1680 cum
3650 1626 3871 1696 angelis

2267 1711 2539 1779 gloriosus
2582 1715 2935 1769 decantaret:
2985 1715 3143 1771 Salus
3190 1716 3300 1771 Deo
3342 1729 3552 1783 nostro,
3586 1717 3678 1786 qui
3718 1719 3871 1774 sedet

2264 1819 2421 1873 super
2449 1804 2717 1871 thronum,
2743 1815 2791 1859 et
2834 1824 2968 1876 agno
3010 1806 3194 1877 (Apoc.
3234 1824 3346 1875 vit,
3381 1808 3489 1873 10).
3542 1808 3663 1863 Istis
3698 1809 3871 1879 igitur

2265 1893 2610 1948 mansionum
2637 1897 2977 1951 successibus
3001 1912 3163 1953 verus
3188 1897 3446 1954 Hebraeus
3470 1909 3656 1954 noster
3681 1910 3870 1956 trans-

2263 1985 2423 2050 actis,
2452 1995 2625 2041 restat
2655 2003 2799 2043 nunc
2827 1996 2885 2043 ut
2909 1989 3204 2043 secundum
3238 1988 3553 2046 Jechoniam
3589 2000 3873 2062 prmparet

2263 2092 2358 2142 se;
2400 2093 2505 2132 non
2539 2079 2723 2148 utique.
2755 2080 2820 2132 ad
2844 2081 3256 2149 captivandum,
3293 2083 3387 2137 sed
3427 2082 3554 2138 hinc
3575 2084 3644 2138 ad
3674 2090 3867 2139 trans-

2262 2167 2627 2237 migrandum,
2651 2170 2908 2238 quoniam
2938 2172 3079 2225 beati
3101 2171 3191 2240 qui
3216 2172 3390 2241 parati
3414 2181 3540 2228 sunt
3565 2187 3869 2232 occurrere

2261 2258 2503 2315 Christo.
2538 2260 2691 2316 Unde
2718 2261 2843 2317 alibi
2870 2262 3099 2332 legitur:
3136 2261 3205 2316 Et
3234 2280 3351 2333 quat
3370 2274 3685 2333 purpurata:
3707 2275 3867 2319 erant

2258 2352 2583 2406 intraverunt
2608 2370 2729 2408 cum
2756 2371 2815 2408 eo
2843 2354 2912 2408 ad
2942 2355 3149 2425 nuptias
3176 2354 3393 2425 (Matth.
3421 2371 3546 2419 xxv,
3576 2356 3687 2425 10).
3717 2355 3866 2414 Hinc

2258 2457 2473 2512 quoque
2501 2460 2631 2499 voce
2655 2444 3033 2515 Redemptoris
3056 2446 3405 2517 vigilantibus
3426 2447 3597 2501 servis
3619 2447 3863 2503 dicitur:

2257 2531 2328 2587 Et
2356 2550 2445 2588 vos
2473 2545 2634 2590 estote
2661 2536 2854 2605 parati.
2903 2536 3007 2590 Per
3044 2537 3187 2591 hunc
3218 2538 3400 2607 itaque
3430 2534 3749 2592 Jechoniam
3800 2537 3864 2594 hi

2256 2635 2408 2680 recte
2434 2628 2777 2697 accipiuntur
2801 2629 2858 2682 in
2882 2629 3079 2699 quibus
3108 2638 3194 2685 est
3235 2629 3349 2685 sola
3393 2630 3605 2685 Domini
3635 2646 3862 2701 praepa-

2257 2718 2417 2783 ratio,
2449 2727 2505 2773 et
2529 2715 2645 2786 ejus
2668 2719 2874 2774 interea
2904 2719 3290 2790 praestolamur
3316 2721 3630 2786 adventum,
3675 2720 3869 2779 donec

2254 2828 2441 2869 eorum
2472 2814 2662 2883 petitio
2693 2813 3048 2884 cmupleatur.
3082 2814 3218 2882 Quia
3250 2812 3539 2869 Jechonias
3570 2830 3857 2885 purpura-

2254 2913 2338 2958 tus
2380 2904 2596 2959 Domini
2637 2905 2877 2975 quolibet
2919 2921 2986 2960 ex
3033 2905 3252 2976 negotio
3294 2906 3721 2960 demonstratur.
3767 2906 3859 2964 Ex

2252 3010 2360 3064 quo
2388 2995 2644 3050 nimirum
2674 2994 2935 3051 Salathiel
2962 2998 3206 3066 genitus,
3238 2998 3416 3066 petitio
3446 3014 3560 3052 mea
3591 2995 3731 3052 Deus
3760 2999 3854 3054 in-

553 3070 828 3141 Disposuit
873 3075 1019 3130 enim
1063 3078 1408 3134 ascensiones
1453 3079 1508 3134 in
1557 3081 1720 3135 corde
1764 3098 1880 3137 suo.
1924 3083 1990 3138 Et
2020 3082 2143 3141 ideo
2170 3102 2215 3164 C
2252 3094 2613 3156 terpretatur,
2655 3102 2845 3142 eorum
2888 3088 3132 3158 designat
3158 3103 3472 3159 personam,
3502 3088 3596 3159 qui
3628 3090 3763 3145 nihil
3791 3091 3856 3149 in

551 3162 785 3221 celerius
824 3167 1053 3239 adeptus
1094 3181 1180 3226 est
1223 3181 1284 3225 ut
1326 3170 1587 3243 Josaphat
1615 3173 1845 3229 dicatur.
1883 3175 2143 3247 Josaphat

549 3268 699 3325 ergo,
726 3255 836 3325 ipse
848 3257 1121 3327 judicans,
1165 3261 1247 3316 vel
1265 3263 1529 3331 judicium
1559 3264 1655 3319 Dei
1690 3276 1867 3321 sonat.
1902 3266 1959 3323 Si
1995 3270 2140 3325 enim

548 3343 680 3401 felix
710 3348 925 3405 animus
951 3353 1194 3421 quotidie
1216 3370 1276 3409 se
1302 3355 1519 3421 attollit,
1553 3365 1613 3411 ut
1639 3358 1904 3428 spiritalis
1939 3359 2141 3415 cilicia-

548 3445 656 3505 tur,
690 3449 801 3495 tum
822 3442 937 3513 ipse
954 3442 1210 3512 judicans
1231 3444 1355 3514 jure
1385 3446 1792 3517 interpretatur.
1812 3449 1972 3517 Quia,
1997 3452 2141 3508 sicut

548 3532 625 3585 ait
647 3534 960 3603 Apostolus,
983 3537 1235 3607 spiritalis
1256 3540 1433 3594 omnia
1453 3540 1777 3614 dijudicat(1
1798 3541 1921 3597 Cor.
1941 3561 2004 3613 ιι,
2024 3544 2136 3615 15),

542 3635 601 3681 et
627 3625 744 3696 ipse
767 3644 798 3683 a
825 3630 1041 3686 nemine
1060 3630 1358 3702 judicatnr.
1394 3634 1520 3707 Agit
1545 3644 1727 3691 autem
1754 3652 1935 3692 secum
1963 3639 2141 3707 quoti-

542 3719 633 3776 die
658 3720 754 3776 Dei
784 3733 1126 3791 pertractans
1145 3724 1433 3792 judicium,
1461 3742 1529 3781 ne
1559 3727 1689 3782 dum
1727 3729 1907 3784 omnia
1934 3730 2139 3785 exami.

542 3819 657 3875 nat,
690 3811 809 3879 ipse
836 3812 892 3865 in
922 3812 1105 3883 aliquo
1146 3816 1411 3885 reprobus
1446 3816 1775 3872 inveniatur.
1822 3818 1928 3873 Iste
1971 3820 2137 3890 igitur

541 3900 795 3956 habitans
820 3903 875 3957 in
900 3904 1133 3959 excelsis
1151 3945 1165 3970 ,
1195 3906 1263 3960 de
1296 3908 1545 3977 supernis
1574 3919 1769 3964 cuncta
1796 3913 2134 3981 considerat,

543 3991 612 4046 ad
633 3993 852 4049 excelsa
875 3995 1136 4050 virtutum
1166 4000 1481 4067 pervenisse
1504 4001 1628 4070 jure
1656 4002 1885 4059 laetatur.
1919 4005 1985 4059 Et
2014 4006 2135 4062 ideo

539 4081 724 4139 Joram
771 4086 863 4156 qui
908 4090 1153 4158 sequitur
1198 4100 1322 4160 apte
1365 4093 1629 4157 excelsus,
1664 4097 1960 4151 secundum
1995 4096 2136 4153 hanc

538 4190 704 4245 quam
728 4178 1009 4248 gradimur
1027 4182 1193 4248 viam,
1209 4193 1466 4252 vocatur;
1491 4195 1548 4240 ut
1574 4188 1750 4242 discat
1774 4188 1949 4243 viator
1974 4188 2132 4257 hujus

537 4268 771 4338 itineris,
806 4272 987 4329 dicere
1012 4289 1136 4330 cum
1162 4275 1421 4345 Apostolo
1446 4296 1459 4332 :
1502 4278 1701 4334 Nostra
1721 4292 1894 4334 autem
1923 4298 2134 4337 conuer-

539 4363 674 4417 mtio
697 4364 752 4418 in
780 4366 923 4420 caelis
954 4378 1029 4422 est
1056 4366 1228 4439 (Psal.
1254 4385 1336 4435 ιιι,
1367 4370 1482 4441 20).
1513 4371 1686 4427 Porro
1725 4372 1977 4429 Amasias
1996 4415 2010 4439 ,
2038 4390 2133 4445 po-

2250 3188 2394 3233 terra
2432 3179 2734 3247 requirunt,
2766 3178 2859 3234 sed
2891 3180 3080 3234 dicunt
3124 3180 3310 3253 utique
3358 3186 3483 3235 cum
3528 3180 3847 3251 Propheta:

2249 3267 2422 3323 Unam
2443 3271 2567 3339 petii
2594 3289 2627 3324 a
2654 3268 2904 3336 Domino,
2926 3272 3060 3324 hanc
3084 3273 3347 3342 requiram
3381 3270 3552 3340 (Psal.
3571 3290 3720 3337 xxvi,
3740 3276 3849 3345 tv).

2247 3361 2487 3429 Quorum
2525 3363 2701 3431 portio
2728 3371 2782 3419 et
2809 3363 3096 3418 hmrcditas
3131 3365 3406 3419 invenitur
3442 3366 3588 3439 Deus
3614 3383 3627 3419 :
3658 3373 3715 3420 et
3743 3381 3847 3423 eo-

2246 3470 2365 3509 rum
2389 3453 2535 3526 jugis
2564 3457 2741 3511 omtio
2770 3466 2872 3522 est,
2906 3464 2965 3510 ut
2993 3457 3063 3511 sit
3090 3457 3170 3511 eis
3206 3457 3348 3515 Deus
3373 3459 3552 3515 omnia
3583 3459 3637 3514 in
3662 3461 3849 3517 omni-

2242 3546 2379 3611 bus,
2422 3547 2532 3617 79
2558 3557 2615 3600 ut
2646 3562 2768 3602 cum
2798 3565 2863 3603 eo
2891 3549 3214 3618 quandoque
3255 3558 3312 3605 et
3341 3551 3442 3620 ipsi
3482 3567 3645 3605 unum
3681 3553 3848 3610 inve-

2243 3638 2485 3692 niantur.
2517 3638 2613 3694 Cui
2646 3638 2945 3695 Zorobabel
2972 3655 3186 3710 quoque
3215 3640 3489 3707 succedit,
3526 3651 3583 3696 et
3609 3652 3852 3701 vocatur

2243 3732 2347 3787 iste
2374 3733 2623 3803 magister
2651 3733 2707 3788 in
2734 3734 2918 3805 lingua
2958 3744 3146 3791 nostra
3169 3752 3184 3801 ;
3226 3744 3499 3807 quatenus
3530 3752 3719 3795 eorum
3743 3754 3849 3796 ex-

2242 3824 2428 3878 hibeat
2477 3824 2851 3895 magisterium
2891 3826 3166 3893 veritatis,
3217 3827 3307 3897 qui
3357 3828 3533 3883 sciant
3581 3828 3850 3895 refellere

2242 3914 2384 3968 inter
2410 3915 2670 3985 caligines
2699 3910 3093 3973 obscuritatum
3132 3933 3323 3973 eorum
3363 3918 3708 3977 confusiones
3738 3924 3847 3993 qni

2238 4013 2526 4059 morantur
2549 4006 2603 4059 in
2625 4006 2915 4077 Babylone,
2933 4016 2989 4062 et
3009 4018 3353 4077 peccatorum
3373 4025 3596 4066 suorum
3621 4012 3845 4083 laqueis

2239 4096 2464 4152 involuti
2503 4099 2681 4154 adhuc
2724 4109 2978 4156 tenentur
3020 4104 3239 4173 captivi.
3290 4104 3500 4160 Talium
3545 4106 3691 4161 enim
3735 4105 3846 4164 do-

2239 4188 2427 4243 ctrinae
2462 4190 2836 4260 magisterium
2869 4192 2922 4246 in
2965 4192 3206 4247 Ecclesia
3245 4194 3366 4249 ideo
3395 4195 3743 4266 subrogatur,
3773 4208 3847 4257 ut

2238 4279 2305 4334 de
2333 4280 2650 4349 captivitate
2679 4297 2782 4337 una
2811 4298 2935 4337 cum
2975 4283 3102 4340 Jcsu
3133 4286 3386 4356 pontiﬁce
3422 4304 3650 4362 magno,
3680 4299 3845 4353 recto

2234 4368 2435 4425 itinere
2462 4372 2757 4440 praedicent
2779 4373 3083 4443 quibusque
3113 4376 3165 4429 in
3199 4376 3556 4445 Hierusalem,
3591 4381 3681 4450 qui
3712 4381 3847 4440 fue-

535 4454 693 4525 pulus
719 4456 965 4525 deum“,
992 4469 1049 4515 et
1076 4461 1234 4518 Ogjas
1263 4464 1506 4518 robustus
1544 4464 1758 4519 Domini
1798 4476 2034 4532 sonant;
2072 4474 2131 4521 ul,
2157 4462 2211 4521 D
2239 4469 2362 4514 rant
2393 4476 2641 4515 errorum
2672 4462 2881 4532 laqueis
2909 4464 3191 4533 implicati,
3228 4476 3284 4522 et
3308 4466 3511 4525 faciant
3550 4470 3630 4525 eis
3671 4471 3844 4529 intel~

526 4544 699 4600 simul
728 4560 895 4616 super
922 4564 1016 4605 eos
1054 4552 1325 4607 cohaereat
1369 4554 1498 4609 illud
1540 4557 1955 4626 propheticum:
2000 4556 2128 4612 Ele-

534 4652 675 4701 ναῖε,
718 4638 952 4705 elevare,
995 4640 1353 4709 Hierusalem,
1400 4646 1561 4700 indue
1590 4646 1953 4716 fortitudinem
2002 4648 2127 4701 bra-

533 4729 710 4784 chium
736 4729 952 4786 Domini
979 4732 1116 4803 (Isa.
1148 4748 1223 4799 ιι,
1254 4734 1310 4800 9,
1341 4734 1450 4807 l7).
1485 4736 1588 4804 Qui
1630 4747 1741 4792 tum
1766 4738 1940 4794 ﬁdelis
1976 4748 2127 4795 recte

528 4834 593 4880 8e
617 4825 794 4879 elevat
820 4826 885 4878 ad
912 4825 1161 4879 sublimia
1181 4867 1195 4887 ,
1223 4836 1345 4880 eum
1369 4835 1432 4881 Se
1468 4827 1645 4881 induit
1688 4844 1793 4882 non
1836 4844 1932 4883 sua
1964 4829 2122 4884 forti-

530 4918 743 4984 tudine,
774 4917 869 4973 sed
892 4917 1004 4988 ⁷8
1030 4918 1259 4972 assumit
1285 4919 1385 4974 sibi
1416 4918 1676 4973 auxilium
1700 4920 1981 4976 brachium
2010 4922 2120 4977 Dm

526 5010 685 5066 'mini.
732 5010 939 5067 Deinde
960 5009 1192 5066 Joathan
1222 5010 1488 5080 profectus
1510 5009 1631 5079 jure
1658 5010 1954 5081 accipitur,
1994 5014 2121 5083 quia

531 5102 703 5157 sancti
728 5102 831 5157 viri
861 5102 1097 5168 animus,
1129 5103 1255 5156 dum
1284 5101 1338 5155 in
1378 5102 1481 5156 hac
1522 5103 1633 5155 vita
1676 5103 1895 5168 vivitur,
1924 5105 2123 5159 indesio

524 5203 728 5249 'nenter
755 5196 920 5252 habet
945 5184 1225 5267 profectus
1246 5210 1397 5260 suos,
1434 5202 1489 5249 et
1514 5195 1661 5250 vadit
1679 5195 1886 5266 jugiter
1918 5197 1985 5250 de
2010 5196 2124 5250 vir-

534 5290 651 5343 tute
674 5288 724 5343 in
755 5289 1034 5355 virtutem,
1077 5297 1141 5344 ut
1182 5287 1555 5360 apprehendat
1594 5287 1762 5342 Deum
1807 5287 2029 5341 deorum
2062 5287 2121 5341 in

524 5378 686 5436 'Sion.
706 5382 859 5439 Unde
886 5384 1090 5449 Achaz,
1120 5384 1210 5454 qui
1238 5384 1503 5453 sequitur,
1538 5391 1661 5453 apte
1686 5382 2122 5453 comprehenderis

534 5473 938 5542 interpretatur.
971 5477 1205 5533 Perfecti
1235 5477 1335 5531 viri
1369 5490 1605 5545 namque
1641 5476 1855 5531 animus
1894 5475 2122 5530 medita-

526 5560 620 5617 tur
642 5579 763 5617 cum
789 5564 1042 5633 Apostolo
1073 5565 1296 5638 (Philip.
1341 5583 1431 5632 ιιι,
1482 5567 1569 5637 12)
1602 5567 1730 5621 illud
1759 5568 2120 5638 comprehen-

528 5654 658 5708 dere
688 5653 739 5706 in
778 5669 887 5725 quo
918 5652 1032 5724 jam
1067 5659 1249 5713 divina
1273 5659 1624 5731 dispensante
1654 5659 1938 5717 clementia
1969 5678 2118 5719 com-

2237 4552 2408 4621 ligere
2434 4551 2566 4606 illud
2596 4553 2738 4620 quod
2767 4554 2907 4609 Abiu
2938 4570 3137 4612 sonare
3166 4557 3395 4612 videtur.
3422 4558 3562 4614 Abiu
3590 4576 3844 4632 namque

2232 4655 2382 4713 pater
2407 4660 2552 4698 meus
2576 4646 2671 4699 iste
2701 4646 3109 4717 interpretatur.
3146 4650 3314 4718 Quem
3356 4663 3483 4709 tunc
3517 4664 3667 4711 recte
3694 4671 3843 4713 con-

2232 4737 2372 4791 ﬁteri
2401 4738 2715 4806 probantur,
2748 4740 2793 4794 si
2825 4750 3169 4809 peccatorum
3197 4746 3426 4801 nexibus
3445 4746 3701 4812 absoluti,
3716 4764 3841 4809 non

2231 4828 2399 4882 alium
2423 4844 2585 4897 quam
2615 4845 2780 4885 unum
2817 4834 3068 4888 eumdem
3096 4850 3311 4906 quoque
3336 4837 3500 4892 Deum
3527 4840 3617 4908 qui
3644 4855 3840 4907 posse-

2231 4917 2311 4974 dit
2330 4933 2395 4973 ac
2424 4917 2550 4972 fecit
2575 4926 2629 4974 et
2654 4921 2879 4987 creavit,
2913 4922 3159 4990 adorant,
3183 4939 3511 4982 venerantur
3533 4940 3587 4984 et
3616 4929 3831 4989 colunt.

2230 5007 2309 5065 De
2351 5025 2455 5079 qua
2498 5011 2716 5066 tandem
2744 5010 2972 5082 profecti
3002 5015 3221 5086 regione
3252 5019 3517 5089 tantisper
3540 5021 3835 5080 venianuts

2229 5101 2286 5157 in
2317 5103 2607 5170 Eliachim,
2647 5103 2738 5173 qui
2778 5103 2876 5158 Dei
2912 5110 3221 5163 resurrectio
3257 5111 3545 5166 vocitatur.
3576 5111 3651 5167 lta
3691 5129 3836 5181 sane

2229 5203 2537 5264 surgentes,
2569 5202 2628 5247 ut
2657 5194 2913 5266 deinceps
2934 5196 2988 5251 in
3027 5199 3268 5255 novitate
3293 5202 3418 5258 vitae
3448 5203 3821 5277 ambulemus,

2230 5297 2287 5342 et
2312 5285 2408 5340 Dei
2436 5286 2601 5355 adjuti
2630 5287 2832 5343 auxilio
2850 5330 2866 5355 ,
2899 5291 3149 5348 inimicos
3187 5295 3376 5351 salutis
3402 5307 3603 5352 nostrae
3633 5299 3797 5354 vinea

2224 5396 2368 5447 mus,
2395 5381 2442 5436 si
2464 5382 2735 5449 quomodo
2761 5384 2979 5440 tandem
3004 5385 3294 5456 aliquando
3323 5389 3379 5443 in
3411 5388 3623 5446 Sadoch
3650 5388 3831 5459 justi-

2224 5472 2376 5528 ﬁcari
2407 5487 2713 5528 mereamur
2747 5475 2815 5529 ab
2841 5489 2906 5531 eo
2942 5477 3034 5546 qui
3066 5479 3331 5549 justilicat
3377 5482 3602 5552 impios,
3653 5492 3709 5537 ct
3753 5481 3830 5540 de

2222 5564 2604 5635 peccatoribus
2630 5564 2761 5620 facit
2789 5566 2926 5635 pios.
2957 5567 3105 5623 Azur
3135 5570 3335 5641 quippe
3358 5573 3599 5643 adjutus,
3626 5583 3681 5627 et
3712 5572 3829 5628 Sa-

2222 5659 2362 5714 doch
2396 5658 2724 5730 justi/iratus
2770 5659 3218 5730 interpretantur.
3269 5664 3406 5733 Quia
3458 5682 3618 5722 nemo
3664 5667 3829 5736 prius

522 5742 827 5801 vrehensus
862 5752 965 5802 est.
1009 5744 1219 5805 idcirco
1252 5759 1374 5807 post
1410 5750 1714 5812 profectum
1751 5761 1950 5826 operis,
1981 5762 2113 5819 ordo

2251 5751 2548 5811 astiticatur
2575 5767 2740 5827 quam
2765 5751 2867 5810 Dei
2879 5753 3097 5826 adjutus
3124 5756 3517 5829 misericordia,
3541 5758 3638 5816 Dei
3650 5758 3814 5834 justi-
