4072 6362
223 278 306 341 η
1101 276 1464 337 EXPOSITIO
1498 279 1565 335 lN
1601 277 2037 336 MATTHEUM.
2079 310 2151 324 —-
2183 276 2312 339 LIB.
2352 282 2393 349 l,
2431 278 2585 338 CAP.
2624 281 2666 335 Ι.
2747 287 2751 290 ’
2798 318 2807 329 .
3428 277 3503 335 Μ

228 397 324 451 ἡ
342 383 743 461 sttmbjectus,
761 394 937 460 utpar
955 400 1078 443 eum
1100 387 1217 457 ejus
1238 389 1497 444 auxilium
1520 390 1818 444 invocetur.
1848 390 1901 452 Δ
1925 388 2115 461 losque
2135 390 2355 462 laqueos
2384 391 2711 462 perhorruit.
2742 390 2867 447 Ideo
2891 405 2991 461 per
3014 391 3155 451 hanc
3177 391 3321 447 vium
3338 404 3504 461 super
3531 452 3547 469 ο

224 485 451 542 Interea
476 483 547 539 de
563 478 836 544 louchim,
851 480 943 549 qui
970 478 1135 549 frater
1152 494 1299 533 meus
1322 488 1498 544 sonat,
1530 479 1674 535 aliud
1692 479 1827 549 quid.

222 584 529 649 possumus
554 570 879 643 intelligere,
902 585 1062 640 quam
1088 571 1229 640 quod
1267 571 1381 641 ipse
1409 572 1669 627 Dominus
1704 572 1783 626 ait
1801 588 1829 627 τι

227 670 291 727 Si
324 673 445 741 quis
469 668 649 737 fecerit
666 668 982 723 uoluntatem
1005 665 1186 721 Patris
1208 669 1310 721 mei
1343 668 1433 739 qui
1459 668 1515 722 in
1544 668 1685 724 cretis
1712 676 1787 723 est
1802 698 1825 735 ,ι

224 762 340 832 ﬁsse
368 776 517 814 meus
541 759 729 827 frater,
758 773 925 822 soror,
956 766 1004 812 et
1027 766 1195 813 mater
1212 767 1285 812 est
1304 758 1328 811 Ρ
1348 757 1561 830 (Matth.
1585 753 1825 831 xu,50.)

228 852 387 909 Unde
410 852 661 922 quotidie
684 851 739 905 in
764 849 1007 907 oratione
1027 849 1307 906 Dominica
1327 864 1621 907 exoramus
1642 860 1700 905 ut
1726 850 1830 906 ﬁat‘

224 943 345 1014 eius
363 943 623 997 voluntas
652 942 706 996 in
736 941 892 997 nobis
919 954 1083 1011 super
1114 948 1340 1006 terram,
1367 942 1827 1011 quemadmodqu

228 1032 290 1087 ﬁt
317 1041 373 1088 et
401 1033 458 1087 in
487 1032 698 1104 angelis
741 1044 907 1101 super
944 1031 1128 1086 cmlos.
1183 1030 1331 1087 Talis
1374 1032 1538 1103 igitur
1572 1033 1825 1088 voluntas

229 1136 399 1176 unum
422 1136 525 1176 nos
546 1136 669 1176 cum
698 1119 811 1175 Deo
838 1119 1025 1184 eﬂicit,
1066 1129 1122 1175 et
1148 1121 1397 1188 supernis
1426 1121 1702 1177 consociat
1734 1128 1823 1176 at.

230 1224 338 1283 que
358 1212 669 1269 consolidat
690 1211 929 1267 veritati.
964 1210 1067 1266 Ubi
1089 1212 1327 1282 prudens
1353 1214 1566 1267 animus
1590 1212 1823 1284 diligen-

233 1313 320 1362 ter
344 1305 633 1369 intendat,
661 1304 806 1374 quod
835 1319 941 1359 non
969 1303 1260 1374 qualitates
1302 1311 1394 1359 aut
1436 1313 1592 1360 actus
1633 1319 1822 1360 eorum

227 1393 379 1465 iuxta
408 1394 803 1450 mortalitatem
831 1394 1230 1464 expressimus,
1262 1394 1357 1450 sed
1384 1409 1483 1465 per
1504 1395 1825 1465 interpreta-

233 1487 413 1540 tiones
438 1493 646 1538 tautum
672 1483 986 1538 eorumdem
1013 1484 1255 1550 nomina,
1292 1485 1626 1555 spiritalibus
1658 1486 1829 1557 spiri-v

237 1575 366 1631 talia
390 1583 788 1645 comparantes,
814 1573 1090 1644 profectus
1114 1574 1370 1629 virtutum
1394 1583 1449 1631 et
1472 1576 1585 1631 veri
1608 1576 1821 1633 itineris

236 1666 567 1720 incrementa
599 1666 1039 1720 monstravimus.
1073 1662 1287 1720 Haerent
1314 1667 1456 1720 enim
1499 1665 1601 1721 sibi
1631 1668 1812 1722 omnia

1924 489 2136 536 montes
2158 481 2340 537 Bethel
2364 497 2465 537 nos
2482 482 2562 536 ire
2584 480 2770 537 docuit
2786 480 3206 550 quodammodo,
3222 495 3318 551 per
3337 495 3515 551 quam.

1923 570 1991 624 ad
2015 584 2112 626 nos
2138 570 2286 627 illum
2322 572 2666 628 descendisse
2696 570 2979 642 Scriptura
3015 571 3358 629 monstravit.
3386 570 3496 642 ει

1920 660 2245 719 luoti‘ensum
2276 663 2440 733 igitur
2468 663 2570 718 iter
2597 670 2681 718 est
2703 663 2783 719 ire
2807 663 2877 718 ad
2908 662 3103 726 Deum,
3138 662 3191 718 si
3214 661 3281 717 de
3300 660 3503 717 virtute

1922 756 1979 811 in
2000 758 2253 812 virtutem
2284 760 2606 824 transimus,
2634 767 2690 815 et
2729 758 2879 814 aliud
2918 772 3081 830 quam
3120 759 3293 813 Deum
3318 772 3513 814 coram-

1921 838 2113 914 oculis,
2142 864 2318 921 neque
2344 851 2413 906 ad
2438 851 2739 916 dexteram,
2771 864 2948 921 neque
2983 850 3051 904 ad
3091 851 3371 906 sinistram
3396 864 3505 905 non

1920 930 2257 1011 reapicimus.
2287 941 2436 997 Unde
2458 941 2615 997 Eliud
2644 956 2877 1012 sequens
2904 941 3047 995 Deus
3073 954 3222 996 meus
3243 940 3511 1012 interpre-

1920 1018 2088 1089 tatur.
2129 1033 2355 1090 Eleazar
2379 1049 2509 1091 vero
2539 1035 2680 1091 Deus
2718 1051 2863 1091 meus
2890 1035 3107 1106 adjator
3135 1049 3332 1090 sonare
3360 1033 3508 1089 vide-

1922 1134 2030 1180 tur.
2056 1116 2322 1192 Quoniam
2348 1140 2536 1182 eorum
2573 1127 2715 1183 Deus
2742 1135 2954 1182 tantum
2982 1140 3106 1182 esse
3132 1125 3502 1195 cognoscitur,

1922 1224 1978 1272 et
1997 1217 2053 1271 hi
2080 1217 2181 1271 soli
2211 1230 2315 1272 una
2343 1230 2468 1273 cum
2494 1218 2591 1273 Dei
2614 1217 2883 1289 adiutorio
2900 1230 2999 1288 per
3019 1218 3160 1272 hanc
3185 1216 3507 1287 gradiuntur

1919 1308 2080 1369 viam,
2115 1308 2209 1377 qui
2233 1308 2301 1364 ad
2329 1309 2432 1365 hoc
2463 1309 2771 1381 proﬁciunt,
2803 1318 2864 1366 ut
2904 1308 3043 1366 nihil
3078 1308 3227 1364 aliud
3258 1309 3313 1364 in
3359 1315 3504 1363 terra

1920 1406 2081 1468 Quam
2126 1399 2295 1454 Deum
2340 1400 2684 1470 possideant,
2722 1414 2886 1471 quem
2917 1412 3185 1457 summum
3226 1408 3284 1454 et
3312 1412 3505 1470 perpe-

1920 1496 2074 1544 tuum
2103 1474 2303 1544 donum
2352 1491 2408 1545 in
2452 1490 2765 1547 cmlestibus
2806 1491 3009 1547 habere
3047 1490 3374 1546 desiderant.
3422 1490 3503 1547 Ex

1917 1594 2026 1652 quo
2050 1590 2197 1637 recte
2226 1568 2446 1637 Mathan
2473 1583 2634 1650 illico,
2667 1584 2758 1654 qui
2782 1584 2975 1637 donum
3000 1590 3186 1646 sonat,
3220 1580 3504 1654 subiungi-

1918 1680 2045 1739 tur;
2085 1682 2146 1728 ut
2190 1673 2259 1729 ad
2280 1662 2409 1728 illud
2440 1690 2604 1729 unum
2634 1684 3007 1743 aeternumque
3031 1673 3245 1729 avidius
3269 1673 3501 1728 tenden-

237 1758 500 1814 bonorum
526 1772 755 1829 operum
783 1759 1163 1825 instrumenta,
1200 1767 1257 1814 et
1299 1759 1373 1815 ita
1420 1760 1561 1815 inter
1602 1776 1663 1816 se
1687 1776 1817 1817 con-
1843 1747 1893 1808 Β
1920 1770 2004 1819 tes
2028 1764 2250 1830 donum,
2274 1764 2487 1819 interea
2509 1766 2641 1821 vitia
2668 1766 3096 1836 supplantemus.
3129 1765 3285 1832 Quod
3317 1762 3513 1834 ιιι-οἷον

237 1862 377 1906 nexa
404 1858 534 1906 sunt
560 1849 846 1916 universa,
890 1857 951 1904 ut
997 1850 1091 1919 qui
1135 1865 1323 1905 eorum
1365 1850 1547 1919 aliquo
1583 1852 1820 1907 caruerit

237 1942 490 1997 omnibus
509 1950 718 1996 careat.
743 1940 808 1996 Et
830 1956 901 1997 ne
922 1940 1068 1997 dicat
1086 1939 1399 1997 fastidiosus
1419 1941 1652 2006 auditor,
1675 1943 1825 2013 quod

240 2032 477 2088 noluerit
500 2032 829 2103 evangelista
859 2032 913 2086 in
948 2031 1076 2087 istis
1104 2033 1442 2099 nominibus,
1481 2035 1548 2088 ad
1575 2034 1687 2105 80
1722 2048 1821 2105 pa-

241 2126 408 2179 triam
437 2126 519 2181 ire
554 2125 980 2182 desiderantibus
1004 2125 1240 2180 ethicam
1277 2134 1701 2196 praemonstrare
1725 2126 1821 2182 do-

244 2217 478 2270 ctrinam
498 2235 513 2271 :
535 2217 772 2272 intendat
789 2233 883 2272 cur
895 2218 1254 2287 quorumdam
1278 2219 1333 2273 in
1357 2219 1607 2291 catalogo
1625 2233 1822 2289 genea-

240 2305 401 2378 logis:
426 2308 632 2363 omissa
661 2308 769 2364 sint
811 2307 1025 2362 nomina
1043 2348 1057 2371 ,
1086 2309 1441 2377 quorumdam
1479 2324 1614 2364 vero
1640 2309 1825 2365 taliter

130 2386 141 2395 “
239 2406 522 2463 annotata,
548 2406 607 2451 ut
630 2404 685 2452 et
711 2412 929 2452 numero
953 2396 1348 2463 satisfacerent,
1373 2406 1430 2454 et
1451 2399 1710 2453 virtutum
1736 2399 1822 2454 in-

237 2488 530 2542 crementis
551 2486 792 2557 profecto
815 2497 1195 2559 congruerent.
1226 2488 1283 2543 Si
1306 2489 1451 2544 enim
1478 2489 1711 2560 populus
1731 2490 1821 2547 ille

238 2576 608 2643 Habt-eorum,
643 2593 741 2648 per
763 2578 1038 2634 desertum
1070 2580 1389 2645 ascendens,
1410 2580 1563 2650 juxta
1586 2581 1826 2636 mansiod

237 2685 365 2726 num
411 2672 918 2743 interpretationes,
961 2672 1063 2727 iter
1090 2673 1473 2729 conscendisse
1501 2674 1761 2728 virtutum
1787 2688 1817 2729 a

237 2762 518 2819 camolicis
558 2761 759 2817 dicitur
798 2764 1140 2830 doctoribus,
1181 2773 1384 2833 quanto
1422 2765 1592 2835 magis
1631 2765 1685 2819 in
1734 2765 1827 2821 his

238 2852 341 2907 iter
377 2852 507 2908 vita
531 2852 655 2924 jure
682 2853 981 2923 accipitur,
1011 2868 1109 2924 per
1133 2868 1270 2923 quos
1309 2853 1588 2918 Christus,
1620 2867 1816 2908 secun-

238 2943 366 2997 dum
401 2944 792 3014 promissiones
822 2944 916 3000 Dei
943 2944 1000 2999 in
1030 2942 1264 2999 formam
1300 2944 1443 2999 servi
1491 2942 1558 2998 ad
1603 2959 1703 3000 nos
1724 2958 1823 3000 ve-

237 3034 384 3089 nisse
424 3035 729 3105 probatur?
762 3034 830 3090 Et
877 3032 1093 3107 dignum
1137 3035 1319 3105 itaque
1360 3042 1445 3090 est
1486 3042 1545 3093 ut
1582 3049 1681 3091 nos
1718 3048 1818 3105 per

1922 1864 2010 1911 cto
2036 1870 2270 1927 sequens
2293 1855 2460 1913 Jacob
2484 1857 2601 1912 ﬁeri
2629 1856 2823 1914 debere
2854 1859 3117 1924 insinuat,
3144 1858 3235 1927 qui
3257 1855 3505 1928 εαρριαπι

1922 1956 2063 2001 tator
2086 1947 2493 2018 interpretatur.
2525 1947 2660 2004 Nam
2689 1958 2747 2003 et
2782 1949 2828 2005 si
2866 1963 3027 2019 supra
3052 1964 3151 2019 per
3175 1948 3342 2005 Jacob
3369 1963 3503 2019 sup-

1920 2038 2184 2109 plantatio
2210 2030 2467 2094 vitiorum
2488 2041 2851 2111 prtemittitur,
2876 2056 3068 2096 rursus
3091 2055 3189 2111 per
3209 2041 3313 2096 hoc
3334 2054 3505 2095 unum

1922 2130 2175 2199 idemque
2202 2130 2523 2186 vocabulum
2542 2118 2615 2185 in
2646 2130 2752 2186 line
2784 2139 3281 2196 commemoratur;
3314 2136 3375 2184 ut
3412 2144 3504 2185 us-

1922 2232 2026 2287 que
2069 2217 2136 2273 ad
2178 2228 2481 2275 extremum
2512 2219 2637 2274 vitae
2676 2228 2863 2274 contra
2912 2219 3041 2274 vitia
3083 2235 3183 2275 nos
3225 2226 3507 2275 certamen"

1922 2307 2124 2363 habere
2144 2302 2509 2364 necessarium
2535 2305 2941 2364 existimemus:
2978 2308 3149 2365 donec
3176 2308 3409 2378 appOsiti
3432 2308 3503 2362 ad

1920 2399 2110 2457 Patres
2134 2410 2348 2457 nostros
2368 2398 2663 2457 virtutibus
2687 2398 2742 2456 in
2768 2399 2985 2457 Christo
3011 2415 3309 2472 augeamur
3339 2409 3509 2479 :eter~_

1921 2493 2026 2547 nis.
2069 2493 2223 2559 Quod
2264 2494 2403 2548 bene
2443 2489 2644 2563 Ioseph
2678 2493 3050 2557 demonstrat,
3092 2491 3185 2562 qui
3231 2490 3507 2560 appositus

1922 2584 2037 2639 sive
2083 2594 2269 2639 auctus
2323 2586 2377 2639 in
2434 2582 2779 2639 conclusione
2825 2582 3175 2652 interpretari
3217 2582 3499 2651 probatur.

1921 2674 2056 2742 Quia
2090 2684 2217 2731 tunc
2242 2676 2471 2745 quisque
2494 2674 2786 2729 virtutibus
2811 2674 3146 2739 cumulatur,
3183 2686 3306 2729 cum
3337 2670 3503 2728 fuerit

1921 2765 2199 2835 appositus
2220 2765 2421 2820 sanctis
2441 2764 2693 2821 Patribus
2717 2771 2774 2819 et
2793 2765 2848 2818 iu
2877 2762 3095 2817 civitate
3120 2762 3380 2819 virtutum
3404 2775 3503 2831 pe-

1922 2854 2163 2910 renniter
2202 2855 2544 2910 habitaturus
2572 2853 2865 2910 introierit.
2906 2853 3062 2920 Quod
3088 2860 3148 2908 ut
3176 2851 3306 2918 ﬂat,
3343 2850 3502 2907 stella

1919 2947 2109 3013 maris,
2136 2947 2251 3002 sive
2284 2946 2637 3001 illuminatrix
2659 2945 2848 3011 Matris,
2879 2945 3021 3000 inter
3046 2943 3366 3015 liuetitagas
3400 2959 3505 3000 utt-

1920 3037 2017 3092 das
2041 3036 2238 3108 pelagi,
2268 3035 2373 3092 ﬁde
2399 3051 2465 3092 ac
2487 3035 2730 3114 moribus
2749 3035 3021 3111 sequenda
3043 3042 3158 3101 est,
3184 3046 3254 3089 ne
3290 3046 3503 3103 merga-

236 3124 479 3180 eamdem
505 3125 704 3181 tineam
736 3125 1041 3180 sanctitatis
1064 3125 1132 3179 ad
1153 3139 1275 3179 eum
1303 3123 1410 3178 ﬁde
1434 3124 1689 3187 nitamur,
1720 3138 1819 3196 per
1843 3114 1888 3179 C
1920 3140 2041 3181 mur
2059 3126 2219 3181 undis
2246 3126 2461 3192 diluvii;
2486 3126 2581 3182 sed
2600 3130 2701 3195 per
2717 3140 2839 3181 eam
2863 3124 3245 3191 illuminemur,
3268 3132 3329 3178 ut
3345 3122 3502 3180 Chri-

239 3231 401 3287 quam
438 3217 556 3288 ipse
600 3226 907 3273 monstrare
951 3218 1202 3287 dignatus
1242 3224 1329 3272 est
1353 3217 1419 3270 ad
1463 3232 1562 3272 nos
1592 3217 1817 3273 descen-

240 3308 401 3363 disse.
436 3306 639 3379 Nempe
666 3309 794 3378 quia
819 3308 939 3365 ideo
970 3308 1118 3363 venit
1146 3307 1406 3363 Mediator
1432 3307 1527 3362 Dei
1559 3316 1615 3363 et
1644 3307 1820 3363 homi-

236 3414 388 3466 num,
414 3406 477 3456 ut
503 3400 662 3456 ﬁeret
700 3401 887 3457 ﬁrmus
918 3416 1061 3457 unus
1096 3401 1347 3471 idemque
1374 3401 1471 3455 Dei
1507 3402 1723 3471 pietatis
1754 3418 1819 3460 ae

237 3490 651 3547 clementiamm
679 3492 1002 3558 descensus,
1050 3499 1106 3549 et
1147 3499 1454 3547 nostrarum
1502 3507 1600 3561 per
1642 3493 1819 3563 ipsum

237 3581 478 3651 quotidie
506 3582 767 3635 virtutum
811 3594 1023 3636 census.
1074 3572 1280 3636 idcirco
1322 3594 1518 3651 moneo
1561 3580 1819 3637 lectorem

242 3684 444 3737 meum,
474 3687 543 3725 ne
562 3671 883 3741 dedignetur
903 3671 1195 3726 secundum
1220 3672 1320 3726 has
1351 3671 1821 3740 interpretationes

240 3765 548 3830 nominum,
594 3765 701 3820 iter
725 3764 986 3819 virtutum
1031 3762 1363 3831 ascendere;
1397 3778 1496 3833 per
1536 3778 1673 3834 quos
1710 3778 1819 3821 non

242 3857 564 3927 dedignatus
596 3866 678 3913 est
718 3866 909 3913 auctOr
933 3857 1075 3923 vitat,
1098 3855 1252 3926 juxta
1278 3856 1666 3927 promissiones
1690 3857 1821 3913 oliui

239 3950 557 4020 promissas,
584 3951 651 4005 ad
673 3964 772 4007 nos
799 3950 1142 4006 descendere.
1171 3948 1337 4018 Cujus
1360 3949 1570 4019 alonge
1596 3949 1821 4006 descen-

243 4054 366 4097 sum
395 4057 589 4112 sponsa
622 4043 675 4097 in
701 4042 941 4098 Canticis
973 4032 1327 4113 prospiciens,
1368 4041 1564 4104 aiebat,
1591 4041 1815 4098 dicens:

242 4133 380 4190 Ecce
410 4135 494 4190 Itis
514 4135 652 4190 venit
673 4134 864 4190 saliens
888 4150 1046 4206 super
1071 4143 1268 4190 montes
1286 4177 1301 4201 ,
1345 4134 1641 4190 transiliens
1664 4149 1821 4205 super

237 4224 397 4281 calles
439 4223 616 4296 (Cant.
644 4240 685 4279 rt
701 4265 717 4289 ,
739 4225 816 4297 8).
854 4224 920 4279 Et
944 4225 1075 4295 quid
1101 4235 1187 4280 est
1207 4225 1408 4289 dicere,
1433 4240 1548 4279 ecce
1571 4225 1656 4278 hic
1685 4224 1821 4280 venit

234 4319 433 4376 saliens
453 4336 609 4391 super
634 4319 876 4373 montes?
903 4317 1039 4373 Ecce
1077 4318 1225 4374 enim
1261 4318 1687 4373 demonstrantis
1712 4326 1815 4374 est.

238 4410 523 4480 Quomodo
550 4425 683 4481 ergo
706 4408 851 4465 velut
872 4409 927 4463 in
954 4408 1363 4479 praesentiarum
1388 4408 1706 4474 ostenditur,
1724 4410 1819 4478 qui

234 4502 378 4557 satis
409 4514 442 4555 a
486 4501 644 4572 longe
685 4510 946 4555 venturus
976 4497 1256 4568 Scriptura
1285 4507 1420 4554 teste
1446 4498 1821 4554 monstratur?

236 4593 359 4649 Nisi
385 4592 513 4662 quia
537 4593 592 4646 in
618 4592 705 4647 his
727 4592 1010 4658 omnibus,
1038 4605 1102 4645 ac
1126 4591 1172 4646 si
1207 4592 1260 4646 in
1290 4592 1495 4647 semine
1518 4591 1670 4661 juxta
1692 4606 1819 4662 pro-

236 4682 467 4741 missum
494 4696 679 4737 coram
709 4683 947 4753 positus,
976 4682 1319 4738 cernebatur.
1356 4680 1696 4737 Cernebatur
1722 4698 1821 4737 au-

242 4782 355 4828 tem
378 4771 576 4827 saliens
600 4782 766 4841 super
780 4779 1015 4837 montes,
1036 4779 1131 4825 aut
1157 4771 1467 4827 transiliens
1490 4771 1676 4828 colles.
1700 4771 1817 4829 Non

238 4863 683 4937 pereampestria
708 4861 961 4933 quidem,
1006 4876 1111 4918 nec
1150 4877 1249 4933 per
1289 4861 1544 4917 cultivam
1580 4867 1817 4930 terram,

232 4957 338 5013 sed
360 4970 459 5029 per
483 4956 823 5022 solitudines,
856 4970 956 5028 per
981 4955 1262 5011 cacumina
1290 4955 1576 5020 montium,
1604 4969 1703 5025 per
1723 4956 1816 5011 de-

232 5056 389 5105 serta
431 5047 647 5103 collium
680 5048 787 5103 iter
811 5047 1034 5104 radens.
1080 5044 1234 5103 Unde
1266 5060 1368 5103 uec
1406 5046 1678 5102 immerito
1719 5060 1818 5118 per

234 5141 343 5196 hos
368 5139 515 5195 viam
536 5139 795 5195 moralem
820 5139 1156 5195 ostendimus
1187 5138 1259 5193 illi
1278 5177 1294 5205 ,
1334 5137 1427 5209 qui
1468 5138 1586 5193 vult
1622 5138 1693 5193 ad
1717 5153 1814 5210 pa-

236 5230 402 5284 triam
420 5228 624 5285 diutius
645 5229 1028 5299 repromissum
1050 5228 1281 5286 festinus
1306 5229 1696 5285 conscendere:
1720 5242 1819 5299 per

234 5338 377 5394 quos
400 5324 537 5379 etin
561 5324 760 5394 quibus
782 5321 1055 5380 Christum
1097 5322 1464 5378 ambulantem
1481 5361 1499 5388 ,
1542 5321 1686 5378 velut
1726 5337 1821 5378 ca-

231 5426 423 5489 pream
467 5414 861 5486 hinnulumque
901 5430 1187 5472 cervorum
1228 5414 1298 5471 ad
1342 5428 1442 5470 nos
1477 5413 1818 5470 descendisse

230 5506 593 5580 gratulamur.
622 5506 713 5562 Ille
751 5508 897 5563 enim
938 5506 1213 5563 exsultans
1243 5513 1300 5561 et
1326 5505 1518 5561 ludens
1552 5504 1725 5561 nullas
1751 5506 1818 5561 ti-

226 5599 380 5655 nuit
408 5599 637 5656 insidias
656 5601 972 5655 venantium
989 5614 1114 5671 erga
1141 5605 1352 5653 montes
1375 5595 1582 5660 Bethel,
1613 5596 1665 5650 in
1698 5595 1818 5667 qui-

222 5689 345 5755 κ
360 5690 498 5757 istos
520 5691 797 5753 habitasse
822 5690 1079 5769 legimus,
1115 5689 1287 5753 nullas
1310 5687 1669 5763 muscipula,
1697 5688 1818 5748 nul;

1916 3228 2059 3275 stum
2085 3227 2270 3274 natum
2296 3234 2361 3275 ex
2383 3234 2447 3274 ea
2475 3230 2574 3289 pro
2594 3218 2770 3274 salute
2793 3215 2959 3273 totius
2984 3218 3167 3274 mundi
3190 3218 3496 3273 credamus.

1917 3310 2042 3367 Haec
2069 3312 2237 3382 igitur
2263 3311 2351 3366 illa
2386 3318 2528 3367 terra
2570 3319 2656 3367 est
2675 3351 2691 3376 ,
2721 3325 2842 3380 quae
2869 3309 3123 3365 Patrihus
3154 3309 3211 3365 in
3242 3308 3416 3380 ﬁgura
3444 3314 3505 3367 et

1916 3402 2205 3473 aenigmate
2231 3402 2645 3472 repromittitur.
2675 3400 2804 3456 llaec
2828 3406 2995 3465 terra,
3024 3399 3268 3469 inquam,
3300 3406 3404 3463 est,
3432 3396 3515 3455 de.

1916 3507 2022 3562 qua
2053 3492 2224 3547 David
2254 3493 2535 3562 suspirans
2579 3491 2762 3548 canit:
2802 3488 2972 3545 Credo
3007 3489 3181 3543 uidere
3208 3487 3346 3541 bona
3385 3485 3499 3541 Do-

1916 3582 2046 3635 mini
2083 3582 2139 3635 in
2167 3590 2309 3635 terra
2333 3580 2611 3635 viventium
2642 3576 2826 3650 (Psal.
2859 3592 3010 3653 xxix,
3043 3574 3168 3647 19).
3195 3573 3323 3630 Haec
3353 3582 3501 3629 terra

1919 3684 2153 3739 namque
2183 3678 2286 3733 est,
2315 3683 2477 3738 quam
2519 3666 2620 3721 soli
2662 3666 2823 3725 mites
2849 3664 3176 3727 inhabitant,
3206 3665 3279 3719 de
3301 3662 3502 3732 quibus

1918 3758 2117 3814 dicitur
2140 3775 2155 3812 :
2182 3755 2332 3812 Beati
2351 3757 2523 3821 mites,
2544 3756 2791 3828 quoniam
2820 3750 2920 3827 ipsi
2943 3754 3277 3826 possidebunt
3304 3763 3505 3809 terram

1920 3847 2135 3921 (Matth.
2164 3864 2215 3915 v,
2243 3848 2323 3920 4).
2350 3847 2454 3903 Per
2480 3847 2580 3904 hos
2607 3861 2738 3903 sane
2777 3845 3117 3917 patriarchas
3151 3844 3221 3899 ad
3254 3851 3500 3900 nostram

1920 3940 2148 3997 salutem
2193 3939 2443 3995 Christus
2480 3938 2729 3995 veniebat
2771 3938 2826 3992 in
2868 3937 3144 3993 mundum.
3196 3935 3266 3991 Et
3304 3934 3503 3991 horum

1919 4035 2161 4090 omnium
2190 4032 2246 4088 in
2269 4032 2449 4103 seipso
2478 4031 2702 4103 gerebat
2721 4026 2958 4089 ofﬁcium
2975 4068 2991 4095 ,
3017 4035 3071 4083 et
3101 4040 3169 4082 ex
3193 4027 3386 4082 horum
3414 4025 3500 4081 in-

1922 4125 2307 4196 terpretatione
2324 4126 2626 4192 nominum,
2649 4133 2888 4180 nostram
2912 4123 3232 4193 designabat
3246 4121 3496 4177 salutem.

1923 4218 2079 4276 Unde
2114 4218 2349 4288 prudens
2382 4216 2735 4288 investigator
2759 4215 3041 4287 diligenter
3064 4214 3338 4273 examinet
3361 4212 3492 4285 quid

1922 4315 1989 4371 de
2016 4315 2150 4384 ipsis
2174 4313 2447 4380 Patribus,
2475 4314 2671 4383 quidve
2699 4311 2765 4368 ad
2803 4312 2949 4382 ipsos
2972 4310 3171 4381 passim
3216 4309 3497 4380 Scriptura

1921 4406 2189 4478 loquendo
2216 4404 2373 4461 nobis
2411 4404 2666 4461 insinuet.
2707 4403 2776 4459 Et
2815 4401 3071 4458 continuo
3094 4399 3329 4455 inveniet
3353 4398 3499 4469 quod

1848 4468 1897 4531 Β
1922 4468 2120 4570 ubique
2148 4498 2419 4563 Christus,
2445 4497 2591 4552 velut
2616 4511 2712 4584 per
2740 4492 3005 4549 fenestras
3029 4491 3328 4584 aspiciens,
3362 4504 3492 4584 pro-

1920 4592 2155 4662 spiciens
2178 4605 2275 4661 per
2298 4588 2588 4653 cancellos,
2616 4580 2940 4657 quantocius
2974 4598 3217 4655 sponsae,
3247 4580 3498 4637 videlicet

1920 4683 2175 4739 Ecclesiae
2221 4694 2333 4736 sum
2351 4719 2367 4746 ,
2417 4687 2703 4735 venturum
2754 4691 2815 4733 se
2859 4676 2912 4731 in
2955 4688 3118 4731 carne
3163 4672 3497 4744 pronuntiet.

1918 4772 2083 4843 Cujus
2109 4786 2295 4826 amore
2318 4783 2538 4825 necesse
2553 4768 2663 4840 82
2690 4774 2775 4823 est
2798 4778 3131 4835 unaquaeque
3148 4764 3326 4821 anima
3348 4761 3499 4818 vitiis

1919 4871 2163 4923 exuatur,
2189 4869 2245 4918 et
2271 4877 2303 4916 e
2330 4861 2549 4931 regione
2572 4860 2640 4914 ad
2677 4872 2737 4915 se
2763 4857 3069 4912 venientem
3092 4854 3380 4926 respiciat,
3406 4859 3494 4907 at—

1922 4968 2027 5024 que
2045 4951 2383 5022 properantis
2408 4948 2799 5019 contempletur
2832 4948 3141 5012 adventum,
3180 4960 3248 5002 ac
3271 4959 3381 4999 non
3410 4940 3497 4997 vi-

1921 5043 2170 5101 dentibus
2194 5043 2375 5099 dicat:
2416 5038 2553 5096 Ecee
2590 5042 2675 5095 hic
2712 5040 2847 5095 venit
2883 5038 3074 5095 saliens
3107 5051 3261 5107 super
3298 5040 3497 5089 montes

1924 5134 2111 5209 (Cant.
2143 5150 2204 5200 ιι,
2228 5133 2307 5206 8).
2341 5132 2516 5204 Super
2553 5141 2765 5189 montes
2786 5131 3009 5210 (scilicet
3039 5140 3100 5185 ut
3128 5127 3230 5198 ipsi
3260 5125 3499 5196 primum.

1921 5230 2217 5301 suscipiant
2258 5244 2485 5300 parem;
2518 5229 2713 5285 deinde
2750 5227 3057 5283 transiliens
3092 5224 3161 5279 ad
3198 5221 3395 5288 colles,
3433 5230 3497 5279 ut

1920 5322 2085 5379 etiam
2116 5320 2169 5376 hi
2194 5319 2481 5390 justitiam,
2505 5334 2626 5390 quae
2653 5319 2707 5374 in
2732 5318 2948 5375 Christo
2967 5324 3070 5380 est,
3093 5311 3300 5384 possint
3323 5311 3497 5369 susci-

1918 5428 2064 5485 pere.
2097 5411 2249 5478 Quod
2280 5422 2335 5467 et
2364 5421 2441 5476 tu,
2474 5410 2518 5466 si
2544 5425 2700 5466 mons
2726 5408 2908 5471 lueris,
2931 5407 2975 5461 si
3005 5403 3128 5461 salit
3156 5404 3211 5459 in
3237 5411 3289 5459 te
3314 5416 3496 5459 sermo

1918 5502 2034 5566 Dei,
2070 5503 2115 5559 si
2142 5501 2212 5559 de
2242 5502 2439 5559 virtute
2469 5501 2523 5557 in
2555 5501 2808 5554 virtutem
2838 5495 3197 5563 transcendis,
3224 5490 3497 5566 percipies

1916 5610 2122 5666 pacem.
2160 5592 2257 5649 Sin
2296 5600 2475 5647 autem
2514 5589 2595 5646 vel
2638 5587 2905 5644 secundus
2928 5602 2956 5641 a
2985 5595 3197 5654 monte,
3237 5584 3380 5657 quod
3409 5591 3499 5641 est

1918 5687 2092 5757 collis,
2130 5684 2315 5753 fueris,
2362 5681 2594 5741 transth
2620 5694 2781 5753 super
2816 5687 2871 5736 te
2896 5677 3165 5745 Christus.
3210 5678 3288 5737 Ita
3314 5686 3503 5759 tamet;
3532 5674 3559 5697 ‘
