4032 6358
581 268 649 323 95
1393 271 1452 327 8.
1493 271 1849 331 PASCHASII
1891 275 2238 331 RADBERTI
2275 276 2565 332 ABBATIS
2599 278 3044 336 CORBEIENSIS
3559 322 3569 330 ο
3793 289 3870 350 θΰ

577 380 623 435 si
651 387 833 435 tantus
857 391 937 446 es,
962 387 1024 436 ut
1041 379 1219 451 possis
1235 379 1499 449 justitiam
1520 387 1792 455 excipere,
1823 397 1880 442 et
1908 389 2166 442 virtutum
2193 396 2247 454 Α
2271 388 2490 453 dixisse,
2522 399 2575 443 et
2601 401 2786 444 contra
2819 390 3056 460 ejusdem
3087 393 3391 464 versipellis
3418 400 3648 457 astutias
3665 441 3683 468 ,
3711 401 3867 460 nulla

574 484 764 541 opera,
799 479 1068 540 quatenus
1095 471 1162 526 ad
1187 470 1464 527 Christum
1492 489 1590 543 per
1617 475 1775 530 ﬁdem
1803 478 2005 541 venias,
2035 488 2191 533 eon-'

2266 488 2454 548 postea
2495 481 2800 535 testimonia
2841 482 3127 551 protulisse
3163 503 3176 538 :
3217 487 3362 556 quod
3402 489 3634 561 quisque
3673 493 3867 552 facere

575 574 870 615 summare.
911 558 1019 616 Sed
1053 561 1489 632 quiaihucusque
1523 563 1800 621 Christum
1831 568 1961 638 'post
1986 568 2164 638 parie-
2265 585 2388 625 eum
2420 570 2668 636 voluerit,
2701 572 2832 626 nihil
2861 575 3004 642 quod
3035 579 3360 647 respondeat
3386 558 3675 651 inimicus,
3710 586 3864 644 ultra

575 655 682 704 ictu
729 658 1002 716 nostrum,
1047 651 1192 705 inter
1223 652 1507 722 aenigmata
1533 663 1589 709 et
1620 656 1874 727 mysticas
1911 659 2158 713 obscuri-

575 747 746 793 talum
777 740 976 810 ﬁguras
1020 741 1277 798 Ecclesiae
1323 759 1434 798 suae
1477 744 1782 815 loquentem
1825 749 2157 815 audivimus,

572 836 887 898 oportuerat
907 832 1071 886 etiam
1101 832 1399 888 thalamum
1439 838 1748 907 nuptiarum
1770 879 1785 904 ,
1815 840 1869 895 in
1903 855 2012 910 quo
2039 840 2159 911 Spi-

573 923 712 978 ritus
737 934 956 978 sanctus
990 926 1173 993 omnia
1204 927 1591 984 charismatum
1632 931 1771 986 dona
1801 933 2047 1002 paravit,
2076 934 2159 987 in-

569 1012 738 1082 gredi.
769 1013 875 1068 Sed
905 1016 1031 1085 quia
1059 1015 1292 1073 Faustus
1323 1018 1469 1074 velut
1502 1022 1746 1091 scorpius
1772 1022 1826 1077 in
1858 1024 1964 1078 ﬁne
1998 1023 2158 1094 hujus

569 1109 898 1181 genealogis:
937 1127 1034 1166 sua
1067 1111 1315 1169 diﬁ‘undit
1341 1131 1572 1182 venena,
1612 1117 1960 1174 obsecramus
1988 1119 2155 1175 lecto-

570 1213 686 1254 rem
715 1216 782 1255 ne
807 1202 1038 1257 obducta
1069 1203 1247 1260 fronte
1269 1203 1528 1271 fastidiat,
1559 1209 1701 1276 quod
1731 1224 1828 1265 nos
1857 1226 2043 1266 rursus
2071 1226 2155 1266 re-

564 1290 798 1358 petendo
820 1291 1054 1362 agimus,
1072 1309 1137 1348 ne
1157 1295 1268 1349 suis
1292 1310 1536 1350 errorum
1567 1295 1773 1366 laqueis
1799 1299 2154 1368 simpliciores

564 1394 807 1450 quosque
851 1381 1104 1438 involvat.
1145 1383 1299 1440 Unde
1337 1387 1513 1442 adhuc
1542 1390 1948 1458 proponendum
1977 1400 2154 1445 estne

563 1469 886 1537 quandougue
929 1470 983 1524 in
1032 1474 1135 1526 line
1182 1471 1340 1540 hujus
1384 1476 1709 1546 genealogiae
1742 1477 1889 1533 velut
1929 1494 2151 1548 serpens

561 1568 750 1614 nostro
778 1560 1062 1616 insidietur
1085 1564 1358 1620 calcaneo.
1389 1565 1626 1622 Laborat
1669 1570 1842 1635 enim,
1890 1586 1958 1626 ne
2000 1582 2149 1626 recto

562 1651 780 1704 tramite
803 1650 926 1706 ﬁdei
958 1657 1225 1723 possimus
1254 1657 1461 1726 ingredi
1485 1657 1550 1712 ad
1574 1658 1849 1716 Christum
1876 1661 2034 1733 longe
2056 1663 2145 1717 diu

2265 665 2586 729 remanebit,
2616 675 2814 734 praeter
2844 665 2972 721 illud
3011 682 3119 736 quo
3140 670 3251 725 vim
3280 673 3737 732 manifestissima:
3768 694 3867 734 ve-

2265 750 2442 806 ritatis
2468 751 2523 806 in
2550 753 2746 808 divinis
2775 753 2969 810 litteris
3011 766 3239 812 conatur
3283 761 3587 820 evidentius
3629 765 3866 823 illudere

2261 849 2425 910 atque
2469 858 2766 911 evacuare,
2811 854 2872 900 ut
2918 846 3049 902 falsa
3083 849 3136 903 in
3176 849 3473 922 Scripturis
3509 858 3719 913 sanctis
3750 859 3864 914 im-

2261 931 2428 987 missa
2469 939 2830 1003 respondeat;
2867 946 2923 994 et
2948 940 3210 1011 quidquid
3258 953 3448 999 contra
3487 962 3546 1002 se
3575 949 3864 1016 senuerit,

2259 1025 2966 1101 furiosiusﬁnjecta'ubique
2995 1032 3125 1086 velit
3152 1049 3414 1090 asserere.
3450 1037 3555 1092 Sed
3577 1039 3704 1108 quia
3734 1040 3864 1095 ubi-

2259 1131 2364 1187 que
2400 1119 2512 1188 jam
2533 1158 2548 1182 ,
2578 1119 2792 1174 Domini
2822 1120 3169 1191 dispensante
3199 1127 3407 1193 gratia,
3433 1128 3637 1183 veritas
3672 1129 3866 1184 Evan-

2256 1207 2377 1277 gelii
2405 1210 2736 1278 praeminet,
2763 1221 2818 1266 et
2844 1212 2896 1265 in
2923 1215 3069 1268 omni
3093 1225 3251 1286 gente
3270 1218 3397 1272 etin
3421 1219 3567 1272 omni
3590 1221 3864 1276 varietate

2257 1298 2584 1369 linguarum,
2617 1303 2916 1356 secundum
2948 1306 3270 1362 catholicam
3303 1318 3465 1379 atque
3499 1312 3860 1382 apostolicam

2255 1390 2440 1456 ﬁdem,
2473 1408 2638 1446 unum
2662 1409 2852 1448 omnes
2877 1395 3000 1450 libri
3028 1408 3348 1466 consonant,
3395 1403 3860 1459 considerandum

2254 1492 2336 1538 est
2355 1498 2517 1552 quam
2543 1483 2697 1554 longe
2726 1501 2755 1539 a
2778 1485 3116 1556 professione
3142 1490 3284 1544 beati
3311 1490 3548 1547 Matthxi
3574 1493 3663 1548 hic
3692 1493 3864 1549 aber-

2255 1574 2464 1644 ret,qui
2488 1575 2661 1630 solum
2684 1575 2959 1631 Christum
2988 1581 3055 1633 ab
3081 1580 3233 1636 initio
3254 1581 3529 1655 Evangelii
3561 1584 3645 1639 sui
3673 1601 3860 1656 usque

2254 1664 2307 1718 in
2356 1665 2516 1720 ﬁnem
2564 1669 2922 1738 eumdeinque
2965 1668 3060 1723 Dei
3109 1679 3164 1725 et
3220 1673 3454 1728 hominis
3499 1676 3861 1732 commendat

559 1737 813 1796 Patribus
841 1746 1246 1813 repromissum.
1274 1749 1339 1804 Et
1375 1753 1524 1822 cupit
1550 1767 1814 1807 evacuare
1845 1769 1912 1808 ne
1941 1756 2008 1808 de
2040 1753 2146 1808 Da-
2178 1746 2224 1805 Β
2254 1757 2442 1813 ﬁlium.
2477 1758 2653 1815 Tanto
2696 1737 2860 1831 igitur
2900 1779 2930 1817 a
2979 1765 3243 1820 catholica
3285 1767 3527 1822 doctrina
3575 1769 3852 1835 dissonat,

546 1817 648 1884 \lid
677 1831 848 1902 stirpe
878 1843 1030 1890 ortus
1061 1840 1328 1895 credatur.
1361 1817 1461 1896 Ait.
1477 1843 1658 1913 itaque
1680 1844 1897 1900 sibimet
1924 1846 2148 1902 callidus

557 1941 870 1998 persuasor,
900 1945 965 1985 ac
995 1931 1039 1986 si
1067 1931 1335 2002 dialogum
1369 1941 1580 1997 texens,
1609 1935 1700 2003 qui
1736 1937 1908 2005 possit
1937 1937 2146 2007 simpli-

555 2021 732 2077 ciores
757 2038 1000 2094 quosque
1027 2023 1234 2094 laqueis
1261 2026 1492 2080 irretire.
1532 2046 1550 2076 ι
1580 2026 1749 2094 Quid,
1786 2030 1980 2099 inquit,
2015 2029 2148 2084 Mat-

555 2111 727 2168 thaeus
751 2113 1012 2183 scripsit?
1041 2113 1194 2168 Liber
1218 2117 1586 2185 generationis,
1629 2119 1738 2183 ait,
1779 2117 1910 2173 Jesu
1950 2118 2146 2174 Christi

554 2204 655 2274 filii
696 2205 901 2274 Dauid,
939 2207 1040 2276 ﬁlii
1082 2208 1368 2262 Abraham.
1401 2207 1726 2264 Putaveram
1747 2251 1760 2274 ,
1792 2212 1988 2281 inquit,
2019 2214 2145 2283 quia

551 2309 700 2354 esset
727 2300 994 2365 dicturus,
1037 2299 1200 2355 Liber
1227 2302 1634 2370 generationum
1663 2300 1790 2358 Jesu
1821 2302 2019 2359 Christi
2049 2304 2144 2359 ﬁlii

552 2389 668 2445 Dei.
699 2391 853 2447 Nunc
878 2401 1056 2446 autem
1083 2392 1207 2461 quia
1233 2391 1516 2448 Matthqu
1542 2393 1631 2447 hic
1652 2392 1745 2448 Dei
1769 2392 1890 2449 Filii
1917 2410 2144 2463 genera-

555 2483 760 2537 tionem
791 2485 1029 2539 scribere
1053 2497 1158 2538 non
1187 2498 1246 2538 se
1276 2482 1498 2549 fatetur,
1529 2486 1622 2538 sed
1655 2485 1843 2550 David,
1880 2486 1984 2540 erit
2013 2487 2143 2541 mihi

551 2572 769 2629 interim
797 2576 864 2630 de
895 2575 1060 2631 Maria
1090 2587 1278 2642 natus;
1305 2587 1364 2631 ut
1388 2578 1454 2632 de
1494 2578 1588 2632 Dei
1616 2575 1753 2632 Filio
1776 2587 1984 2633 tantum
2026 2579 2143 2633 ani-

550 2667 880 2733 madvertas,
909 2667 1053 2737 quod
1086 2668 1228 2722 nulla
1257 2668 1311 2722 in
1351 2668 1453 2722 hoc
1483 2677 1632 2723 textu
1674 2669 2043 2740 generationis
2085 2671 2144 2724 ﬁt

551 2759 776 2822 mentio,
809 2759 979 2815 donec
1009 2769 1230 2813 ventum
1260 2758 1331 2814 sit
1358 2760 1423 2814 ad
1459 2759 1748 2829 baptisma.
1786 2757 1894 2812 Vos
1927 2770 2138 2826 autem,

551 2850 758 2920 inquit,
790 2850 993 2906 frustra
1026 2850 1273 2922 ingeritis
1303 2850 1567 2920 Scriptori
1601 2850 1741 2904 hanc
1779 2849 2138 2915 calumniam,

556 2950 814 3012 tanquam
844 2944 937 2998 Dei
968 2943 1164 2998 Filium
1204 2941 1292 2997 ille
1316 2943 1371 2996 in
1398 2951 1556 2997 utero
1577 2941 1821 2996 mulieris
1860 2941 2136 2996 clauserit.

551 3034 703 3102 Quod
725 3035 768 3090 si
795 3036 1094 3105 praesertim
1118 3035 1427 3090 consideres
1447 3033 1776 3103 propositum
1804 3030 1960 3100 hujus
1976 3047 2140 3087 evan-

2252 1860 2455 1920 quanto
2501 1853 2658 1908 nobis
2707 1855 3012 1911 tacentibus
3053 1873 3083 1910 a
3133 1873 3294 1923 vero,
3329 1858 3605 1928 Scriptura
3659 1862 3855 1917 divina

2251 1950 2612 2006 monstrante,
2645 1943 2962 2014 discrepare
2990 1946 3187 2015 ubique
3209 1949 3486 2017 probatur.
3517 1949 3584 2003 Et
3607 1949 3728 2006 ideo
3751 1953 3855 2020 qui

2250 2049 2411 2088 nosse
2440 2035 2668 2090 voluerit
2696 2039 3152 2106 quemadmodum
3194 2038 3480 2096 Matthaeus
3516 2056 3639 2096 eum
3676 2058 3850 2112 quem

2249 2121 2382 2176 dicit
2412 2122 2576 2177 ﬁlium
2603 2123 2770 2178 David
2804 2127 3074 2181 narrando
3103 2143 3274 2198 usque
3312 2130 3379 2184 ad
3414 2132 3718 2200 passionem
3749 2148 3847 2189 re-

2250 2214 2750 2286 surrectionemque
2773 2218 3058 2286 perducat,
3099 2219 3172 2272 ita
3203 2228 3263 2273 ut
3293 2220 3466 2289 ipsum
3499 2238 3662 2276 unum
3684 2239 3850 2279 eum—

2249 2303 2478 2373 demque
2505 2321 2674 2374 usque
2703 2308 2771 2361 ad
2807 2309 2965 2362 ﬁnem
3007 2310 3360 2365 continuatim
3401 2310 3496 2366 Dei
3525 2321 3580 2367 et
3603 2310 3848 2371 hominis

2247 2393 2416 2450 ﬁlium
2445 2397 2712 2466 designet,
2747 2399 2984 2453 intentus
3008 2400 3168 2470 legat,
3201 2411 3256 2456 et
3277 2401 3512 2458 inveniet
3535 2405 3678 2460 hunc
3705 2422 3847 2463 sane

2246 2487 2504 2542 miserum
2536 2489 2815 2556 delirasse,
2842 2503 2898 2546 et
2923 2491 3037 2564 84
3064 2507 3246 2547 coram
3273 2493 3609 2564 simplicibus
3630 2498 3848 2554 vanilo-

2244 2579 2496 2648 quiorum
2553 2565 2775 2635 suorum
2823 2583 3046 2636 nebulas
3095 2586 3415 2654 aspersisse.
3463 2586 3596 2653 Quia
3645 2589 3843 2646 beatus

2244 2671 2595 2741 evangelista,
2633 2673 2734 2726 etsi
2759 2674 2810 2726 in
2834 2675 3099 2744 principio
3125 2692 3231 2731 non
3254 2677 3390 2733 dixit
3414 2697 3426 2732 :
3456 2679 3623 2736 Jacob
3649 2683 3845 2751 genuit

2242 2758 2439 2828 Joseph
2471 2760 2644 2814 virum
2667 2759 2874 2825 Mariae,
2905 2764 2972 2817 de
2991 2779 3096 2834 qua
3122 2774 3281 2821 natus
3302 2776 3388 2822 est
3411 2767 3578 2824 Filius
3598 2771 3713 2835 Dei,
3739 2771 3843 2827 sed

2244 2852 2581 2921 simpliciter,
2613 2853 2730 2908 sine
2759 2855 3146 2922 additamento,
3169 2860 3235 2913 de
3256 2875 3361 2930 qua
3387 2871 3547 2917 natus
3568 2872 3652 2918 est
3676 2863 3843 2920 Chri-

2242 2953 2395 3006 stus;
2433 2945 2565 2998 satis
2598 2955 2776 3000 tamen
2813 2947 2972 3001 datur
3012 2949 3234 3020 intelligi
3278 2952 3402 3020 quia
3448 2953 3623 3023 ipsum
3662 2955 3842 3011 voluit

2241 3035 2538 3101 declarare,
2571 3053 2731 3106 quem
2762 3039 3052 3107 Apostolus
3079 3041 3208 3096 alibi
3235 3058 3303 3097 ex
3334 3043 3540 3099 semine
3581 3046 3773 3112 David,
3804 3063 3840 3103 a

554 3127 780 3198 gelistae,
810 3129 988 3196 potius
1017 3127 1134 3181 vult
1162 3141 1262 3181 nos
1302 3126 1549 3195 accipere
1606 3124 1807 3180 factum
1852 3123 2140 3194 aliquando
2167 3107 2211 3169 (ἶ
2244 3128 2470 3182 mortuis
2517 3132 2880 3186 resurrexisse
2925 3140 3185 3198 testatur,
3217 3142 3273 3188 et
3315 3135 3431 3204 ipse
3468 3137 3726 3191 continuo
3767 3139 3840 3194 de

547 3231 647 3288 per
685 3218 1011 3288 baptismum
1051 3217 1192 3288 apud
1224 3215 1420 3272 ﬂuenta
1450 3214 1702 3271 Jurdanis
1732 3232 1893 3286 quam
1933 3217 1998 3269 de
2029 3213 2140 3269 Ma-

549 3309 631 3363 ria
659 3309 880 3380 Virgine
924 3317 1290 3380 procreatum.
1325 3308 1440 3364 Illic
1465 3308 1612 3363 enim
1649 3308 1778 3363 dicit
1805 3307 2136 3378 baptizatum

546 3416 669 3457 eum
702 3416 731 3455 a
761 3399 987 3466 Joanne,
1021 3417 1179 3472 quem
1209 3401 1378 3455 David
1424 3400 1590 3454 ﬁlium
1634 3399 1703 3452 ab
1746 3399 1971 3454 exordio
1997 3399 2140 3454 desi-

545 3496 752 3566 gnavit,
783 3494 983 3550 factum
1010 3494 1299 3565 aliquando
1323 3494 1519 3549 Filium
1544 3493 1637 3547 Dei
1664 3502 1787 3562 post
1804 3508 1976 3548 annos
2002 3494 2135 3548 dun-

546 3595 717 3653 taxat,
742 3588 1039 3643 secundum
1065 3587 1223 3642 Luca:
1247 3585 1432 3650 ﬁdem,
1449 3583 1616 3639 ferme
1641 3584 1880 3655 triginta.
1907 3583 2006 3638 Ubi
2033 3597 2134 3637 vox

542 3681 720 3736 divina
763 3680 872 3752 83
919 3693 1050 3736 tunc
1087 3681 1324 3750 primum
1368 3679 1436 3733 ad
1478 3693 1601 3732 eum
1649 3677 1869 3747 delapsa
1916 3675 2131 3730 sonuit:

541 3767 715 3825 Filius
746 3787 894 3824 meus
925 3787 978 3824 es
1013 3781 1105 3834 tu,
1145 3786 1238 3838 ego
1277 3767 1431 3821 hodie
1458 3768 1612 3837 genui
1651 3775 1718 3819 te.
1769 3764 1932 3819 Vides
1969 3780 2132 3831 ergo,

543 3861 750 3929 inquit,
785 3861 837 3914 id
867 3861 1008 3929 quod
1056 3869 1242 3913 natum
1278 3867 1362 3912 est
1406 3866 1531 3910 ante
1573 3871 1744 3910 annos
1781 3855 1998 3925 triginta
2044 3856 2136 3925 (ut

543 3951 669 4006 huic
694 3951 941 4022 videtur)
970 3951 1034 4004 de
1059 3949 1248 4012 Maria,
1289 3963 1396 4002 non
1421 3962 1542 4001 esse
1575 3947 1746 4016 ipsum
1778 3944 1972 3999 Filium
2004 3945 2132 4010 Dei,

540 4045 635 4100 sed
664 4045 715 4098 id
751 4044 897 4113 quod
925 4044 991 4098 de
1015 4043 1341 4112 baptismate
1368 4049 1558 4111 postea
1591 4038 1792 4094 factum
1811 4079 1826 4104 ,
1861 4040 2133 4094 hominem

537 4135 789 4191 videlicet
818 4150 1038 4201 novum,
1058 4150 1220 4204 quem
1245 4133 1312 4189 de
1335 4132 1652 4204 gentilitatis
1677 4135 1862 4186 erro‘re
1883 4133 2131 4188 conversi

537 4231 606 4284 ad
632 4230 801 4284 Deum
823 4229 1072 4284 videmur
1098 4229 1352 4293 credere;
1377 4228 1518 4298 quod
1542 4227 1724 4282 nescio
1748 4236 1927 4282 tamen
1948 4237 2130 4283 utrum

537 4321 669 4376 satis
699 4335 823 4376 cum
853 4335 915 4376 ea
946 4320 1051 4376 ﬁde
1080 4319 1266 4386 faciat,
1297 4335 1458 4390 quam
1489 4334 1584 4374 vos
1609 4319 1932 4375 catholicam
1959 4322 2132 4376 nomi-

536 4412 700 4468 natis.
733 4411 845 4478 Sic,
883 4411 1088 4481 inquit,
1133 4410 1386 4465 Matthaeo
1415 4409 1630 4464 interim
1662 4410 1894 4477 videtur,
1928 4411 1972 4466 si
2003 4419 2130 4466 sunt

2243 3216 2448 3288 Spiritu
2477 3230 2664 3275 sancto
2693 3229 3010 3290 conceptum
3033 3238 3097 3277 ac
3120 3235 3305 3278 natum
3332 3241 3397 3280 ex
3420 3225 3588 3281 Maria
3609 3226 3839 3299 Virgine

2243 3306 2365 3361 luce
2393 3308 2596 3362 clarius
2625 3310 2972 3374 manifestat;
3015 3313 3099 3364 cui
3137 3312 3213 3366 rei
3245 3313 3468 3369 adhibet
3503 3314 3645 3370 illico
3674 3318 3836 3372 testi-

2241 3397 2483 3452 monium
2512 3397 2578 3451 de
2607 3397 2874 3467 Propheta
2901 3416 2913 3452 :
2954 3399 3087 3454 Ecce
3125 3403 3268 3472 uirgo
3297 3403 3353 3456 in
3392 3412 3539 3458 utero
3578 3407 3838 3476 concipiet

2239 3499 2287 3544 et
2313 3492 2480 3556 pariet
2502 3490 2690 3559 ﬁlium,
2731 3501 2780 3546 et
2820 3493 3072 3546 uocabunt
3113 3510 3297 3548 nomen
3336 3495 3450 3564 ejus
3479 3495 3834 3565 Emmanuel,

2239 3583 2379 3653 quod
2402 3593 2474 3637 est
2501 3584 2894 3654 interpretatum
2921 3581 3241 3638 :Nobiscum
3259 3583 3398 3638 Deus
3427 3584 3564 3654 (Isa.
3594 3601 3694 3652 vn,
3716 3587 3833 3660 14).

2240 3674 2345 3732 Sed
2379 3677 2466 3731 hic
2491 3677 2681 3731 beatus
2711 3677 3017 3742 Matthaeus,
3047 3678 3152 3731 imo
3173 3691 3269 3747 per
3286 3691 3408 3732 eum
3437 3674 3676 3748 Spiritus
3701 3695 3838 3736 san-

2237 3775 2389 3829 ctus,
2437 3781 2542 3820 non
2585 3766 2759 3820 solum
2794 3767 2881 3820 hic
2910 3765 3017 3821 alio
3045 3766 3161 3820 sine
3190 3765 3588 3832 additamenta,
3636 3783 3834 3826 verum

2236 3859 2399 3912 etiam
2431 3859 2546 3913 sine
2573 3859 2790 3914 nomine
2831 3856 2982 3923 Jesu,
3012 3860 3153 3927 quod
3195 3858 3393 3928 ubique
3419 3857 3649 3930 iungere
3689 3874 3834 3915 con-

2237 3951 2430 4013 suevit,
2463 3950 2696 4018 primum
2729 3950 3075 4020 proposuisse
3101 3950 3362 4004 cernitur.
3401 3947 3538 4016 Quia
3570 3965 3693 4003 mox
3729 3964 3836 4019 per

2238 4043 2484 4114 angelum
2517 4044 2618 4098 hoc
2649 4058 2847 4097 nomen
2889 4040 2964 4095 illi
3009 4038 3348 4095 inferendum
3379 4049 3514 4104 erat,
3544 4050 3601 4095 ut
3626 4039 3834 4110 glorio-

2235 4133 2348 4188 sius
2374 4133 2533 4203 paulo
2559 4143 2680 4203 post
2721 4139 2962 4197 sonaret,
2997 4139 3052 4186 et
3097 4131 3358 4187 divinitus
3384 4146 3580 4186 nomen
3607 4132 3830 4202 accipe-

2234 4237 2338 4294 ret,
2365 4229 2520 4298 quasi
2551 4244 2616 4283 ex
2646 4227 2928 4298 praesagio,
2956 4226 3050 4297 qui
3077 4225 3225 4282 solus
3249 4226 3678 4282 substantialiter
3703 4226 3829 4284 Sal-

2232 4331 2390 4378 vator
2415 4321 2770 4392 prophetatus
2791 4318 2969 4374 fuerat
2995 4334 3025 4373 a
3053 4318 3270 4373 saeculo.
3302 4318 3440 4385 Quid
3465 4319 3626 4388 igitur
3648 4318 3830 4390 majus

2231 4423 2337 4480 est,
2365 4422 2425 4466 ut
2463 4413 2552 4467 hic
2592 4411 2859 4474 asseruit,
2891 4411 3035 4480 quod
3078 4408 3256 4464 factus
3290 4418 3376 4464 est
3401 4409 3572 4465 Filius
3601 4410 3695 4465 Dei
3723 4425 3829 4480 per

534 4501 704 4571 ipsius
733 4502 870 4558 haec.
907 4501 1042 4570 Quia
1068 4515 1172 4556 nec
1207 4502 1258 4555 in
1290 4511 1448 4571 partu
1481 4499 1663 4555 Maria:
1694 4501 1894 4556 dictum
1931 4501 2128 4572 legitur
2156 4489 2205 4549 ο
2230 4505 2580 4575 baptismum,
2603 4501 2818 4571 quando
2847 4501 3048 4555 dictum
3075 4509 3197 4554 est:
3243 4498 3344 4554 llic
3373 4511 3449 4554 est
3475 4498 3649 4554 Filius
3674 4517 3828 4560 meus

533 4593 661 4649 illud
691 4609 720 4647 a
748 4594 882 4660 Deo,
909 4592 1082 4649 Filius
1111 4612 1255 4650 meus
1277 4612 1327 4650 es
1351 4605 1428 4663 tu,
1453 4605 1527 4661 et,
1563 4595 1664 4650 Hic
1683 4604 1757 4650 est
1783 4593 1957 4649 Filius
1978 4612 2125 4650 meus

531 4684 773 4739 dilectus.
804 4705 824 4739 ι
857 4685 996 4741 Ecce
1022 4686 1110 4741 hic
1141 4701 1303 4756 quam
1343 4687 1687 4742 insanissime
1713 4686 1781 4742 de
1807 4685 2023 4741 Christo
2048 4685 2127 4739 lo-

533 4778 718 4846 quitur
750 4786 804 4832 et
851 4777 969 4832 sine
999 4792 1194 4843 sensu,
1223 4777 1297 4834 ita
1333 4787 1394 4833 ut
1431 4778 1592 4834 nullis
1631 4778 1697 4833 ad
1739 4777 2121 4832 revincendum

531 4884 791 4941 egeamus
826 4867 1230 4939 Seripturarum
1262 4871 1627 4936 testimoniis;
1667 4885 1790 4925 cum
1821 4869 2120 4938 prmsertim

536 4960 820 5016 Dominum
847 4971 902 5015 et
931 4959 1290 5027 Salvatorem,
1314 4977 1421 5017 non
1452 4961 1610 5016 unius
1644 4961 1882 5015 auctoris
1905 4969 2122 5015 senten-

535 5053 629 5118 tia,
661 5061 754 5107 aut
796 5055 955 5108 unius
981 5053 1104 5108 libri
1135 5055 1396 5120 assertio,
1439 5054 1532 5108 sed
1559 5053 1735 5108 omnis
1760 5050 1892 5106 Novi
1933 5050 2121 5105 Testa-

536 5144 702 5197 menti
729 5144 920 5209 series,
949 5144 1402 5213 evangelistarum
1430 5142 1679 5197 videlicet
1707 5151 1868 5210 atque
1905 5149 2122 5211 aposto-

531 5232 707 5288 lorum
735 5236 1005 5298 doctrina,
1028 5251 1192 5290 unum
1215 5236 1573 5303 eumdemque
1593 5233 1786 5287 Filium
1812 5232 1905 5285 Dei
1934 5247 2121 5285 secun-

533 5327 659 5380 dum
686 5326 1046 5393 divinitatem,
1076 5336 1131 5381 et
1157 5326 1324 5382 ﬁlium
1357 5326 1523 5381 David
1553 5324 1845 5380 secundum
1871 5335 2110 5386 carnem,

531 5419 728 5489 ubique
771 5421 1053 5475 evidenter
1094 5416 1342 5472 affirmat.
1390 5417 1540 5484 Quod
1592 5418 1662 5470 ita
1709 5416 2002 5485 probamus
2047 5429 2114 5468 ex

533 5511 835 5584 Evangeliis
863 5523 918 5567 et
945 5512 1256 5583 apostolicis
1280 5509 1492 5571 litteris,
1520 5516 1577 5561 ut
1607 5524 1764 5562 nemo
1791 5506 1966 5560 valeat
1987 5522 2116 5561 cou-

479 5666 504 5688 ι
531 5605 822 5668 tradidere,
846 5605 950 5659 nisi
981 5606 1070 5674 qui
1097 5605 1229 5674 ipsis
1255 5600 1575 5657 contradicit
1598 5599 1810 5653 litteris.
1837 5597 1952 5653 Non
1976 5599 2115 5652 sicut

529 5696 632 5754 sibi
679 5697 912 5755 Faustus
957 5696 1264 5768 proposuit,
1313 5694 1498 5751 nescio
1537 5707 1698 5763 quem
1744 5706 1918 5762 pauca
1948 5691 2114 5748 verba

2230 4594 2489 4657 dilectus;
2524 4608 2591 4646 an
2622 4591 2766 4661 quod
2803 4592 2946 4646 idem
2983 4591 3270 4661 Apostolus
3299 4591 3541 4646 divinum
3573 4591 3830 4649 adhibuit

2230 4684 2597 4740 testimonium
2639 4698 2705 4737 ex
2753 4671 3168 4752 Proplieta,'ubi
3195 4683 3309 4753 ipse
3333 4691 3548 4752 partum
3577 4680 3826 4756 Virginis

2225 4793 2324 4851 per
2351 4777 2598 4847 angelum
2626 4775 2926 4846 appellatur
2944 4774 3232 4830 Nobiscum
3253 4775 3394 4830 Deus
3409 4776 3435 4829 .9
3459 4775 3668 4846 Quippe
3688 4777 3824 4847 quia

2225 4873 2326 4928 etsi
2353 4870 2421 4926 de
2451 4868 2588 4925 caelo
2618 4870 2669 4923 in
2701 4869 2990 4938 baptismo,
3027 4878 3122 4922 aut
3145 4877 3294 4923 certe
3315 4868 3370 4922 in
3396 4877 3579 4924 monte
3598 4870 3786 4924 sonuit
3805 4889 3819 4901 -

2223 4962 2326 5018 Hic
2347 4973 2421 5018 est
2446 4959 2620 5015 Filius
2643 4977 2788 5015 meus
2816 4959 3036 5014 dilectus
3063 4959 3120 5013 in
3147 4976 3252 5030 quo
3283 4959 3411 5012 mihi
3440 4958 3566 5014 bene
3591 4959 3825 5030 compla-

2222 5057 2305 5110 cui
2341 5053 2556 5124 (Matth.
2588 5068 2668 5116 ιιι,
2697 5051 2806 5123 17),
2837 5066 2944 5105 non
2975 5058 3156 5104 tamen
3187 5058 3346 5110 antea
3371 5049 3541 5105 Filius
3565 5049 3660 5104 Dei
3705 5065 3821 5106 non

2223 5147 2356 5211 fuit,
2409 5144 2841 5216 quandoquidem
2883 5159 2951 5198 ex
2994 5153 3150 5199 utero
3189 5142 3428 5213 Virginis
3469 5143 3557 5200 ille
3599 5144 3822 5215 accepit

2221 5235 2449 5291 formam
2483 5235 2650 5300 servi,
2677 5235 2786 5304 qui,
2817 5251 2935 5288 cum
2961 5233 3211 5303 informa
3233 5235 3332 5288 Dei
3349 5244 3503 5300 esset,
3535 5250 3639 5289 non
3669 5235 3820 5304 rapi-

2222 5346 2344 5386 nam
2371 5329 2656 5383 arbitratus
2685 5337 2759 5381 est
2782 5344 2890 5381 esse
2914 5345 2968 5382 se
2995 5329 3251 5398 (equalem
3280 5328 3409 5383 Deo.
3440 5328 3516 5384 De
3537 5344 3646 5398 quo
3671 5327 3819 5383 Pau-

2223 5421 2305 5476 lus
2333 5419 2608 5491 apostolus
2635 5417 2973 5489 apertissime
3001 5420 3231 5489 denique
3261 5419 3392 5474 dicit
3413 5436 3425 5448 ο
3468 5417 3602 5472 Cum
3633 5427 3817 5472 autem

2221 5515 2352 5568 venit
2377 5509 2642 5581 plenitudo
2665 5509 2930 5579 temporis,
2954 5509 3093 5563 misit
3123 5508 3265 5563 Deus
3294 5506 3493 5562 Filium
3529 5523 3685 5561 suum
3721 5507 3814 5576 fa-

2221 5613 2358 5657 ctum
2386 5620 2450 5657 ex
2471 5601 2708 5665 muliere,
2731 5605 2929 5670 lactant
2948 5601 3042 5653 sub
3066 5599 3191 5669 lege.
3219 5598 3446 5653 Factum
3473 5607 3654 5654 autem
3681 5613 3818 5655 eum

2221 5709 2288 5751 ex
2318 5693 2562 5759 muliere,
2595 5708 2702 5749 non
2722 5708 2788 5748 ex
2817 5692 3107 5763 baptismo,
3135 5691 3275 5748 sicut
3300 5691 3390 5750 hic
3417 5691 3676 5747 mentitus
3697 5699 3818 5764 est,
