4072 6362
233 275 301 332 97
1091 271 1456 332 EXPOSITIO
1492 272 1560 329 1N
1599 272 2035 332 MATTHA‘JUM.
2075 305 2143 316 —
2183 275 2390 346 LIB._l,
2430 278 2581 336 CAP.
2620 281 2662 337 l.
3423 290 3494 348 98

231 407 372 466 pene
401 391 585 449 omnis
612 389 893 463 Scriptura
935 387 1069 446 Novi
1101 393 1430 448 Testamenti
1467 393 1722 448 declarat.
1748 393 1818 448 Et
1842 399 1892 456 Α
1918 394 2272 464 apertissimis
2299 404 2353 450 et
2379 397 2445 452 de
2475 399 2719 467 proximo
2744 377 3014 457 contextis
3060 403 3173 476 86
3218 409 3491 465 contraria

231 487 477 548 idcirco,
528 484 622 554 qui
667 484 888 538 beatum
929 482 1275 549 Mattbzeum,
1311 483 1453 538 sicut
1481 483 1570 539 hic
1597 492 1823 539 conatur
1925 484 2255 554 loqueretur,
2288 495 2346 541 ut
2373 504 2531 559 quem
2575 491 2780 547 diceret
2822 494 2987 550 David
3017 493 3206 563 ﬁlium,
3233 498 3300 552 de
3326 498 3492 557 Maria

229 575 541 639 contraire,
588 572 736 629 velut
774 573 948 643 ipsum
993 571 1154 641 hujus
1197 573 1473 642 Evangelii
1502 574 1819 644 scriptorem

231 681 346 721 non
375 678 495 720 esse
519 662 783 728 voluerit,
815 670 988 718 restat
1010 671 1069 718 ut
1107 663 1367 721 adversus
1390 680 1606 721 omnem
1635 675 1822 722 aucto-

231 760 451 814 ritatem
489 756 915 812 ecclesiasticam
943 757 1300 820 contradicat,
1333 766 1612 830 etIcontra
1635 759 1818 815 omnia

227 845 646 918 Scripturarum
685 845 884 902 lluenta
910 847 1167 904 divinitus
1195 849 1456 919 inspirata
1492 849 1814 906 obluctetur.

225 937 363 1008 Quia
418 939 602 994 omnis
651 938 846 1010 pagina
893 937 1199 994 litterarum
1244 939 1348 996 hoc
1397 956 1633 996 consona
1685 957 1818 998 voce

219 1029 489 1100 probatur
515 1041 784 1093 asserere,
807 1035 863 1083 et
887 1028 1264 1083 universorum
1291 1029 1446 1095 ﬁdes,
1469 1030 1817 1101 omniumque

219 1117 532 1188 linguarum
570 1118 800 1188 peritia,
837 1133 944 1173 non
972 1118 1119 1172 aliud
1149 1135 1309 1188 quam
1337 1120 1610 1176 Christum
1637 1123 1731 1177 Dei
1759 1133 1816 1178 et

219 1208 463 1264 hominis
487 1207 681 1274 ﬁlium,
711 1218 902 1264 natum
931 1211 998 1265 de
1042 1209 1210 1265 Maria
1251 1227 1318 1266 ex
1366 1214 1572 1268 semine
1610 1214 1812 1281 David,

216 1301 443 1356 credere
465 1311 524 1356 et
550 1300 796 1356 conﬁteri
819 1302 1183 1373 cognoscitur.
1213 1301 1366 1358 Unde
1395 1304 1520 1374 quia
1551 1305 1640 1360 hic
1674 1306 1815 1360 insa-

215 1404 324 1443 nus
350 1389 463 1460 85
492 1390 708 1444 culmen
735 1400 900 1446 tanta:
934 1392 1274 1448 auctoritatis
1307 1394 1620 1449 mentiendo
1647 1410 1815 1452 ausus

215 1487 304 1533 est
335 1479 632 1545 contraire,
652 1479 780 1550 jure
804 1480 1113 1536 eliminatus
1147 1491 1231 1538 est
1258 1499 1382 1538 cum
1419 1485 1533 1540 suis
1558 1487 1813 1544 omnibus

215 1569 292 1624 ab
349 1569 624 1636 Ecclesia,
669 1579 727 1626 et
778 1571 1128 1627 anathemate
1171 1574 1593 1638 condemnatus;
1635 1576 1710 1630 ita
1751 1585 1812 1632 ut

213 1659 368 1713 nulla
399 1675 584 1715 eorum
611 1662 877 1716 memoria
915 1677 1082 1733 super
1113 1673 1311 1718 terram
1347 1664 1674 1728 inveniatur,
1705 1667 1809 1722 nisi

1923 576 2144 650 Virgine
2177 581 2293 636 sine
2325 581 2585 654 cujusque
2637 585 2740 640 viri
2792 589 3079 643 concubitu
3131 601 3445 662 generatum
3474 637 3488 658 ,

1921 667 2161 737 ejusdem
2217 681 2468 739 parentes
2515 675 2775 745 gradatim
2841 693 3132 735 numerans
3207 697 3378 752 usque
3426 687 3494 740 ad

1920 776 2042 815 eum
2119 763 2236 818 sine
2300 765 2510 820 ratione
2576 769 2935 836 perduceret,
2993 787 3154 841 quem
3203 788 3310 828 non
3351 791 3497 830 com-

1919 855 2140 911 mistum
2181 857 2362 913 Mariae
2396 859 2509 930 ipse
2539 859 2803 914 dixisset?
2837 859 2989 916 Nunc
3016 871 3195 917 autem
3230 879 3331 918 nec
3360 865 3494 920 adeo

1918 945 2235 1016 desipimus,
2269 957 2330 1001 ut
2355 949 2477 1003 talia
2509 949 2576 1004 de
2604 949 2852 1005 Mattbaeo
2877 951 3090 1022 penitus
3115 953 3454 1022 suspicemur
3474 992 3490 1020 ,

1918 1052 2020 1093 nec
2047 1039 2181 1093 adeo
2206 1047 2266 1092 ut
2295 1039 2409 1095 haec
2449 1039 2670 1096 alterius
2713 1057 2876 1112 quam
2910 1041 3142 1097 Matthxi
3185 1043 3489 1100 credamus.

1920 1127 2073 1184 Unde
2101 1127 2300 1200 Ioseph
2330 1131 2560 1186 maritus
2605 1130 2784 1186 Mariae
2835 1141 2982 1188 recte
3033 1133 3248 1200 dicitur,
3285 1134 3492 1190 habens

1917 1233 2036 1274 eam
2060 1219 2339 1291 conjugem
2369 1222 2742 1286 continenter,
2776 1238 2881 1278 non
2912 1223 3226 1288 concubitu,
3261 1223 3355 1280 sed
3406 1221 3489 1276 af-

1915 1308 2092 1378 fectu;
2115 1328 2236 1367 .non
2263 1315 2638 1370 commistione
2658 1329 2940 1384 corporum
2959 1355 2976 1380 ,
3005 1315 3099 1370 sed
3127 1315 3488 1385 copulatione,

1915 1401 2059 1471 quod
2089 1411 2168 1456 est
2197 1402 2410 1468 carius,
2440 1403 2764 1458 animorum.
2795 1402 2861 1457 Et
2891 1404 3011 1458 ideo
3051 1413 3364 1458 constanter
3389 1405 3488 1458 de-

1915 1490 2194 1552 struimus,
2237 1491 2456 1545 omnino
2487 1506 2591 1545 non
2626 1491 2874 1547 debuisse
2923 1491 3098 1546 virum
3137 1489 3375 1562 Virginis
3403 1507 3490 1548 se-

1913 1581 2093 1652 parari
2125 1595 2154 1634 a
2189 1581 2330 1636 serie
2359 1591 2648 1651 parentum
2671 1581 2895 1648 Christi,
2923 1589 2980 1637 ut
3005 1597 3102 1652 per
3120 1597 3264 1646 eum,
3296 1598 3489 1638 secun-

1914 1671 2041 1726 dum
2069 1673 2210 1742 quod
2236 1687 2398 1743 supra
2421 1673 2676 1738 diximus,
2702 1674 2852 1744 origo
2875 1672 3483 1730 Mariwmonstraretur.

211 1759 429 1807 tantum
459 1753 604 1822 quod
635 1768 766 1808 suas
789 1768 1034 1809 errorum
1065 1755 1272 1812 naenias
1303 1755 1498 1814 litteris
1527 1761 1811 1815 mandave-
1842 1749 1886 1808 Β
1914 1764 1992 1818 Ac
2023 1779 2120 1833 per
2153 1763 2281 1825 hoc,
2333 1765 2460 1834 quia
2491 1779 2556 1820 ex
2599 1764 2716 1836 lege
2759 1768 3052 1836 cogebatur
3085 1781 3205 1820 eam
3239 1767 3489 1836 accipere

207 1853 360 1898 runt.
393 1841 548 1899 Unde
576 1859 645 1899 ne
669 1844 968 1914 simplicem
997 1860 1289 1916 quemque,
1321 1855 1380 1901 ut
1415 1849 1546 1915 dixi,
1592 1858 1808 1906 moveat

203 1931 472 1989 lectorem
510 1935 855 1990 tenebrarum
883 1937 1055 2007 caligo
1083 1937 1218 1993 alias
1239 1954 1561 2011 quocunque
1591 1941 1803 2010 tliﬁ'usa,

203 2027 525 2083 studuimus
547 2028 861 2094 admodum,
893 2043 1055 2100 prout
1083 2030 1234 2086 locus
1249 2033 1524 2101 poscebat,
1541 2035 1807 2092 versutias

203 2117 325 2172 doli
353 2120 648 2189 prudenter
677 2130 937 2176 annotare
963 2135 979 2174 :
1009 2137 1080 2177 ne
1108 2138 1206 2193 per
1236 2123 1563 2193 imperitiam
1594 2127 1802 2183 tardio-

205 2223 312 2264 res
340 2209 582 2264 involvat
611 2211 825 2282 ingenii,
853 2219 911 2268 et
954 2213 1254 2270 mendaciis
1295 2215 1575 2271 obnubilet
1606 2219 1806 2274 verita-

205 2308 351 2355 tem.
386 2301 480 2356 Ait
528 2303 711 2374 itaque
743 2304 880 2360 inter
903 2313 1098 2360 caetera
1129 2306 1308 2362 adhuc
1334 2309 1529 2363 veneni
1579 2310 1661 2365 sui
1697 2309 1803 2366 fal-

197 2389 351 2445 lacia
387 2408 403 2444 :
433 2410 452 2442 ‹
489 2391 645 2459 Quod
674 2409 775 2449 nec
800 2395 914 2465 ipse
940 2394 1190 2452 Christus
1209 2412 1372 2467 quem
1401 2397 1564 2454 Maria
1593 2403 1805 2471 peperit

199 2482 418 2552 (tamen
461 2481 508 2536 si
555 2483 696 2538 ullus
723 2483 846 2556 fuit)
871 2494 1019 2541 recte
1069 2485 1238 2542 David
1285 2487 1426 2543 ﬁlius
1463 2491 1798 2559 appelletur,

195 2573 312 2629 nisi
350 2583 564 2630 constet
591 2591 714 2631 eum
743 2577 965 2634 omnino
989 2594 1056 2635 ex
1085 2578 1285 2651 Ioseph
1323 2581 1531 2636 semine
1553 2597 1675 2637 esse
1701 2598 1798 2638 na-

193 2673 342 2720 tum.
373 2666 527 2734 Quod
553 2668 703 2738 quia,
737 2668 930 2740 inquit,
971 2671 1204 2742 negatis,
1249 2671 1377 2726 illud
1414 2673 1580 2728 etiam
1627 2673 1800 2730 faten-

197 2755 335 2812 dum
366 2766 472 2822 est,
517 2773 619 2815 nec
647 2760 866 2829 quidem
905 2761 1022 2831 ipse
1063 2777 1186 2818 esse
1226 2762 1394 2818 David
1439 2763 1632 2821 ﬁlium.
1659 2764 1798 2832 Quia

195 2847 465 2904 nimirum
522 2851 803 2919 generatio
831 2891 847 2916 ,
886 2867 1006 2922 qua:
1050 2851 1120 2906 ab
1168 2853 1443 2908 Abraham
1514 2871 1683 2926 usque
1727 2855 1798 2912 ad

198 2935 403 3002 David,
438 2946 496 2994 et
542 2954 573 2992 a
616 2937 790 2994 David
822 2955 992 3011 usque
1037 2942 1105 2996 ad
1135 2940 1355 3012 Ioseph,
1391 2943 1694 3009 deducitur,
1740 2952 1797 3000 et

195 3042 305 3099 per
348 3043 544 3085 omnes
577 3028 930 3086 Hebraeorum
958 3030 1150 3086 Patres
1178 3033 1245 3087 ad
1265 3047 1389 3086 eum
1412 3047 1583 3103 usque
1610 3034 1794 3105 dirigi-

1912 1862 1972 1907 ut
2001 1853 2356 1939 propinquam
2377 1894 2392 1919 ,
2421 1863 2635 1910 constat
2675 1854 2847 1925 magis
2873 1870 2994 1909 eam
3023 1856 3088 1909 de
3113 1855 3281 1926 stirpe
3318 1855 3488 1911 David

1908 1942 2124 2008 venire,
2161 1941 2419 2016 excujus
2467 1945 2674 2015 origine
2721 1943 2921 2015 Ioseph
2961 1945 3302 2001 descendisse
3331 1959 3488 2000 nemo

1908 2038 1991 2084 est
2016 2031 2106 2100 qui
2138 2032 2396 2101 ambigat.
2428 2030 2646 2088 Talibus
2672 2048 2818 2104 ergo,
2852 2041 2906 2087 et
2931 2033 3049 2088 aliis
3077 2033 3487 2104 quamplurimis

1907 2117 2218 2174 declaratur
2249 2119 2482 2184 indiciis,
2516 2120 2738 2174 Mariam
2762 2120 2996 2191 aliquam
3019 2137 3086 2177 ex
3109 2121 3278 2178 David
3301 2123 3484 2180 carnis

1905 2212 2252 2282 propaginem
2289 2212 2566 2282 sanguinis
2586 2211 2824 2278 duxisse,
2854 2222 2914 2266 ut
2943 2227 3070 2268 caro
3092 2213 3294 2269 Christi
3319 2215 3484 2269 etiam

1904 2316 1973 2357 ex
2002 2304 2220 2374 Virgine
2263 2315 2568 2374 procreata,
2601 2305 2718 2360 sine
2765 2305 2930 2360 dubio
2981 2305 3243 2374 originem
3290 2307 3356 2362 de
3399 2321 3486 2362 se-

1905 2392 2052 2447 mine
2089 2392 2258 2447 David
2295 2394 2515 2449 duxisse
2557 2394 2759 2464 pariter
2784 2380 3125 2466 prdbaretur.
3153 2395 3290 2463 Quid
3318 2397 3486 2468 igitur

1904 2483 2234 2537 contrarium
2261 2484 2474 2538 videtur
2507 2483 2650 2549 ﬁdei,
2682 2500 2805 2539 cum
2849 2501 2988 2540 unus
3015 2486 3264 2556 idemque
3292 2501 3484 2541 narra-

1903 2579 1989 2627 tor
2014 2581 2300 2642 utrumque
2325 2573 2491 2638 dicat,
2522 2583 2811 2644 utrumque
2838 2575 3200 2640 commendet,
3222 2585 3278 2631 et
3305 2576 3487 2634 virum

1903 2661 2088 2718 Marize
2115 2661 2339 2732 Ioseph,
2365 2671 2421 2718 et
2448 2663 2723 2738 Virginem
2745 2664 2946 2719 Christi
2975 2674 3227 2730 matrem,
3255 2664 3483 2720 etChri-

1901 2759 2046 2807 stum
2085 2766 2152 2806 ex
2181 2751 2386 2807 semine
2421 2752 2586 2807 David
2609 2792 2624 2816 ,
2663 2761 2718 2808 et
2764 2751 2962 2824 Ioseph
3013 2754 3067 2809 in
3105 2755 3247 2810 serie
3278 2770 3478 2827 propa-

1899 2852 2143 2914 gatorem
2177 2841 2378 2898 Christi
2424 2859 2494 2899 ex
2542 2844 2707 2899 David
2759 2844 3010 2914 origine?
3054 2844 3308 2917 Nunquid
3370 2860 3480 2904 non

1899 2933 2073 3004 magis
2115 2933 2374 2988 convenit
2400 2936 2625 2990 credere
2661 2934 2954 3006 Evangelia
2991 2949 3152 3005 quam
3200 2935 3481 2992 haeretico-

1901 3040 2020 3079 rum
2055 3023 2288 3079 fabulis?
2317 3023 2470 3080 Unde
2497 3040 2618 3090 nos,
2658 3025 2784 3096 quia
2813 3023 3108 3095 Scripturis
3131 3028 3337 3082 sanctis
3361 3042 3482 3082 cre-

197 3127 313 3185 tur,
349 3118 556 3175 Christi
601 3119 719 3175 fore
748 3121 1008 3176 continuo
1046 3123 1345 3194 denegatur
1375 3137 1390 3177 :
1418 3099 1636 3194 ex—quo
1668 3099 1797 3195 quia
1822 3099 1868 3162 (ἶ
1898 3116 2076 3172 dimus
2100 3131 2220 3186 quae
2245 3124 2535 3187 utrumque
2555 3116 2760 3182 dicunt.
2791 3124 2848 3172 et
2883 3116 3160 3173 Christum
3181 3133 3245 3173 ex
3273 3118 3479 3174 semine

192 3208 363 3266 Iesus
390 3220 683 3281 conceptus
713 3227 823 3267 non
851 3221 957 3278 est,
990 3220 1050 3266 ut
1076 3212 1300 3284 legitur,
1330 3229 1430 3268 nec
1455 3213 1598 3271 ﬁlius
1625 3215 1794 3272 David

196 3305 396 3374 utique
450 3313 514 3358 ut
561 3304 811 3360 astruitis
865 3304 1158 3360 invenitur.
1213 3303 1348 3360 Nam
1404 3321 1506 3362 nec
1556 3307 1795 3379 Virginis

196 3394 376 3466 ipsius
417 3395 572 3467 origo
602 3410 668 3450 ex
700 3395 803 3451 hac
844 3395 990 3450 tribu
1036 3395 1204 3451 fuisse
1259 3404 1617 3464 monstratur,
1648 3399 1794 3454 unde

196 3483 373 3540 David
397 3493 612 3540 constat
645 3485 920 3541 exstitisse
954 3503 968 3539 :
1011 3487 1106 3542 sed
1139 3500 1207 3541 ex
1234 3487 1376 3542 tribu
1411 3485 1569 3554 Levi,
1592 3491 1658 3544 de
1685 3505 1793 3560 qua

197 3577 516 3634 sacerdotes
565 3580 787 3634 omnino
831 3577 1002 3634 fuere.
1035 3577 1189 3646 Quod
1212 3580 1429 3650 quidem
1459 3580 1637 3650 palam
1663 3590 1746 3636 est
1771 3620 1792 3650 ,

197 3685 266 3726 eo
299 3671 444 3740 quod
483 3672 669 3726 eadem
697 3679 908 3742 patrem
942 3671 1194 3726 habuerit
1226 3673 1564 3727 sacerdotem
1604 3687 1794 3741 quem-

195 3765 328 3821 dam
359 3765 580 3819 nomine
605 3761 875 3820 Ioachim.
908 3763 1192 3833 Quomodo
1218 3778 1350 3835 ergo
1369 3765 1436 3818 ad
1461 3765 1604 3818 hanc
1635 3765 1792 3820 Davi-

197 3857 339 3914 dlcte
373 3857 710 3927 cognationis
734 3858 1045 3929 prosapiam
1072 3857 1240 3912 Maria
1265 3857 1540 3927 pertinere
1574 3857 1786 3922 dicitur,

195 3949 254 4004 in
311 3964 425 4020 qua
455 3964 572 4004 eam
607 3964 711 4005 nec
740 3957 950 4020 patrem
1001 3949 1203 4004 habere
1235 3947 1422 4002 videas
1466 3963 1568 4003 nec
1619 3948 1791 4003 mari-

196 4043 358 4100 tum?
385 4063 405 4095 ι
437 4041 567 4100 Iure
597 4044 783 4114 itaque
835 4043 1017 4100 nescio
1045 4057 1112 4097 ex
1153 4057 1259 4112 quo
1300 4043 1613 4112 apocrypbo
1654 4041 1792 4097 libro

194 4135 292 4190 hic
339 4134 444 4188 sibi
487 4133 745 4189 falsitatis
790 4135 1050 4206 magister
1097 4133 1472 4188 auctoritatem
1511 4132 1789 4200 vindicat,

193 4223 292 4296 qui
330 4224 616 4279 veritatem
648 4223 924 4291 Evangelii
956 4222 1272 4278 reluctando
1308 4223 1649 4278 contradicit.
1683 4222 1792 4278 Sed

191 4316 328 4388 quia
377 4316 444 4371 de
474 4316 579 4370 hoc
613 4313 750 4385 jam,
791 4323 848 4370 ut
905 4315 1160 4378 diximus,
1215 4322 1473 4382 quantum
1519 4314 1586 4368 ad
1629 4313 1790 4368 ﬁdem

189 4408 372 4480 possit
399 4406 672 4473 sullicere,
695 4406 858 4463 locuti
884 4422 1073 4462 sumus
1099 4422 1112 4459 :
1141 4405 1384 4461 strictius
1427 4413 1604 4460 tamen
1631 4407 1790 4462 modo

186 4493 471 4575 agendum
499 4511 602 4567 est,
627 4510 898 4573 quatenus
945 4501 1073 4555 hinc
1111 4499 1284 4568 magis
1331 4506 1515 4568 pateat
1542 4498 1746 4553 veritas
1768 4538 1784 4562 ,

193 4604 248 4651 et
288 4608 363 4649 ne
407 4592 597 4648 lectori
641 4591 920 4646 fastidium
947 4605 1288 4660 generemus.
1323 4587 1628 4644 Praesertim
1661 4605 1784 4644 cum

193 4684 310 4742 haec
331 4683 760 4740 Manichmorum
789 4680 1158 4738 controversia
1206 4680 1280 4734 ita
1307 4679 1550 4735 omnium
1573 4693 1787 4734 sancto-

198 4792 318 4832 rum
371 4775 600 4832 Patrum
650 4775 724 4830 sit
765 4783 970 4830 aeterno
1004 4773 1352 4828 anathemate
1374 4769 1686 4842 praafocata,
1731 4780 1786 4826 et

195 4884 390 4925 somno
421 4868 624 4923 silentii
654 4868 952 4938 consopita,
993 4873 1052 4920 ut
1081 4865 1134 4920 in
1169 4874 1486 4936 perpetuum
1518 4880 1782 4935 nusquam

193 4963 458 5018 credatur
508 4974 811 5030 resurgere,
859 4971 1035 5028 neque
1068 4958 1324 5026 deinceps
1366 4956 1421 5010 in
1449 4955 1632 5026 aliquo
1673 4957 1786 5026 jam

193 5053 432 5110 ulterius
458 5051 747 5123 pullulare.
775 5049 962 5120 Neque
989 5049 1135 5105 enim
1171 5039 1393 5117 Ioseph,
1432 5047 1558 5117 quia
1589 5062 1790 5102 concu-

195 5141 312 5200 bitu
343 5157 457 5199 non
489 5142 802 5212 permistus,
836 5140 957 5195 ideo
984 5137 1086 5193 fuit
1113 5152 1220 5193 non
1252 5136 1504 5202 maritus,
1529 5151 1650 5192 cum
1675 5137 1791 5208 ipse

194 5245 422 5293 sanctus
472 5232 804 5304 evangelista
845 5246 971 5286 mox
1009 5237 1197 5285 narret
1235 5227 1304 5283 ab
1339 5225 1529 5298 angelo
1563 5225 1788 5281 Mariam

196 5327 484 5398 conjugem
524 5323 696 5395 ipsius
733 5321 1089 5393 appellatam;
1119 5320 1212 5390 qui
1244 5325 1432 5373 narrat
1463 5317 1626 5372 etiam
1677 5332 1784 5372 non

197 5417 264 5472 de
319 5417 495 5487 ipsius
551 5413 863 5477 concubitu,
905 5411 1000 5467 sed
1053 5410 1119 5465 de
1173 5407 1378 5479 Spiritu
1430 5415 1618 5463 sancto
1662 5422 1782 5462 eam

197 5508 533 5578 concepisse.
581 5504 736 5573 Quod
775 5503 820 5558 si
865 5519 972 5558 non
1017 5500 1300 5556 Matthteus
1343 5498 1444 5554 ista
1473 5513 1600 5553 vera
1626 5539 1641 5561 ,
1690 5498 1786 5552 sed

198 5601 384 5656 nescio
436 5601 563 5672 quis
613 5597 776 5663 alius,
829 5595 928 5652 sub
954 5594 1074 5666 ejus
1105 5595 1342 5659 nomine,
1369 5593 1510 5649 sicut
1537 5601 1784 5663 putatum

196 5702 301 5761 est,
331 5693 468 5750 falsa
496 5691 896 5758 conscriberet,
925 5689 1071 5746 itane
1093 5688 1196 5744 sibi
1219 5687 1382 5743 etiam
1413 5687 1527 5759 ipse
1547 5686 1600 5741 in
1623 5686 1784 5743 rebus

1896 3207 2068 3264 David
2119 3207 2413 3263 secundum
2454 3223 2706 3274 carnem,
2729 3217 2786 3264 et
2815 3209 2934 3279 ejus
2976 3219 3204 3266 matrem
3226 3209 3476 3275 Mariam,

1895 3314 2004 3356 non
2049 3299 2458 3354 concumbendo
2483 3339 2498 3365 ,
2546 3299 2640 3354 sed
2691 3299 2988 3370 virginem,
3029 3299 3272 3370 profecto
3311 3301 3475 3357 etiam

1896 3405 2002 3444 non
2034 3389 2214 3443 minus
2253 3387 2558 3460 colligimus
2597 3389 2844 3460 exempla
2872 3389 3175 3445 divmarum
3225 3387 3474 3460 Scriptu-

1894 3493 2102 3542 rarum,
2142 3477 2338 3548 quibus
2377 3479 2679 3533 evidentius
2705 3478 2876 3548 possit
2901 3479 3073 3533 astrui
3105 3479 3249 3549 quod
3276 3480 3476 3548 ubique

1893 3568 2031 3624 ﬁdes
2071 3569 2394 3624 universalis
2420 3569 2676 3624 Ecclesia:
2713 3569 3002 3624 conﬁtetur
3040 3577 3098 3624 et
3136 3570 3328 3626 credit.
3358 3569 3472 3625 lloe

1892 3661 2036 3717 enim
2085 3661 2468 3730 prophetarum
2511 3659 2730 3715 oracula
2779 3660 3093 3726 concinunt,
3145 3660 3249 3716 hoc
3308 3661 3474 3718 Vetus

1896 3753 2305 3810 Testamentum
2343 3752 2528 3808 multis
2575 3753 2868 3824 ﬁgurarum
2913 3761 3142 3809 testatur
3176 3755 3477 3826 aenigmati-

1892 3845 2014 3910 bus,
2066 3845 2170 3899 hoc
2195 3844 2436 3898 omnium
2467 3843 2836 3914 apostolorum
2869 3845 3114 3900 doctrina
3148 3845 3472 3912 conﬁrmat,

1891 3935 1995 3990 hoc
2047 3950 2178 3990 sane
2223 3936 2388 3990 etiam
2434 3933 2750 4006 angelorum
2802 3949 2964 3991 voces
3016 3936 3321 4002 enuntiant,
3368 3937 3474 3993 hoc

1890 4027 2072 4083 omnia
2098 4028 2367 4083 elementa
2400 4036 2691 4093 testantur,
2730 4027 2832 4084 hoc
2867 4037 3099 4098 quatuor
3124 4030 3212 4085 isti
3241 4045 3470 4102 evange-

1891 4117 2030 4173 listte
2071 4119 2271 4190 ubique
2319 4118 2524 4186 Spiritu
2554 4126 2742 4174 sancto
2771 4119 2959 4188 repleti
2985 4120 3296 4189 przetlicant.
3324 4120 3472 4177 Inter

1891 4224 2124 4278 quorum
2153 4209 2574 4278 praedicamenta
2601 4210 2878 4276 virtutum,
2903 4211 3064 4264 etiam
3089 4211 3469 4280 quamplurimi

1892 4297 1960 4352 de
2007 4298 2163 4367 plebe
2192 4298 2266 4352 ita
2302 4299 2535 4354 sensisse
2561 4307 2872 4353 narrantur.
2903 4299 3038 4367 Quia
3063 4308 3190 4356 tunc
3214 4302 3472 4372 temporis

1889 4390 2142 4445 omnibus
2178 4387 2523 4444 manifestum
2567 4396 2688 4444 erat
2727 4389 2868 4445 scire
2922 4388 3145 4444 Mariam
3184 4390 3252 4445 de
3301 4391 3472 4448 David

1891 4481 2103 4551 origine
2145 4481 2508 4537 descendisse.
2549 4477 2703 4546 Quod
2744 4488 2927 4534 autem
2963 4479 3051 4534 hic
3073 4481 3323 4546 asseruit,
3347 4497 3470 4538 eam

1892 4584 2101 4644 patrem
2117 4575 2226 4645 87
2248 4573 2502 4630 habuisse
2522 4589 2589 4629 ex
2610 4573 2754 4628 tribu
2775 4572 2906 4628 Levi
2929 4572 3264 4628 sacerdotem
3289 4588 3472 4643 quem-

1893 4669 2016 4723 dam
2070 4666 2287 4720 nomine
2337 4664 2614 4730 Ioacbim,
2664 4680 2764 4720 nec
2812 4679 2912 4719 nos
2959 4664 3290 4734 recipimus,
3342 4667 3469 4736 quia

1893 4757 2213 4814 canonicum
2240 4771 2348 4811 non
2377 4762 2491 4820 est,
2525 4771 2626 4810 nec
2652 4771 2751 4810 nos
2773 4763 2951 4824 potest
2972 4770 3210 4821 movere,
3237 4771 3304 4812 eo
3325 4757 3470 4826 quod

1893 4852 2036 4924 apud
2061 4850 2382 4906 catholicam
2422 4849 2761 4919 disciplinam
2805 4848 2892 4903 illa
2940 4849 3210 4920 scriptura
3263 4849 3469 4904 nullum

1893 4944 2090 4998 haheat
2117 4939 2325 5012 pondus
2366 4939 2724 4994 auctoritatis.
2759 4937 2866 4994 Sed
2902 4939 3067 4993 etiam
3094 4938 3139 4993 si
3163 4939 3265 4993 hoc
3283 4937 3469 4992 crede-

1891 5046 2114 5096 remus,
2163 5032 2336 5101 ipsum
2392 5031 2572 5101 potius
2627 5026 2872 5084 Ioachim
2930 5027 3235 5084 diceremus
3287 5026 3468 5094 aliquo

1891 5124 2053 5180 modo
2095 5122 2162 5178 ad
2209 5122 2380 5177 David
2436 5121 2752 5192 sanguinem
2799 5121 3148 5192 pertinuisse,
3184 5127 3239 5174 et
3287 5118 3468 5188 aliquo

1891 5220 2052 5274 modo
2101 5231 2168 5272 ex
2217 5215 2362 5271 tribu
2410 5214 2568 5280 Iuda,
2609 5215 2664 5268 in
2697 5214 2836 5269 tribu
2875 5213 3005 5268 Levi
3041 5212 3352 5281 adoptatum
3381 5209 3468 5266 vel

1895 5312 2068 5382 ipsum
2094 5349 2110 5375 ,
2145 5307 2231 5362 vel
2279 5305 2395 5376 ejus
2438 5305 2674 5375 aliquem
2700 5305 3098 5375 progenitorem
3139 5299 3336 5366 fuisse;
3381 5299 3468 5357 vel

1894 5410 2040 5458 certe
2080 5401 2134 5455 in
2179 5399 2322 5454 tribu
2361 5397 2490 5452 Levi
2538 5399 2610 5452 ita
2655 5405 2870 5460 natum,
2899 5402 2955 5447 ut
2992 5393 3058 5446 de
3090 5391 3257 5460 stirpe
3296 5389 3469 5447 David

1893 5497 2129 5566 aliquam
2151 5491 2672 5562 consanguinitatem
2697 5489 2936 5550 duceret,
2963 5485 3043 5540 sic
3067 5483 3183 5538 ﬁeri
3203 5486 3464 5557 potuisse,

1893 5597 1952 5645 ut
1979 5588 2117 5642 idem
2147 5583 2475 5658 sycophanta
2524 5580 2723 5635 fatetur
2752 5617 2768 5642 ,
2816 5575 3040 5631 Mariam
3075 5576 3142 5632 de
3169 5579 3314 5633 tribu
3341 5576 3466 5632 Levi

1895 5682 2082 5744 fuisse,
2109 5693 2271 5752 quam
2302 5685 2480 5732 tamen
2503 5677 2712 5728 constat
2742 5668 2857 5724 viro
2883 5667 3158 5733 traditam,
3183 5667 3275 5738 qui
3301 5665 3469 5724 fuerit
