4032 6358
582 314 655 377 99
1392 307 1449 361 S.
1490 300 1850 360 PASCHASII
1887 296 2234 354 RADBERTI
2271 294 2565 352 ABBATIS
2602 289 3054 351 CORBEIENSIS
3120 340 3127 348 .

3752 281 3859 349 {00

584 428 651 486 de
678 427 846 497 stirpe
873 424 1064 489 David,
1088 422 1142 477 id
1169 432 1270 485 est,
1294 422 1359 477 de
1389 422 1530 475 tribu
1561 418 1718 484 Iuda,
1747 428 1801 471 et
1824 418 2051 472 dicimus
2078 415 2160 470 vel
2190 418 2238 477 Α
2264 425 2467 469 ctore'n
2499 414 2685 476 alium,
2714 410 2918 464 nullum
2946 406 3285 464 admittimus
3308 398 3677 471 mendacium,
3699 408 3856 466 nulla

584 520 659 577 ita
694 520 937 590 potuisse
981 515 1173 584 accipi,
1223 513 1497 568 Christum
1553 512 1722 567 ﬁlium
1774 510 1943 563 David
1978 502 2197 563 fuisse.‘

583 612 718 666 Nam
762 609 863 665 etsi
906 616 1082 662 mater
1123 606 1265 659 illius
1299 604 1568 667 Ioachim,
1617 619 1778 673 quem
1818 612 2033 673 patrem
2055 600 2167 655 Ma-

583 703 677 756 riae
701 705 1093 756 commemorat
1143 698 1207 751 de
1253 696 1396 750 tribu
1443 694 1576 750 Iuda
1630 704 1685 749 et
1732 709 1926 764 genere
1956 693 2161 756 David,

580 791 765 860 nupsit
792 791 845 843 in
879 790 1015 842 tribu
1039 787 1309 850 Levi,non
1338 786 1611 840 immerito
1635 783 1879 840 Ioacbim
1912 794 1965 839 ct
1999 784 2164 839 Maria

584 888 639 933 et
668 880 810 934 filius
838 878 1020 932 Marias
1047 879 1211 931 etiam
1244 876 1322 931 sic
1350 891 1417 930 ex
1455 876 1625 929 David
1668 877 1874 931 semine
1900 876 2166 931 veraciter

580 969 956 1039 perhibentur.
1012 966 1125 1022 Hoc
1154 981 1282 1038 ergo
1309 967 1510 1036 potius,
1539 966 1624 1021 vel
1660 966 1765 1021 tale
1801 967 2000 1037 aliquid
2042 981 2164 1020 cre-

580 1060 811 1114 dendum
837 1068 977 1123 erat,
1004 1057 1051 1113 si
1090 1058 1234 1113 illius
1260 1059 1581 1129 apocrypbae
1613 1058 1895 1126 scriptura:
1925 1057 2163 1111 auctori-

581 1159 727 1217 tate,
784 1150 876 1205 ubi
912 1147 1163 1203 Ioachim
1195 1157 1350 1218 pater
1393 1147 1574 1202 Mariae
1608 1148 1825 1218 legitur,
1860 1155 2164 1202 coarctare-

578 1255 723 1306 mur,
763 1255 923 1311 quam
974 1238 1191 1294 mentiri
1240 1238 1627 1309 Evangelium,
1680 1239 1732 1292 iu
1765 1252 1873 1306 quo
1902 1238 2164 1307 scriptum

577 1340 662 1387 est
697 1331 879 1386 Iesum
917 1330 1193 1386 Christum
1225 1327 1559 1384 Salvatorem
1589 1337 1832 1383 nostrum
1865 1329 2163 1383 secundum

581 1436 803 1477 carnem
851 1436 917 1477 ex
962 1421 1169 1475 semine
1206 1419 1372 1473 David
1415 1430 1774 1489 procreatum.
1808 1419 1887 1473 Ex
1912 1434 2020 1488 quo
2042 1434 2163 1489 pro-

578 1510 720 1567 fecto
767 1510 936 1580 liquet
973 1510 1098 1579 quia
1155 1508 1363 1564 falsitas
1402 1509 1691 1564 veritatem
1723 1524 1831 1563 non
1871 1509 2066 1578 quaerit
2104 1508 2161 1562 in

579 1600 968 1654 testimonium.
999 1598 1113 1654 lmo
1139 1599 1300 1653 dubia
1331 1606 1424 1652 aut
1468 1606 1619 1653 certe
1667 1598 1769 1653 sibi
1804 1600 2063 1653 mendosa
2094 1599 2162 1654 ad

579 1693 927 1746 muniendum
955 1706 1194 1746 errorem
1224 1692 1419 1761 ‘quzerit
1443 1708 1458 1756 ;
1487 1691 1611 1761 quia
1639 1691 1871 1745 veritate
1896 1699 2161 1763 praesente

2268 508 2578 564 seducimur
2602 504 2864 573 falsitate;
2894 503 2987 555 sed
3013 501 3286 555 credimus
3314 507 3369 555 et
3393 500 3719 556 confitemur
3748 503 3861 560 hoc

2269 599 2411 668 quod
2472 597 2645 651 credit
2684 592 3002 648 universalis
3049 590 3325 655 Ecclesia,
3367 605 3489 660 quae
3524 605 3582 647 se
3633 592 3859 651 laetatur

2264 689 2468 758 ubique
2512 687 2567 741 in
2612 700 2829 741 omnem
2862 683 3144 737 veritatem
3176 682 3387 735 venisse
3414 722 3428 745 ,
3465 690 3522 737 et
3575 685 3858 741 tramitem

2262 779 2390 834 fidei
2451 778 2703 849 puritatis
2765 772 3025 829 indeflexe
3072 774 3139 827 ad
3185 772 3346 827 finem
3394 788 3564 843 usque
3607 790 3855 835 servare.

2266 869 2579 937 Sufﬁciebat
2630 883 2759 938 ergo
2788 866 2944 922 nobis
2973 865 3116 934 quod
3150 863 3446 933 Scriptura:
3466 906 3481 931 ,
3513 881 3634 937 quae
3663 869 3859 925 dicunt
3889 863 3896 887 ί

2266 960 2546 1015 Christum
2596 974 2663 1013 ex
2710 959 2915 1013 semine
2948 956 3115 1011 David
3154 953 3343 1021 fuisse,
3392 964 3448 1011 et
3499 958 3697 1026 quibus
3733 975 3861 1016 cre-

2262 1051 2465 1113 dimus,
2500 1049 2644 1103 nulla
2689 1054 2918 1118 possunt
2943 1060 3181 1115 unquam
3218 1045 3287 1099 ab
3333 1045 3568 1101 inimicis
3616 1046 3862 1106 falsitate

2264 1142 2536 1205 convinci,
2564 1142 2668 1195 etsi
2710 1142 2888 1194 minus
2937 1140 3298 1210 potuissemus
3339 1140 3391 1193 id
3434 1141 3575 1209 quod
3623 1142 3865 1201 dicimus

2263 1234 2575 1304 expressius
2603 1232 2656 1286 in
2683 1232 2888 1286 eisdem
2928 1231 3125 1286 litteris
3152 1231 3510 1300 signiﬁcatum
3538 1236 3855 1292 ostendere.

2264 1326 2418 1380 Nunc
2470 1332 2677 1390 autem,
2732 1324 2858 1394 quia
2910 1324 3024 1392 ipsa
3078 1322 3356 1394 Scriptura
3422 1325 3601 1381 divina
3650 1342 3752 1398 per
3797 1336 3861 1387 se

2260 1418 2463 1487 ubique
2518 1415 2791 1471 Christum
2844 1424 3078 1471 testatur
3118 1430 3185 1469 ex
3243 1415 3413 1470 David
3460 1418 3670 1473 semine
3734 1417 3859 1476 fore

2260 1516 2473 1571 natum,
2504 1516 2559 1560 ct
2596 1506 2651 1560 in
2684 1506 2885 1562 eisdem
2932 1506 3130 1562 litteris
3156 1506 3491 1562 locutionum
3518 1508 3735 1566 indiciis
3763 1513 3861 1566 de-

2261 1598 2648 1673 prehendimus
2691 1598 2995 1652 evidentius
3041 1598 3095 1652 id
3154 1612 3505 1667 expressum,
3563 1612 3856 1660 teneamus

2262 1689 2571 1745 clarissimo
2602 1690 2852 1743 eumdem
2890 1697 3052 1757 atque
3082 1687 3379 1744 fortissimo
3412 1689 3738 1747 documento
3763 1693 3861 1749 de-

578 1783 785 1837 falsitas
809 1782 951 1837 illico
978 1789 1283 1851 superatur.
1300 1782 1569 1851 Alioquin,
1600 1782 1707 1836 nisi
1728 1781 2009 1835 veritatem
2034 1782 2164 1837 sub-
2192 1784 2241 1844 B
2266 1781 2560 1852 signatum,
2599 1794 2760 1849 quem
2800 1780 3033 1850 legimus
3079 1781 3279 1849 ubique
3322 1780 3377 1834 in
3423 1781 3607 1837 Veteri
3664 1782 3860 1841 Testa-

576 1872 834 1944 terfugiat
862 1914 878 1939 ,
922 1871 1102 1927 locum
1154 1872 1447 1941 mentiendi
1488 1871 1688 1926 habere
1715 1887 1821 1925 non
1850 1878 2046 1941 potest.
2095 1870 2163 1925 Et

576 1963 697 2020 ideo
733 1965 1001 2029 Faustus,
1048 1978 1172 2019 cum
1207 1971 1355 2017 esset
1393 1962 1652 2032 deceptus
1680 1962 1749 2016 ab
1775 1976 1841 2018 eo
1863 1964 1953 2032 qui
1982 1963 2034 2016 in
2065 1977 2160 2018 ve-

581 2056 745 2111 ritate
794 2071 903 2113 nou
953 2063 1104 2120 stat,
1152 2054 1327 2108 lucem
1354 2054 1597 2108 veritatis
1634 2054 1777 2108 ferre
1822 2068 1929 2108 non
1974 2053 2161 2109 valens

580 2147 735 2202 ﬁnxit
769 2148 869 2202 sibi
898 2146 1145 2201 veritatis
1190 2143 1540 2215 Evangelium
1564 2184 1579 2209 ,
1625 2160 1689 2199 ac
1718 2145 1764 2199 si
1792 2144 1985 2199 falsum
2014 2153 2158 2199 esset

575 2243 633 2290 et
660 2235 1029 2306 apocryphum
1059 2233 1210 2299 illud,
1263 2233 1409 2288 velut
1463 2247 1676 2298 verum,
1726 2234 1829 2288 sibi
1878 2233 2069 2287 ascivit
2104 2234 2161 2287 in

580 2324 987 2390 testimonium;
1020 2332 1079 2377 ut
1104 2322 1303 2392 ubique
1332 2322 1525 2377 d'ubius
1556 2337 1622 2377 ex
1653 2322 1815 2377 dubio
1852 2322 2163 2377 firmaretur

575 2421 631 2476 in
668 2420 1027 2484 dubietatem,
1060 2427 1114 2474 et
1157 2433 1224 2473 ex
1276 2418 1557 2473 mendacio
1604 2417 1892 2473 mendosus
1921 2418 2067 2473 velut
2094 2418 2160 2473 de

574 2525 738 2581 poena
765 2510 973 2582 peccati
1004 2510 1057 2563 in
1084 2509 1367 2564 mendacio
1388 2508 1603 2580 gravius
1636 2508 1983 2578 plecteretur.
2008 2507 2160 2561 Nulla

573 2603 718 2657 enim
750 2602 981 2655 societas
1007 2599 1144 2655 lucis
1180 2600 1247 2654 ad
1276 2601 1549 2663 tenebras,
1587 2606 1643 2654 et
1670 2598 1791 2654 ideo
1820 2614 2034 2670 semper
2059 2615 2162 2654 cte-

573 2691 711 2747 citas
748 2691 875 2746 dum
909 2692 1082 2761 magis
1119 2690 1231 2746 suis
1273 2691 1327 2744 in
1360 2689 1598 2744 tenebris
1632 2687 1939 2754 involvitur,
1986 2688 2162 2743 lucem

574 2795 684 2835 non
735 2780 878 2835 valet
932 2779 1247 2850 conspicere
1296 2779 1564 2834 veritatis.
1616 2778 1902 2842 Nimirum,
1942 2779 2069 2847 quia
2116 2777 2160 2832 si

573 2882 694 2925 eam
713 2869 1050 2939 conspiceret
1070 2878 1131 2922 ut
1148 2877 1253 2932 est,
1270 2865 1386 2937 jam
1411 2870 1597 2936 utique
1620 2867 1836 2921 caecitas
1862 2881 1966 2920 non
1994 2876 2158 2921 esset.

576 2960 711 3031 Quia
741 2962 844 3017 etsi
884 2960 1189 3031 pervicacia
1221 2960 1416 3015 mentis
1455 2960 1612 3030 quasi
1655 2959 1843 3027 ignara
1883 2959 2163 3014 conscien-

578 3057 654 3111 tia
687 3070 828 3125 s:epe
863 3062 1052 3110 contra
1109 3052 1393 3107 veritatem
1457 3051 1784 3115 obluctatur,
1838 3059 1921 3106 est
1979 3060 2160 3106 tamen

2265 1879 2469 1937 mento,
2501 1871 2662 1935 sicut,
2696 1871 2845 1925 venit
2891 1885 2958 1925 ex
2997 1869 3217 1942 Virgine
3240 1911 3255 1936 ,
3283 1879 3341 1926 et
3370 1872 3586 1941 quando
3612 1874 3763 1930 venit
3788 1892 3859 1932 ex

2262 1973 2526 2034 tempore,
2560 1971 2615 2018 et
2642 1962 2733 2017 ubi
2761 1962 2910 2017 venit
2938 1962 2991 2016 in
3015 1970 3260 2032 tempore
3278 2003 3293 2026 ,
3322 1962 3632 2017 firmissime
3666 1980 3860 2035 repro-

2264 2053 2518 2107 missum.
2560 2051 2677 2107 Non
2724 2052 2975 2120 quidem,
3026 2060 3086 2105 ut
3120 2052 3222 2106 iste
3255 2050 3645 2119 calumniatur,
3696 2062 3860 2112 utero

2263 2144 2509 2198 mulieris
2539 2143 2798 2209 inclusus,
2833 2143 2986 2212 quasi
3012 2150 3165 2199 extra
3195 2158 3300 2198 non
3326 2143 3492 2198 fuerit
3532 2159 3695 2214 quem
3726 2146 3855 2202 caeli

2262 2251 2328 2291 ac
2355 2245 2501 2291 terra
2530 2235 2643 2307 89
2671 2250 2777 2289 non
2815 2236 3065 2305 capiunt,
3106 2234 3202 2290 sed
3232 2236 3375 2305 quod
3418 2235 3473 2289 in
3511 2249 3571 2292 se
3604 2252 3855 2307 manens,

2262 2333 2319 2382 et
2353 2325 2493 2396 apud
2520 2325 2737 2380 Patrem
2779 2339 3028 2394 regnans,
3079 2334 3133 2379 et
3179 2324 3489 2380 universam
3541 2338 3853 2384 creaturam

2263 2429 2478 2485 regens,
2507 2414 2778 2484 pertingat
2806 2428 2837 2467 a
2871 2414 2978 2468 ﬁne
3018 2427 3187 2483 usque
3217 2414 3283 2468 ad
3308 2414 3470 2469 finem
3503 2414 3751 2483 fortiter,
3801 2426 3861 2473 et

2264 2506 2514 2575 disponat
2541 2505 2724 2559 omnia
2764 2504 3019 2559 suaviter.
3051 2505 3105 2558 In
3128 2502 3281 2572 cujus
3302 2505 3655 2575 dispositione
3683 2509 3855 2564 mira-

2262 2596 2372 2651 bile
2420 2596 2543 2662 fuit,
2579 2595 2723 2665 quod
2755 2603 2981 2649 matrem
3031 2595 3136 2650 sibi
3170 2595 3223 2650 in
3268 2604 3415 2650 terra
3459 2599 3711 2664 creavit,
3756 2614 3860 2671 per

2264 2703 2427 2759 quam
2472 2696 2529 2742 et
2572 2688 2639 2742 de
2672 2702 2780 2757 qua
2820 2685 3050 2741 formam
3087 2687 3230 2741 servi
3258 2687 3552 2758 acciperet,
3574 2696 3635 2743 ut
3662 2705 3856 2747 servos

2261 2795 2360 2850 per
2396 2794 2517 2833 eam
2545 2779 2831 2845 liberaret,
2862 2787 3022 2848 atque
3045 2779 3257 2835 devicta
3294 2788 3469 2836 morte
3494 2796 3595 2837 nos
3622 2783 3857 2839 redime-

2262 2884 2369 2930 ret.
2399 2875 2505 2929 Sed
2544 2875 2670 2945 quia
2724 2874 2936 2946 longius
2984 2876 3052 2931 ab
3097 2876 3423 2947 expositoris
3457 2876 3656 2945 ollicio,
3686 2879 3855 2938 flante

2265 2965 2500 3037 Spiritus
2521 2983 2675 3033 aura,
2699 2967 3043 3037 prosiluimus
3069 2967 3123 3022 in
3154 2969 3501 3026 conclusione
3526 2971 3683 3042 hujus
3702 2970 3852 3039 libri,

2263 3060 2419 3130 quasi
2472 3060 2526 3113 in
2575 3061 2753 3114 media
2804 3061 2995 3115 domus
3040 3059 3232 3129 janua,
3289 3074 3604 3133 sequentem
3635 3078 3855 3121 versum

580 3147 732 3203 testis
778 3145 881 3200 sibi
908 3185 924 3213 ,
970 3144 1111 3217 quod
1158 3144 1226 3198 ad
1259 3141 1434 3198 lucem
1469 3142 1617 3198 foras
1659 3141 1845 3198 venire
1897 3142 2163 3199 detrectat
2188 3135 2234 3198 C
2266 3152 2501 3206 itatenus
2525 3151 2651 3206 hinc
2676 3150 2799 3207 inde
2828 3152 3204 3223 respicientem
3237 3154 3490 3211 vivimus.

580 3238 670 3308 qui
701 3238 847 3293 intus
882 3236 937 3291 in
979 3251 1037 3292 se
1064 3234 1318 3292 falsitatis
1355 3236 1606 3292 tenebras
1643 3245 1844 3308 portat.
1882 3235 2018 3290 Nam
2050 3236 2163 3307 ipsa

518 3398 526 3402 <
578 3342 672 3382 sua
702 3325 825 3382 luce
853 3326 1026 3397 magis
1050 3333 1285 3381 caecatur
1331 3327 1579 3397 quisque,
1629 3327 1755 3381 dum
1793 3336 1848 3382 et
1880 3327 1996 3398 88
2021 3327 2165 3383 veri-

576 3427 744 3473 tatem
790 3433 899 3473 non
946 3417 1181 3489 ignorat,
1213 3428 1267 3473 et
1295 3425 1472 3472 tamen
1502 3416 1760 3473 falsitatis
1781 3418 1973 3473 umbra
2006 3434 2161 3473 men-

577 3502 762 3568 tiendo
798 3510 988 3566 fallere
1033 3510 1337 3580 quempiam
1369 3526 1475 3565 non
1510 3509 1782 3565 formidat.
1816 3509 1954 3566 Hinc
1998 3511 2163 3582 igitur

576 3613 682 3670 est,
698 3604 841 3674 quod
857 3600 1109 3667 Faustus,
1128 3609 1183 3657 et
1206 3617 1341 3674 pene
1356 3603 1533 3657 omnis
1553 3602 1927 3658 haereticorum
1952 3602 2159 3670 schola,

581 3696 946 3761 conati-sunt,
996 3708 1105 3749 non
1151 3693 1322 3748 solum
1355 3694 1755 3765 evangelistas,
1800 3695 2159 3749 verumetiam

581 3788 869 3858 apostolos,
920 3794 976 3841 et
1022 3788 1262 3841 Omnium
1299 3786 1692 3842 catholicorum
1724 3789 2013 3856 magistros
2043 3787 2159 3842 vio-

579 3879 695 3933 lare
723 3893 785 3932 ac
815 3891 1180 3945 corrumpere.
1209 3877 1615 3945 Dissipaverunt
1644 3875 1825 3945 itaque
1847 3876 2158 3946 Evangelia,

581 3974 936 4038 corruperunt
960 3965 1322 4034 apostolorum
1347 3966 1638 4037 Epistolas,
1655 3981 1790 4035 quas
1811 3982 1916 4019 non
1936 3966 2156 4035 Christi,

580 4057 675 4112 sed
705 4071 830 4111 suas
858 4057 1104 4126 proprias
1128 4070 1250 4110 esse
1276 4054 1540 4110 fecerunt.
1576 4057 1706 4120 Quia
1742 4055 2003 4125 quidquid
2033 4073 2162 4113 con-

582 4148 805 4201 trarium
837 4147 889 4200 in
930 4147 1009 4200 eis
1049 4161 1147 4200 suo
1168 4146 1401 4216 dogmati
1429 4157 1701 4211 sonuerat,
1730 4148 1946 4216 penitus
1979 4164 2162 4207 crase-

581 4244 728 4289 ruut.
782 4236 863 4290 Ac
916 4236 1110 4290 deinde
1146 4233 1339 4290 fortius
1388 4247 1817 4305 corrumpentes,
1868 4239 1984 4293 ausi
2037 4250 2162 4296 sunt

581 4328 762 4383 dicere
789 4343 803 4383 :
838 4328 964 4383 Hac
997 4343 1123 4398 pars
1146 4327 1421 4399 Evangelii
1451 4327 1685 4384 Matthaei
1708 4370 1724 4396 ,
1754 4338 1848 4385 aut
1872 4330 2031 4388 Lucae
2053 4343 2157 4402 est,

581 4432 673 4474 aut
716 4421 939 4476 alterius
966 4420 1447 4492 evangelistarum;
1476 4421 1592 4476 haec
1622 4437 1751 4477 vero
1779 4439 1949 4493 neque
1971 4426 2157 4497 ipsius,

582 4525 756 4581 neque
783 4513 1050 4567 catholica
1097 4524 1200 4568 est.
1244 4512 1311 4566 Et
1351 4511 1597 4568 fecerunt
1634 4514 1734 4571 sibi
1762 4518 1943 4571 omnia
1974 4486 2158 4586 dubia,
2185 4486 2239 4549 Β

581 4604 642 4657 ιιι
669 4604 733 4657 ad
762 4605 1048 4658 scientiam
1073 4605 1317 4660 veritatis
1341 4621 1604 4675 nusquam
1630 4608 1973 4678 attingerent.
2010 4611 2162 4666 Unde

579 4702 731 4763 patet
755 4695 881 4764 quia
909 4710 1015 4749 non
1044 4693 1265 4750 fuerunt
1290 4695 1542 4752 illustrati
1591 4708 1778 4754 sancto
1810 4699 2035 4771 Spiritu,
2067 4717 2161 4757 ne-

582 4798 687 4853 que
739 4783 1065 4851 illuminati;
1113 4785 1315 4839 idcirco
1367 4796 1523 4841 extra
1574 4799 1974 4853 remanserunt,
2021 4789 2159 4845 infra

582 4886 711 4928 suas
736 4876 993 4929 tenebras
1047 4876 1385 4931 aberrantes.
1425 4877 1497 4931 At
1542 4892 1675 4934 vero
1722 4888 1907 4934 sancta
1936 4880 2029 4935 Dei
2059 4880 2161 4936 Ec-

514 5010 517 5011 ν
583 4962 748 5020 clesia
790 4964 857 5019 ab
896 4966 1050 5021 initio
1085 4966 1207 5036 quia
1255 4964 1514 5038 Spiritum
1560 4967 1654 5025 Dei
1689 4972 1949 5041 percepit,
1997 4970 2158 5025 nullis

585 5064 822 5124 unquam
874 5065 1121 5111 movetur
1155 5058 1454 5126 erroribus,
1484 5058 1646 5114 nullis
1671 5061 1937 5129 decipitur
1962 5058 2162 5114 fraudi-

582 5144 703 5209 bus,
730 5145 895 5201 nullis
916 5147 1166 5218 privatur
1192 5150 1493 5220 promissis.
1526 5150 1743 5207 Veritas
1785 5152 1983 5220 quippe
2020 5150 2163 5205 veri-

584 5243 750 5292 tatem
778 5232 1201 5308 repromittendb
1231 5243 1437 5298 credita
1483 5250 1587 5309 est,
1629 5253 1684 5299 et
1727 5243 1849 5299 ideo
1891 5244 2050 5299 nullis
2077 5243 2162 5301 of-

586 5324 826 5383 fuscatur
862 5332 1153 5389 erratibus.
1196 5333 1287 5389 Ait
1318 5335 1460 5390 enim
1488 5353 1500 5388 :
1533 5335 1645 5405 Ego
1676 5336 1877 5390 mittam
1905 5336 2162 5409 Spiritum

585 5420 942 5490 paracletum,
976 5423 1231 5496 Spiritum
1285 5426 1533 5488 veritatis,
1585 5434 1635 5479 et
1679 5427 1785 5497 ipse
1829 5429 2028 5485 docebit
2075 5448 2162 5487 vos

586 5527 788 5568 omnem
832 5517 1096 5571 veritatem
1137 5515 1316 5586 (Joan.
1343 5531 1470 5581 xvi,
1500 5515 1609 5588 l3).
1650 5518 1792 5573 Nihil
1820 5521 1981 5590 igitur
2006 5531 2161 5578 extra

586 5620 801 5661 omnem
821 5609 1107 5662 veritatem
1130 5614 1213 5662 est
1232 5606 1334 5661 nisi
1356 5608 1467 5661 sola
1488 5607 1721 5675 falsitas;
1748 5600 1800 5665 et
1828 5612 1947 5667 ideo
1965 5626 2163 5683 praeter

588 5695 850 5773 Spiritum
880 5708 1127 5756 sanctum
1146 5740 1160 5765 ,
1189 5699 1389 5755 nullum
1422 5702 1711 5773 recipimus
1734 5701 1847 5773 jam
1878 5706 2015 5762 ultra
2068 5708 2161 5765 do-

2333 3242 2529 3299 Christi
2566 3252 2740 3298 autem
2778 3246 3046 3314 generatio
3083 3247 3161 3301 sic
3197 3255 3330 3301 erat.
3386 3246 3465 3304 Ac
3512 3250 3558 3304 si
3601 3248 3810 3305 diceret
3835 3291 3855 3318 ,

2262 3336 2536 3408 generatio
2576 3350 2674 3407 per
2712 3351 2873 3406 quam
2910 3336 3164 3394 Christus
3214 3340 3403 3396 venire
3442 3338 3695 3413 dignatus
3735 3351 3856 3411 est,

2263 3428 2341 3483 sic
2369 3436 2486 3482 erat
2510 3436 2684 3496 utper
2702 3424 2901 3496 Ioseph
2923 3443 2990 3483 ex
3016 3428 3184 3484 David
3200 3429 3369 3501 stirpe
3391 3442 3610 3485 carnem
3634 3433 3858 3493 duxisse

2265 3526 2688 3582 monstraretur,
2719 3527 2773 3572 et
2810 3517 2926 3587 ipsa
2956 3533 3062 3573 non
3098 3534 3196 3589 per
3219 3519 3466 3574 eumdem
3496 3518 3725 3591 Ioseph,
3756 3523 3855 3579 sed

2262 3610 2329 3663 de
2395 3607 2604 3678 Spiritu
2644 3615 2832 3663 sancto
2884 3606 3157 3663 Christum
3205 3607 3518 3679 concepisse
3574 3612 3851 3668 credatur.

2262 3698 2399 3765 Quid
2433 3698 2595 3769 igitur
2616 3697 2849 3767 pertinet
2882 3698 2949 3751 ad
2977 3695 3251 3752 Christum
3282 3699 3560 3766 generatio
3585 3714 3651 3753 ex
3684 3699 3855 3756 David

2262 3791 2513 3854 deducta,
2547 3790 2592 3843 si
2629 3803 2727 3858 per
2774 3787 2975 3858 Ioseph
3021 3788 3176 3860 origo
3213 3786 3396 3844 Maria:
3444 3805 3555 3844 non
3607 3790 3858 3845 creditur

2261 3880 2640 3935 descendisse?
2692 3878 2844 3945 Quod
2899 3878 3087 3934 volens
3136 3878 3463 3952 evangelista
3508 3879 3855 3937 manifestius

2261 3969 2584 4039 exprimere,
2620 3967 2852 4035 Christi,
2880 3971 2987 4035 ait,
3020 3971 3284 4041 generatio
3324 3972 3399 4025 sic
3424 3981 3555 4026 erat.
3593 3972 3683 4028 Sic
3708 3982 3855 4041 erat,

2262 4061 2501 4131 inquam,
2555 4070 2617 4117 ut
2658 4077 2724 4117 ex
2763 4060 2960 4132 Ioseph
2998 4063 3151 4134 origo
3178 4061 3361 4118 Maria;
3390 4062 3753 4130 claresceret,
3797 4074 3858 4121 et

2261 4151 2508 4208 Christus
2530 4167 2635 4207 non
2655 4167 2721 4207 ex
2742 4151 2859 4221 ejus
2880 4153 3104 4216 semine,
3127 4154 3221 4209 sed
3235 4169 3301 4209 ex
3322 4153 3550 4225 virgine,
3573 4155 3712 4210 sicut
3728 4170 3857 4226 pro-

2262 4245 2486 4301 missum
2518 4244 2712 4310 fuerat,
2766 4247 2832 4301 de
2870 4246 3074 4317 Spiritu
3105 4257 3294 4302 sancto
3342 4256 3638 4318 conceptus
3666 4249 3857 4320 utique

2262 4345 2597 4392 nasceretur.
2638 4336 2889 4393 Nascitur
2926 4346 3105 4394 autem
3140 4339 3280 4395 Deus
3308 4347 3361 4393 et
3415 4342 3595 4395 homo.
3642 4340 3856 4399 Idcirco

2264 4445 2444 4485 sermo
2468 4430 2829 4500 generationis
2850 4430 2916 4485 ad
2945 4440 3231 4500 utramque
3253 4431 3489 4488 refertur
3502 4441 3773 4497 naturam,
3792 4436 3859 4491 ut

2268 4535 2362 4588 per
2372 4535 2491 4573 eam
2504 4527 2711 4587 partem
2722 4534 2831 4588 qua
2845 4522 3211 4590 generationis
3226 4523 3358 4577 ordo
3380 4522 3433 4576 in
3462 4537 3626 4578 carne
3649 4524 3857 4580 ἀθεοώ

2268 4613 2437 4675 bitur,
2456 4614 2618 4666 homo
2632 4610 2797 4666 fuisse
2826 4623 3194 4670 monstretur:
3220 4632 3317 4687 per
3340 4629 3461 4670 eam
3491 4630 3619 4670 vero
3649 4628 3754 4686 qua
3785 4617 3858 4673 de

2269 4702 2470 4771 Spiritu
2494 4710 2682 4757 sancto
2708 4719 2778 4759 ex
2796 4704 3006 4775 virgine
3027 4709 3347 4779 concipitur,
3364 4706 3506 4763 Deus
3519 4706 3856 4765 manifestiss

2267 4795 2401 4849 sime
2421 4795 2743 4850 declaretur.
2759 4795 2826 4850 Et
2842 4799 3134 4854 notandum
3150 4800 3291 4868 quod
3316 4815 3418 4853 non
3446 4799 3589 4855 sicut
3616 4800 3859 4858 Faustus

2267 4887 2482 4952 astruit,
2513 4903 2612 4957 per
2636 4893 3104 4960 regenerationem
3136 4890 3368 4962 Spiritus
3419 4894 3593 4948 sancti
3650 4894 3703 4948 in
3748 4896 3857 4952 ba.

2260 4977 2459 5046 ptismo
2484 4975 2660 5034 factus
2686 4988 2770 5034 est
2804 4979 2974 5035 Filius
3002 4980 3098 5035 Dei
3125 4998 3139 5034 :
3170 4981 3260 5036 sed
3283 4979 3393 5049 jam
3426 4982 3643 5051 quando
3663 4985 3858 5040 conci-

2261 5067 2428 5138 pitur,
2476 5077 2623 5127 totus
2652 5071 2902 5139 idemque
2930 5066 3128 5141 est‘qui
3151 5072 3217 5127 de
3236 5071 3439 5141 Spiritu
3469 5082 3657 5129 sancto
3685 5088 3862 5146 gene-

2264 5168 2430 5214 ratur.
2461 5159 2530 5215 Et
2568 5160 2696 5216 ideo
2720 5177 2833 5232 non
2875 5162 2925 5215 in
2960 5162 3226 5231 baptismo
3266 5162 3344 5228 ﬁt,
3378 5177 3565 5219 verum
3595 5178 3664 5220 ex
3694 5172 3861 5223 utero

2266 5250 2502 5320 Virginis
2534 5253 2777 5308 nascitur
2804 5250 3062 5319 Verbum,
3108 5268 3238 5308 caro
3269 5252 3488 5310 factum.
3528 5254 3596 5310 Et
3621 5271 3721 5327 per
3746 5257 3863 5315 hoc

2267 5343 2409 5412 quod
2437 5342 2672 5399 Verbum
2705 5351 2791 5399 est
2814 5385 2828 5409 ,
2854 5359 2980 5399 eum
3028 5340 3124 5399 Dei
3154 5344 3348 5400 Filium
3388 5356 3515 5402 ante
3557 5348 3754 5404 saecula
3783 5347 3859 5406 de

2265 5429 2424 5487 Patre
2461 5442 2645 5486 natum
2675 5435 2946 5490 credimus
2976 5450 2993 5488 :
3020 5449 3120 5506 per
3149 5436 3252 5491 hoc
3277 5453 3407 5493 vero
3443 5439 3572 5507 quia
3612 5454 3743 5496 caro
3771 5438 3858 5496 fa-

2265 5530 2409 5575 ctum
2434 5531 2540 5587 est,
2576 5531 2761 5578 natum
2803 5541 2869 5581 ex
2914 5523 3135 5595 Virgine
3182 5527 3340 5581 hodie
3366 5527 3419 5581 in
3448 5535 3689 5599 tempore
3739 5528 3860 5600 ple-
3928 5524 3947 5533 ’

2263 5610 2487 5666 nissime
2511 5613 2850 5669 confitemur.
2882 5614 3085 5670 Christi
3120 5617 3264 5672 enim
3289 5631 3481 5672 nomen
3509 5618 3705 5683 solum,
3733 5620 3862 5677 sine

2264 5703 2629 5760 additamento
2654 5704 2806 5771 Iesu,
2836 5716 2893 5761 ut
2918 5706 3175 5773 diximus,
3209 5708 3298 5764 hic
3318 5708 3562 5779 posuisse
3585 5710 3861 5784 creditur,
