4032 6358
209 283 279 339 El

1040 268 1406 328 EXPOSITIO
1442 269 1510 323 IN
1552 263 1986 322 MATTilsElTFI.
2027 293 2093 302 —-
2130 260 2261 317 LIB.
2302 263 2367 330 II,
2405 262 2558 319 CAP.
2599 263 2644 319 I.

3356 254 3467 325 Μ

199 401 245 448 ut
261 406 380 447 eum
415 388 770 458 intelligeres,
806 384 874 439 de
901 397 1008 452 quo
1043 382 1315 449 Propheta
1348 378 1576 437 dixerat,
1606 374 1763 429 Unrit
1792 378 1840 437 Α
1870 374 2048 444 gentia
2080 375 2260 427 carnis
2295 374 2423 442 quid
2456 374 2717 444 requiret,
2755 373 2846 428 ubi
2894 383 3064 431 totum
3105 385 3191 432 est
3219 378 3457 437 divinum

198 502 237 545 te
261 487 397 541 Deus
439 493 568 536 tuus
596 481 709 534 oleo
732 476 930 531 luvtitiup
954 490 1061 543 pra:
1084 471 1409 525 consortibus
1442 470 1547 521 tuis
1588 466 1759 537 (Psal.

194 597 320 644 xm,
343 580 432 647 9);
465 584 525 630 et
572 586 770 627 nomen
821 568 973 631 Jesu,
1024 566 1168 634 quod
1216 560 1646 618 substantialiter
1692 558 1765 612 illi

196 669 381 733 inerat',
411 665 611 737 angelo
643 661 929 716 dicendum
965 660 1269 711 reservaret
1295 671 1308 705 :
1340 660 1400 705 ut
1428 649 1517 719 qui
1554 650 1619 704 de
1640 648 1764 719 Spi-

198 768 283 820 ritu
312 768 504 816 sancto
527 755 691 827 paulo
720 761 844 822 post
872 756 1191 817 conceptum
1219 760 1343 799 eum
1364 743 1607 797 dicturus
1628 748 1764 803 erat,

194 861 285 926 ipse
325 851 599 908 divinitus
650 839 1113 899 consubstantiale
1163 846 1356 891 nomen
1412 832 1570 903 ejus,
1624 832 1772 886 velut

193 923 476 1020 proprium,
528 948 586 993 et
630 934 946 993 salvationis
997 929 1190 991 ollicio,
1236 928 1377 982 sicut
1414 934 1534 979 erat
1572 926 1624 978 in
1658 923 1773 994 ω

192 1018 454 1110 prophetis
498 1028 897 1101 repromissum
949 1020 1199 1077 omnibus
1242 1020 1385 1074 scire
1430 1018 1772 1087 cupientibus

193 1108 457 1186 sublimius
487 1122 819 1176 declararet.
870 1116 1038 1171 Porro
1089 1110 1360 1166 interdum
1404 1108 1767 1179 evangelista,

191 1222 281 1275 imo
304 1232 404 1287 per
436 1228 568 1269 eum
607 1209 844 1279 Spiritus
874 1214 1114 1267 sanctus,
1162 1202 1252 1272 qui
1285 1217 1410 1256 eum
1438 1202 1775 1255 conduxerat

192 1313 235 1366 in
258 1323 478 1364 omnem
504 1304 813 1366 veritatem,
839 1300 990 1355 velut
1018 1299 1146 1352 hinc
1169 1297 1292 1350 inde
1313 1295 1380 1349 ad
1400 1295 1776 1349 demonstran-

191 1403 300 1456 dum
329 1400 507 1462 intus,
553 1395 774 1457 Christi,
802 1392 901 1455 ait,
927 1389 1192 1461 generatio
1221 1388 1296 1440 sic
1336 1395 1468 1439 erat.
1502 1384 1593 1439 Sic
1618 1393 1772 1449 erat,

194 1497 430 1565 inquam,
474 1498 538 1543 ut
580 1486 899 1558 praescripta
945 1490 1055 1546 est;
1088 1480 1169 1534 sic
1199 1479 1383 1549 utique
1416 1486 1475 1532 ut
1517 1477 1778 1531 continuo

196 1586 388 1640 litteris
414 1579 809 1640 cornmendata,
842 1577 984 1630 sicut
1008 1581 1194 1643 postea
1230 1571 1404 1641 signis
1434 1577 1489 1623 et
1516 1566 1778 1639 prodigiis

202 1676 527 1734 manifestius
553 1680 795 1727 ostensa.
836 1665 1029 1721 Christi
1057 1673 1233 1717 autem
1261 1662 1525 1733 generatio
1547 1660 1621 1713 sic
1641 1669 1775 1712 erat.

1870 475 2031 536 atque
2080 465 2347 519 inctl‘abile
2396 466 2539 535 quod
2606 468 2896 521 narratur?
2952 467 3192 534 Christi,
3243 471 3458 542 inquit,

1868 561 2130 632 generatio
2187 560 2263 613 sic
2317 569 2448 613 erat.
2506 559 2693 629 Itaque
2743 568 2803 613 ul
2835 559 2997 615 altius
3028 561 3297 628 dicamus,
3347 573 3462 622 non

1870 655 2025 717 dixit,
2051 653 2130 707 sic
2160 652 2300 707 facta
2341 661 2443 716 est,
2498 652 2594 707 sed
2633 653 2711 707 sic
2741 661 2881 717 erat,
2912 653 3038 721 quia
3065 653 3265 709 Christi
3297 670 3461 727 gene-

1870 746 2011 799 ratio
2036 752 2155 797 erat
2179 744 2318 813 apud
2342 743 2599 809 Patrem,
2638 744 2855 813 quando
2898 754 2997 814 per
3032 746 3173 801 hanc
3212 749 3460 816 praescri-

1868 847 2016 908 ptam
2041 836 2408 907 genealogiam
2432 836 2791 909 generabatur
2810 852 2876 891 ex
2890 847 3087 894 matre.
3108 840 3261 906 Quod
3278 849 3459 897 autem

1871 940 2019 994 erat,
2054 931 2241 999 utique
2279 945 2493 1000 semper
2525 938 2664 984 erat.
2711 928 2936 1000 Semper
2968 946 3098 1002 ergo
3123 942 3262 998 erat,
3287 934 3380 1003 qui
3407 935 3462 988 in

1871 1024 2128 1094 principio
2157 1031 2269 1076 erat
2306 1021 2554 1087 Verbum,
2587 1032 2635 1076 et
2687 1019 2910 1076 Verbum
2942 1034 3054 1077 erat
3085 1026 3225 1095 apud
3255 1025 3420 1081 Deum
3444 1065 3460 1092 ,

1872 1123 1919 1167 et
1952 1112 2093 1166 Deus
2121 1121 2231 1166 erat
2272 1110 2500 1165 Verbum
2529 1111 2711 1181 (Joau.
2752 1110 2814 1182 ι).
2843 1111 2922 1167 Ac
2952 1124 3052 1183 per
3084 1114 3188 1170 hoc
3217 1115 3319 1170 nisi
3348 1129 3465 1172 cre-

1874 1203 2074 1258 dideris
2126 1202 2359 1271 primum
2405 1203 2549 1273 quod
2597 1200 2798 1256 Christi
2852 1203 3134 1273 generatio
3176 1203 3257 1260 sic
3299 1212 3462 1271 erat,

1875 1296 2097 1351 omnino
2119 1294 2368 1365 nequibis
2393 1294 2696 1366 intelligere
2718 1295 2843 1365 quia
2873 1294 3111 1351 divinum
3137 1306 3241 1365 est,
3269 1305 3325 1353 et
3345 1297 3468 1354 ideo

1875 1387 2071 1443 verbis.
2089 1402 2193 1440 non
2236 1401 2526 1456 possumus
2566 1385 2857 1456 explicare.
2913 1386 2969 1441 Si
3019 1402 3150 1459 ergo
3190 1387 3244 1442 in
3303 1388 3467 1445 terris

1876 1488 2013 1543 erat,
2038 1480 2164 1548 quia
2185 1478 2437 1549 dignatus
2463 1485 2564 1541 est,
2588 1485 2649 1531 ut
2668 1477 2972 1533 audivimus
3005 1496 3019 1532 :
3045 1480 3124 1534 sic
3146 1487 3201 1534 et
3227 1479 3280 1534 in
3306 1479 3468 1549 coelo,

1877 1570 2020 1638 quod
2064 1583 2335 1637 nusquam
2390 1568 2495 1622 nisi
2541 1582 2639 1638 per
2688 1568 2866 1637 ipsum
2908 1570 3277 1640 cognovimus.
3314 1570 3470 1627 Unde

1880 1660 2005 1730 quia
2035 1660 2102 1714 de
2128 1658 2230 1713 hac
2270 1658 2325 1712 in
2359 1667 2503 1712 terra
2539 1658 2769 1713 multum
2819 1659 2960 1715 scire
3004 1658 3215 1715 Domini
3248 1660 3468 1731 dispen-

196 1770 253 1825 Ει
289 1768 409 1821 ideo
432 1765 526 1834 qui
554 1762 672 1817 vult
700 1757 1023 1828 intelligere,
1052 1754 1099 1809 si
1128 1768 1251 1808 eam
1297 1750 1515 1815 credat,
1548 1757 1606 1805 ut
1637 1764 1777 1818 prie-
1806 1748 1852 1808 Β
1881 1760 2035 1806 sonte
2056 1749 2252 1822 gratia,
2285 1750 2601 1815 meruimus,
2632 1751 2677 1806 si
2700 1751 2832 1821 quid
2865 1760 2949 1808 est
2975 1753 3118 1823 quod
3144 1753 3329 1819 lateat,
3357 1759 3471 1808 toto

176 1858 460 1946 .scribitur,
486 1862 573 1907 rut
616 1852 886 1921 signatur.
938 1844 1190 1914 Alioquin
1228 1843 1399 1898 Isaias
1448 1842 1648 1895 fatetur
1695 1839 1778 1895 di—
1816 1889 1828 1904 ,

193 1930 307 2006 cens
340 1968 353 2000 :
404 1945 469 2002 Si
509 1960 619 2000 non
647 1939 977 1996 credideritis
1006 1977 1022 2000 ,
1074 1952 1177 1988 non
1226 1932 1548 2003 intelligetis.
1582 1930 1780 1999 Utique

195 2040 319 2111 quod
348 2038 524 2106 Virgo
550 2031 823 2102 concipiet
845 2037 901 2083 et
928 2027 1102 2097 pariet
1130 2024 1332 2089 tilium;
1368 2024 1470 2078 hoc
1505 2036 1636 2076 sane
1671 2035 1777 2075 non

198 2126 519 2197 intelligetis,
549 2136 729 2191 neque
754 2120 810 2174 in
839 2133 926 2183 eo,
970 2117 1073 2172 hoc
1100 2124 1183 2172 est
1223 2115 1276 2168 in
1304 2112 1545 2177 Christo,
1595 2120 1654 2165 ut
1686 2110 1779 2165 alii

197 2222 395 2278 Wes
431 2218 679 2279 habent,
722 2207 1130 2281 permanebitis.
1191 2205 1326 2272 Quia
1384 2203 1606 2260 omnino
1650 2215 1775 2255 eum

198 2308 534 2373 Emmanuel,
565 2308 708 2376 quod
733 2315 815 2361 est
844 2304 1113 2359 nobiscum
1141 2300 1302 2364 Deus,
1330 2297 1553 2352 minime
1581 2308 1777 2351 vocare

198 2402 455 2460 valebitis.
497 2400 654 2456 Unde
677 2399 799 2469 quia
823 2396 1063 2467 primum
1093 2391 1423 2448 credendum
1453 2395 1558 2452 est,
1600 2386 1645 2441 si
1683 2400 1779 2439 vo-

196 2498 361 2552 lumus
386 2495 705 2564 intelligere
741 2491 921 2546 divina
954 2488 1115 2542 verba
1146 2500 1267 2555 qum
1298 2483 1571 2545 dicuntur,
1604 2478 1779 2533 modis

196 2590 437 2643 omnibus
476 2601 591 2640 non
620 2597 914 2655 pensemus
941 2581 1198 2635 humana.
1230 2572 1588 2645 Depouendus
1629 2585 1776 2624 nam-

197 2695 289 2750 que
323 2687 409 2732 est
447 2691 651 2731 sensus
700 2674 989 2734 humanus,
1042 2668 1131 2722 ubi
1179 2675 1349 2721 totum
1396 2663 1539 2734 quod
1583 2661 1780 2713 dicitur

195 2778 270 2824 est
295 2769 567 2823 divinum.
612 2765 748 2834 Quia
782 2763 923 2833 quod
972 2760 1212 2815 nascitur
1249 2757 1391 2811 Deus
1431 2770 1499 2809 ex
1542 2750 1779 2821 Virgine,

196 2879 292 2917 non
318 2870 405 2916 est
424 2857 794 2920 consuetudo,
817 2855 911 2909 sed
942 2852 1291 2924 mysterium;
1324 2863 1431 2903 non
1459 2852 1543 2900 est
1565 2853 1780 2907 natura,

196 2954 281 3006 sed
310 2954 512 3017 virtus,
540 2949 638 3005 sed
667 2947 945 3018 dignatio;
980 2960 1084 2999 non
1107 2952 1191 2999 est
1215 2940 1370 3004 ordo,
1409 2937 1501 2993 sed
1523 2942 1783 3006 potestas.

193 3044 322 3100 liam
350 3044 636 3099 mundana
668 3038 931 3109 sapientia
960 3036 1048 3090 hic
1069 3034 1198 3104 quid
1229 3032 1441 3101 capiet,
1490 3037 1545 3082 et
1590 3023 1787 3080 intelli-

196 3156 1326 3186 Μ

1881 1845 2080 1900 mentis
2130 1842 2323 1898 all‘ectu
2371 1843 2679 1911 credamus,
2708 1844 2835 1913 quia
2862 1841 3063 1899 Christi
3085 1845 3365 1916 generatio
3392 1844 3473 1899 sic

1881 1944 2003 1991 erat
2045 1942 2107 1990 ut
2156 1932 2489 2003 evangelista
2539 1941 2772 1989 testatur
2816 1949 2831 1987 :
2872 1934 2940 1989 ab
2963 1933 3239 1990 Abraham
3273 1934 3473 2003 quippe

1884 2027 2174 2096 incipiens,
2209 2034 2267 2080 et
2295 2041 2392 2095 per
2421 2025 2589 2081 David
2620 2025 2686 2080 ad
2714 2025 2989 2082 Christum
3026 2041 3199 2097 usque
3244 2026 3471 2082 descen-

1882 2121 2033 2177 dens.
2065 2118 2333 2189 Incipiens
2378 2133 2509 2174 sane
2555 2134 2583 2171 a
2629 2118 2735 2175 ﬁde
2764 2159 2779 2185 ,
2830 2117 2992 2174 ﬁdem
3040 2133 3257 2189 quoque
3284 2118 3339 2173 in
3365 2118 3475 2175 line

1882 2209 2293 2275 commendans,
2321 2216 2381 2264 ut
2404 2224 2504 2280 per
2531 2208 2693 2263 ﬁdem
2734 2223 2860 2265 suos
2914 2224 3159 2279 quosque
3198 2208 3472 2264 auditores

1886 2304 1952 2357 ad
2008 2300 2481 2373 contemplandam
2544 2317 2699 2356 suam
2754 2301 2990 2371 speciem
3052 2301 3317 2357 claritatis
3359 2300 3475 2370 ejus

1883 2397 2209 2466 quandoque
2230 2397 2509 2465 perducat.
2532 2393 2683 2449 Unde
2703 2403 2757 2449 et
2777 2409 2877 2449 nos
2896 2395 3160 2463 reparatis
3181 2393 3235 2448 in
3258 2392 3476 2449 Christo

1886 2486 2151 2547 sensibus,
2190 2485 2295 2556 91
2326 2492 2446 2553 post
2480 2485 2621 2538 hanc
2670 2484 2865 2538 seriem
2916 2483 3163 2539 lectionis
3209 2482 3475 2552 prolixius

1889 2578 2199 2639 enodatam,
2241 2575 2515 2644 paululum
2551 2576 2936 2643 quiescamus;
2968 2581 3235 2643 quatenus
3285 2584 3475 2626 rursus

1885 2668 1940 2723 in
1964 2666 2242 2737 principio
2275 2665 2500 2720 alterius
2532 2664 2657 2719 libri
2706 2663 2970 2733 tantisper
3012 2662 3224 2718 acutius
3274 2676 3339 2717 ex
3388 2661 3473 2717 Iu-

1886 2757 2049 2813 minis
2090 2755 2207 2826 ejus
2238 2756 2356 2810 visu
2389 2754 2699 2820 reanimati,
2731 2769 2930 2809 arcana
2955 2753 3318 2826 generationis
3358 2751 3476 2823 ejus

1881 2845 1995 2915 jam
2025 2848 2079 2900 in
2110 2855 2284 2910 utero,
2334 2844 2524 2908 angelo
2577 2844 2935 2912 prmdicante,
2986 2843 3269 2898 sublimius
3311 2850 3475 2911 atque

1890 2938 2149 2993 intentius
2174 2950 2400 3001 cernere
2422 2935 2728 2991 contuendo
2751 2934 3047 2990 valeamus.

1332 3134 3468 3168 Μ
3548 3142 3553 3149 .

1292 3240 1704 3305 PROLOGUS
1746 3232 1960 3299 LIBRI
2004 3234 2365 3297 SECUNDI.

258 3513 403 3582 Quia
422 3521 620 3565 rerum
648 3513 921 3578 gestarum
942 3502 1145 3575 ﬁguras
1189 3509 1249 3557 et
1287 3499 1527 3556 omnium
1554 3500 1791 3570 prophe-
1816 3503 1862 3565 (ζ
1894 3492 2326 3566 comprehendit.
2358 3490 2512 3578 Unde
2536 3490 2796 3546 nimiunn
2816 3489 3096 3560 sapientes
3121 3490 3302 3546 saeculi
3327 3499 3484 3547 arter-

193 3620 378 3663 tarom
404 3600 676 3674 prasagia
704 3599 761 3652 in
792 3596 1039 3651 manibus
1068 3609 1213 3649 nunc
1250 3593 1511 3647 habemus
1536 3632 1552 3656 ,
1594 3591 1793 3661 quibus

191 3697 332 3752 olim
357 3694 606 3748 Christus
632 3691 687 3744 in
718 3703 884 3744 carne
908 3695 1169 3741 venturus
1195 3684 1491 3756 ﬁguratur,
1526 3682 1662 3736 satis
1704 3680 1796 3735 ad-

190 3787 427 3842 modum
472 3782 758 3837 devotione
803 3778 1002 3833 mentis
1042 3775 1374 3832 invocandus
1424 3778 1506 3828 est
1559 3771 1796 3840 Spiritus

195 3885 450 3939 sanctus,
480 3871 579 3943 qui
603 3870 761 3925 nobis
789 3867 1127 3923 Salvatorem
1162 3879 1259 3936 per
1291 3879 1355 3919 os
1393 3863 1633 3918 omnium
1672 3877 1798 3930 pro-

198 3971 491 4041 phetarum
529 3962 856 4034 quandoque
902 3958 1256 4028 promittebat
1305 3964 1609 4010 venturum.
1639 3953 1798 4008 Invo-

197 4059 408 4115 candus
441 4055 639 4125 utique
683 4061 744 4107 ut
776 4052 893 4120 ipse
936 4050 1146 4119 aperiat
1177 4046 1363 4103 oculos
1391 4044 1573 4101 cordis
1602 4045 1792 4108 nostri,

195 4166 268 4207 ne
314 4155 654 4223 praesentem
697 4157 842 4206 eum,
874 4148 1097 4212 propter
1126 4139 1372 4193 velamen
1410 4137 1592 4191 carnis
1620 4136 1800 4191 minus

197 4254 458 4310 capaces,
513 4250 622 4289 non
668 4234 804 4288 satis
837 4231 1229 4302 intelligamus,
1261 4242 1421 4298 quem
1451 4245 1483 4283 a
1510 4227 1667 4298 longe
1696 4226 1798 4295 ipsi

200 4332 522 4404 conspicuis
549 4327 848 4383 cernebant
873 4325 1077 4389 oculis,
1124 4331 1180 4377 et
1223 4322 1368 4376 velut
1400 4336 1585 4376 coram
1640 4320 1800 4390 positi

202 4427 358 4497 quasi
388 4424 563 4494 digito
590 4417 967 4488 designabant,
1006 4429 1168 4485 quem
1196 4412 1440 4466 futurum
1467 4426 1595 4466 vere
1632 4425 1698 4464 ac
1746 4408 1801 4463 (i-

199 4520 402 4575 deliter
425 4521 720 4571 noverant.
760 4509 899 4564 Hinc
937 4516 1021 4563 est
1054 4522 1197 4565 sane,
1212 4505 1357 4575 quod
1385 4505 1604 4573 ubique,
1660 4501 1803 4556 Ecce

198 4608 450 4671 advenit,
495 4604 705 4658 dicunt.
755 4598 894 4667 Quid
932 4596 1078 4651 enim
1107 4604 1190 4650 est
1222 4593 1368 4648 aliud
1399 4600 1507 4647 tam
1551 4590 1804 4660 frequen-

199 4712 284 4757 ter
334 4714 474 4756 ecce
534 4694 756 4751 advenit
799 4692 1016 4755 dicere,
1063 4687 1214 4743 velut
1254 4699 1439 4740 coram
1499 4679 1804 4737 exhibendo

202 4796 346 4865 quod
390 4789 644 4847 nondum
685 4792 849 4851 erat,
878 4783 981 4837 nisi
1034 4779 1297 4836 visibilem
1339 4778 1589 4832 omnibus
1617 4789 1807 4844 repro-

1896 3589 2121 3644 nitatem
2150 3585 2315 3639 etiam
2356 3574 2517 3638 nobis
2550 3582 2795 3637 volentes
2833 3581 3154 3645 ostendere,
3184 3582 3478 3638 dixerunt:

1897 3678 2197 3735 Aiternitas
2222 3683 2304 3730 est
2333 3671 2749 3728 interminabilis
2786 3671 2912 3725 vitae
2952 3680 3065 3726 tota
3091 3671 3253 3726 simul
3277 3680 3334 3727 et
3358 3688 3484 3743 ρθιι.

1897 3769 2038 3826 lecta
2089 3766 2392 3839 possessio;
2431 3762 2574 3834 quod
2622 3778 2690 3818 ex
2751 3762 3039 3818 collatione
3106 3763 3481 3832 temporalium

1899 3863 2100 3918 clarius
2150 3857 2435 3914 illucescit.
2484 3856 2566 3911 Ad
2609 3869 2773 3924 qum
2817 3868 2948 3909 sane
2975 3854 3335 3910 aeternitatem
3360 3870 3485 3925 pro-

1898 3953 2075 4022 pheta;
2118 3949 2170 4004 in
2217 3946 2421 4017 Spiritu
2466 3957 2619 4001 extra
2649 3958 2730 4009 se,
2757 3952 2813 3998 et
2832 3952 2987 3998 extra
3007 3958 3169 4000 onme
3195 3946 3339 4014 quod
3364 3960 3487 4001 cor-

1898 4058 2123 4114 poreum
2170 4038 2313 4095 infra
2353 4048 2570 4109 tempus
2612 4044 2736 4102 est,
2791 4034 3081 4090 transvecti
3109 4074 3126 4099 ,
3174 4037 3486 4093 cernebant

1898 4149 2139 4208 prarsens
2158 4133 2307 4198 illud,
2323 4132 2465 4203 quod
2483 4139 2611 4185 ante
2635 4138 2846 4199 tempus
2859 4128 2974 4198 jaln
2997 4128 3051 4182 in
3075 4128 3169 4183 ilio
3184 4138 3324 4184 erat.
3350 4129 3485 4185 Illuc

1900 4240 2135 4296 namque
2164 4238 2379 4293 semper
2401 4235 2641 4291 praesens
2675 4218 2835 4273 simul
2861 4218 3277 4275 interminabilis
3299 4234 3485 4275 rerum

1902 4318 2195 4392 possessio,
2218 4330 2281 4370 ac
2311 4314 2653 4385 negotiorum
2675 4312 2883 4382 pariter
2900 4310 3201 4380 plenitudo,
3230 4324 3325 4366 seu
3355 4326 3487 4366 cau-

1902 4427 2084 4468 sarum
2114 4422 2321 4464 summa
2348 4405 2613 4461 consistit.
2657 4403 2776 4471 Quo
2810 4402 2935 4472 quia
2981 4402 3159 4457 omnis
3198 4402 3488 4458 haeretico-

1904 4521 2022 4559 rum
2054 4502 2265 4575 ignavia
2293 4515 2399 4554 non
2424 4498 2593 4552 valuit
2617 4498 2886 4565 attingere
2928 4494 3037 4565 92
3069 4506 3131 4548 ut
3154 4494 3446 4565 inspiceret
3466 4534 3484 4562 ,

1904 4594 2165 4651 caicitatis
2192 4580 2421 4661 caligine
2448 4587 2784 4651 circumfusi,
2810 4600 2984 4654 neque
3012 4595 3331 4654 praesentem
3360 4600 3485 4640 eum

1906 4688 1961 4742 in
1990 4695 2143 4740 utero
2161 4681 2419 4752 Virginis,
2442 4686 2504 4733 ut
2532 4678 2732 4743 decuit,
2763 4688 2937 4745 neque
2963 4676 3031 4730 ab
3050 4675 3274 4732 exordio
3294 4683 3489 4731 cuncta

1908 4788 2183 4837 creantem
2210 4778 2276 4831 de
2325 4775 2488 4829 Patre
2541 4772 2801 4844 genitum,
2833 4780 2896 4825 ut
2934 4768 3175 4838 oportuit
3218 4783 3489 4839 cognove-

202 4862 457 4947 mittere,
488 4893 657 4950 quem
697 4877 802 4946 ipsi
822 4874 999 4929 Deum
1027 4879 1348 4942 prteseutem
1381 4867 1580 4938 ubique
1620 4880 1805 4920 cerne-

1912 4882 2059 4930 runt.
2116 4872 2264 4927 Unde
2310 4880 2652 4936 summopere
2697 4862 3047 4935 ﬂagitandum
3098 4870 3184 4917 est
3236 4870 3295 4915 ut
3339 4873 3491 4914 mens

200 4978 389 5033 bant?
440 4971 763 5031 Censebam
810 4975 992 5022 autem
1035 4980 1159 5020 eum
1205 4965 1259 5017 in
1309 4961 1544 5031 Spiritu;
1583 4968 1640 5014 et
1688 4959 1810 5012 ideo

202 5084 373 5141 quem
401 5068 530 5123 sine
555 5068 800 5131 tempore
827 5059 1114 5122 videbant,
1144 5056 1235 5111 cui
1262 5062 1388 5110 sunt
1427 5051 1700 5123 praeterita
1733 5049 1813 5104 fu-

206 5173 406 5218 turave
436 5155 757 5231 pnsentia,
800 5153 928 5208 licet
956 5146 1329 5220 complendum
1353 5154 1530 5211 esset,
1575 5159 1811 5216 prasen-

206 5262 322 5309 tem
368 5246 753 5307 insinuabant.
778 5245 899 5315 Ipse
918 5250 1003 5299 est
1023 5243 1166 5296 enim
1196 5282 1213 5307 ,
1252 5240 1397 5294 sicut
1415 5237 1684 5307 Propheta
1710 5234 1810 5299 ait,

212 5356 531 5418 cmpector
559 5343 793 5396 omnium
828 5337 1141 5393 seculorum
1191 5332 1392 5407 (Eccli.
1444 5347 1644 5395 xxxvr,
1694 5328 1804 5398 19).

215 5441 377 5498 Unde
402 5449 460 5495 et
489 5436 599 5508 ipsi
627 5449 791 5504 super
816 5448 875 5489 se
902 5431 1042 5502 rapti
1074 5431 1129 5485 in
1174 5427 1379 5499 Spiritu
1418 5422 1812 5496 praesentaliter

216 5532 583 5588 intuebantur
623 5525 884 5597 quidquid
920 5524 1001 5579 eis
1040 5519 1284 5579 futurum
1328 5518 1563 5589 Spiritus
1600 5515 1813 5570 divinus

217 5624 563 5681 insinuabat.
609 5619 744 5674 Nam
793 5617 1071 5673 :eternitas
1134 5615 1258 5684 quia
1305 5620 1556 5667 cunctum
1603 5608 1816 5663 excedit

198 5724 461 5787 tempus,
491 5711 659 5769 simul
682 5706 929 5783 profecto
956 5710 1137 5767 omnia
1171 5721 1291 5777 qua:
1316 5704 1453 5760 ﬁunt
1495 5704 1547 5758 in
1576 5711 1817 5771 tempore

1912 4974 2099 5023 nostra
2149 4960 2384 5031 Spiritus
2424 4958 2600 5014 sancti
2648 4956 2823 5027 gratia
2875 4954 3188 5017 illustretur,
3226 4960 3492 5022 quatenus

1914 5057 2095 5113 divina
2139 5053 2308 5125 ipsius
2343 5049 2699 5120 inspiratione
2734 5047 3006 5119 possimus
3037 5044 3307 5101 interdum
3334 5042 3492 5112 juxta

1913 5147 2059 5220 quod
2086 5145 2165 5200 rei
2194 5142 2396 5198 veritas
2416 5148 2503 5194 est
2526 5137 2830 5209 intelligere
2861 5153 2875 5190 :
2900 5135 3169 5192 interdum
3189 5140 3371 5188 autem
3400 5130 3493 5187 ubi

1913 5218 2292 5309 superexcellit
2317 5239 2560 5286 nostram
2592 5225 3002 5296 intelligentiam
3023 5264 3039 5288 ,
3064 5222 3145 5279 sic
3170 5236 3269 5279 nos
3296 5218 3495 5279 divinis

1913 5325 2271 5387 submittere,
2312 5328 2374 5375 ut
2409 5318 2735 5388 quandoque
2762 5329 2861 5388 per
2892 5311 3217 5371 humilitatis
3255 5309 3496 5367 devotio-

1913 5433 2038 5473 nem
2070 5416 2137 5471 ad
2165 5426 2390 5469 summm
2416 5409 2782 5479 intelligentiae
2823 5418 3105 5469 cacumen,
3137 5402 3350 5459 Domini
3372 5403 3494 5461 disc

1915 5515 2173 5580 pensante
2219 5503 2417 5573 gratia,
2446 5502 2737 5570 erigamur.
2775 5495 2923 5551 Tunc
2966 5493 3164 5564 quippe
3199 5492 3310 5550 illic
3355 5491 3496 5551 ratio

1914 5600 2123 5654 videbit
2147 5596 2450 5652 rectissime
2489 5592 2701 5649 coalitus
2737 5590 3002 5644 illustrala
3037 5588 3180 5657 quod
3204 5602 3272 5642 ex
3298 5584 3495 5657 δε.μί-

1919 5709 2069 5751 mum
2097 5706 2205 5749 non
2231 5697 2444 5763 poterat
2482 5684 2697 5742 intueri.
2732 5682 2941 5751 Quippe
2971 5682 3026 5737 in
3057 5682 3219 5741 rebus
3242 5677 3493 5739 humani.
