4032 6358
1377 201 1435 257 S.
1473 199 1828 258 PASCHASII
1865 199 2211 257 RADBERTI
2250 201 2540 261 ABBATIS
2577 205 3027 271 CORBEIENSIS

3719 225 3828 283 ιω

545 321 707 365 omne
736 308 882 378 quod
921 307 1113 375 scitur,
1147 321 1254 364 non
1282 323 1351 364 ex
1383 326 1479 366 sua
1505 352 1520 376 ,
1551 313 1644 366 sed
1679 329 1745 366 ex
1773 314 2132 382 comprehen-
2156 322 2202 382 Α
2235 316 2390 372 alteri
2440 322 2790 378 reserandum
2837 327 3172 384 commodius
3221 330 3592 406 derelinquam
3621 377 3638 402 ,
3663 336 3684 368 '
3692 338 3826 395 dum

548 400 787 456 dentium
829 408 1023 454 natura
1051 401 1414 470 cognoscitur.
1441 402 1592 469 Quod
1619 404 1660 457 si
1690 403 1868 458 minus
1896 404 2134 458 humana

459 539 461 541 ,
547 492 686 547 ratio
713 492 767 546 id
798 493 864 547 de
908 507 1014 562 quo
1051 493 1230 564 agitur
1279 492 1441 547 fuerit
1471 497 1533 548 ad
1560 493 1981 565 dignoscendum
2013 496 2132 552 ido-

546 596 668 647 nea,
693 584 798 637 erit
826 592 1003 638 tamen
1034 584 1162 639 illud
1188 585 1548 656 quodcunque
1571 596 1629 640 ut
1653 594 1737 642 est
1765 587 1818 641 in
1843 588 2135 644 subsisten-

546 672 634 727 do.
684 672 793 728 Nos
842 688 969 728 vero
1024 683 1118 729 aut
1176 686 1322 730 certe
1383 678 1728 748 simplicitate
1779 679 2135 750 purgabimur

547 763 903 832 ignorantia,
965 776 1059 819 aut
1125 768 1431 822 temeritate
1491 768 1784 824 diludimur
1849 769 2130 826 falsitatis.

545 852 773 924 Propter
818 856 961 926 quod
999 856 1236 912 divinam
1267 860 1312 914 si
1355 860 1441 913 cui
1489 861 1664 930 placet
1708 863 2010 933 majestatis
2051 864 2134 918 in-

544 945 786 1015 telligere
837 945 1146 1013 veritatem,
1200 957 1256 1002 et
1298 951 1652 1005 humanitatis
1688 952 1782 1006 ﬁlii
1841 953 1910 1008 de
1957 961 2132 1009 matre

541 1036 662 1092 sine
694 1046 849 1107 patre
876 1053 1203 1108 cognoscere
1237 1042 1548 1110 puritatem,
1581 1059 1686 1097 non
1716 1059 1784 1098 ex
1812 1059 1871 1100 se
1900 1053 2129 1111 tantum,

541 1127 636 1182 sed
667 1127 851 1182 divino
891 1128 1181 1185 irradiatus
1217 1129 1421 1202 Spiritu
1445 1174 1460 1198 ,
1499 1134 1623 1189 inde
1671 1135 1876 1206 aliquid
1917 1145 1978 1191 ut
2025 1147 2130 1203 est,

539 1220 920 1288 cognoscendo
941 1221 1114 1286 dicat;
1141 1223 1267 1290 quia
1293 1224 1396 1278 nisi
1439 1225 1770 1281 illuminatus
1806 1228 1873 1281 de
1921 1229 2031 1284 Deo
2074 1237 2133 1285 ut

539 1317 754 1377 oportet
805 1311 1037 1380 quisque
1069 1312 1201 1367 nihil
1239 1316 1460 1370 omnino
1492 1317 1648 1386 sapit.
1679 1317 1816 1373 Hinc
1859 1328 1944 1374 est
1980 1335 2131 1374 nam-

538 1413 646 1468 que
673 1402 816 1469 quod
841 1404 994 1471 pravi
1021 1405 1286 1471 homines,
1315 1409 1544 1464 necdum
1591 1409 1869 1476 illustrati,
1902 1412 2028 1466 dum
2061 1429 2129 1470 ex

538 1504 600 1545 se
625 1491 728 1545 sibi
754 1493 923 1549 Deum
949 1507 1214 1551 conantur
1236 1497 1460 1570 ﬁngere,
1491 1516 1597 1555 non
1621 1501 1794 1556 solum
1823 1503 2128 1574 ignorantia

537 1583 938 1651 obvolvuntur,
989 1602 1178 1642 verum
1226 1590 1387 1643 etiam
1435 1591 1593 1646 ﬁdem
1636 1593 1935 1663 simplicem
1964 1612 2126 1667 quam

537 1673 740 1729 habere
776 1686 1033 1746 poterant
1071 1681 1304 1735 errando
1336 1684 1608 1739 amittunt.
1640 1686 1708 1740 Et
1734 1687 1855 1742 ideo
1881 1689 2128 1744 medulli-

535 1769 625 1816 tus
651 1763 852 1831 cordis,
872 1765 1111 1822 Trinitas
1130 1769 1270 1824 Deus
1290 1779 1495 1836 noster,
1524 1781 1670 1826 tuam
1700 1773 1894 1830 invoco
1913 1777 2127 1836 enixius

535 1852 874 1910 obsecrando
903 1856 1263 1925 majestatem,
1314 1869 1376 1915 ut
1422 1864 1596 1918 sancti
1649 1864 1923 1937 Evangelii
1967 1869 2128 1938 hujus

535 1946 818 2014 mysteria,
869 1948 1200 2015 quibuslibet
1234 1953 1298 2006 ad
1326 1952 1650 2023 profectum,
1694 1957 1886 2013 eodem
1917 1959 2123 2030 Spiritu

535 2046 645 2102 quo
691 2044 817 2089 sunt
847 2037 1108 2094 divinitus
1137 2040 1367 2096 irrorata
1417 2054 1727 2101 sanctorum
1775 2048 1998 2105 Patrum
2028 2067 2126 2122 per

536 2123 719 2176 omnia
751 2126 975 2197 vestigia
1016 2132 1330 2200 sequendo,
1384 2134 1594 2189 valeam
1646 2137 1902 2208 liquidius
1941 2142 2124 2210 expla-

533 2229 687 2270 nare.
722 2219 952 2290 lmploro
977 2238 1209 2295 namque
1242 2229 1505 2298 propitius
1531 2246 1723 2287 sensus
1754 2250 1906 2290 meos
1938 2252 2116 2308 regas,

533 2324 605 2365 ne
631 2311 881 2368 oberrem
910 2329 941 2368 a
969 2317 1217 2372 veritatis
1244 2322 1460 2377 tramite
1481 2324 1546 2378 de
1569 2341 1656 2380 me
1679 2327 1952 2396 quippiam
1983 2345 2121 2399 pra-

533 2404 828 2470 sumendo;
878 2406 970 2462 sed
1001 2417 1091 2464 tua
1133 2409 1382 2467 suﬁ‘ultus
1406 2415 1601 2484 gratia,
1646 2418 1906 2487 quidquid
1951 2421 2004 2474 in
2054 2437 2120 2477 eo

532 2497 863 2552 narrandum
889 2508 993 2565 est,
1026 2510 1196 2556 totum
1218 2519 1284 2558 ex
1312 2511 1364 2558 te
1391 2508 1622 2563 sentiam
1655 2527 1668 2563 :
1693 2520 1746 2564 et
1769 2512 1911 2581 quod
1941 2513 2122 2570 minus

533 2594 621 2644 est
669 2590 796 2660 quia
838 2592 1073 2649 necdum
1124 2595 1319 2667 capio,
1361 2596 1587 2670 Spiritui
1631 2611 1822 2660 sancto
1859 2605 2098 2661 duntaxa

2235 409 2412 464 modis
2439 413 2688 468 omnibus
2732 429 2798 469 ex
2842 419 2932 487 pia
2983 419 3268 478 devotione
3305 427 3625 484 temeritatis
3653 432 3830 486 auda-

2235 499 2376 554 ciam
2422 517 2491 556 ne
2541 503 2834 560 incurram.
2885 507 3125 576 Tribue,
3179 527 3392 581 quaso,
3436 516 3829 586 benignissime

2236 591 2458 659 Rector,
2493 593 2841 666 dispensante
2869 600 3066 669 gratia,
3087 604 3230 671 quod
3258 606 3486 662 necdum
3519 609 3829 682 intelligere

2235 700 2417 755 queo,
2479 686 2670 743 saltem
2725 689 2830 744 ﬁde
2883 691 3087 762 integra
3132 696 3396 765 capiam:
3452 709 3508 753 et
3559 701 3829 772 quidquid

2233 778 2438 834 eisdem
2470 778 2668 835 litteris
2695 782 3035 849 enuntiatur,
3065 793 3234 840 totum
3269 789 3540 846 credendo
3563 800 3825 860 teneam;

2233 883 2409 940 neque
2445 871 2557 926 vita
2608 881 2701 926 aut
2742 874 2984 930 moribus
3018 878 3262 933 veritatis
3297 880 3406 952 93
3449 882 3828 955 intelligentia

2234 965 2625 1020 contradicam.
2657 965 2793 1033 Quia
2819 967 3074 1023 nimirum
3113 986 3366 1042 magnum
3394 983 3478 1028 est
3504 977 3662 1032 nobis
3683 995 3829 1048 pra-

2233 1055 2421 1109 stitum
2447 1055 2613 1111 divini
2640 1057 2880 1131 suffragii
2907 1073 3304 1120 sacramentum
3335 1081 3433 1137 per
3459 1067 3614 1122 ﬁdem
3645 1070 3826 1124 inter-

2233 1158 2297 1200 ea
2344 1145 2762 1215 ambulantibus,
2811 1151 2855 1205 si
2886 1153 2954 1207 ab
2983 1169 3046 1208 ea
3081 1157 3286 1224 peccati
3316 1157 3546 1228 caligine
3587 1176 3696 1216 non
3728 1161 3826 1217 de-

2232 1252 2546 1308 pravamur.
2581 1240 2706 1296 Scio
2749 1243 2913 1314 igitur
2938 1286 2954 1312 ,
2998 1249 3342 1306 sanctissime
3387 1250 3634 1319 Creator,
3673 1265 3824 1326 quod

2233 1343 2396 1383 nemo
2423 1338 2495 1394 te,
2518 1331 2610 1400 qui
2645 1342 2790 1388 recte
2835 1335 3016 1404 sapit,
3060 1345 3233 1392 totum
3285 1340 3426 1396 intra
3483 1342 3827 1414 intelligendi

2233 1422 2559 1476 sententiam
2619 1424 2865 1493 claudit,
2903 1443 3078 1498 neque
3117 1439 3269 1485 extra
3307 1433 3574 1488 sentiendi
3621 1435 3828 1492 intelli-

2232 1516 2470 1584 gentiam
2498 1534 2720 1575 manere
2755 1521 2962 1577 deﬁnit.
2993 1524 3062 1579 Et
3087 1525 3208 1581 ideo
3237 1527 3508 1583 interdum
3532 1530 3666 1595 sola,
3698 1546 3829 1601 qua

2233 1607 2356 1663 ﬁdei
2398 1619 2543 1677 sunt,
2587 1614 2799 1669 ratione
2845 1619 3230 1688 comprehendi
3283 1635 3442 1690 posse
3483 1623 3665 1677 omnia
3710 1640 3824 1680 non

2158 1687 2205 1748 Β
2230 1717 2518 1772 prasumo.
2579 1703 2692 1759 lmo
2733 1687 2981 1764 veritatis
3009 1710 3150 1764 viam
3200 1687 3466 1767 instanter
3499 1716 3777 1783 sequendo
3801 1758 3819 1782 ,

2230 1793 2489 1862 deposco,
2521 1809 2590 1848 ne
2620 1804 2810 1852 contra
2852 1798 3011 1854 ﬁdem
3053 1817 3290 1871 unquam
3334 1803 3402 1857 de
3434 1803 3538 1859 ﬁde
3565 1805 3681 1860 sine
3712 1806 3824 1862 ﬁde

2229 1888 2485 1941 sentiam.
2531 1889 2761 1961 Propter
2786 1893 2928 1962 quod
2954 1895 3177 1949 maximi
3208 1896 3308 1949 viri
3337 1912 3496 1966 quam
3525 1913 3668 1969 sape
3696 1915 3824 1955 cor-

2229 1979 2405 2034 ruisse
2431 1980 2749 2050 probantur.
2782 1982 2989 2054 Quippe
3017 1987 3140 2055 quia
3162 1987 3422 2056 quidquid
3447 1989 3516 2043 ab
3539 1989 3818 2046 intellectu

2229 2067 2464 2140 Spiritus
2489 2073 2661 2126 sancti
2691 2073 2977 2144 discrepat,
3008 2077 3150 2144 quod
3186 2077 3392 2146 prolata
3422 2087 3550 2133 sunt
3589 2093 3709 2148 qua
3761 2081 3818 2136 in

2231 2159 2528 2231 Scripturis
2571 2164 2774 2219 sanctis
2805 2163 3080 2235 leguntur,
3130 2166 3465 2237 ignorantia,
3499 2168 3608 2222 imo
3641 2170 3822 2224 errori

2227 2251 2407 2322 potius
2432 2254 2722 2309 ascribitur
2748 2269 2913 2324 quam
2938 2256 3145 2310 virtuti.
3183 2255 3335 2312 Unde
3357 2255 3482 2326 quia
3507 2257 3822 2327 pertinaces

2228 2340 2448 2398 fuerunt
2499 2360 2654 2399 suum
2693 2356 2981 2415 sequentes
3012 2347 3320 2412 arbitrium,
3352 2356 3541 2403 contra
3572 2347 3819 2404 divinum

2230 2420 2493 2504 Spiritum
2556 2435 2927 2503 oblatrantes,
2979 2452 3164 2494 veram
3218 2437 3338 2507 ejus
3398 2437 3816 2510 intelligentiam

2229 2523 2512 2595 percipere
2540 2539 2650 2582 non
2678 2535 2990 2598 potuerunt.

539 2755 3792 2811 ___________________________

1005 2908 1012 2916 ’
1702 2918 2006 2998 LIBER
2076 2919 2636 3005 SECUNDUS.

601 3158 733 3217 Cum
763 3171 929 3228 esset,
961 3161 1166 3234 inquit,
1198 3163 1512 3235 desponsata
1555 3174 1727 3220 mater
1763 3166 1913 3224 Iesu~
1938 3170 2117 3227 Maria
2145 3177 2190 3240 C
2221 3171 2581 3243 prasignatur
2614 3168 2834 3224 tandem
2865 3168 2930 3224 de
2967 3167 3173 3238 Spiritu
3194 3177 3384 3227 sancto
3413 3172 3689 3244 replenda,
3713 3190 3818 3246 per

526 3252 741 3325 Ioseph.
780 3254 882 3312 Ubi
913 3257 1147 3328 primum
1196 3268 1343 3314 recte
1391 3260 1651 3329 quaritur
1684 3262 1811 3332 quid
1860 3264 1932 3318 sit
1970 3265 2112 3334 quod

525 3344 693 3402 Isaias
729 3347 1027 3418 simplicem
1082 3356 1293 3420 tantum
1335 3349 1600 3419 virginem
1646 3354 1990 3420 repromittat
2027 3355 2113 3408 di-

525 3457 656 3498 cens
705 3415 971 3512 (Isa._v1t,
1016 3415 1104 3512 μ’)
1139 3457 1152 3493 :
1187 3439 1323 3494 Ecce
1364 3415 1505 3510 virgo
1550 3415 1801 3512 concipiet
1850 3453 1898 3497 et
1945 3445 2112 3514 pariet

523 3533 723 3601 ﬁlium,
768 3531 960 3587 beatus
1002 3544 1135 3586 vero
1179 3531 1510 3604 evangelista
1565 3533 1946 3602 desponsatam
1991 3551 2111 3591 eam

522 3624 788 3688 nominat,
826 3637 987 3692 quam
1015 3622 1179 3678 etiam
1218 3623 1336 3694 pari
1371 3639 1593 3679 assensu
1632 3625 1898 3696 virginem
1939 3626 2110 3680 conﬁ-

522 3721 686 3769 tetur.
735 3711 1086 3783 Nequaquam
1142 3722 1322 3769 autem
1370 3723 1528 3770 vacat
1575 3714 1643 3768 ab
1687 3715 1869 3771 ofﬁcio
1916 3716 2112 3772 divinae

525 3805 943 3876 dispensationis
971 3805 1114 3874 quod
1164 3805 1463 3875 Sapientia,
1495 3820 1616 3875 qua
1644 3822 1676 3859 a
1712 3805 1818 3860 ﬁne
1843 3821 2016 3875 usque
2043 3807 2113 3861 ad

525 3895 688 3951 ﬁnem
718 3895 997 3966 pertingit,
1024 3903 1080 3950 et
1121 3895 1361 3949 suaviter
1406 3903 1602 3949 cuncta
1632 3894 1891 3964 disponit,
1921 3895 2112 3950 maluit

523 3991 589 4047 de
625 3990 950 4060 desponsata
979 3988 1129 4042 nasci
1170 4002 1331 4056 quam
1361 3987 1428 4042 de
1458 3986 1704 4057 simplice
1735 3987 1963 4058 virgine.
1996 3987 2110 4043 Nisi

521 4081 662 4137 forte
692 4080 969 4134 fatendum
997 4078 1143 4149 quod
1191 4077 1360 4133 Isaias
1388 4078 1491 4132 hoc
1517 4077 1833 4147 pradixerit
1869 4077 2110 4132 nondum

522 4174 888 4238 credentibus,
937 4187 1004 4226 ex
1054 4169 1318 4225 vocabulo
1365 4170 1508 4240 quod
1559 4169 1716 4224 ﬁeret
1759 4169 2010 4225 omnibus
2051 4170 2108 4226 in

521 4265 844 4322 miraculum
869 4280 883 4318 :
912 4263 1243 4335 evangelista
1258 4275 1409 4328 vero,
1432 4262 1511 4316 rei
1531 4261 1816 4317 veritatem
1833 4263 2106 4332 aperiens,

523 4355 764 4410 insinuat
791 4354 936 4424 quod
989 4361 1076 4409 est
1131 4353 1296 4407 etiam
1340 4360 1395 4406 et
1449 4351 1604 4407 nobis
1651 4352 1706 4406 in
1762 4352 2103 4424 mysterium.

522 4449 659 4516 Quia
704 4448 950 4518 quamvis
977 4447 1327 4519 Evangelium
1366 4462 1473 4502 non
1509 4447 1581 4502 sit
1611 4447 1723 4516 jam
1769 4450 1982 4514 umbra,
2007 4448 2103 4504 sed

2218 3280 2380 3335 quem
2411 3264 2466 3318 in
2490 3262 2744 3318 cordibus
2770 3262 3108 3318 credentium
3139 3271 3195 3317 et
3228 3263 3343 3333 ipsa
3362 3263 3640 3321 Christum
3670 3282 3816 3336 quo-

2218 3359 2350 3414 tidie
2387 3373 2493 3414 non
2548 3357 2723 3412 solum
2773 3357 2952 3426 parit,
3006 3357 3132 3425 quia
3180 3365 3356 3411 mater
3406 3366 3462 3413 et
3501 3359 3655 3430 virgo
3704 3370 3815 3427 est,

2219 3450 2386 3507 etiam
2417 3463 2613 3520 sponsa
2642 3447 2695 3502 in
2739 3447 2993 3502 omnibus
3037 3445 3354 3517 appellatur.
3407 3447 3547 3503 Hinc
3573 3448 3818 3506 Joannes

2215 3541 2292 3596 ait
2323 3559 2337 3595 :
2367 3540 2470 3607 Qui
2505 3539 2657 3594 habet
2696 3554 2940 3609 spumam
2981 3553 3201 3607 sponsus
3245 3546 3319 3590 est
3349 3536 3532 3607 (Joan.
3565 3553 3651 3603 ιιι,
3696 3540 3815 3612 29).

2215 3634 2285 3688 Et
2323 3634 2520 3688 beatus
2545 3630 2746 3686 Paulus
2793 3644 2808 3683 :
2844 3629 3108 3696 Despondi
3143 3644 3229 3682 vos
3259 3628 3351 3680 uni
3396 3628 3507 3682 uiro
3549 3629 3811 3700 virginem

2219 3733 2417 3778 castam
2441 3723 2684 3777 exhibere
2710 3717 3030 3791 ChristoUI
3060 3716 3182 3773 Cor.
3210 3734 3287 3783 XI,
3307 3717 3384 3788 Ξ).
3414 3719 3558 3774 Vere
3587 3736 3817 3791 sponsa,

2216 3833 2337 3888 qua
2366 3816 2616 3888 virginali
2647 3824 2806 3886 partu
2838 3827 3030 3870 novam
3059 3811 3260 3866 Christi
3288 3810 3459 3882 gignit
3503 3809 3814 3868 infantiam.

2216 3905 2371 3961 Unde
2424 3906 2534 3971 hic,
2566 3912 2625 3960 ut
2653 3904 2920 3968 diximus,
2972 3911 3310 3972 praparatur
3351 3900 3466 3970 jam
3519 3901 3575 3956 in
3622 3903 3813 3971 specie

2214 4007 2392 4052 mater
2415 4012 2632 4066 sponsa,
2656 4004 2715 4051 ut
2734 3996 3075 4067 postmodum
3098 4008 3197 4064 per
3223 3994 3370 4049 hanc
3402 3993 3588 4048 carnis
3611 3994 3819 4049 unitio-

2215 4103 2337 4143 nem
2367 4087 2612 4144 Ecclesia
2653 4087 2707 4143 in
2744 4101 2941 4158 genere
2989 4093 3370 4156 congregetur.
3423 4084 3633 4156 Quippe
3685 4088 3818 4155 quia

2214 4189 2326 4235 tota
2354 4195 2450 4249 per
2492 4180 2595 4235 hoc
2622 4179 2765 4249 quod
2806 4178 3041 4233 Verbum
3097 4191 3225 4232 caro
3270 4176 3474 4232 factum
3505 4185 3623 4241 est,
3665 4176 3818 4231 velut

2212 4273 2478 4337 membra,
2521 4272 2793 4343 colligitur
2819 4271 2875 4325 i'n
2921 4285 3165 4340 corpore,
3191 4279 3248 4326 et
3281 4269 3436 4324 unita
3467 4269 3689 4324 Christo
3713 4284 3818 4338 per

2213 4365 2443 4434 gratiam
2477 4365 2590 4435 jam
2625 4372 2738 4418 tum
2767 4378 2964 4432 sponsa
2999 4361 3220 4418 Christo
3263 4370 3491 4433 paratur
3540 4362 3593 4416 in
3643 4362 3794 4416 thala

2210 4471 2380 4510 mum.
2417 4454 2568 4510 Hanc
2601 4454 2762 4525 igitur
2789 4453 2974 4509 volens
3001 4453 3194 4509 beatus
3223 4452 3552 4524 evangelista
3581 4451 3817 4507 electio-

521 4540 757 4606 veritas,
805 4547 1027 4608 propter
1074 4538 1304 4608 mystica
1343 4545 1524 4593 tamen
1579 4533 1948 4593 doctrinarum
1995 4538 2144 4601 elo-j

2220 4545 2302 4599 nis
2339 4547 2570 4616 gratiam
2602 4544 2923 4616 prasignari
2955 4544 3009 4599 in
3042 4543 3233 4610 Maria,
3266 4543 3504 4613 primum
3532 4557 3818 4598 commen-

521 4633 646 4702 quia
676 4648 780 4686 non
816 4631 1018 4700 apices,
1058 4645 1164 4686 non
1191 4629 1418 4696 littera,
1449 4645 1558 4686 non
1580 4630 1816 4701 syllaba,
1847 4645 1955 4685 non
1986 4645 2109 4686 ver-

518 4723 670 4790 bum,
701 4739 807 4779 non
834 4724 1075 4789 nomina,
1116 4738 1222 4777 non
1250 4738 1482 4794 persona
1519 4723 1576 4777 in
1619 4739 1684 4778 eo
1715 4723 1914 4778 divinis
1935 4737 2107 4778 vacua

521 4826 649 4876 sunt
682 4817 886 4888 ﬁguris.
917 4816 1052 4872 Hinc
1081 4827 1164 4872 est
1205 4817 1462 4871 nimirum
1508 4817 1586 4871 rei
1635 4819 1929 4888 negotium,
1961 4818 2107 4890 quod

519 4909 610 4967 hic
645 4923 841 4980 sponsa
885 4907 1163 4978 quaritur,
1194 4915 1255 4961 ut
1278 4923 1377 4978 per
1418 4923 1537 4963 eam
1587 4907 1808 4962 omnino
1830 4906 1946 4977 jam
1978 4915 2106 4963 tunc

519 5001 702 5058 ﬁttura
723 5000 926 5058 Christi
957 5001 1278 5057 universalis
1300 5002 1573 5057 Eccclesia
1619 5001 1863 5072 signetur
1908 5003 1976 5057 ad
2013 5003 2106 5058 de-

519 5097 905 5166 sponsandum,
951 5105 1007 5150 et
1057 5095 1339 5168 colligatur
1375 5111 1545 5166 genus
1595 5095 1649 5148 in
1697 5095 1896 5162 specie,
1944 5092 2102 5161 juxta

517 5186 649 5242 illud
673 5187 814 5257 quod
834 5185 974 5243 Osca
1001 5185 1113 5258 94
1132 5187 1394 5256 propheta
1432 5183 1631 5240 fatetur
1658 5182 1845 5238 dicens
1877 5199 1890 5236 :
1923 5181 2100 5252 Spon-

518 5276 645 5332 ιιιὺο
691 5286 739 5330 te
777 5277 905 5329 mihi
934 5275 1296 5329 misericordia
1334 5283 1382 5328 et
1419 5271 1839 5326 miserationibus
1861 5310 1876 5336 ,
1923 5280 1972 5324 et
2015 5271 2106 5324 de-

518 5368 774 5439 sponsabo
805 5379 854 5422 te
880 5368 1008 5421 mihi
1034 5369 1090 5421 in
1111 5367 1215 5435 ﬁde
1241 5366 1386 5436 (Ose.
1410 5381 1471 5429 ιι,
1513 5363 1579 5419 19
1602 5404 1618 5428 ,
1646 5362 1758 5431 20).
1793 5361 1931 5429 Quid
1961 5361 2104 5416 enim

516 5463 661 5520 aliud
677 5471 759 5519 est
785 5463 982 5527 dicere,
1002 5461 1341 5534 Desponsabo
1365 5471 1413 5514 te
1441 5461 1570 5514 mihi
1600 5461 1656 5513 in
1689 5459 1814 5526 fide,
1839 5457 1942 5512 nisi
1960 5473 2105 5512 mon.

515 5565 690 5614 strare
715 5558 858 5630 quod
887 5556 1053 5610 Maria
1082 5571 1180 5626 per
1211 5554 1370 5609 ﬁdem
1401 5552 1465 5607 de
1487 5551 1690 5622 Spiritu
1730 5558 1918 5605 sancto
1946 5548 2104 5605 Chri-

519 5659 660 5706 stum
696 5647 1042 5708 conceperit?
1067 5645 1171 5702 Ubi
1221 5645 1475 5700 nimirum
1506 5641 1828 5698 universalis
1857 5640 2098 5697 Ecclesia

2216 4635 2311 4690 dat
2342 4650 2800 4704 sponsam,quam
2839 4635 3102 4705 virginem
3129 4649 3229 4705 per
3247 4633 3428 4690 omnia
3453 4641 3644 4705 postea
3675 4649 3815 4689 con-

2217 4725 2421 4791 ﬁtetur,
2468 4733 2524 4780 et
2564 4733 2734 4780 totum
2781 4734 2862 4793 ut,
2892 4726 3027 4791 dixi,
3067 4725 3227 4780 simul
3258 4723 3488 4795 praﬁgit
3515 4724 3570 4778 in
3601 4724 3816 4794 specie,

2213 4815 2356 4886 quod
2380 4813 2686 4869 faciendum
2714 4815 2890 4871 adhuc
2929 4821 3049 4870 erat
3079 4814 3133 4868 in
3160 4829 3380 4885 genere.
3417 4812 3555 4868 Nam
3585 4822 3640 4868 et
3685 4813 3816 4870 ideo

2213 4911 2282 4964 de
2306 4923 2501 4979 sponsa
2527 4908 2670 4978 jure,
2702 4921 2863 4977 quam
2909 4908 2975 4962 de
3010 4904 3242 4974 simplici
3267 4904 3477 4975 virgine
3527 4903 3677 4959 nasci
3711 4919 3815 4959 vo—

2212 4999 2332 5064 luit,
2366 5014 2435 5054 ne
2468 5014 2565 5069 per
2589 4997 2872 5062 feminam,
2904 5003 3090 5050 contra
3123 4993 3531 5064 Scripturarum
3573 5008 3814 5050 consue-

2212 5092 2476 5155 tudinem,
2498 5091 2591 5144 sed
2631 5103 2728 5158 per
2752 5088 2951 5154 virum,
2977 5095 3037 5141 ut
3063 5101 3182 5142 mos
3210 5095 3348 5148 erat,
3380 5085 3583 5142 Christi
3609 5099 3813 5157 genea-

2208 5179 2350 5250 logia
2378 5185 2670 5235 texeretur.
2706 5173 2984 5230 lnducitur
3014 5189 3250 5245 namque
3271 5183 3327 5230 et
3375 5175 3480 5229 alia
3507 5173 3814 5246 probabilis

2215 5287 2409 5337 causa,
2451 5285 2520 5325 ne
2566 5269 2952 5339 lapidaretura
2981 5266 3181 5323 Judais
3233 5275 3295 5321 ut
3347 5267 3613 5322 adultera.
3666 5266 3811 5334 Quis

2212 5364 2357 5419 enim
2406 5361 2497 5417 illo
2539 5370 2780 5431 tempore
2807 5357 3072 5429 virginem
3122 5356 3445 5413 credidisset
3483 5357 3550 5412 de
3595 5355 3810 5426 Spiritu

2210 5466 2398 5514 sancto
2437 5455 2772 5526 concepisse,
2805 5470 2870 5510 ac
2905 5467 3013 5509 non
3065 5451 3242 5522 magis
3296 5450 3445 5506 velut
3495 5448 3807 5505 adulteram

2208 5550 2656 5608 condemnasset?
2694 5550 2762 5605 Et
2793 5564 2860 5604 ne
2887 5547 3028 5602 forte
3057 5537 3204 5600 dicat
3248 5543 3445 5616 aliquis
3490 5541 3634 5614 quod
3679 5542 3812 5600 aliis

2207 5621 2273 5698 ex
2301 5643 2478 5698 causis
2501 5641 2755 5698 divinitas
2783 5639 2983 5698 Christi
3008 5644 3222 5708 poterat
3249 5635 3560 5702 subvenire,
3593 5649 3662 5689 ne
3680 5634 3812 5694 viro
