  <div class='ocr_page' id='page_1' title='image "/cluster/home/n/w/nwhite01/storage/ocr_20150623/120/hvd.32044015466923/058.png"; bbox 0 0 4032 6358; ppageno 0'>
   <div class='ocr_carea' id='block_1_1' title="bbox 349 322 457 378">
    <p class='ocr_par' dir='ltr' id='par_1_1' title="bbox 349 322 457 378">
     <span class='ocr_line' id='line_1_1' title="bbox 349 322 457 378; baseline -0.009 0"><span class='ocrx_word' id='word_1_1' title='bbox 349 322 457 378; x_wconf 75' lang='grc'><strong>105</strong></span> 
     </span>
    </p>
   </div>
   <div class='ocr_carea' id='block_1_2' title="bbox 1190 319 2801 395">
    <p class='ocr_par' dir='ltr' id='par_1_2' title="bbox 1190 319 2801 395">
     <span class='ocr_line' id='line_1_2' title="bbox 1190 319 2801 395; baseline 0.006 -19"><span class='ocrx_word' id='word_1_2' title='bbox 1190 319 1553 379; x_wconf 76' lang='grc' dir='ltr'><strong>ΕΧΡΟΞΙΤῘΟ</strong></span> <span class='ocrx_word' id='word_1_3' title='bbox 1591 321 1660 378; x_wconf 82' lang='grc' dir='ltr'>ΙΝ</span> <span class='ocrx_word' id='word_1_4' title='bbox 1701 323 2141 383; x_wconf 68' lang='grc' dir='ltr'><strong>ΜΑΤΤΙΙΑΞΗΜ.</strong></span> <span class='ocrx_word' id='word_1_5' title='bbox 2181 354 2253 368; x_wconf 83' lang='lat'><strong>——</strong></span> <span class='ocrx_word' id='word_1_6' title='bbox 2291 327 2419 383; x_wconf 82' lang='lat' dir='ltr'><strong>LIB.</strong></span> <span class='ocrx_word' id='word_1_7' title='bbox 2460 328 2524 395; x_wconf 91' lang='lat' dir='ltr'><strong>ll,</strong></span> <span class='ocrx_word' id='word_1_8' title='bbox 2565 330 2718 386; x_wconf 77' lang='lat' dir='ltr'><strong>CAP.</strong></span> <span class='ocrx_word' id='word_1_9' title='bbox 2760 331 2801 386; x_wconf 93' lang='lat' dir='ltr'><strong>l.</strong></span> 
     </span>
    </p>
   </div>
   <div class='ocr_carea' id='block_1_3' title="bbox 3530 344 3636 399">
    <p class='ocr_par' dir='ltr' id='par_1_3' title="bbox 3530 344 3636 399">
     <span class='ocr_line' id='line_1_3' title="bbox 3530 344 3636 399; baseline 0.019 -1"><span class='ocrx_word' id='word_1_10' title='bbox 3530 344 3636 399; x_wconf 67' lang='lat'><strong>106</strong></span> 
     </span>
    </p>
   </div>
   <div class='ocr_carea' id='block_1_4' title="bbox 338 436 3634 532">
    <p class='ocr_par' dir='ltr' id='par_1_4' title="bbox 338 436 3634 532">
     <span class='ocr_line' id='line_1_4' title="bbox 338 436 3634 532; baseline 0.004 -38"><span class='ocrx_word' id='word_1_11' title='bbox 338 448 490 499; x_wconf 78' lang='lat' dir='ltr'><strong>esset</strong></span> <span class='ocrx_word' id='word_1_12' title='bbox 538 436 770 509; x_wconf 84' lang='lat' dir='ltr'><strong>indigna</strong></span> <span class='ocrx_word' id='word_1_13' title='bbox 798 452 815 492; x_wconf 91' lang='lat'><strong>:</strong></span> <span class='ocrx_word' id='word_1_14' title='bbox 839 447 977 494; x_wconf 80' lang='lat' dir='ltr'><strong>sciat</strong></span> <span class='ocrx_word' id='word_1_15' title='bbox 1011 436 1250 509; x_wconf 85' lang='lat' dir='ltr'><strong>profecto</strong></span> <span class='ocrx_word' id='word_1_16' title='bbox 1299 441 1428 513; x_wconf 84' lang='lat' dir='ltr'><strong>quia</strong></span> <span class='ocrx_word' id='word_1_17' title='bbox 1480 441 1766 499; x_wconf 87' lang='lat' dir='ltr'><strong>consilium</strong></span> <span class='ocrx_word' id='word_1_18' title='bbox 1819 443 1936 510; x_wconf 89' lang='lat' dir='ltr'><strong>Dei,</strong></span> <span class='ocrx_word' id='word_1_19' title='bbox 1967 451 2020 511; x_wconf 78' lang='grc' dir='ltr'><strong>Α</strong></span> <span class='ocrx_word' id='word_1_20' title='bbox 2052 444 2266 516; x_wconf 76' lang='lat' dir='ltr'><strong>Virgine</strong></span> <span class='ocrx_word' id='word_1_21' title='bbox 2294 446 2365 501; x_wconf 91' lang='lat' dir='ltr'><strong>sit</strong></span> <span class='ocrx_word' id='word_1_22' title='bbox 2393 454 2572 504; x_wconf 87' lang='lat' dir='ltr'><strong>natus.</strong></span> <span class='ocrx_word' id='word_1_23' title='bbox 2602 447 2759 504; x_wconf 87' lang='lat' dir='ltr'><strong>Unde</strong></span> <span class='ocrx_word' id='word_1_24' title='bbox 2795 462 3028 520; x_wconf 77' lang='lat' dir='ltr'><strong>sequens</strong></span> <span class='ocrx_word' id='word_1_25' title='bbox 3065 453 3397 525; x_wconf 76' lang='lat' dir='ltr'><strong>evangelista</strong></span> <span class='ocrx_word' id='word_1_26' title='bbox 3436 457 3634 532; x_wconf 84' lang='lat' dir='ltr'><strong>adjun.</strong></span> 
     </span>
    </p>
   </div>
   <div class='ocr_carea' id='block_1_5' title="bbox 331 531 1941 607">
    <p class='ocr_par' dir='ltr' id='par_1_5' title="bbox 331 531 1941 607">
     <span class='ocr_line' id='line_1_5' title="bbox 331 531 1941 607; baseline 0.001 -15"><span class='ocrx_word' id='word_1_27' title='bbox 331 533 487 607; x_wconf 83' lang='lat' dir='ltr'><strong>quod</strong></span> <span class='ocrx_word' id='word_1_28' title='bbox 523 531 750 589; x_wconf 62' lang='lat' dir='ltr'><strong>seculis</strong></span> <span class='ocrx_word' id='word_1_29' title='bbox 794 546 863 587; x_wconf 88' lang='lat' dir='ltr'><strong>ac</strong></span> <span class='ocrx_word' id='word_1_30' title='bbox 909 532 1350 603; x_wconf 77' lang='lat' dir='ltr'><strong>generationibus</strong></span> <span class='ocrx_word' id='word_1_31' title='bbox 1384 535 1628 606; x_wconf 88' lang='lat' dir='ltr'><strong>ignotum</strong></span> <span class='ocrx_word' id='word_1_32' title='bbox 1662 536 1785 604; x_wconf 85' lang='lat' dir='ltr'><strong>fuit,</strong></span> <span class='ocrx_word' id='word_1_33' title='bbox 1827 554 1941 595; x_wconf 86' lang='lat' dir='ltr'><strong>me-</strong></span> 
     </span>
    </p>
   </div>
   <div class='ocr_carea' id='block_1_6' title="bbox 332 622 1940 693">
    <p class='ocr_par' dir='ltr' id='par_1_6' title="bbox 332 622 1940 693">
     <span class='ocr_line' id='line_1_6' title="bbox 332 622 1940 693; baseline 0.002 -11"><span class='ocrx_word' id='word_1_34' title='bbox 332 626 504 683; x_wconf 90' lang='lat' dir='ltr'><strong>dendi</strong></span> <span class='ocrx_word' id='word_1_35' title='bbox 531 624 750 690; x_wconf 83' lang='lat' dir='ltr'><strong>ofﬁcio,</strong></span> <span class='ocrx_word' id='word_1_36' title='bbox 789 639 957 680; x_wconf 87' lang='lat' dir='ltr'><strong>carne</strong></span> <span class='ocrx_word' id='word_1_37' title='bbox 997 622 1296 693; x_wconf 87' lang='lat' dir='ltr'><strong>tegebatur.</strong></span> <span class='ocrx_word' id='word_1_38' title='bbox 1335 625 1405 681; x_wconf 87' lang='lat' dir='ltr'><strong>Et</strong></span> <span class='ocrx_word' id='word_1_39' title='bbox 1446 626 1568 684; x_wconf 91' lang='lat' dir='ltr'><strong>ideo</strong></span> <span class='ocrx_word' id='word_1_40' title='bbox 1603 629 1807 685; x_wconf 90' lang='lat' dir='ltr'><strong>interea</strong></span> <span class='ocrx_word' id='word_1_41' title='bbox 1848 643 1940 685; x_wconf 51' lang='lat' dir='ltr'><strong>ne-</strong></span> 
     </span>
    </p>
   </div>
   <div class='ocr_carea' id='block_1_7' title="bbox 327 714 1934 788">
    <p class='ocr_par' dir='ltr' id='par_1_7' title="bbox 327 714 1934 788">
     <span class='ocr_line' id='line_1_7' title="bbox 327 714 1934 788; baseline 0 -13"><span class='ocrx_word' id='word_1_42' title='bbox 327 733 497 775; x_wconf 74' lang='lat' dir='ltr'><strong>cesso</strong></span> <span class='ocrx_word' id='word_1_43' title='bbox 538 715 652 771; x_wconf 80' lang='lat' dir='ltr'><strong>fuit</strong></span> <span class='ocrx_word' id='word_1_44' title='bbox 700 724 761 770; x_wconf 92' lang='lat' dir='ltr'><strong>ut</strong></span> <span class='ocrx_word' id='word_1_45' title='bbox 797 729 866 771; x_wconf 79' lang='lat' dir='ltr'><strong>ex</strong></span> <span class='ocrx_word' id='word_1_46' title='bbox 898 714 1212 771; x_wconf 89' lang='lat' dir='ltr'><strong>inﬁrmitate</strong></span> <span class='ocrx_word' id='word_1_47' title='bbox 1238 727 1525 788; x_wconf 88' lang='lat' dir='ltr'><strong>parentum</strong></span> <span class='ocrx_word' id='word_1_48' title='bbox 1565 719 1829 775; x_wconf 80' lang='lat' dir='ltr'><strong>cunabula</strong></span> <span class='ocrx_word' id='word_1_49' title='bbox 1864 730 1934 775; x_wconf 83' lang='lat' dir='ltr'><strong>te-</strong></span> 
     </span>
    </p>
   </div>
   <div class='ocr_carea' id='block_1_8' title="bbox 319 808 1940 882">
    <p class='ocr_par' dir='ltr' id='par_1_8' title="bbox 319 808 1940 882">
     <span class='ocr_line' id='line_1_8' title="bbox 319 808 1940 882; baseline 0.001 -15"><span class='ocrx_word' id='word_1_50' title='bbox 319 818 652 882; x_wconf 77' lang='lat' dir='ltr'><strong>gerentur:</strong></span> <span class='ocrx_word' id='word_1_51' title='bbox 689 810 767 863; x_wconf 80' lang='lat' dir='ltr'><strong>ita</strong></span> <span class='ocrx_word' id='word_1_52' title='bbox 823 808 1087 864; x_wconf 85' lang='lat' dir='ltr'><strong>duntaxat</strong></span> <span class='ocrx_word' id='word_1_53' title='bbox 1129 817 1189 864; x_wconf 89' lang='lat' dir='ltr'><strong>ut</strong></span> <span class='ocrx_word' id='word_1_54' title='bbox 1243 810 1367 865; x_wconf 89' lang='lat' dir='ltr'><strong>aliis</strong></span> <span class='ocrx_word' id='word_1_55' title='bbox 1414 810 1671 867; x_wconf 88' lang='lat' dir='ltr'><strong>virtutum</strong></span> <span class='ocrx_word' id='word_1_56' title='bbox 1726 812 1940 869; x_wconf 85' lang='lat' dir='ltr'><strong>indiciis</strong></span> 
     </span>
    </p>
   </div>
   <div class='ocr_carea' id='block_1_9' title="bbox 314 897 1940 977">
    <p class='ocr_par' dir='ltr' id='par_1_9' title="bbox 314 897 1940 977">
     <span class='ocr_line' id='line_1_9' title="bbox 314 897 1940 977; baseline 0.004 -22"><span class='ocrx_word' id='word_1_57' title='bbox 314 897 606 972; x_wconf 56' lang='lat' dir='ltr'><strong>paulatim</strong></span> <span class='ocrx_word' id='word_1_58' title='bbox 637 900 786 955; x_wconf 85' lang='lat' dir='ltr'><strong>Deus</strong></span> <span class='ocrx_word' id='word_1_59' title='bbox 806 900 861 955; x_wconf 93' lang='lat' dir='ltr'><strong>in</strong></span> <span class='ocrx_word' id='word_1_60' title='bbox 892 900 1113 957; x_wconf 87' lang='lat' dir='ltr'><strong>homine</strong></span> <span class='ocrx_word' id='word_1_61' title='bbox 1151 901 1330 958; x_wconf 90' lang='lat' dir='ltr'><strong>latens</strong></span> <span class='ocrx_word' id='word_1_62' title='bbox 1357 904 1704 961; x_wconf 84' lang='lat' dir='ltr'><strong>credentibus</strong></span> <span class='ocrx_word' id='word_1_63' title='bbox 1735 909 1940 977; x_wconf 88' lang='lat' dir='ltr'><strong>pande-</strong></span> 
     </span>
    </p>
   </div>
   <div class='ocr_carea' id='block_1_10' title="bbox 316 993 1942 1063">
    <p class='ocr_par' dir='ltr' id='par_1_10' title="bbox 316 993 1942 1063">
     <span class='ocr_line' id='line_1_10' title="bbox 316 993 1942 1063; baseline 0.005 -16"><span class='ocrx_word' id='word_1_64' title='bbox 316 1003 505 1049; x_wconf 81' lang='lat' dir='ltr'><strong>retur.</strong></span> <span class='ocrx_word' id='word_1_65' title='bbox 542 993 811 1063; x_wconf 81' lang='lat' dir='ltr'><strong>Alioquin</strong></span> <span class='ocrx_word' id='word_1_66' title='bbox 852 1008 1053 1049; x_wconf 88' lang='lat' dir='ltr'><strong>novum</strong></span> <span class='ocrx_word' id='word_1_67' title='bbox 1078 1010 1183 1049; x_wconf 92' lang='lat' dir='ltr'><strong>non</strong></span> <span class='ocrx_word' id='word_1_68' title='bbox 1209 1003 1379 1061; x_wconf 85' lang='lat' dir='ltr'><strong>esset,</strong></span> <span class='ocrx_word' id='word_1_69' title='bbox 1405 996 1508 1051; x_wconf 87' lang='lat' dir='ltr'><strong>nisi</strong></span> <span class='ocrx_word' id='word_1_70' title='bbox 1551 1006 1741 1054; x_wconf 81' lang='lat' dir='ltr'><strong>contra</strong></span> <span class='ocrx_word' id='word_1_71' title='bbox 1785 1009 1942 1056; x_wconf 86' lang='lat' dir='ltr'><strong>natu-</strong></span> 
     </span>
    </p>
   </div>
   <div class='ocr_carea' id='block_1_11' title="bbox 314 1082 1937 1155">
    <p class='ocr_par' dir='ltr' id='par_1_11' title="bbox 314 1082 1937 1155">
     <span class='ocr_line' id='line_1_11' title="bbox 314 1082 1937 1155; baseline 0.006 -18"><span class='ocrx_word' id='word_1_72' title='bbox 314 1098 473 1147; x_wconf 83' lang='lat' dir='ltr'><strong>ram,</strong></span> <span class='ocrx_word' id='word_1_73' title='bbox 511 1083 628 1138; x_wconf 89' lang='lat' dir='ltr'><strong>imo</strong></span> <span class='ocrx_word' id='word_1_74' title='bbox 667 1082 810 1137; x_wconf 91' lang='lat' dir='ltr'><strong>ultra</strong></span> <span class='ocrx_word' id='word_1_75' title='bbox 858 1092 1111 1138; x_wconf 88' lang='lat' dir='ltr'><strong>naturam</strong></span> <span class='ocrx_word' id='word_1_76' title='bbox 1143 1084 1295 1155; x_wconf 88' lang='lat' dir='ltr'><strong>virgo</strong></span> <span class='ocrx_word' id='word_1_77' title='bbox 1340 1083 1511 1141; x_wconf 88' lang='lat' dir='ltr'><strong>Deum</strong></span> <span class='ocrx_word' id='word_1_78' title='bbox 1553 1097 1610 1143; x_wconf 92' lang='lat' dir='ltr'><strong>et</strong></span> <span class='ocrx_word' id='word_1_79' title='bbox 1662 1088 1937 1146; x_wconf 85' lang='lat' dir='ltr'><strong>hominem</strong></span> 
     </span>
    </p>
   </div>
   <div class='ocr_carea' id='block_1_12' title="bbox 314 1173 1936 1255">
    <p class='ocr_par' dir='ltr' id='par_1_12' title="bbox 314 1173 1936 1255">
     <span class='ocr_line' id='line_1_12' title="bbox 314 1173 1936 1255; baseline 0.007 -27"><span class='ocrx_word' id='word_1_80' title='bbox 314 1174 452 1228; x_wconf 86' lang='lat' dir='ltr'><strong>sine</strong></span> <span class='ocrx_word' id='word_1_81' title='bbox 496 1173 652 1228; x_wconf 90' lang='lat' dir='ltr'><strong>coitu</strong></span> <span class='ocrx_word' id='word_1_82' title='bbox 720 1174 1017 1244; x_wconf 80' lang='lat' dir='ltr'><strong>genuisset.</strong></span> <span class='ocrx_word' id='word_1_83' title='bbox 1082 1177 1391 1232; x_wconf 80' lang='lat' dir='ltr'><strong>Assumitur</strong></span> <span class='ocrx_word' id='word_1_84' title='bbox 1455 1195 1691 1251; x_wconf 87' lang='lat' dir='ltr'><strong>namque</strong></span> <span class='ocrx_word' id='word_1_85' title='bbox 1737 1180 1936 1255; x_wconf 84' lang='lat' dir='ltr'><strong>Joseph</strong></span> 
     </span>
    </p>
   </div>
   <div class='ocr_carea' id='block_1_13' title="bbox 312 1265 1932 1339">
    <p class='ocr_par' dir='ltr' id='par_1_13' title="bbox 312 1265 1932 1339">
     <span class='ocr_line' id='line_1_13' title="bbox 312 1265 1932 1339; baseline 0.007 -20"><span class='ocrx_word' id='word_1_86' title='bbox 312 1281 570 1335; x_wconf 81' lang='lat' dir='ltr'><strong>sponsus</strong></span> <span class='ocrx_word' id='word_1_87' title='bbox 594 1265 778 1321; x_wconf 87' lang='lat' dir='ltr'><strong>adhuc</strong></span> <span class='ocrx_word' id='word_1_88' title='bbox 824 1265 931 1321; x_wconf 90' lang='lat' dir='ltr'><strong>alia</strong></span> <span class='ocrx_word' id='word_1_89' title='bbox 966 1281 1034 1322; x_wconf 77' lang='lat' dir='ltr'><strong>ex</strong></span> <span class='ocrx_word' id='word_1_90' title='bbox 1073 1282 1234 1323; x_wconf 87' lang='lat' dir='ltr'><strong>causa</strong></span> <span class='ocrx_word' id='word_1_91' title='bbox 1278 1268 1427 1325; x_wconf 88' lang='lat' dir='ltr'><strong>velut</strong></span> <span class='ocrx_word' id='word_1_92' title='bbox 1479 1271 1633 1328; x_wconf 88' lang='lat' dir='ltr'><strong>testis</strong></span> <span class='ocrx_word' id='word_1_93' title='bbox 1674 1273 1932 1339; x_wconf 84' lang='lat' dir='ltr'><strong>idoneus;</strong></span> 
     </span>
    </p>
   </div>
   <div class='ocr_carea' id='block_1_14' title="bbox 314 1354 1938 1434">
    <p class='ocr_par' dir='ltr' id='par_1_14' title="bbox 314 1354 1938 1434">
     <span class='ocr_line' id='line_1_14' title="bbox 314 1354 1938 1434; baseline 0.007 -25"><span class='ocrx_word' id='word_1_94' title='bbox 314 1371 442 1410; x_wconf 86' lang='lat' dir='ltr'><strong>non</strong></span> <span class='ocrx_word' id='word_1_95' title='bbox 489 1354 671 1410; x_wconf 85' lang='lat' dir='ltr'><strong>solum</strong></span> <span class='ocrx_word' id='word_1_96' title='bbox 725 1364 784 1408; x_wconf 90' lang='lat' dir='ltr'><strong>ut</strong></span> <span class='ocrx_word' id='word_1_97' title='bbox 837 1372 959 1411; x_wconf 88' lang='lat' dir='ltr'><strong>eam</strong></span> <span class='ocrx_word' id='word_1_98' title='bbox 1010 1367 1255 1413; x_wconf 81' lang='lat' dir='ltr'><strong>servaret</strong></span> <span class='ocrx_word' id='word_1_99' title='bbox 1306 1359 1569 1427; x_wconf 57' lang='lat' dir='ltr'><strong>illaesum,</strong></span> <span class='ocrx_word' id='word_1_100' title='bbox 1608 1363 1938 1434; x_wconf 71' lang='lat' dir='ltr'><strong>virginitatis</strong></span> 
     </span>
    </p>
   </div>
   <div class='ocr_carea' id='block_1_15' title="bbox 314 1450 1935 1522">
    <p class='ocr_par' dir='ltr' id='par_1_15' title="bbox 314 1450 1935 1522">
     <span class='ocr_line' id='line_1_15' title="bbox 314 1450 1935 1522; baseline 0.007 -19"><span class='ocrx_word' id='word_1_101' title='bbox 314 1450 547 1521; x_wconf 83' lang='lat' dir='ltr'><strong>pudore</strong></span> <span class='ocrx_word' id='word_1_102' title='bbox 577 1458 800 1505; x_wconf 88' lang='lat' dir='ltr'><strong>servato</strong></span> <span class='ocrx_word' id='word_1_103' title='bbox 824 1466 852 1505; x_wconf 89' lang='lat' dir='ltr'><strong>a</strong></span> <span class='ocrx_word' id='word_1_104' title='bbox 888 1450 1211 1522; x_wconf 88' lang='lat' dir='ltr'><strong>suspicionis</strong></span> <span class='ocrx_word' id='word_1_105' title='bbox 1250 1451 1473 1509; x_wconf 79' lang='lat' dir='ltr'><strong>infamia</strong></span> <span class='ocrx_word' id='word_1_106' title='bbox 1501 1474 1513 1508; x_wconf 94' lang='lat'><strong>:</strong></span> <span class='ocrx_word' id='word_1_107' title='bbox 1545 1471 1731 1512; x_wconf 89' lang='lat' dir='ltr'><strong>verum</strong></span> <span class='ocrx_word' id='word_1_108' title='bbox 1772 1459 1935 1515; x_wconf 87' lang='lat' dir='ltr'><strong>etiam</strong></span> 
     </span>
    </p>
   </div>
   <div class='ocr_carea' id='block_1_16' title="bbox 322 1547 1937 1625">
    <p class='ocr_par' dir='ltr' id='par_1_16' title="bbox 322 1547 1937 1625">
     <span class='ocr_line' id='line_1_16' title="bbox 322 1547 1937 1625; baseline 0.006 -24"><span class='ocrx_word' id='word_1_109' title='bbox 322 1564 407 1601; x_wconf 86' lang='lat' dir='ltr'><strong>ne</strong></span> <span class='ocrx_word' id='word_1_110' title='bbox 428 1547 737 1616; x_wconf 76' lang='lat' dir='ltr'><strong>virginibus</strong></span> <span class='ocrx_word' id='word_1_111' title='bbox 760 1547 1007 1605; x_wconf 81' lang='lat' dir='ltr'><strong>velamen</strong></span> <span class='ocrx_word' id='word_1_112' title='bbox 1047 1552 1410 1608; x_wconf 76' lang='lat' dir='ltr'><strong>excusationis</strong></span> <span class='ocrx_word' id='word_1_113' title='bbox 1431 1556 1608 1620; x_wconf 88' lang='lat' dir='ltr'><strong>ﬁeret,</strong></span> <span class='ocrx_word' id='word_1_114' title='bbox 1634 1556 1776 1625; x_wconf 89' lang='lat' dir='ltr'><strong>quod</strong></span> <span class='ocrx_word' id='word_1_115' title='bbox 1817 1572 1937 1610; x_wconf 85' lang='lat' dir='ltr'><strong>ma-</strong></span> 
     </span>
    </p>
   </div>
   <div class='ocr_carea' id='block_1_17' title="bbox 335 1640 1938 1719">
    <p class='ocr_par' dir='ltr' id='par_1_17' title="bbox 335 1640 1938 1719">
     <span class='ocr_line' id='line_1_17' title="bbox 335 1640 1938 1719; baseline 0.006 -26"><span class='ocrx_word' id='word_1_116' title='bbox 335 1648 433 1694; x_wconf 86' lang='lat' dir='ltr'><strong>ter</strong></span> <span class='ocrx_word' id='word_1_117' title='bbox 462 1640 670 1695; x_wconf 86' lang='lat' dir='ltr'><strong>Domini</strong></span> <span class='ocrx_word' id='word_1_118' title='bbox 695 1641 1018 1698; x_wconf 84' lang='lat' dir='ltr'><strong>criminibus</strong></span> <span class='ocrx_word' id='word_1_119' title='bbox 1041 1642 1206 1699; x_wconf 84' lang='lat' dir='ltr'><strong>fuerit</strong></span> <span class='ocrx_word' id='word_1_120' title='bbox 1242 1643 1520 1701; x_wconf 86' lang='lat' dir='ltr'><strong>infamata.</strong></span> <span class='ocrx_word' id='word_1_121' title='bbox 1543 1646 1652 1719; x_wconf 80' lang='lat'><strong>95</strong></span> <span class='ocrx_word' id='word_1_122' title='bbox 1691 1647 1828 1704; x_wconf 86' lang='lat' dir='ltr'><strong>Hinc</strong></span> <span class='ocrx_word' id='word_1_123' title='bbox 1852 1657 1938 1703; x_wconf 84' lang='lat' dir='ltr'><strong>est</strong></span> 
     </span>
    </p>
   </div>
   <div class='ocr_carea' id='block_1_18' title="bbox 324 1732 1938 1804">
    <p class='ocr_par' dir='ltr' id='par_1_18' title="bbox 324 1732 1938 1804">
     <span class='ocr_line' id='line_1_18' title="bbox 324 1732 1938 1804; baseline 0.006 -17"><span class='ocrx_word' id='word_1_124' title='bbox 324 1734 485 1802; x_wconf 83' lang='lat' dir='ltr'><strong>quod</strong></span> <span class='ocrx_word' id='word_1_125' title='bbox 514 1734 669 1787; x_wconf 86' lang='lat' dir='ltr'><strong>testis</strong></span> <span class='ocrx_word' id='word_1_126' title='bbox 698 1732 919 1804; x_wconf 89' lang='lat' dir='ltr'><strong>eligitur</strong></span> <span class='ocrx_word' id='word_1_127' title='bbox 938 1735 1227 1802; x_wconf 88' lang='lat' dir='ltr'><strong>castitatis,</strong></span> <span class='ocrx_word' id='word_1_128' title='bbox 1249 1745 1307 1791; x_wconf 91' lang='lat' dir='ltr'><strong>et</strong></span> <span class='ocrx_word' id='word_1_129' title='bbox 1331 1739 1620 1795; x_wconf 80' lang='lat' dir='ltr'><strong>adhibetur</strong></span> <span class='ocrx_word' id='word_1_130' title='bbox 1649 1740 1791 1795; x_wconf 83' lang='lat' dir='ltr'><strong>velut</strong></span> <span class='ocrx_word' id='word_1_131' title='bbox 1824 1757 1938 1796; x_wconf 89' lang='lat' dir='ltr'><strong>ma-</strong></span> 
     </span>
    </p>
   </div>
   <div class='ocr_carea' id='block_1_19' title="bbox 323 1803 2015 1903">
    <p class='ocr_par' dir='ltr' id='par_1_19' title="bbox 323 1803 2015 1903">
     <span class='ocr_line' id='line_1_19' title="bbox 323 1803 2015 1903; baseline 0.005 -23"><span class='ocrx_word' id='word_1_132' title='bbox 323 1824 474 1880; x_wconf 85' lang='lat' dir='ltr'><strong>ritus</strong></span> <span class='ocrx_word' id='word_1_133' title='bbox 520 1825 614 1894; x_wconf 89' lang='lat' dir='ltr'><strong>qui</strong></span> <span class='ocrx_word' id='word_1_134' title='bbox 655 1803 834 1894; x_wconf 75' lang='lat' dir='ltr'><strong>posSit</strong></span> <span class='ocrx_word' id='word_1_135' title='bbox 881 1835 1077 1881; x_wconf 89' lang='lat' dir='ltr'><strong>cuncta</strong></span> <span class='ocrx_word' id='word_1_136' title='bbox 1101 1828 1431 1899; x_wconf 76' lang='lat' dir='ltr'><strong>virginitatis</strong></span> <span class='ocrx_word' id='word_1_137' title='bbox 1462 1830 1707 1886; x_wconf 80' lang='lat' dir='ltr'><strong>refellere</strong></span> <span class='ocrx_word' id='word_1_138' title='bbox 1746 1849 1939 1903; x_wconf 85' lang='lat' dir='ltr'><strong>oppro-</strong></span> <span class='ocrx_word' id='word_1_139' title='bbox 1967 1803 2015 1864; x_wconf 70' lang='grc' dir='ltr'>Β</span> 
     </span>
    </p>
   </div>
   <div class='ocr_carea' id='block_1_20' title="bbox 288 1898 1934 1992">
    <p class='ocr_par' dir='ltr' id='par_1_20' title="bbox 288 1898 1934 1992">
     <span class='ocr_line' id='line_1_20' title="bbox 288 1898 1934 1992; baseline 0.007 -21"><span class='ocrx_word' id='word_1_140' title='bbox 288 1898 293 1899; x_wconf 14' lang='lat'><em>7</em></span> <span class='ocrx_word' id='word_1_141' title='bbox 323 1915 472 1981; x_wconf 83' lang='lat' dir='ltr'><strong>bria,</strong></span> <span class='ocrx_word' id='word_1_142' title='bbox 499 1926 556 1970; x_wconf 87' lang='lat' dir='ltr'><strong>et</strong></span> <span class='ocrx_word' id='word_1_143' title='bbox 603 1916 835 1972; x_wconf 84' lang='lat' dir='ltr'><strong>celando</strong></span> <span class='ocrx_word' id='word_1_144' title='bbox 862 1928 1145 1991; x_wconf 77' lang='lat' dir='ltr'><strong>protegere</strong></span> <span class='ocrx_word' id='word_1_145' title='bbox 1175 1898 1540 1992; x_wconf 70' lang='lat' dir='ltr'><strong>puerperium,</strong></span> <span class='ocrx_word' id='word_1_146' title='bbox 1584 1924 1796 1981; x_wconf 86' lang='lat' dir='ltr'><strong>etiamsi</strong></span> <span class='ocrx_word' id='word_1_147' title='bbox 1830 1943 1934 1983; x_wconf 90' lang='lat' dir='ltr'><strong>non</strong></span> 
     </span>
    </p>
   </div>
   <div class='ocr_carea' id='block_1_21' title="bbox 332 2016 1933 2093">
    <p class='ocr_par' dir='ltr' id='par_1_21' title="bbox 332 2016 1933 2093">
     <span class='ocr_line' id='line_1_21' title="bbox 332 2016 1933 2093; baseline 0.006 -26"><span class='ocrx_word' id='word_1_148' title='bbox 332 2023 658 2083; x_wconf 75' lang='lat' dir='ltr'><strong>agnosceret</strong></span> <span class='ocrx_word' id='word_1_149' title='bbox 706 2023 1132 2071; x_wconf 82' lang='lat' dir='ltr'><strong>sacramentum.</strong></span> <span class='ocrx_word' id='word_1_150' title='bbox 1192 2016 1328 2084; x_wconf 85' lang='lat' dir='ltr'><strong>Quia</strong></span> <span class='ocrx_word' id='word_1_151' title='bbox 1368 2018 1647 2088; x_wconf 72' lang='lat' dir='ltr'><strong>prtemium</strong></span> <span class='ocrx_word' id='word_1_152' title='bbox 1697 2020 1933 2093; x_wconf 85' lang='lat' dir='ltr'><strong>conjugii</strong></span> 
     </span>
    </p>
   </div>
   <div class='ocr_carea' id='block_1_22' title="bbox 336 2103 1937 2174">
    <p class='ocr_par' dir='ltr' id='par_1_22' title="bbox 336 2103 1937 2174">
     <span class='ocr_line' id='line_1_22' title="bbox 336 2103 1937 2174; baseline 0.007 -17"><span class='ocrx_word' id='word_1_153' title='bbox 336 2115 519 2174; x_wconf 82' lang='lat' dir='ltr'><strong>partus</strong></span> <span class='ocrx_word' id='word_1_154' title='bbox 545 2114 635 2161; x_wconf 88' lang='lat' dir='ltr'><strong>est</strong></span> <span class='ocrx_word' id='word_1_155' title='bbox 683 2103 1034 2161; x_wconf 74' lang='lat' dir='ltr'><strong>feminarum.</strong></span> <span class='ocrx_word' id='word_1_156' title='bbox 1066 2106 1219 2163; x_wconf 87' lang='lat' dir='ltr'><strong>Unde</strong></span> <span class='ocrx_word' id='word_1_157' title='bbox 1266 2109 1396 2164; x_wconf 91' lang='lat' dir='ltr'><strong>nulli</strong></span> <span class='ocrx_word' id='word_1_158' title='bbox 1449 2111 1608 2166; x_wconf 87' lang='lat' dir='ltr'><strong>datus</strong></span> <span class='ocrx_word' id='word_1_159' title='bbox 1659 2125 1744 2168; x_wconf 92' lang='lat' dir='ltr'><strong>est</strong></span> <span class='ocrx_word' id='word_1_160' title='bbox 1785 2113 1937 2169; x_wconf 89' lang='lat' dir='ltr'><strong>locus</strong></span> 
     </span>
    </p>
   </div>
   <div class='ocr_carea' id='block_1_23' title="bbox 276 2198 1939 2274">
    <p class='ocr_par' dir='ltr' id='par_1_23' title="bbox 276 2198 1939 2274">
     <span class='ocr_line' id='line_1_23' title="bbox 276 2198 1939 2274; baseline 0.006 -22"><span class='ocrx_word' id='word_1_161' title='bbox 276 2205 307 2233; x_wconf 73' lang='grc'><strong><em>⁸</em></strong></span> <span class='ocrx_word' id='word_1_162' title='bbox 343 2199 643 2255; x_wconf 79' lang='lat' dir='ltr'><strong>mentiendi</strong></span> <span class='ocrx_word' id='word_1_163' title='bbox 691 2213 760 2254; x_wconf 79' lang='lat' dir='ltr'><strong>ex</strong></span> <span class='ocrx_word' id='word_1_164' title='bbox 785 2215 872 2265; x_wconf 89' lang='lat' dir='ltr'><strong>eo,</strong></span> <span class='ocrx_word' id='word_1_165' title='bbox 906 2200 1032 2270; x_wconf 87' lang='lat' dir='ltr'><strong>quia</strong></span> <span class='ocrx_word' id='word_1_166' title='bbox 1063 2200 1349 2272; x_wconf 75' lang='lat' dir='ltr'><strong>virginitas</strong></span> <span class='ocrx_word' id='word_1_167' title='bbox 1384 2198 1708 2274; x_wconf 85' lang='lat' dir='ltr'><strong>desponsata</strong></span> <span class='ocrx_word' id='word_1_168' title='bbox 1756 2207 1939 2262; x_wconf 85' lang='lat' dir='ltr'><strong>erimi-</strong></span> 
     </span>
    </p>
   </div>
   <div class='ocr_carea' id='block_1_24' title="bbox 348 2294 1933 2363">
    <p class='ocr_par' dir='ltr' id='par_1_24' title="bbox 348 2294 1933 2363">
     <span class='ocr_line' id='line_1_24' title="bbox 348 2294 1933 2363; baseline 0.006 -16"><span class='ocrx_word' id='word_1_169' title='bbox 348 2295 450 2348; x_wconf 85' lang='lat' dir='ltr'><strong>nari</strong></span> <span class='ocrx_word' id='word_1_170' title='bbox 478 2310 595 2349; x_wconf 91' lang='lat' dir='ltr'><strong>non</strong></span> <span class='ocrx_word' id='word_1_171' title='bbox 616 2294 798 2363; x_wconf 88' lang='lat' dir='ltr'><strong>potuit</strong></span> <span class='ocrx_word' id='word_1_172' title='bbox 825 2311 881 2351; x_wconf 89' lang='lat' dir='ltr'><strong>se</strong></span> <span class='ocrx_word' id='word_1_173' title='bbox 907 2295 1266 2352; x_wconf 90' lang='lat' dir='ltr'><strong>obumbrasse</strong></span> <span class='ocrx_word' id='word_1_174' title='bbox 1286 2299 1592 2363; x_wconf 90' lang='lat' dir='ltr'><strong>mendacio,</strong></span> <span class='ocrx_word' id='word_1_175' title='bbox 1624 2300 1750 2354; x_wconf 91' lang='lat' dir='ltr'><strong>dum</strong></span> <span class='ocrx_word' id='word_1_176' title='bbox 1779 2303 1933 2357; x_wconf 85' lang='lat' dir='ltr'><strong>testis</strong></span> 
     </span>
    </p>
   </div>
   <div class='ocr_carea' id='block_1_25' title="bbox 352 2386 1933 2462">
    <p class='ocr_par' dir='ltr' id='par_1_25' title="bbox 352 2386 1933 2462">
     <span class='ocr_line' id='line_1_25' title="bbox 352 2386 1933 2462; baseline 0.007 -23"><span class='ocrx_word' id='word_1_177' title='bbox 352 2387 641 2442; x_wconf 80' lang='lat' dir='ltr'><strong>assumitur</strong></span> <span class='ocrx_word' id='word_1_178' title='bbox 661 2386 951 2453; x_wconf 86' lang='lat' dir='ltr'><strong>castitatis,</strong></span> <span class='ocrx_word' id='word_1_179' title='bbox 977 2396 1031 2442; x_wconf 90' lang='lat' dir='ltr'><strong>et</strong></span> <span class='ocrx_word' id='word_1_180' title='bbox 1060 2404 1221 2459; x_wconf 86' lang='lat' dir='ltr'><strong>super</strong></span> <span class='ocrx_word' id='word_1_181' title='bbox 1245 2405 1368 2445; x_wconf 88' lang='lat' dir='ltr'><strong>eum</strong></span> <span class='ocrx_word' id='word_1_182' title='bbox 1405 2391 1618 2462; x_wconf 86' lang='lat' dir='ltr'><strong>eloquia</strong></span> <span class='ocrx_word' id='word_1_183' title='bbox 1640 2395 1933 2451; x_wconf 84' lang='lat' dir='ltr'><strong>concinnat</strong></span> 
     </span>
    </p>
   </div>
   <div class='ocr_carea' id='block_1_26' title="bbox 353 2480 1933 2556">
    <p class='ocr_par' dir='ltr' id='par_1_26' title="bbox 353 2480 1933 2556">
     <span class='ocr_line' id='line_1_26' title="bbox 353 2480 1933 2556; baseline 0.008 -23"><span class='ocrx_word' id='word_1_184' title='bbox 353 2480 752 2551; x_wconf 83' lang='lat' dir='ltr'><strong>prophetarum,</strong></span> <span class='ocrx_word' id='word_1_185' title='bbox 792 2480 881 2537; x_wconf 90' lang='lat' dir='ltr'><strong>ubi</strong></span> <span class='ocrx_word' id='word_1_186' title='bbox 930 2481 1244 2554; x_wconf 85' lang='lat' dir='ltr'><strong>angelorum</strong></span> <span class='ocrx_word' id='word_1_187' title='bbox 1291 2485 1604 2543; x_wconf 90' lang='lat' dir='ltr'><strong>discurrunt</strong></span> <span class='ocrx_word' id='word_1_188' title='bbox 1644 2488 1850 2556; x_wconf 87' lang='lat' dir='ltr'><strong>ofﬁcia,</strong></span> <span class='ocrx_word' id='word_1_189' title='bbox 1877 2499 1933 2546; x_wconf 90' lang='lat' dir='ltr'><strong>et</strong></span> 
     </span>
    </p>
   </div>
   <div class='ocr_carea' id='block_1_27' title="bbox 351 2572 1928 2651">
    <p class='ocr_par' dir='ltr' id='par_1_27' title="bbox 351 2572 1928 2651">
     <span class='ocr_line' id='line_1_27' title="bbox 351 2572 1928 2651; baseline 0.007 -25"><span class='ocrx_word' id='word_1_190' title='bbox 351 2572 662 2627; x_wconf 87' lang='lat' dir='ltr'><strong>conﬁrmant</strong></span> <span class='ocrx_word' id='word_1_191' title='bbox 691 2573 860 2627; x_wconf 86' lang='lat' dir='ltr'><strong>Deum</strong></span> <span class='ocrx_word' id='word_1_192' title='bbox 890 2582 1074 2628; x_wconf 90' lang='lat' dir='ltr'><strong>natum</strong></span> <span class='ocrx_word' id='word_1_193' title='bbox 1113 2575 1166 2629; x_wconf 93' lang='lat' dir='ltr'><strong>in</strong></span> <span class='ocrx_word' id='word_1_194' title='bbox 1215 2591 1386 2646; x_wconf 89' lang='lat' dir='ltr'><strong>puero</strong></span> <span class='ocrx_word' id='word_1_195' title='bbox 1422 2593 1611 2634; x_wconf 91' lang='lat' dir='ltr'><strong>eorum</strong></span> <span class='ocrx_word' id='word_1_196' title='bbox 1641 2583 1928 2651; x_wconf 70' lang='lat' dir='ltr'><strong>prteconia.</strong></span> 
     </span>
    </p>
   </div>
   <div class='ocr_carea' id='block_1_28' title="bbox 346 2662 1931 2744">
    <p class='ocr_par' dir='ltr' id='par_1_28' title="bbox 346 2662 1931 2744">
     <span class='ocr_line' id='line_1_28' title="bbox 346 2662 1931 2744; baseline 0.009 -27"><span class='ocrx_word' id='word_1_197' title='bbox 346 2662 499 2729; x_wconf 84' lang='lat' dir='ltr'><strong>Dum,</strong></span> <span class='ocrx_word' id='word_1_198' title='bbox 521 2664 677 2721; x_wconf 86' lang='lat' dir='ltr'><strong>stella</strong></span> <span class='ocrx_word' id='word_1_199' title='bbox 702 2665 863 2731; x_wconf 90' lang='lat' dir='ltr'><strong>duce,</strong></span> <span class='ocrx_word' id='word_1_200' title='bbox 884 2666 987 2722; x_wconf 87' lang='lat' dir='ltr'><strong>hoc</strong></span> <span class='ocrx_word' id='word_1_201' title='bbox 1017 2668 1188 2737; x_wconf 91' lang='lat' dir='ltr'><strong>ipsum</strong></span> <span class='ocrx_word' id='word_1_202' title='bbox 1215 2677 1479 2726; x_wconf 84' lang='lat' dir='ltr'><strong>testantur</strong></span> <span class='ocrx_word' id='word_1_203' title='bbox 1506 2688 1785 2744; x_wconf 87' lang='lat' dir='ltr'><strong>magorum</strong></span> <span class='ocrx_word' id='word_1_204' title='bbox 1814 2691 1931 2730; x_wconf 88' lang='lat' dir='ltr'><strong>mu-</strong></span> 
     </span>
    </p>
   </div>
   <div class='ocr_carea' id='block_1_29' title="bbox 340 2760 1933 2830">
    <p class='ocr_par' dir='ltr' id='par_1_29' title="bbox 340 2760 1933 2830">
     <span class='ocr_line' id='line_1_29' title="bbox 340 2760 1933 2830; baseline 0.008 -19"><span class='ocrx_word' id='word_1_205' title='bbox 340 2771 491 2820; x_wconf 86' lang='lat' dir='ltr'><strong>nera,</strong></span> <span class='ocrx_word' id='word_1_206' title='bbox 521 2765 577 2813; x_wconf 91' lang='lat' dir='ltr'><strong>et</strong></span> <span class='ocrx_word' id='word_1_207' title='bbox 599 2767 899 2828; x_wconf 78' lang='lat' dir='ltr'><strong>pastorum,</strong></span> <span class='ocrx_word' id='word_1_208' title='bbox 936 2767 995 2813; x_wconf 87' lang='lat' dir='ltr'><strong>ut</strong></span> <span class='ocrx_word' id='word_1_209' title='bbox 1023 2760 1338 2830; x_wconf 63' lang='lat' dir='ltr'><strong>praedictum</strong></span> <span class='ocrx_word' id='word_1_210' title='bbox 1374 2761 1574 2830; x_wconf 85' lang='lat' dir='ltr'><strong>fuerat,</strong></span> <span class='ocrx_word' id='word_1_211' title='bbox 1606 2766 1933 2823; x_wconf 87' lang='lat' dir='ltr'><strong>conﬁrmant</strong></span> 
     </span>
    </p>
   </div>
   <div class='ocr_carea' id='block_1_30' title="bbox 336 2848 1930 2923">
    <p class='ocr_par' dir='ltr' id='par_1_30' title="bbox 336 2848 1930 2923">
     <span class='ocr_line' id='line_1_30' title="bbox 336 2848 1930 2923; baseline 0.007 -21"><span class='ocrx_word' id='word_1_212' title='bbox 336 2849 659 2916; x_wconf 69' lang='lat' dir='ltr'><strong>pne-cordia.</strong></span> <span class='ocrx_word' id='word_1_213' title='bbox 684 2848 909 2903; x_wconf 88' lang='lat' dir='ltr'><strong>Talibus</strong></span> <span class='ocrx_word' id='word_1_214' title='bbox 931 2848 1094 2918; x_wconf 81' lang='lat' dir='ltr'><strong>igitur</strong></span> <span class='ocrx_word' id='word_1_215' title='bbox 1120 2860 1173 2905; x_wconf 87' lang='lat' dir='ltr'><strong>et</strong></span> <span class='ocrx_word' id='word_1_216' title='bbox 1198 2851 1321 2908; x_wconf 89' lang='lat' dir='ltr'><strong>aliis</strong></span> <span class='ocrx_word' id='word_1_217' title='bbox 1348 2852 1722 2923; x_wconf 87' lang='lat' dir='ltr'><strong>hujuscemodi</strong></span> <span class='ocrx_word' id='word_1_218' title='bbox 1750 2860 1930 2914; x_wconf 88' lang='lat' dir='ltr'><strong>causis</strong></span> 
     </span>
    </p>
   </div>
   <div class='ocr_carea' id='block_1_31' title="bbox 333 2942 1931 3022">
    <p class='ocr_par' dir='ltr' id='par_1_31' title="bbox 333 2942 1931 3022">
     <span class='ocr_line' id='line_1_31' title="bbox 333 2942 1931 3022; baseline 0.009 -28"><span class='ocrx_word' id='word_1_219' title='bbox 333 2942 614 3010; x_wconf 84' lang='lat' dir='ltr'><strong>provisum</strong></span> <span class='ocrx_word' id='word_1_220' title='bbox 638 2952 723 2997; x_wconf 90' lang='lat' dir='ltr'><strong>est</strong></span> <span class='ocrx_word' id='word_1_221' title='bbox 743 2943 928 2999; x_wconf 86' lang='lat' dir='ltr'><strong>divino</strong></span> <span class='ocrx_word' id='word_1_222' title='bbox 950 2945 1201 3011; x_wconf 89' lang='lat' dir='ltr'><strong>consilio,</strong></span> <span class='ocrx_word' id='word_1_223' title='bbox 1226 2955 1285 3001; x_wconf 94' lang='lat' dir='ltr'><strong>ut</strong></span> <span class='ocrx_word' id='word_1_224' title='bbox 1313 2947 1380 3002; x_wconf 89' lang='lat' dir='ltr'><strong>de</strong></span> <span class='ocrx_word' id='word_1_225' title='bbox 1411 2949 1735 3019; x_wconf 81' lang='lat' dir='ltr'><strong>desponsata</strong></span> <span class='ocrx_word' id='word_1_226' title='bbox 1762 2953 1931 3022; x_wconf 87' lang='lat' dir='ltr'><strong>patris</strong></span> 
     </span>
    </p>
   </div>
   <div class='ocr_carea' id='block_1_32' title="bbox 333 3033 1931 3112">
    <p class='ocr_par' dir='ltr' id='par_1_32' title="bbox 333 3033 1931 3112">
     <span class='ocr_line' id='line_1_32' title="bbox 333 3033 1931 3112; baseline 0.01 -27"><span class='ocrx_word' id='word_1_227' title='bbox 333 3033 602 3102; x_wconf 82' lang='lat' dir='ltr'><strong>sapientia</strong></span> <span class='ocrx_word' id='word_1_228' title='bbox 638 3045 991 3101; x_wconf 88' lang='lat' dir='ltr'><strong>nasceretur;</strong></span> <span class='ocrx_word' id='word_1_229' title='bbox 1035 3036 1086 3091; x_wconf 90' lang='lat' dir='ltr'><strong>in</strong></span> <span class='ocrx_word' id='word_1_230' title='bbox 1112 3052 1217 3108; x_wconf 89' lang='lat' dir='ltr'><strong>qua</strong></span> <span class='ocrx_word' id='word_1_231' title='bbox 1243 3039 1366 3103; x_wconf 89' lang='lat' dir='ltr'><strong>sibi,</strong></span> <span class='ocrx_word' id='word_1_232' title='bbox 1392 3041 1531 3097; x_wconf 89' lang='lat' dir='ltr'><strong>sicut</strong></span> <span class='ocrx_word' id='word_1_233' title='bbox 1562 3058 1659 3112; x_wconf 87' lang='lat' dir='ltr'><strong>per</strong></span> <span class='ocrx_word' id='word_1_234' title='bbox 1686 3042 1931 3101; x_wconf 62' lang='lat' dir='ltr'><strong>Salomo«</strong></span> 
     </span>
    </p>
   </div>
   <div class='ocr_carea' id='block_1_33' title="bbox 330 3128 1926 3201">
    <p class='ocr_par' dir='ltr' id='par_1_33' title="bbox 330 3128 1926 3201">
     <span class='ocr_line' id='line_1_33' title="bbox 330 3128 1926 3201; baseline 0.008 -20"><span class='ocrx_word' id='word_1_235' title='bbox 330 3142 460 3183; x_wconf 84' lang='lat' dir='ltr'><strong>netu</strong></span> <span class='ocrx_word' id='word_1_236' title='bbox 524 3136 753 3184; x_wconf 80' lang='lat' dir='ltr'><strong>testatur</strong></span> <span class='ocrx_word' id='word_1_237' title='bbox 808 3146 822 3182; x_wconf 91' lang='lat'><strong>:</strong></span> <span class='ocrx_word' id='word_1_238' title='bbox 868 3128 1094 3184; x_wconf 83' lang='lat' dir='ltr'><strong>Domum</strong></span> <span class='ocrx_word' id='word_1_239' title='bbox 1154 3132 1435 3201; x_wconf 78' lang='lat' dir='ltr'><strong>wdiﬁcnvit</strong></span> <span class='ocrx_word' id='word_1_240' title='bbox 1465 3177 1478 3201; x_wconf 88' lang='lat'><strong>,</strong></span> <span class='ocrx_word' id='word_1_241' title='bbox 1533 3145 1580 3189; x_wconf 90' lang='lat' dir='ltr'><strong>et</strong></span> <span class='ocrx_word' id='word_1_242' title='bbox 1637 3136 1793 3191; x_wconf 79' lang='lat' dir='ltr'><strong>scidit</strong></span> <span class='ocrx_word' id='word_1_243' title='bbox 1835 3155 1926 3193; x_wconf 88' lang='lat' dir='ltr'><strong>eo-</strong></span> 
     </span>
    </p>
   </div>
   <div class='ocr_carea' id='block_1_34' title="bbox 328 3220 1927 3294">
    <p class='ocr_par' dir='ltr' id='par_1_34' title="bbox 328 3220 1927 3294">
     <span class='ocr_line' id='line_1_34' title="bbox 328 3220 1927 3294; baseline 0.008 -20"><span class='ocrx_word' id='word_1_244' title='bbox 328 3222 550 3278; x_wconf 74' lang='lat' dir='ltr'><strong>lanmas</strong></span> <span class='ocrx_word' id='word_1_245' title='bbox 578 3232 772 3293; x_wconf 77' lang='lat' dir='ltr'><strong>septem</strong></span> <span class='ocrx_word' id='word_1_246' title='bbox 801 3220 983 3294; x_wconf 84' lang='lat' dir='ltr'><strong>(Prov.</strong></span> <span class='ocrx_word' id='word_1_247' title='bbox 1033 3240 1110 3290; x_wconf 81' lang='lat' dir='ltr'><strong>ix,</strong></span> <span class='ocrx_word' id='word_1_248' title='bbox 1143 3225 1217 3291; x_wconf 86' lang='lat' dir='ltr'><strong>l).</strong></span> <span class='ocrx_word' id='word_1_249' title='bbox 1254 3224 1462 3294; x_wconf 80' lang='lat' dir='ltr'><strong>Quibus</strong></span> <span class='ocrx_word' id='word_1_250' title='bbox 1507 3244 1636 3283; x_wconf 85' lang='lat' dir='ltr'><strong>sane</strong></span> <span class='ocrx_word' id='word_1_251' title='bbox 1659 3229 1927 3287; x_wconf 89' lang='lat' dir='ltr'><strong>columnis</strong></span> 
     </span>
    </p>
   </div>
   <div class='ocr_carea' id='block_1_35' title="bbox 326 3315 1925 3385">
    <p class='ocr_par' dir='ltr' id='par_1_35' title="bbox 326 3315 1925 3385">
     <span class='ocr_line' id='line_1_35' title="bbox 326 3315 1925 3385; baseline 0.006 -15"><span class='ocrx_word' id='word_1_252' title='bbox 326 3315 521 3370; x_wconf 87' lang='lat' dir='ltr'><strong>omnis</strong></span> <span class='ocrx_word' id='word_1_253' title='bbox 541 3315 733 3370; x_wconf 91' lang='lat' dir='ltr'><strong>domus</strong></span> <span class='ocrx_word' id='word_1_254' title='bbox 760 3330 924 3385; x_wconf 88' lang='lat' dir='ltr'><strong>quam</strong></span> <span class='ocrx_word' id='word_1_255' title='bbox 964 3316 1066 3372; x_wconf 87' lang='lat' dir='ltr'><strong>sibi</strong></span> <span class='ocrx_word' id='word_1_256' title='bbox 1097 3317 1414 3382; x_wconf 67' lang='lat' dir='ltr'><strong>aediﬁcavit,</strong></span> <span class='ocrx_word' id='word_1_257' title='bbox 1446 3319 1697 3377; x_wconf 87' lang='lat' dir='ltr'><strong>videlicet</strong></span> <span class='ocrx_word' id='word_1_258' title='bbox 1737 3333 1925 3379; x_wconf 86' lang='lat' dir='ltr'><strong>sancta</strong></span> 
     </span>
    </p>
   </div>
   <div class='ocr_carea' id='block_1_36' title="bbox 326 3404 1925 3479">
    <p class='ocr_par' dir='ltr' id='par_1_36' title="bbox 326 3404 1925 3479">
     <span class='ocr_line' id='line_1_36' title="bbox 326 3404 1925 3479; baseline 0.004 -18"><span class='ocrx_word' id='word_1_259' title='bbox 326 3404 427 3461; x_wconf 84' lang='lat' dir='ltr'><strong>Dei</strong></span> <span class='ocrx_word' id='word_1_260' title='bbox 462 3405 705 3461; x_wconf 80' lang='lat' dir='ltr'><strong>Ecclesia</strong></span> <span class='ocrx_word' id='word_1_261' title='bbox 731 3448 746 3473; x_wconf 96' lang='lat'><strong>,</strong></span> <span class='ocrx_word' id='word_1_262' title='bbox 793 3415 907 3463; x_wconf 88' lang='lat' dir='ltr'><strong>toto</strong></span> <span class='ocrx_word' id='word_1_263' title='bbox 934 3409 1066 3463; x_wconf 87' lang='lat' dir='ltr'><strong>orbe</strong></span> <span class='ocrx_word' id='word_1_264' title='bbox 1097 3419 1360 3464; x_wconf 86' lang='lat' dir='ltr'><strong>terrarum</strong></span> <span class='ocrx_word' id='word_1_265' title='bbox 1391 3420 1747 3479; x_wconf 88' lang='lat' dir='ltr'><strong>sustentatur,</strong></span> <span class='ocrx_word' id='word_1_266' title='bbox 1774 3413 1925 3470; x_wconf 84' lang='lat' dir='ltr'><strong>fulci-</strong></span> 
     </span>
    </p>
   </div>
   <div class='ocr_carea' id='block_1_37' title="bbox 324 3494 1927 3575">
    <p class='ocr_par' dir='ltr' id='par_1_37' title="bbox 324 3494 1927 3575">
     <span class='ocr_line' id='line_1_37' title="bbox 324 3494 1927 3575; baseline 0.005 -24"><span class='ocrx_word' id='word_1_267' title='bbox 324 3505 425 3551; x_wconf 86' lang='lat' dir='ltr'><strong>tur</strong></span> <span class='ocrx_word' id='word_1_268' title='bbox 446 3511 519 3549; x_wconf 83' lang='lat' dir='ltr'><strong>ac</strong></span> <span class='ocrx_word' id='word_1_269' title='bbox 538 3494 759 3566; x_wconf 85' lang='lat' dir='ltr'><strong>regitur.</strong></span> <span class='ocrx_word' id='word_1_270' title='bbox 786 3495 853 3550; x_wconf 85' lang='lat' dir='ltr'><strong>Et</strong></span> <span class='ocrx_word' id='word_1_271' title='bbox 892 3498 1187 3553; x_wconf 87' lang='lat' dir='ltr'><strong>notandum</strong></span> <span class='ocrx_word' id='word_1_272' title='bbox 1235 3499 1379 3569; x_wconf 85' lang='lat' dir='ltr'><strong>quod</strong></span> <span class='ocrx_word' id='word_1_273' title='bbox 1418 3500 1558 3556; x_wconf 90' lang='lat' dir='ltr'><strong>idem</strong></span> <span class='ocrx_word' id='word_1_274' title='bbox 1593 3504 1685 3572; x_wconf 87' lang='lat' dir='ltr'><strong>qui</strong></span> <span class='ocrx_word' id='word_1_275' title='bbox 1714 3505 1781 3558; x_wconf 86' lang='lat' dir='ltr'><strong>de</strong></span> <span class='ocrx_word' id='word_1_276' title='bbox 1810 3504 1927 3575; x_wconf 86' lang='lat' dir='ltr'><strong>Spi-</strong></span> 
     </span>
    </p>
   </div>
   <div class='ocr_carea' id='block_1_38' title="bbox 326 3589 1922 3665">
    <p class='ocr_par' dir='ltr' id='par_1_38' title="bbox 326 3589 1922 3665">
     <span class='ocr_line' id='line_1_38' title="bbox 326 3589 1922 3665; baseline 0.004 -22"><span class='ocrx_word' id='word_1_277' title='bbox 326 3589 451 3643; x_wconf 83' lang='lat' dir='ltr'><strong>ritu</strong></span> <span class='ocrx_word' id='word_1_278' title='bbox 499 3597 688 3643; x_wconf 86' lang='lat' dir='ltr'><strong>sancto</strong></span> <span class='ocrx_word' id='word_1_279' title='bbox 734 3590 1059 3660; x_wconf 87' lang='lat' dir='ltr'><strong>concipitur,</strong></span> <span class='ocrx_word' id='word_1_280' title='bbox 1100 3590 1215 3662; x_wconf 90' lang='lat' dir='ltr'><strong>ipse</strong></span> <span class='ocrx_word' id='word_1_281' title='bbox 1266 3592 1367 3647; x_wconf 78' lang='lat' dir='ltr'><strong>sibi</strong></span> <span class='ocrx_word' id='word_1_282' title='bbox 1416 3594 1634 3649; x_wconf 87' lang='lat' dir='ltr'><strong>domum</strong></span> <span class='ocrx_word' id='word_1_283' title='bbox 1689 3597 1922 3665; x_wconf 89' lang='lat' dir='ltr'><strong>prinmm</strong></span> 
     </span>
    </p>
   </div>
   <div class='ocr_carea' id='block_1_39' title="bbox 320 3681 1928 3755">
    <p class='ocr_par' dir='ltr' id='par_1_39' title="bbox 320 3681 1928 3755">
     <span class='ocr_line' id='line_1_39' title="bbox 320 3681 1928 3755; baseline 0.001 -16"><span class='ocrx_word' id='word_1_284' title='bbox 320 3681 604 3747; x_wconf 83' lang='lat' dir='ltr'><strong>:editicat,</strong></span> <span class='ocrx_word' id='word_1_285' title='bbox 648 3692 697 3736; x_wconf 89' lang='lat' dir='ltr'><strong>ct</strong></span> <span class='ocrx_word' id='word_1_286' title='bbox 720 3682 877 3738; x_wconf 90' lang='lat' dir='ltr'><strong>scidit</strong></span> <span class='ocrx_word' id='word_1_287' title='bbox 927 3683 1207 3738; x_wconf 89' lang='lat' dir='ltr'><strong>columnas</strong></span> <span class='ocrx_word' id='word_1_288' title='bbox 1249 3693 1494 3755; x_wconf 87' lang='lat' dir='ltr'><strong>septem,</strong></span> <span class='ocrx_word' id='word_1_289' title='bbox 1537 3687 1675 3741; x_wconf 88' lang='lat' dir='ltr'><strong>dona</strong></span> <span class='ocrx_word' id='word_1_290' title='bbox 1719 3688 1928 3743; x_wconf 86' lang='lat' dir='ltr'><strong>scilicet</strong></span> 
     </span>
    </p>
   </div>
   <div class='ocr_carea' id='block_1_40' title="bbox 322 3775 1926 3851">
    <p class='ocr_par' dir='ltr' id='par_1_40' title="bbox 322 3775 1926 3851">
     <span class='ocr_line' id='line_1_40' title="bbox 322 3775 1926 3851; baseline 0.002 -18"><span class='ocrx_word' id='word_1_291' title='bbox 322 3775 520 3833; x_wconf 80' lang='lat' dir='ltr'><strong>sancti</strong></span> <span class='ocrx_word' id='word_1_292' title='bbox 552 3775 775 3846; x_wconf 88' lang='lat' dir='ltr'><strong>Spiritus</strong></span> <span class='ocrx_word' id='word_1_293' title='bbox 803 3793 871 3833; x_wconf 76' lang='lat' dir='ltr'><strong>ex</strong></span> <span class='ocrx_word' id='word_1_294' title='bbox 910 3794 1019 3848; x_wconf 90' lang='lat' dir='ltr'><strong>quo</strong></span> <span class='ocrx_word' id='word_1_295' title='bbox 1060 3778 1396 3848; x_wconf 87' lang='lat' dir='ltr'><strong>concipitur,</strong></span> <span class='ocrx_word' id='word_1_296' title='bbox 1444 3795 1540 3850; x_wconf 89' lang='lat' dir='ltr'><strong>per</strong></span> <span class='ocrx_word' id='word_1_297' title='bbox 1567 3795 1728 3851; x_wconf 89' lang='lat' dir='ltr'><strong>quem</strong></span> <span class='ocrx_word' id='word_1_298' title='bbox 1781 3782 1835 3835; x_wconf 94' lang='lat' dir='ltr'><strong>in</strong></span> <span class='ocrx_word' id='word_1_299' title='bbox 1866 3796 1926 3836; x_wconf 90' lang='lat' dir='ltr'><strong>sc</strong></span> 
     </span>
    </p>
   </div>
   <div class='ocr_carea' id='block_1_41' title="bbox 324 3872 1919 3945">
    <p class='ocr_par' dir='ltr' id='par_1_41' title="bbox 324 3872 1919 3945">
     <span class='ocr_line' id='line_1_41' title="bbox 324 3872 1919 3945; baseline 0.001 -17"><span class='ocrx_word' id='word_1_300' title='bbox 324 3873 630 3928; x_wconf 78' lang='lat' dir='ltr'><strong>credentes</strong></span> <span class='ocrx_word' id='word_1_301' title='bbox 658 3872 944 3926; x_wconf 88' lang='lat' dir='ltr'><strong>conﬁrmat</strong></span> <span class='ocrx_word' id='word_1_302' title='bbox 980 3887 1045 3927; x_wconf 93' lang='lat' dir='ltr'><strong>ac</strong></span> <span class='ocrx_word' id='word_1_303' title='bbox 1078 3873 1316 3937; x_wconf 88' lang='lat' dir='ltr'><strong>roborat,</strong></span> <span class='ocrx_word' id='word_1_304' title='bbox 1351 3880 1407 3928; x_wconf 89' lang='lat' dir='ltr'><strong>et</strong></span> <span class='ocrx_word' id='word_1_305' title='bbox 1447 3882 1740 3945; x_wconf 88' lang='lat' dir='ltr'><strong>perpetuos</strong></span> <span class='ocrx_word' id='word_1_306' title='bbox 1768 3873 1919 3929; x_wconf 81' lang='lat' dir='ltr'><strong>facit.</strong></span> 
     </span>
    </p>
   </div>
   <div class='ocr_carea' id='block_1_42' title="bbox 324 3963 1926 4035">
    <p class='ocr_par' dir='ltr' id='par_1_42' title="bbox 324 3963 1926 4035">
     <span class='ocr_line' id='line_1_42' title="bbox 324 3963 1926 4035; baseline 0.001 -17"><span class='ocrx_word' id='word_1_307' title='bbox 324 3963 497 4033; x_wconf 80' lang='lat' dir='ltr'><strong>Quod</strong></span> <span class='ocrx_word' id='word_1_308' title='bbox 525 3979 860 4034; x_wconf 76' lang='lat' dir='ltr'><strong>nequaquam</strong></span> <span class='ocrx_word' id='word_1_309' title='bbox 882 3966 1105 4020; x_wconf 89' lang='lat' dir='ltr'><strong>omnino</strong></span> <span class='ocrx_word' id='word_1_310' title='bbox 1128 3964 1351 4029; x_wconf 87' lang='lat' dir='ltr'><strong>faceret,</strong></span> <span class='ocrx_word' id='word_1_311' title='bbox 1386 3965 1489 4020; x_wconf 88' lang='lat' dir='ltr'><strong>nisi</strong></span> <span class='ocrx_word' id='word_1_312' title='bbox 1516 3964 1755 4035; x_wconf 82' lang='lat' dir='ltr'><strong>eiusdem</strong></span> <span class='ocrx_word' id='word_1_313' title='bbox 1779 3973 1926 4021; x_wconf 91' lang='lat' dir='ltr'><strong>esset</strong></span> 
     </span>
    </p>
   </div>
   <div class='ocr_carea' id='block_1_43' title="bbox 320 4055 1923 4130">
    <p class='ocr_par' dir='ltr' id='par_1_43' title="bbox 320 4055 1923 4130">
     <span class='ocr_line' id='line_1_43' title="bbox 320 4055 1923 4130; baseline 0 -18"><span class='ocrx_word' id='word_1_314' title='bbox 320 4056 624 4128; x_wconf 78' lang='lat' dir='ltr'><strong>potestatis</strong></span> <span class='ocrx_word' id='word_1_315' title='bbox 667 4072 789 4111; x_wconf 85' lang='lat' dir='ltr'><strong>cum</strong></span> <span class='ocrx_word' id='word_1_316' title='bbox 830 4055 993 4111; x_wconf 87' lang='lat' dir='ltr'><strong>Patre</strong></span> <span class='ocrx_word' id='word_1_317' title='bbox 1031 4066 1087 4112; x_wconf 91' lang='lat' dir='ltr'><strong>et</strong></span> <span class='ocrx_word' id='word_1_318' title='bbox 1136 4073 1258 4112; x_wconf 91' lang='lat' dir='ltr'><strong>cum</strong></span> <span class='ocrx_word' id='word_1_319' title='bbox 1301 4056 1508 4128; x_wconf 86' lang='lat' dir='ltr'><strong>Spiritu</strong></span> <span class='ocrx_word' id='word_1_320' title='bbox 1555 4067 1780 4124; x_wconf 87' lang='lat' dir='ltr'><strong>sancto,</strong></span> <span class='ocrx_word' id='word_1_321' title='bbox 1829 4058 1923 4130; x_wconf 93' lang='lat' dir='ltr'><strong>qui</strong></span> 
     </span>
    </p>
   </div>
   <div class='ocr_carea' id='block_1_44' title="bbox 318 4148 1925 4220">
    <p class='ocr_par' dir='ltr' id='par_1_44' title="bbox 318 4148 1925 4220">
     <span class='ocr_line' id='line_1_44' title="bbox 318 4148 1925 4220; baseline -0.001 -13"><span class='ocrx_word' id='word_1_322' title='bbox 318 4149 664 4219; x_wconf 77' lang='lat' dir='ltr'><strong>concipitur.</strong></span> <span class='ocrx_word' id='word_1_323' title='bbox 697 4149 763 4203; x_wconf 84' lang='lat' dir='ltr'><strong>Et</strong></span> <span class='ocrx_word' id='word_1_324' title='bbox 785 4150 907 4205; x_wconf 91' lang='lat' dir='ltr'><strong>ideo</strong></span> <span class='ocrx_word' id='word_1_325' title='bbox 937 4148 1039 4205; x_wconf 86' lang='lat' dir='ltr'><strong>sibi</strong></span> <span class='ocrx_word' id='word_1_326' title='bbox 1064 4149 1179 4220; x_wconf 89' lang='lat' dir='ltr'><strong>ipse</strong></span> <span class='ocrx_word' id='word_1_327' title='bbox 1216 4149 1497 4205; x_wconf 90' lang='lat' dir='ltr'><strong>columnas</strong></span> <span class='ocrx_word' id='word_1_328' title='bbox 1527 4149 1752 4206; x_wconf 90' lang='lat' dir='ltr'><strong>scidisse</strong></span> <span class='ocrx_word' id='word_1_329' title='bbox 1778 4159 1925 4207; x_wconf 86' lang='lat' dir='ltr'><strong>recte</strong></span> 
     </span>
    </p>
   </div>
   <div class='ocr_carea' id='block_1_45' title="bbox 318 4238 1924 4309">
    <p class='ocr_par' dir='ltr' id='par_1_45' title="bbox 318 4238 1924 4309">
     <span class='ocr_line' id='line_1_45' title="bbox 318 4238 1924 4309; baseline 0.001 -13"><span class='ocrx_word' id='word_1_330' title='bbox 318 4242 560 4303; x_wconf 86' lang='lat' dir='ltr'><strong>dicitur,</strong></span> <span class='ocrx_word' id='word_1_331' title='bbox 595 4240 723 4293; x_wconf 90' lang='lat' dir='ltr'><strong>dum</strong></span> <span class='ocrx_word' id='word_1_332' title='bbox 759 4240 949 4294; x_wconf 88' lang='lat' dir='ltr'><strong>eadem</strong></span> <span class='ocrx_word' id='word_1_333' title='bbox 1007 4248 1274 4309; x_wconf 87' lang='lat' dir='ltr'><strong>potestate</strong></span> <span class='ocrx_word' id='word_1_334' title='bbox 1321 4255 1447 4296; x_wconf 90' lang='lat' dir='ltr'><strong>cum</strong></span> <span class='ocrx_word' id='word_1_335' title='bbox 1494 4238 1655 4296; x_wconf 87' lang='lat' dir='ltr'><strong>Patre</strong></span> <span class='ocrx_word' id='word_1_336' title='bbox 1696 4256 1924 4297; x_wconf 88' lang='lat' dir='ltr'><strong>manens</strong></span> 
     </span>
    </p>
   </div>
   <div class='ocr_carea' id='block_1_46' title="bbox 316 4330 1924 4402">
    <p class='ocr_par' dir='ltr' id='par_1_46' title="bbox 316 4330 1924 4402">
     <span class='ocr_line' id='line_1_46' title="bbox 316 4330 1924 4402; baseline 0 -15"><span class='ocrx_word' id='word_1_337' title='bbox 316 4344 596 4396; x_wconf 63' lang='lat' dir='ltr'><strong>mternus,</strong></span> <span class='ocrx_word' id='word_1_338' title='bbox 640 4331 907 4386; x_wconf 87' lang='lat' dir='ltr'><strong>dedicavit</strong></span> <span class='ocrx_word' id='word_1_339' title='bbox 955 4330 1181 4386; x_wconf 78' lang='lat' dir='ltr'><strong>Mariam</strong></span> <span class='ocrx_word' id='word_1_340' title='bbox 1231 4342 1288 4386; x_wconf 90' lang='lat' dir='ltr'><strong>et</strong></span> <span class='ocrx_word' id='word_1_341' title='bbox 1320 4347 1418 4402; x_wconf 90' lang='lat' dir='ltr'><strong>per</strong></span> <span class='ocrx_word' id='word_1_342' title='bbox 1446 4347 1565 4387; x_wconf 85' lang='lat' dir='ltr'><strong>eam</strong></span> <span class='ocrx_word' id='word_1_343' title='bbox 1608 4332 1709 4389; x_wconf 89' lang='lat' dir='ltr'><strong>sibi</strong></span> <span class='ocrx_word' id='word_1_344' title='bbox 1753 4333 1924 4387; x_wconf 84' lang='lat' dir='ltr'><strong>univit</strong></span> 
     </span>
    </p>
   </div>
   <div class='ocr_carea' id='block_1_47' title="bbox 322 4424 1922 4496">
    <p class='ocr_par' dir='ltr' id='par_1_47' title="bbox 322 4424 1922 4496">
     <span class='ocr_line' id='line_1_47' title="bbox 322 4424 1922 4496; baseline -0.001 -14"><span class='ocrx_word' id='word_1_345' title='bbox 322 4425 678 4487; x_wconf 74' lang='lat' dir='ltr'><strong>Ecclesiam,</strong></span> <span class='ocrx_word' id='word_1_346' title='bbox 726 4425 812 4479; x_wconf 92' lang='lat' dir='ltr'><strong>cui</strong></span> <span class='ocrx_word' id='word_1_347' title='bbox 867 4434 1074 4494; x_wconf 87' lang='lat' dir='ltr'><strong>septem</strong></span> <span class='ocrx_word' id='word_1_348' title='bbox 1134 4425 1455 4496; x_wconf 89' lang='lat' dir='ltr'><strong>principalia</strong></span> <span class='ocrx_word' id='word_1_349' title='bbox 1499 4425 1637 4481; x_wconf 90' lang='lat' dir='ltr'><strong>dona</strong></span> <span class='ocrx_word' id='word_1_350' title='bbox 1687 4424 1922 4495; x_wconf 87' lang='lat' dir='ltr'><strong>Spiritus</strong></span> 
     </span>
    </p>
   </div>
   <div class='ocr_carea' id='block_1_48' title="bbox 314 4515 2001 4607">
    <p class='ocr_par' dir='ltr' id='par_1_48' title="bbox 314 4515 2001 4607">
     <span class='ocr_line' id='line_1_48' title="bbox 314 4515 2001 4607; baseline -0.001 -35"><span class='ocrx_word' id='word_1_351' title='bbox 314 4517 511 4572; x_wconf 83' lang='lat' dir='ltr'><strong>sancti</strong></span> <span class='ocrx_word' id='word_1_352' title='bbox 540 4515 740 4571; x_wconf 85' lang='lat' dir='ltr'><strong>divisit.</strong></span> <span class='ocrx_word' id='word_1_353' title='bbox 768 4516 1023 4587; x_wconf 79' lang='lat' dir='ltr'><strong>Alioquin</strong></span> <span class='ocrx_word' id='word_1_354' title='bbox 1058 4531 1178 4572; x_wconf 88' lang='lat' dir='ltr'><strong>eam</strong></span> <span class='ocrx_word' id='word_1_355' title='bbox 1206 4534 1313 4572; x_wconf 90' lang='lat' dir='ltr'><strong>non</strong></span> <span class='ocrx_word' id='word_1_356' title='bbox 1346 4517 1518 4573; x_wconf 91' lang='lat' dir='ltr'><strong>solum</strong></span> <span class='ocrx_word' id='word_1_357' title='bbox 1540 4518 1786 4589; x_wconf 83' lang='lat' dir='ltr'><strong>exemplo</strong></span> <span class='ocrx_word' id='word_1_358' title='bbox 1816 4517 1921 4572; x_wconf 86' lang='lat' dir='ltr'><strong>Su—</strong></span> <span class='ocrx_word' id='word_1_359' title='bbox 1951 4546 2001 4607; x_wconf 67' lang='grc' dir='ltr'><strong>Ι)</strong></span> 
     </span>
    </p>
   </div>
   <div class='ocr_carea' id='block_1_49' title="bbox 316 4611 1917 4679">
    <p class='ocr_par' dir='ltr' id='par_1_49' title="bbox 316 4611 1917 4679">
     <span class='ocr_line' id='line_1_49' title="bbox 316 4611 1917 4679; baseline -0.001 -12"><span class='ocrx_word' id='word_1_360' title='bbox 316 4625 527 4667; x_wconf 64' lang='lat' dir='ltr'><strong>zannte</strong></span> <span class='ocrx_word' id='word_1_361' title='bbox 553 4611 622 4665; x_wconf 91' lang='lat' dir='ltr'><strong>ad</strong></span> <span class='ocrx_word' id='word_1_362' title='bbox 665 4619 891 4666; x_wconf 91' lang='lat' dir='ltr'><strong>mortem</strong></span> <span class='ocrx_word' id='word_1_363' title='bbox 933 4611 1078 4667; x_wconf 85' lang='lat' dir='ltr'><strong>velut</strong></span> <span class='ocrx_word' id='word_1_364' title='bbox 1107 4612 1405 4667; x_wconf 89' lang='lat' dir='ltr'><strong>adulteram</strong></span> <span class='ocrx_word' id='word_1_365' title='bbox 1436 4614 1917 4679; x_wconf 88' lang='lat' dir='ltr'><strong>condemnassent;</strong></span> 
     </span>
    </p>
   </div>
   <div class='ocr_carea' id='block_1_50' title="bbox 316 4702 1923 4774">
    <p class='ocr_par' dir='ltr' id='par_1_50' title="bbox 316 4702 1923 4774">
     <span class='ocr_line' id='line_1_50' title="bbox 316 4702 1923 4774; baseline 0.004 -22"><span class='ocrx_word' id='word_1_366' title='bbox 316 4718 527 4759; x_wconf 74' lang='lat' dir='ltr'><strong>verum</strong></span> <span class='ocrx_word' id='word_1_367' title='bbox 557 4702 721 4757; x_wconf 87' lang='lat' dir='ltr'><strong>etiam</strong></span> <span class='ocrx_word' id='word_1_368' title='bbox 756 4702 1030 4759; x_wconf 88' lang='lat' dir='ltr'><strong>Christum</strong></span> <span class='ocrx_word' id='word_1_369' title='bbox 1064 4704 1221 4774; x_wconf 86' lang='lat' dir='ltr'><strong>quasi</strong></span> <span class='ocrx_word' id='word_1_370' title='bbox 1256 4705 1322 4760; x_wconf 85' lang='lat' dir='ltr'><strong>de</strong></span> <span class='ocrx_word' id='word_1_371' title='bbox 1367 4713 1555 4774; x_wconf 90' lang='lat' dir='ltr'><strong>stupro</strong></span> <span class='ocrx_word' id='word_1_372' title='bbox 1586 4714 1773 4759; x_wconf 90' lang='lat' dir='ltr'><strong>natum</strong></span> <span class='ocrx_word' id='word_1_373' title='bbox 1799 4702 1923 4773; x_wconf 85' lang='lat' dir='ltr'><strong>jure</strong></span> 
     </span>
    </p>
   </div>
   <div class='ocr_carea' id='block_1_51' title="bbox 318 4795 1922 4868">
    <p class='ocr_par' dir='ltr' id='par_1_51' title="bbox 318 4795 1922 4868">
     <span class='ocr_line' id='line_1_51' title="bbox 318 4795 1922 4868; baseline 0.001 -17"><span class='ocrx_word' id='word_1_374' title='bbox 318 4812 384 4851; x_wconf 79' lang='lat' dir='ltr'><strong>se</strong></span> <span class='ocrx_word' id='word_1_375' title='bbox 429 4795 710 4850; x_wconf 85' lang='lat' dir='ltr'><strong>occidisse</strong></span> <span class='ocrx_word' id='word_1_376' title='bbox 754 4797 1137 4852; x_wconf 84' lang='lat' dir='ltr'><strong>mentirentur.</strong></span> <span class='ocrx_word' id='word_1_377' title='bbox 1195 4795 1330 4852; x_wconf 87' lang='lat' dir='ltr'><strong>Hinc</strong></span> <span class='ocrx_word' id='word_1_378' title='bbox 1376 4812 1612 4868; x_wconf 87' lang='lat' dir='ltr'><strong>namque</strong></span> <span class='ocrx_word' id='word_1_379' title='bbox 1657 4807 1742 4854; x_wconf 91' lang='lat' dir='ltr'><strong>est</strong></span> <span class='ocrx_word' id='word_1_380' title='bbox 1777 4798 1922 4867; x_wconf 90' lang='lat' dir='ltr'><strong>quod</strong></span> 
     </span>
    </p>
   </div>
   <div class='ocr_carea' id='block_1_52' title="bbox 318 4885 1918 4960">
    <p class='ocr_par' dir='ltr' id='par_1_52' title="bbox 318 4885 1918 4960">
     <span class='ocr_line' id='line_1_52' title="bbox 318 4885 1918 4960; baseline 0.003 -19"><span class='ocrx_word' id='word_1_381' title='bbox 318 4886 556 4942; x_wconf 83' lang='lat' dir='ltr'><strong>interim</strong></span> <span class='ocrx_word' id='word_1_382' title='bbox 585 4885 783 4956; x_wconf 80' lang='lat' dir='ltr'><strong>Joseph</strong></span> <span class='ocrx_word' id='word_1_383' title='bbox 816 4903 952 4958; x_wconf 90' lang='lat' dir='ltr'><strong>pene</strong></span> <span class='ocrx_word' id='word_1_384' title='bbox 980 4889 1049 4944; x_wconf 88' lang='lat' dir='ltr'><strong>ab</strong></span> <span class='ocrx_word' id='word_1_385' title='bbox 1078 4889 1329 4944; x_wconf 89' lang='lat' dir='ltr'><strong>omnibus</strong></span> <span class='ocrx_word' id='word_1_386' title='bbox 1369 4900 1525 4960; x_wconf 87' lang='lat' dir='ltr'><strong>pater</strong></span> <span class='ocrx_word' id='word_1_387' title='bbox 1562 4892 1918 4957; x_wconf 88' lang='lat' dir='ltr'><strong>credebatur;</strong></span> 
     </span>
    </p>
   </div>
   <div class='ocr_carea' id='block_1_53' title="bbox 312 4990 1920 5065">
    <p class='ocr_par' dir='ltr' id='par_1_53' title="bbox 312 4990 1920 5065">
     <span class='ocr_line' id='line_1_53' title="bbox 312 4990 1920 5065; baseline 0.003 -21"><span class='ocrx_word' id='word_1_388' title='bbox 312 4990 376 5044; x_wconf 88' lang='lat' dir='ltr'><strong>in</strong></span> <span class='ocrx_word' id='word_1_389' title='bbox 409 4996 633 5044; x_wconf 83' lang='lat' dir='ltr'><strong>tantum</strong></span> <span class='ocrx_word' id='word_1_390' title='bbox 656 4996 716 5042; x_wconf 92' lang='lat' dir='ltr'><strong>ut</strong></span> <span class='ocrx_word' id='word_1_391' title='bbox 738 4990 1082 5061; x_wconf 72' lang='lat' dir='ltr'><strong>evangelista:</strong></span> <span class='ocrx_word' id='word_1_392' title='bbox 1109 4992 1418 5062; x_wconf 87' lang='lat' dir='ltr'><strong>opinionem</strong></span> <span class='ocrx_word' id='word_1_393' title='bbox 1443 4993 1586 5065; x_wconf 84' lang='lat' dir='ltr'><strong>vulgi</strong></span> <span class='ocrx_word' id='word_1_394' title='bbox 1609 5002 1920 5063; x_wconf 89' lang='lat' dir='ltr'><strong>sequentes,</strong></span> 
     </span>
    </p>
   </div>
   <div class='ocr_carea' id='block_1_54' title="bbox 304 5088 1926 5167">
    <p class='ocr_par' dir='ltr' id='par_1_54' title="bbox 304 5088 1926 5167">
     <span class='ocr_line' id='line_1_54' title="bbox 304 5088 1926 5167; baseline 0.002 -22"><span class='ocrx_word' id='word_1_395' title='bbox 304 5090 479 5165; x_wconf 79' lang='lat' dir='ltr'><strong>juxta</strong></span> <span class='ocrx_word' id='word_1_396' title='bbox 517 5088 693 5161; x_wconf 80' lang='lat' dir='ltr'><strong>legem</strong></span> <span class='ocrx_word' id='word_1_397' title='bbox 718 5089 959 5148; x_wconf 79' lang='lat' dir='ltr'><strong>historiae</strong></span> <span class='ocrx_word' id='word_1_398' title='bbox 994 5109 1117 5149; x_wconf 90' lang='lat' dir='ltr'><strong>eum</strong></span> <span class='ocrx_word' id='word_1_399' title='bbox 1156 5102 1367 5164; x_wconf 89' lang='lat' dir='ltr'><strong>patrem</strong></span> <span class='ocrx_word' id='word_1_400' title='bbox 1394 5095 1766 5167; x_wconf 79' lang='lat' dir='ltr'><strong>expresserim</strong></span> <span class='ocrx_word' id='word_1_401' title='bbox 1807 5094 1926 5151; x_wconf 85' lang='lat' dir='ltr'><strong>Sal-</strong></span> 
     </span>
    </p>
   </div>
   <div class='ocr_carea' id='block_1_55' title="bbox 310 5191 1925 5277">
    <p class='ocr_par' dir='ltr' id='par_1_55' title="bbox 310 5191 1925 5277">
     <span class='ocr_line' id='line_1_55' title="bbox 310 5191 1925 5277; baseline 0.004 -29"><span class='ocrx_word' id='word_1_402' title='bbox 310 5192 563 5248; x_wconf 72' lang='lat' dir='ltr'><strong>vatoris.</strong></span> <span class='ocrx_word' id='word_1_403' title='bbox 591 5191 701 5248; x_wconf 88' lang='lat' dir='ltr'><strong>Sed</strong></span> <span class='ocrx_word' id='word_1_404' title='bbox 729 5201 785 5248; x_wconf 90' lang='lat' dir='ltr'><strong>et</strong></span> <span class='ocrx_word' id='word_1_405' title='bbox 812 5192 867 5247; x_wconf 94' lang='lat' dir='ltr'><strong>in</strong></span> <span class='ocrx_word' id='word_1_406' title='bbox 904 5194 1199 5266; x_wconf 66' lang='lat' dir='ltr'><strong>Egyptum</strong></span> <span class='ocrx_word' id='word_1_407' title='bbox 1226 5196 1441 5277; x_wconf 82' lang='lat' dir='ltr'><strong>fugiens</strong></span> <span class='ocrx_word' id='word_1_408' title='bbox 1488 5199 1739 5255; x_wconf 85' lang='lat' dir='ltr'><strong>solatium</strong></span> <span class='ocrx_word' id='word_1_409' title='bbox 1786 5215 1925 5270; x_wconf 69' lang='lat' dir='ltr'><strong>prae—</strong></span> 
     </span>
    </p>
   </div>
   <div class='ocr_carea' id='block_1_56' title="bbox 308 5295 1921 5370">
    <p class='ocr_par' dir='ltr' id='par_1_56' title="bbox 308 5295 1921 5370">
     <span class='ocr_line' id='line_1_56' title="bbox 308 5295 1921 5370; baseline 0.002 -17"><span class='ocrx_word' id='word_1_410' title='bbox 308 5296 465 5353; x_wconf 73' lang='lat' dir='ltr'><strong>stitit</strong></span> <span class='ocrx_word' id='word_1_411' title='bbox 496 5302 566 5349; x_wconf 85' lang='lat' dir='ltr'><strong>ut</strong></span> <span class='ocrx_word' id='word_1_412' title='bbox 592 5295 872 5362; x_wconf 90' lang='lat' dir='ltr'><strong>nutritius,</strong></span> <span class='ocrx_word' id='word_1_413' title='bbox 903 5314 972 5353; x_wconf 90' lang='lat' dir='ltr'><strong>ne</strong></span> <span class='ocrx_word' id='word_1_414' title='bbox 991 5297 1155 5370; x_wconf 82' lang='lat' dir='ltr'><strong>Virgo</strong></span> <span class='ocrx_word' id='word_1_415' title='bbox 1198 5300 1407 5356; x_wconf 88' lang='lat' dir='ltr'><strong>viribus</strong></span> <span class='ocrx_word' id='word_1_416' title='bbox 1450 5300 1707 5357; x_wconf 89' lang='lat' dir='ltr'><strong>destituta</strong></span> <span class='ocrx_word' id='word_1_417' title='bbox 1740 5318 1921 5358; x_wconf 75' lang='lat' dir='ltr'><strong>rerum</strong></span> 
     </span>
    </p>
   </div>
   <div class='ocr_carea' id='block_1_57' title="bbox 308 5396 1923 5478">
    <p class='ocr_par' dir='ltr' id='par_1_57' title="bbox 308 5396 1923 5478">
     <span class='ocr_line' id='line_1_57' title="bbox 308 5396 1923 5478; baseline 0.006 -23"><span class='ocrx_word' id='word_1_418' title='bbox 308 5398 600 5455; x_wconf 78' lang='lat' dir='ltr'><strong>nmlestiis</strong></span> <span class='ocrx_word' id='word_1_419' title='bbox 624 5396 987 5472; x_wconf 84' lang='lat' dir='ltr'><strong>frangeretur.</strong></span> <span class='ocrx_word' id='word_1_420' title='bbox 1036 5402 1353 5460; x_wconf 89' lang='lat' dir='ltr'><strong>Occultatur</strong></span> <span class='ocrx_word' id='word_1_421' title='bbox 1386 5416 1565 5460; x_wconf 89' lang='lat' dir='ltr'><strong>autem</strong></span> <span class='ocrx_word' id='word_1_422' title='bbox 1596 5415 1652 5462; x_wconf 90' lang='lat' dir='ltr'><strong>et</strong></span> <span class='ocrx_word' id='word_1_423' title='bbox 1678 5422 1777 5478; x_wconf 87' lang='lat' dir='ltr'><strong>per</strong></span> <span class='ocrx_word' id='word_1_424' title='bbox 1817 5409 1923 5464; x_wconf 91' lang='lat' dir='ltr'><strong>hoc</strong></span> 
     </span>
    </p>
   </div>
   <div class='ocr_carea' id='block_1_58' title="bbox 309 5500 1919 5589">
    <p class='ocr_par' dir='ltr' id='par_1_58' title="bbox 309 5500 1919 5589">
     <span class='ocr_line' id='line_1_58' title="bbox 309 5500 1919 5589; baseline 0.005 -31"><span class='ocrx_word' id='word_1_425' title='bbox 309 5500 585 5567; x_wconf 80' lang='lat' dir='ltr'><strong>diabolo,</strong></span> <span class='ocrx_word' id='word_1_426' title='bbox 623 5502 772 5557; x_wconf 80' lang='lat' dir='ltr'><strong>velut</strong></span> <span class='ocrx_word' id='word_1_427' title='bbox 800 5504 1020 5576; x_wconf 87' lang='lat' dir='ltr'><strong>quidam</strong></span> <span class='ocrx_word' id='word_1_428' title='bbox 1068 5507 1239 5572; x_wconf 89' lang='lat' dir='ltr'><strong>aiunt,</strong></span> <span class='ocrx_word' id='word_1_429' title='bbox 1279 5517 1469 5580; x_wconf 91' lang='lat' dir='ltr'><strong>partus</strong></span> <span class='ocrx_word' id='word_1_430' title='bbox 1516 5510 1765 5581; x_wconf 89' lang='lat' dir='ltr'><strong>virginis,</strong></span> <span class='ocrx_word' id='word_1_431' title='bbox 1792 5512 1919 5589; x_wconf 86' lang='lat' dir='ltr'><strong>dum</strong></span> 
     </span>
    </p>
   </div>
   <div class='ocr_carea' id='block_1_59' title="bbox 308 5608 1921 5679">
    <p class='ocr_par' dir='ltr' id='par_1_59' title="bbox 308 5608 1921 5679">
     <span class='ocr_line' id='line_1_59' title="bbox 308 5608 1921 5679; baseline 0.004 -14"><span class='ocrx_word' id='word_1_432' title='bbox 308 5608 471 5665; x_wconf 70' lang='lat' dir='ltr'><strong>videt</strong></span> <span class='ocrx_word' id='word_1_433' title='bbox 516 5622 781 5679; x_wconf 86' lang='lat' dir='ltr'><strong>sponsum</strong></span> <span class='ocrx_word' id='word_1_434' title='bbox 808 5611 1114 5667; x_wconf 87' lang='lat' dir='ltr'><strong>devotionis</strong></span> <span class='ocrx_word' id='word_1_435' title='bbox 1143 5612 1340 5669; x_wconf 81' lang='lat' dir='ltr'><strong>all&#39;ectu</strong></span> <span class='ocrx_word' id='word_1_436' title='bbox 1381 5615 1480 5670; x_wconf 87' lang='lat' dir='ltr'><strong>sub</strong></span> <span class='ocrx_word' id='word_1_437' title='bbox 1516 5615 1770 5671; x_wconf 88' lang='lat' dir='ltr'><strong>castitate</strong></span> <span class='ocrx_word' id='word_1_438' title='bbox 1809 5632 1921 5673; x_wconf 89' lang='lat' dir='ltr'><strong>ser-</strong></span> 
     </span>
    </p>
   </div>
   <div class='ocr_carea' id='block_1_60' title="bbox 308 5711 1922 5790">
    <p class='ocr_par' dir='ltr' id='par_1_60' title="bbox 308 5711 1922 5790">
     <span class='ocr_line' id='line_1_60' title="bbox 308 5711 1922 5790; baseline 0.005 -22"><span class='ocrx_word' id='word_1_439' title='bbox 308 5713 431 5768; x_wconf 80' lang='lat' dir='ltr'><strong>vire</strong></span> <span class='ocrx_word' id='word_1_440' title='bbox 495 5711 758 5785; x_wconf 74' lang='lat' dir='ltr'><strong>coniugio</strong></span> <span class='ocrx_word' id='word_1_441' title='bbox 810 5731 823 5767; x_wconf 88' lang='lat'><strong>:</strong></span> <span class='ocrx_word' id='word_1_442' title='bbox 874 5716 1003 5786; x_wconf 89' lang='lat' dir='ltr'><strong>quia</strong></span> <span class='ocrx_word' id='word_1_443' title='bbox 1062 5716 1310 5774; x_wconf 83' lang='lat' dir='ltr'><strong>fortassis</strong></span> <span class='ocrx_word' id='word_1_444' title='bbox 1366 5718 1609 5790; x_wconf 82' lang='lat' dir='ltr'><strong>nequivit</strong></span> <span class='ocrx_word' id='word_1_445' title='bbox 1658 5721 1792 5776; x_wconf 89' lang='lat' dir='ltr'><strong>satis</strong></span> <span class='ocrx_word' id='word_1_446' title='bbox 1840 5718 1922 5775; x_wconf 86' lang='lat' dir='ltr'><strong>di-</strong></span> 
     </span>
    </p>
   </div>
   <div class='ocr_carea' id='block_1_61' title="bbox 302 5821 1922 5894">
    <p class='ocr_par' dir='ltr' id='par_1_61' title="bbox 302 5821 1922 5894">
     <span class='ocr_line' id='line_1_61' title="bbox 302 5821 1922 5894; baseline 0.005 -21"><span class='ocrx_word' id='word_1_447' title='bbox 302 5831 592 5890; x_wconf 72' lang='lat' dir='ltr'><strong>gnoscere</strong></span> <span class='ocrx_word' id='word_1_448' title='bbox 639 5828 822 5874; x_wconf 88' lang='lat' dir='ltr'><strong>utrum</strong></span> <span class='ocrx_word' id='word_1_449' title='bbox 889 5821 1009 5876; x_wconf 86' lang='lat' dir='ltr'><strong>sine</strong></span> <span class='ocrx_word' id='word_1_450' title='bbox 1058 5824 1305 5893; x_wconf 88' lang='lat' dir='ltr'><strong>semine,</strong></span> <span class='ocrx_word' id='word_1_451' title='bbox 1371 5840 1439 5879; x_wconf 88' lang='lat' dir='ltr'><strong>an</strong></span> <span class='ocrx_word' id='word_1_452' title='bbox 1488 5824 1810 5894; x_wconf 86' lang='lat' dir='ltr'><strong>simpliciter</strong></span> <span class='ocrx_word' id='word_1_453' title='bbox 1856 5825 1922 5881; x_wconf 85' lang='lat' dir='ltr'><strong>de</strong></span> 
     </span>
    </p>
   </div>
   <div class='ocr_carea' id='block_1_62' title="bbox 612 5910 1133 5977">
    <p class='ocr_par' dir='ltr' id='par_1_62' title="bbox 612 5910 1133 5977">
     <span class='ocr_line' id='line_1_62' title="bbox 612 5910 1133 5977; baseline 0.012 -6"><span class='ocrx_word' id='word_1_454' title='bbox 612 5910 888 5974; x_wconf 67' lang='lat' dir='ltr'><strong>Par-nuc.</strong></span> <span class='ocrx_word' id='word_1_455' title='bbox 940 5914 1133 5977; x_wconf 78' lang='lat' dir='ltr'><strong>CXX.</strong></span> 
     </span>
    </p>
   </div>
   <div class='ocr_carea' id='block_1_63' title="bbox 2042 534 2381 606">
    <p class='ocr_par' dir='ltr' id='par_1_63' title="bbox 2042 534 2381 606">
     <span class='ocr_line' id='line_1_63' title="bbox 2042 534 2381 606; baseline 0.006 -17"><span class='ocrx_word' id='word_1_456' title='bbox 2042 534 2121 606; x_wconf 87' lang='lat' dir='ltr'><strong>git</strong></span> <span class='ocrx_word' id='word_1_457' title='bbox 2149 534 2337 591; x_wconf 89' lang='lat' dir='ltr'><strong>dicens</strong></span> <span class='ocrx_word' id='word_1_458' title='bbox 2366 555 2381 590; x_wconf 88' lang='lat'><strong>:</strong></span> 
     </span>
    </p>
   </div>
   <div class='ocr_carea' id='block_1_64' title="bbox 2114 628 3631 711">
    <p class='ocr_par' dir='ltr' id='par_1_64' title="bbox 2114 628 3631 711">
     <span class='ocr_line' id='line_1_64' title="bbox 2114 628 3631 711; baseline 0.011 -29"><span class='ocrx_word' id='word_1_459' title='bbox 2114 628 2406 701; x_wconf 75' lang='lat' dir='ltr'><strong>Antequam</strong></span> <span class='ocrx_word' id='word_1_460' title='bbox 2458 631 2787 686; x_wconf 77' lang='lat' dir='ltr'><strong>convenirent</strong></span> <span class='ocrx_word' id='word_1_461' title='bbox 2839 633 3048 689; x_wconf 85' lang='lat' dir='ltr'><strong>inventa</strong></span> <span class='ocrx_word' id='word_1_462' title='bbox 3099 645 3175 691; x_wconf 81' lang='lat' dir='ltr'><strong>est</strong></span> <span class='ocrx_word' id='word_1_463' title='bbox 3213 636 3326 711; x_wconf 72' lang='lat'><strong>96</strong></span> <span class='ocrx_word' id='word_1_464' title='bbox 3369 639 3424 695; x_wconf 83' lang='lat' dir='ltr'><strong>in</strong></span> <span class='ocrx_word' id='word_1_465' title='bbox 3485 651 3631 699; x_wconf 77' lang='lat' dir='ltr'><strong>utero</strong></span> 
     </span>
    </p>
   </div>
   <div class='ocr_carea' id='block_1_65' title="bbox 2044 719 3635 803">
    <p class='ocr_par' dir='ltr' id='par_1_65' title="bbox 2044 719 3635 803">
     <span class='ocr_line' id='line_1_65' title="bbox 2044 719 3635 803; baseline 0.012 -30"><span class='ocrx_word' id='word_1_466' title='bbox 2044 719 2237 775; x_wconf 80' lang='lat' dir='ltr'><strong>habens</strong></span> <span class='ocrx_word' id='word_1_467' title='bbox 2272 721 2336 775; x_wconf 84' lang='lat' dir='ltr'><strong>de</strong></span> <span class='ocrx_word' id='word_1_468' title='bbox 2368 719 2570 791; x_wconf 81' lang='lat' dir='ltr'><strong>Spiritu</strong></span> <span class='ocrx_word' id='word_1_469' title='bbox 2601 733 2801 778; x_wconf 85' lang='lat' dir='ltr'><strong>sancto.</strong></span> <span class='ocrx_word' id='word_1_470' title='bbox 2829 722 2959 781; x_wconf 87' lang='lat' dir='ltr'><strong>lude</strong></span> <span class='ocrx_word' id='word_1_471' title='bbox 2989 725 3173 798; x_wconf 86' lang='lat' dir='ltr'><strong>itaque</strong></span> <span class='ocrx_word' id='word_1_472' title='bbox 3211 739 3295 786; x_wconf 87' lang='lat' dir='ltr'><strong>est</strong></span> <span class='ocrx_word' id='word_1_473' title='bbox 3321 734 3467 803; x_wconf 92' lang='lat' dir='ltr'><strong>quod</strong></span> <span class='ocrx_word' id='word_1_474' title='bbox 3505 750 3635 792; x_wconf 89' lang='lat' dir='ltr'><strong>con-</strong></span> 
     </span>
    </p>
   </div>
   <div class='ocr_carea' id='block_1_66' title="bbox 2042 811 3622 897">
    <p class='ocr_par' dir='ltr' id='par_1_66' title="bbox 2042 811 3622 897">
     <span class='ocr_line' id='line_1_66' title="bbox 2042 811 3622 897; baseline 0.011 -31"><span class='ocrx_word' id='word_1_475' title='bbox 2042 811 2261 881; x_wconf 91' lang='lat' dir='ltr'><strong>cipitur,</strong></span> <span class='ocrx_word' id='word_1_476' title='bbox 2313 811 2457 884; x_wconf 89' lang='lat' dir='ltr'><strong>quod</strong></span> <span class='ocrx_word' id='word_1_477' title='bbox 2507 824 2816 885; x_wconf 85' lang='lat' dir='ltr'><strong>generatur.</strong></span> <span class='ocrx_word' id='word_1_478' title='bbox 2860 815 2926 871; x_wconf 87' lang='lat' dir='ltr'><strong>Et</strong></span> <span class='ocrx_word' id='word_1_479' title='bbox 2964 832 3072 874; x_wconf 91' lang='lat' dir='ltr'><strong>non</strong></span> <span class='ocrx_word' id='word_1_480' title='bbox 3121 819 3282 887; x_wconf 90' lang='lat' dir='ltr'><strong>dicit,</strong></span> <span class='ocrx_word' id='word_1_481' title='bbox 3338 834 3622 897; x_wconf 83' lang='lat' dir='ltr'><strong>antequam</strong></span> 
     </span>
    </p>
   </div>
   <div class='ocr_carea' id='block_1_67' title="bbox 2042 903 3631 977">
    <p class='ocr_par' dir='ltr' id='par_1_67' title="bbox 2042 903 3631 977">
     <span class='ocr_line' id='line_1_67' title="bbox 2042 903 3631 977; baseline 0.011 -23"><span class='ocrx_word' id='word_1_482' title='bbox 2042 903 2401 968; x_wconf 85' lang='lat' dir='ltr'><strong>convenirent,</strong></span> <span class='ocrx_word' id='word_1_483' title='bbox 2460 903 2540 959; x_wconf 89' lang='lat' dir='ltr'><strong>sic</strong></span> <span class='ocrx_word' id='word_1_484' title='bbox 2590 905 2745 974; x_wconf 86' lang='lat' dir='ltr'><strong>quasi</strong></span> <span class='ocrx_word' id='word_1_485' title='bbox 2790 914 2913 976; x_wconf 89' lang='lat' dir='ltr'><strong>post</strong></span> <span class='ocrx_word' id='word_1_486' title='bbox 2958 915 3176 977; x_wconf 89' lang='lat' dir='ltr'><strong>partum</strong></span> <span class='ocrx_word' id='word_1_487' title='bbox 3226 914 3485 969; x_wconf 92' lang='lat' dir='ltr'><strong>continuo</strong></span> <span class='ocrx_word' id='word_1_488' title='bbox 3535 932 3631 971; x_wconf 92' lang='lat' dir='ltr'><strong>eos</strong></span> 
     </span>
    </p>
   </div>
   <div class='ocr_carea' id='block_1_68' title="bbox 2043 994 3633 1078">
    <p class='ocr_par' dir='ltr' id='par_1_68' title="bbox 2043 994 3633 1078">
     <span class='ocr_line' id='line_1_68' title="bbox 2043 994 3633 1078; baseline 0.009 -29"><span class='ocrx_word' id='word_1_489' title='bbox 2043 994 2364 1051; x_wconf 89' lang='lat' dir='ltr'><strong>convenisse</strong></span> <span class='ocrx_word' id='word_1_490' title='bbox 2385 994 2514 1055; x_wconf 82' lang='lat' dir='ltr'><strong>velit</strong></span> <span class='ocrx_word' id='word_1_491' title='bbox 2558 996 2807 1068; x_wconf 84' lang='lat' dir='ltr'><strong>intelligi,</strong></span> <span class='ocrx_word' id='word_1_492' title='bbox 2839 998 2981 1055; x_wconf 90' lang='lat' dir='ltr'><strong>sicut</strong></span> <span class='ocrx_word' id='word_1_493' title='bbox 3012 1003 3302 1071; x_wconf 89' lang='lat' dir='ltr'><strong>quemdam</strong></span> <span class='ocrx_word' id='word_1_494' title='bbox 3333 1006 3633 1078; x_wconf 83' lang='lat' dir='ltr'><strong>dcsipuisse</strong></span> 
     </span>
    </p>
   </div>
   <div class='ocr_carea' id='block_1_69' title="bbox 2043 1086 3634 1171">
    <p class='ocr_par' dir='ltr' id='par_1_69' title="bbox 2043 1086 3634 1171">
     <span class='ocr_line' id='line_1_69' title="bbox 2043 1086 3634 1171; baseline 0.009 -29"><span class='ocrx_word' id='word_1_495' title='bbox 2043 1086 2319 1154; x_wconf 85' lang='lat' dir='ltr'><strong>dolemus;</strong></span> <span class='ocrx_word' id='word_1_496' title='bbox 2357 1089 2451 1144; x_wconf 91' lang='lat' dir='ltr'><strong>sed</strong></span> <span class='ocrx_word' id='word_1_497' title='bbox 2496 1088 2816 1160; x_wconf 88' lang='lat' dir='ltr'><strong>simpliciter</strong></span> <span class='ocrx_word' id='word_1_498' title='bbox 2858 1091 3046 1148; x_wconf 85' lang='lat' dir='ltr'><strong>volens</strong></span> <span class='ocrx_word' id='word_1_499' title='bbox 3082 1096 3388 1164; x_wconf 78' lang='lat' dir='ltr'><strong>proximum</strong></span> <span class='ocrx_word' id='word_1_500' title='bbox 3422 1109 3634 1171; x_wconf 89' lang='lat' dir='ltr'><strong>tempus</strong></span> 
     </span>
    </p>
   </div>
   <div class='ocr_carea' id='block_1_70' title="bbox 2042 1180 3634 1258">
    <p class='ocr_par' dir='ltr' id='par_1_70' title="bbox 2042 1180 3634 1258">
     <span class='ocr_line' id='line_1_70' title="bbox 2042 1180 3634 1258; baseline 0.009 -24"><span class='ocrx_word' id='word_1_501' title='bbox 2042 1180 2350 1251; x_wconf 88' lang='lat' dir='ltr'><strong>nuptiarum</strong></span> <span class='ocrx_word' id='word_1_502' title='bbox 2378 1182 2686 1248; x_wconf 86' lang='lat' dir='ltr'><strong>ostendere,</strong></span> <span class='ocrx_word' id='word_1_503' title='bbox 2726 1182 2973 1255; x_wconf 88' lang='lat' dir='ltr'><strong>designat</strong></span> <span class='ocrx_word' id='word_1_504' title='bbox 3015 1186 3330 1258; x_wconf 87' lang='lat' dir='ltr'><strong>priusquam</strong></span> <span class='ocrx_word' id='word_1_505' title='bbox 3373 1193 3634 1248; x_wconf 89' lang='lat' dir='ltr'><strong>conveni-</strong></span> 
     </span>
    </p>
   </div>
   <div class='ocr_carea' id='block_1_71' title="bbox 2042 1275 3632 1347">
    <p class='ocr_par' dir='ltr' id='par_1_71' title="bbox 2042 1275 3632 1347">
     <span class='ocr_line' id='line_1_71' title="bbox 2042 1275 3632 1347; baseline 0.009 -21"><span class='ocrx_word' id='word_1_506' title='bbox 2042 1282 2183 1338; x_wconf 87' lang='lat' dir='ltr'><strong>rent,</strong></span> <span class='ocrx_word' id='word_1_507' title='bbox 2215 1288 2327 1328; x_wconf 89' lang='lat' dir='ltr'><strong>rem</strong></span> <span class='ocrx_word' id='word_1_508' title='bbox 2374 1275 2732 1331; x_wconf 87' lang='lat' dir='ltr'><strong>conveniendi</strong></span> <span class='ocrx_word' id='word_1_509' title='bbox 2779 1275 3029 1333; x_wconf 74' lang='lat' dir='ltr'><strong>effectum</strong></span> <span class='ocrx_word' id='word_1_510' title='bbox 3069 1276 3186 1347; x_wconf 86' lang='lat' dir='ltr'><strong>jam</strong></span> <span class='ocrx_word' id='word_1_511' title='bbox 3218 1280 3272 1335; x_wconf 91' lang='lat' dir='ltr'><strong>in</strong></span> <span class='ocrx_word' id='word_1_512' title='bbox 3315 1290 3468 1339; x_wconf 87' lang='lat' dir='ltr'><strong>utero</strong></span> <span class='ocrx_word' id='word_1_513' title='bbox 3514 1284 3632 1339; x_wconf 87' lang='lat' dir='ltr'><strong>sine</strong></span> 
     </span>
    </p>
   </div>
   <div class='ocr_carea' id='block_1_72' title="bbox 2042 1364 3632 1442">
    <p class='ocr_par' dir='ltr' id='par_1_72' title="bbox 2042 1364 3632 1442">
     <span class='ocr_line' id='line_1_72' title="bbox 2042 1364 3632 1442; baseline 0.008 -22"><span class='ocrx_word' id='word_1_514' title='bbox 2042 1364 2187 1420; x_wconf 84' lang='lat' dir='ltr'><strong>COiltt</strong></span> <span class='ocrx_word' id='word_1_515' title='bbox 2232 1365 2518 1433; x_wconf 88' lang='lat' dir='ltr'><strong>habuisse;</strong></span> <span class='ocrx_word' id='word_1_516' title='bbox 2558 1374 2620 1422; x_wconf 93' lang='lat' dir='ltr'><strong>ut</strong></span> <span class='ocrx_word' id='word_1_517' title='bbox 2661 1383 2783 1438; x_wconf 59' lang='lat' dir='ltr'><strong>quae</strong></span> <span class='ocrx_word' id='word_1_518' title='bbox 2832 1372 2985 1439; x_wconf 89' lang='lat' dir='ltr'><strong>prius</strong></span> <span class='ocrx_word' id='word_1_519' title='bbox 3019 1386 3219 1441; x_wconf 87' lang='lat' dir='ltr'><strong>sponsa</strong></span> <span class='ocrx_word' id='word_1_520' title='bbox 3262 1372 3461 1442; x_wconf 86' lang='lat' dir='ltr'><strong>fuerat,</strong></span> <span class='ocrx_word' id='word_1_521' title='bbox 3514 1378 3632 1432; x_wconf 85' lang='lat' dir='ltr'><strong>sine</strong></span> 
     </span>
    </p>
   </div>
   <div class='ocr_carea' id='block_1_73' title="bbox 2040 1458 3633 1533">
    <p class='ocr_par' dir='ltr' id='par_1_73' title="bbox 2040 1458 3633 1533">
     <span class='ocr_line' id='line_1_73' title="bbox 2040 1458 3633 1533; baseline 0.009 -23"><span class='ocrx_word' id='word_1_522' title='bbox 2040 1458 2144 1512; x_wconf 78' lang='lat' dir='ltr'><strong>viri</strong></span> <span class='ocrx_word' id='word_1_523' title='bbox 2172 1472 2337 1528; x_wconf 88' lang='lat' dir='ltr'><strong>opere</strong></span> <span class='ocrx_word' id='word_1_524' title='bbox 2366 1475 2505 1516; x_wconf 78' lang='lat' dir='ltr'><strong>uxor</strong></span> <span class='ocrx_word' id='word_1_525' title='bbox 2530 1476 2648 1516; x_wconf 90' lang='lat' dir='ltr'><strong>esse</strong></span> <span class='ocrx_word' id='word_1_526' title='bbox 2694 1462 2972 1533; x_wconf 71' lang='lat' dir='ltr'><strong>inciperet.</strong></span> <span class='ocrx_word' id='word_1_527' title='bbox 3009 1463 3174 1532; x_wconf 86' lang='lat' dir='ltr'><strong>Quasi</strong></span> <span class='ocrx_word' id='word_1_528' title='bbox 3206 1466 3441 1522; x_wconf 76' lang='lat' dir='ltr'><strong>dixerit:</strong></span> <span class='ocrx_word' id='word_1_529' title='bbox 3466 1470 3633 1524; x_wconf 87' lang='lat' dir='ltr'><strong>Ante-</strong></span> 
     </span>
    </p>
   </div>
   <div class='ocr_carea' id='block_1_74' title="bbox 2040 1551 3629 1633">
    <p class='ocr_par' dir='ltr' id='par_1_74' title="bbox 2040 1551 3629 1633">
     <span class='ocr_line' id='line_1_74' title="bbox 2040 1551 3629 1633; baseline 0.011 -32"><span class='ocrx_word' id='word_1_530' title='bbox 2040 1566 2200 1619; x_wconf 90' lang='lat' dir='ltr'><strong>quam</strong></span> <span class='ocrx_word' id='word_1_531' title='bbox 2224 1551 2407 1607; x_wconf 89' lang='lat' dir='ltr'><strong>oscula</strong></span> <span class='ocrx_word' id='word_1_532' title='bbox 2437 1553 2823 1625; x_wconf 84' lang='lat' dir='ltr'><strong>amplexusque</strong></span> <span class='ocrx_word' id='word_1_533' title='bbox 2848 1556 3160 1623; x_wconf 89' lang='lat' dir='ltr'><strong>miscerent,</strong></span> <span class='ocrx_word' id='word_1_534' title='bbox 3193 1568 3486 1633; x_wconf 88' lang='lat' dir='ltr'><strong>antequam</strong></span> <span class='ocrx_word' id='word_1_535' title='bbox 3514 1578 3629 1619; x_wconf 88' lang='lat' dir='ltr'><strong>rem</strong></span> 
     </span>
    </p>
   </div>
   <div class='ocr_carea' id='block_1_75' title="bbox 2042 1644 3635 1724">
    <p class='ocr_par' dir='ltr' id='par_1_75' title="bbox 2042 1644 3635 1724">
     <span class='ocr_line' id='line_1_75' title="bbox 2042 1644 3635 1724; baseline 0.011 -30"><span class='ocrx_word' id='word_1_536' title='bbox 2042 1652 2265 1711; x_wconf 88' lang='lat' dir='ltr'><strong>agerent</strong></span> <span class='ocrx_word' id='word_1_537' title='bbox 2320 1644 2667 1713; x_wconf 88' lang='lat' dir='ltr'><strong>nuptiarum,</strong></span> <span class='ocrx_word' id='word_1_538' title='bbox 2716 1648 2933 1703; x_wconf 88' lang='lat' dir='ltr'><strong>inventa</strong></span> <span class='ocrx_word' id='word_1_539' title='bbox 2977 1659 3062 1705; x_wconf 86' lang='lat' dir='ltr'><strong>est</strong></span> <span class='ocrx_word' id='word_1_540' title='bbox 3104 1653 3279 1724; x_wconf 90' lang='lat' dir='ltr'><strong>magis</strong></span> <span class='ocrx_word' id='word_1_541' title='bbox 3327 1670 3489 1724; x_wconf 90' lang='lat' dir='ltr'><strong>quam</strong></span> <span class='ocrx_word' id='word_1_542' title='bbox 3546 1672 3635 1712; x_wconf 88' lang='lat' dir='ltr'><strong>res</strong></span> 
     </span>
    </p>
   </div>
   <div class='ocr_carea' id='block_1_76' title="bbox 2042 1730 3632 1819">
    <p class='ocr_par' dir='ltr' id='par_1_76' title="bbox 2042 1730 3632 1819">
     <span class='ocr_line' id='line_1_76' title="bbox 2042 1730 3632 1819; baseline 0.013 -34"><span class='ocrx_word' id='word_1_543' title='bbox 2042 1740 2250 1786; x_wconf 65' lang='lat' dir='ltr'><strong>naturae</strong></span> <span class='ocrx_word' id='word_1_544' title='bbox 2286 1733 2339 1787; x_wconf 92' lang='lat' dir='ltr'><strong>in</strong></span> <span class='ocrx_word' id='word_1_545' title='bbox 2372 1730 2553 1802; x_wconf 75' lang='lat' dir='ltr'><strong>utero,</strong></span> <span class='ocrx_word' id='word_1_546' title='bbox 2586 1737 2712 1806; x_wconf 87' lang='lat' dir='ltr'><strong>quia</strong></span> <span class='ocrx_word' id='word_1_547' title='bbox 2744 1738 2811 1794; x_wconf 88' lang='lat' dir='ltr'><strong>de</strong></span> <span class='ocrx_word' id='word_1_548' title='bbox 2861 1738 3063 1811; x_wconf 87' lang='lat' dir='ltr'><strong>Spiritu</strong></span> <span class='ocrx_word' id='word_1_549' title='bbox 3118 1753 3311 1801; x_wconf 90' lang='lat' dir='ltr'><strong>sancto</strong></span> <span class='ocrx_word' id='word_1_550' title='bbox 3357 1755 3441 1801; x_wconf 89' lang='lat' dir='ltr'><strong>est</strong></span> <span class='ocrx_word' id='word_1_551' title='bbox 3486 1749 3632 1819; x_wconf 88' lang='lat' dir='ltr'><strong>quod</strong></span> 
     </span>
    </p>
   </div>
   <div class='ocr_carea' id='block_1_77' title="bbox 2041 1822 3630 1904">
    <p class='ocr_par' dir='ltr' id='par_1_77' title="bbox 2041 1822 3630 1904">
     <span class='ocr_line' id='line_1_77' title="bbox 2041 1822 3630 1904; baseline 0.013 -30"><span class='ocrx_word' id='word_1_552' title='bbox 2041 1822 2304 1889; x_wconf 89' lang='lat' dir='ltr'><strong>nascitur,</strong></span> <span class='ocrx_word' id='word_1_553' title='bbox 2322 1832 2378 1879; x_wconf 88' lang='lat' dir='ltr'><strong>ct</strong></span> <span class='ocrx_word' id='word_1_554' title='bbox 2402 1824 2572 1881; x_wconf 83' lang='lat' dir='ltr'><strong>Filius</strong></span> <span class='ocrx_word' id='word_1_555' title='bbox 2592 1827 2854 1885; x_wconf 83' lang='lat' dir='ltr'><strong>Altissimi</strong></span> <span class='ocrx_word' id='word_1_556' title='bbox 2875 1831 3028 1901; x_wconf 81' lang='lat' dir='ltr'><strong>juxta</strong></span> <span class='ocrx_word' id='word_1_557' title='bbox 3056 1834 3231 1904; x_wconf 91' lang='lat' dir='ltr'><strong>angeli</strong></span> <span class='ocrx_word' id='word_1_558' title='bbox 3266 1838 3630 1897; x_wconf 89' lang='lat' dir='ltr'><strong>testimonium</strong></span> 
     </span>
    </p>
   </div>
   <div class='ocr_carea' id='block_1_78' title="bbox 2041 1911 3631 1997">
    <p class='ocr_par' dir='ltr' id='par_1_78' title="bbox 2041 1911 3631 1997">
     <span class='ocr_line' id='line_1_78' title="bbox 2041 1911 3631 1997; baseline 0.015 -36"><span class='ocrx_word' id='word_1_559' title='bbox 2041 1920 2287 1966; x_wconf 76' lang='lat' dir='ltr'><strong>vocatur.</strong></span> <span class='ocrx_word' id='word_1_560' title='bbox 2323 1911 2437 1968; x_wconf 87' lang='lat' dir='ltr'><strong>Non</strong></span> <span class='ocrx_word' id='word_1_561' title='bbox 2468 1917 2613 1971; x_wconf 81' lang='lat' dir='ltr'><strong>enim</strong></span> <span class='ocrx_word' id='word_1_562' title='bbox 2648 1918 2915 1975; x_wconf 75' lang='lat' dir='ltr'><strong>intellexit</strong></span> <span class='ocrx_word' id='word_1_563' title='bbox 2964 1922 3130 1978; x_wconf 89' lang='lat' dir='ltr'><strong>miser</strong></span> <span class='ocrx_word' id='word_1_564' title='bbox 3156 1964 3172 1989; x_wconf 91' lang='lat'><strong>,</strong></span> <span class='ocrx_word' id='word_1_565' title='bbox 3217 1926 3285 1981; x_wconf 90' lang='lat' dir='ltr'><strong>de</strong></span> <span class='ocrx_word' id='word_1_566' title='bbox 3324 1943 3433 1997; x_wconf 90' lang='lat' dir='ltr'><strong>quo</strong></span> <span class='ocrx_word' id='word_1_567' title='bbox 3479 1930 3631 1994; x_wconf 80' lang='lat' dir='ltr'><strong>dixi,</strong></span> 
     </span>
    </p>
   </div>
   <div class='ocr_carea' id='block_1_79' title="bbox 2039 2005 3634 2085">
    <p class='ocr_par' dir='ltr' id='par_1_79' title="bbox 2039 2005 3634 2085">
     <span class='ocr_line' id='line_1_79' title="bbox 2039 2005 3634 2085; baseline 0.013 -27"><span class='ocrx_word' id='word_1_568' title='bbox 2039 2005 2280 2061; x_wconf 89' lang='lat' dir='ltr'><strong>virorum</strong></span> <span class='ocrx_word' id='word_1_569' title='bbox 2320 2009 2825 2081; x_wconf 84' lang='lat' dir='ltr'><strong>insipientissimus,</strong></span> <span class='ocrx_word' id='word_1_570' title='bbox 2854 2017 2997 2085; x_wconf 91' lang='lat' dir='ltr'><strong>quod</strong></span> <span class='ocrx_word' id='word_1_571' title='bbox 3041 2020 3235 2074; x_wconf 92' lang='lat' dir='ltr'><strong>modus</strong></span> <span class='ocrx_word' id='word_1_572' title='bbox 3263 2020 3366 2075; x_wconf 85' lang='lat' dir='ltr'><strong>iste</strong></span> <span class='ocrx_word' id='word_1_573' title='bbox 3410 2022 3634 2079; x_wconf 83' lang='lat' dir='ltr'><strong>locutio-</strong></span> 
     </span>
    </p>
   </div>
   <div class='ocr_carea' id='block_1_80' title="bbox 2040 2097 3630 2183">
    <p class='ocr_par' dir='ltr' id='par_1_80' title="bbox 2040 2097 3630 2183">
     <span class='ocr_line' id='line_1_80' title="bbox 2040 2097 3630 2183; baseline 0.014 -32"><span class='ocrx_word' id='word_1_574' title='bbox 2040 2097 2124 2153; x_wconf 90' lang='lat' dir='ltr'><strong>nis</strong></span> <span class='ocrx_word' id='word_1_575' title='bbox 2158 2099 2475 2170; x_wconf 80' lang='lat' dir='ltr'><strong>frequenter</strong></span> <span class='ocrx_word' id='word_1_576' title='bbox 2502 2104 2616 2170; x_wconf 85' lang='lat' dir='ltr'><strong>ﬁat,</strong></span> <span class='ocrx_word' id='word_1_577' title='bbox 2648 2121 2754 2161; x_wconf 90' lang='lat' dir='ltr'><strong>non</strong></span> <span class='ocrx_word' id='word_1_578' title='bbox 2785 2107 2963 2164; x_wconf 88' lang='lat' dir='ltr'><strong>solum</strong></span> <span class='ocrx_word' id='word_1_579' title='bbox 2993 2109 3048 2165; x_wconf 92' lang='lat' dir='ltr'><strong>in</strong></span> <span class='ocrx_word' id='word_1_580' title='bbox 3096 2109 3395 2183; x_wconf 89' lang='lat' dir='ltr'><strong>Scripturis</strong></span> <span class='ocrx_word' id='word_1_581' title='bbox 3434 2117 3630 2182; x_wconf 88' lang='lat' dir='ltr'><strong>sacris,</strong></span> 
     </span>
    </p>
   </div>
   <div class='ocr_carea' id='block_1_81' title="bbox 2038 2194 3633 2267">
    <p class='ocr_par' dir='ltr' id='par_1_81' title="bbox 2038 2194 3633 2267">
     <span class='ocr_line' id='line_1_81' title="bbox 2038 2194 3633 2267; baseline 0.014 -23"><span class='ocrx_word' id='word_1_582' title='bbox 2038 2205 2227 2247; x_wconf 90' lang='lat' dir='ltr'><strong>verum</strong></span> <span class='ocrx_word' id='word_1_583' title='bbox 2252 2203 2306 2247; x_wconf 84' lang='lat' dir='ltr'><strong>et</strong></span> <span class='ocrx_word' id='word_1_584' title='bbox 2330 2194 2383 2249; x_wconf 91' lang='lat' dir='ltr'><strong>in</strong></span> <span class='ocrx_word' id='word_1_585' title='bbox 2416 2196 2787 2255; x_wconf 70' lang='lat' dir='ltr'><strong>sazcularibus.</strong></span> <span class='ocrx_word' id='word_1_586' title='bbox 2823 2201 2984 2257; x_wconf 78' lang='lat' dir='ltr'><strong>Velut</strong></span> <span class='ocrx_word' id='word_1_587' title='bbox 3027 2203 3269 2262; x_wconf 90' lang='lat' dir='ltr'><strong>dicamus</strong></span> <span class='ocrx_word' id='word_1_588' title='bbox 3299 2225 3312 2260; x_wconf 90' lang='lat'>:</span> <span class='ocrx_word' id='word_1_589' title='bbox 3347 2206 3633 2267; x_wconf 80' lang='lat' dir='ltr'><strong>Matthzcus</strong></span> 
     </span>
    </p>
   </div>
   <div class='ocr_carea' id='block_1_82' title="bbox 2036 2287 3634 2360">
    <p class='ocr_par' dir='ltr' id='par_1_82' title="bbox 2036 2287 3634 2360">
     <span class='ocr_line' id='line_1_82' title="bbox 2036 2287 3634 2360; baseline 0.014 -25"><span class='ocrx_word' id='word_1_590' title='bbox 2036 2293 2328 2353; x_wconf 86' lang='lat' dir='ltr'><strong>antequam</strong></span> <span class='ocrx_word' id='word_1_591' title='bbox 2357 2287 2562 2343; x_wconf 89' lang='lat' dir='ltr'><strong>obisset</strong></span> <span class='ocrx_word' id='word_1_592' title='bbox 2600 2306 2870 2360; x_wconf 87' lang='lat' dir='ltr'><strong>nusquam</strong></span> <span class='ocrx_word' id='word_1_593' title='bbox 2901 2295 3178 2350; x_wconf 85' lang='lat' dir='ltr'><strong>aberravit</strong></span> <span class='ocrx_word' id='word_1_594' title='bbox 3206 2312 3236 2350; x_wconf 91' lang='lat' dir='ltr'><strong>a</strong></span> <span class='ocrx_word' id='word_1_595' title='bbox 3272 2299 3505 2355; x_wconf 82' lang='lat' dir='ltr'><strong>veritate</strong></span> <span class='ocrx_word' id='word_1_596' title='bbox 3532 2319 3545 2354; x_wconf 86' lang='lat'><strong>:</strong></span> <span class='ocrx_word' id='word_1_597' title='bbox 3576 2311 3634 2357; x_wconf 89' lang='lat' dir='ltr'><strong>et</strong></span> 
     </span>
    </p>
   </div>
   <div class='ocr_carea' id='block_1_83' title="bbox 2037 2374 3632 2463">
    <p class='ocr_par' dir='ltr' id='par_1_83' title="bbox 2037 2374 3632 2463">
     <span class='ocr_line' id='line_1_83' title="bbox 2037 2374 3632 2463; baseline 0.011 -34"><span class='ocrx_word' id='word_1_598' title='bbox 2037 2374 2174 2430; x_wconf 88' lang='lat' dir='ltr'><strong>alius</strong></span> <span class='ocrx_word' id='word_1_599' title='bbox 2200 2377 2386 2432; x_wconf 89' lang='lat' dir='ltr'><strong>nescio</strong></span> <span class='ocrx_word' id='word_1_600' title='bbox 2436 2379 2698 2449; x_wconf 91' lang='lat' dir='ltr'><strong>quilibet,</strong></span> <span class='ocrx_word' id='word_1_601' title='bbox 2750 2392 3046 2453; x_wconf 84' lang='lat' dir='ltr'><strong>antequam</strong></span> <span class='ocrx_word' id='word_1_602' title='bbox 3075 2387 3451 2457; x_wconf 68' lang='lat' dir='ltr'><strong>paenitentiam</strong></span> <span class='ocrx_word' id='word_1_603' title='bbox 3495 2392 3632 2463; x_wconf 83' lang='lat' dir='ltr'><strong>egis-</strong></span> 
     </span>
    </p>
   </div>
   <div class='ocr_carea' id='block_1_84' title="bbox 2035 2473 3630 2552">
    <p class='ocr_par' dir='ltr' id='par_1_84' title="bbox 2035 2473 3630 2552">
     <span class='ocr_line' id='line_1_84' title="bbox 2035 2473 3630 2552; baseline 0.011 -31"><span class='ocrx_word' id='word_1_604' title='bbox 2035 2476 2138 2531; x_wconf 90' lang='lat' dir='ltr'><strong>set,</strong></span> <span class='ocrx_word' id='word_1_605' title='bbox 2171 2479 2345 2523; x_wconf 87' lang='lat' dir='ltr'><strong>morte</strong></span> <span class='ocrx_word' id='word_1_606' title='bbox 2368 2482 2675 2539; x_wconf 75' lang='lat' dir='ltr'><strong>praeventus</strong></span> <span class='ocrx_word' id='word_1_607' title='bbox 2706 2482 2811 2529; x_wconf 91' lang='lat' dir='ltr'><strong>est.</strong></span> <span class='ocrx_word' id='word_1_608' title='bbox 2838 2473 2948 2529; x_wconf 85' lang='lat' dir='ltr'><strong>Nec</strong></span> <span class='ocrx_word' id='word_1_609' title='bbox 2978 2476 3101 2532; x_wconf 90' lang='lat' dir='ltr'><strong>ideo</strong></span> <span class='ocrx_word' id='word_1_610' title='bbox 3122 2488 3268 2534; x_wconf 86' lang='lat' dir='ltr'><strong>recte</strong></span> <span class='ocrx_word' id='word_1_611' title='bbox 3294 2496 3630 2552; x_wconf 86' lang='lat' dir='ltr'><strong>consequens</strong></span> 
     </span>
    </p>
   </div>
   <div class='ocr_carea' id='block_1_85' title="bbox 2033 2560 3630 2638">
    <p class='ocr_par' dir='ltr' id='par_1_85' title="bbox 2033 2560 3630 2638">
     <span class='ocr_line' id='line_1_85' title="bbox 2033 2560 3630 2638; baseline 0.009 -25"><span class='ocrx_word' id='word_1_612' title='bbox 2033 2560 2248 2616; x_wconf 87' lang='lat' dir='ltr'><strong>videtur</strong></span> <span class='ocrx_word' id='word_1_613' title='bbox 2277 2564 2420 2633; x_wconf 87' lang='lat' dir='ltr'><strong>quod</strong></span> <span class='ocrx_word' id='word_1_614' title='bbox 2446 2573 2539 2619; x_wconf 91' lang='lat' dir='ltr'><strong>aut</strong></span> <span class='ocrx_word' id='word_1_615' title='bbox 2566 2567 2655 2621; x_wconf 90' lang='lat' dir='ltr'><strong>hic</strong></span> <span class='ocrx_word' id='word_1_616' title='bbox 2682 2576 2805 2638; x_wconf 91' lang='lat' dir='ltr'><strong>post</strong></span> <span class='ocrx_word' id='word_1_617' title='bbox 2848 2575 3079 2624; x_wconf 86' lang='lat' dir='ltr'><strong>mortem</strong></span> <span class='ocrx_word' id='word_1_618' title='bbox 3120 2573 3387 2626; x_wconf 82' lang='lat' dir='ltr'><strong>erraverit</strong></span> <span class='ocrx_word' id='word_1_619' title='bbox 3415 2590 3446 2628; x_wconf 90' lang='lat' dir='ltr'><strong>a</strong></span> <span class='ocrx_word' id='word_1_620' title='bbox 3486 2576 3630 2631; x_wconf 69' lang='grc' dir='ltr'><strong>γονί-</strong></span> 
     </span>
    </p>
   </div>
   <div class='ocr_carea' id='block_1_86' title="bbox 2033 2655 3625 2737">
    <p class='ocr_par' dir='ltr' id='par_1_86' title="bbox 2033 2655 3625 2737">
     <span class='ocr_line' id='line_1_86' title="bbox 2033 2655 3625 2737; baseline 0.011 -30"><span class='ocrx_word' id='word_1_621' title='bbox 2033 2661 2164 2718; x_wconf 89' lang='lat' dir='ltr'><strong>tate,</strong></span> <span class='ocrx_word' id='word_1_622' title='bbox 2198 2655 2288 2725; x_wconf 89' lang='lat' dir='ltr'><strong>qui</strong></span> <span class='ocrx_word' id='word_1_623' title='bbox 2323 2665 2451 2714; x_wconf 88' lang='lat' dir='ltr'><strong>tunc</strong></span> <span class='ocrx_word' id='word_1_624' title='bbox 2478 2673 2695 2714; x_wconf 87' lang='lat' dir='ltr'><strong>onmem</strong></span> <span class='ocrx_word' id='word_1_625' title='bbox 2728 2662 3013 2718; x_wconf 87' lang='lat' dir='ltr'><strong>veritatem</strong></span> <span class='ocrx_word' id='word_1_626' title='bbox 3050 2678 3134 2720; x_wconf 91' lang='lat' dir='ltr'><strong>est</strong></span> <span class='ocrx_word' id='word_1_627' title='bbox 3175 2666 3485 2737; x_wconf 87' lang='lat' dir='ltr'><strong>ingressus;</strong></span> <span class='ocrx_word' id='word_1_628' title='bbox 3530 2681 3625 2725; x_wconf 89' lang='lat' dir='ltr'><strong>aut</strong></span> 
     </span>
    </p>
   </div>
   <div class='ocr_carea' id='block_1_87' title="bbox 2033 2744 3626 2829">
    <p class='ocr_par' dir='ltr' id='par_1_87' title="bbox 2033 2744 3626 2829">
     <span class='ocr_line' id='line_1_87' title="bbox 2033 2744 3626 2829; baseline 0.011 -29"><span class='ocrx_word' id='word_1_629' title='bbox 2033 2744 2123 2800; x_wconf 90' lang='lat' dir='ltr'><strong>ille</strong></span> <span class='ocrx_word' id='word_1_630' title='bbox 2140 2756 2423 2819; x_wconf 82' lang='lat' dir='ltr'><strong>postquam</strong></span> <span class='ocrx_word' id='word_1_631' title='bbox 2441 2750 2967 2823; x_wconf 76' lang='lat' dir='ltr'><strong>obiitpteniteutiam</strong></span> <span class='ocrx_word' id='word_1_632' title='bbox 2981 2758 3178 2827; x_wconf 87' lang='lat' dir='ltr'><strong>egerit,</strong></span> <span class='ocrx_word' id='word_1_633' title='bbox 3195 2773 3356 2829; x_wconf 88' lang='lat' dir='ltr'><strong>quam</strong></span> <span class='ocrx_word' id='word_1_634' title='bbox 3378 2772 3503 2817; x_wconf 87' lang='lat' dir='ltr'><strong>ante</strong></span> <span class='ocrx_word' id='word_1_635' title='bbox 3519 2779 3626 2820; x_wconf 92' lang='lat' dir='ltr'><strong>non</strong></span> 
     </span>
    </p>
   </div>
   <div class='ocr_carea' id='block_1_88' title="bbox 2032 2841 3626 2921">
    <p class='ocr_par' dir='ltr' id='par_1_88' title="bbox 2032 2841 3626 2921">
     <span class='ocr_line' id='line_1_88' title="bbox 2032 2841 3626 2921; baseline 0.011 -29"><span class='ocrx_word' id='word_1_636' title='bbox 2032 2850 2299 2909; x_wconf 88' lang='lat' dir='ltr'><strong>gesserat.</strong></span> <span class='ocrx_word' id='word_1_637' title='bbox 2349 2841 2501 2897; x_wconf 80' lang='lat' dir='ltr'><strong>Unde</strong></span> <span class='ocrx_word' id='word_1_638' title='bbox 2540 2844 2703 2914; x_wconf 90' lang='lat' dir='ltr'><strong>plane</strong></span> <span class='ocrx_word' id='word_1_639' title='bbox 2733 2861 2838 2901; x_wconf 92' lang='lat' dir='ltr'><strong>non</strong></span> <span class='ocrx_word' id='word_1_640' title='bbox 2875 2856 2959 2903; x_wconf 87' lang='lat' dir='ltr'><strong>est</strong></span> <span class='ocrx_word' id='word_1_641' title='bbox 2990 2863 3329 2921; x_wconf 89' lang='lat' dir='ltr'><strong>consequens</strong></span> <span class='ocrx_word' id='word_1_642' title='bbox 3354 2861 3414 2906; x_wconf 89' lang='lat' dir='ltr'><strong>nt</strong></span> <span class='ocrx_word' id='word_1_643' title='bbox 3456 2852 3626 2910; x_wconf 85' lang='lat' dir='ltr'><strong>Maria</strong></span> 
     </span>
    </p>
   </div>
   <div class='ocr_carea' id='block_1_89' title="bbox 2032 2934 3623 3013">
    <p class='ocr_par' dir='ltr' id='par_1_89' title="bbox 2032 2934 3623 3013">
     <span class='ocr_line' id='line_1_89' title="bbox 2032 2934 3623 3013; baseline 0.011 -30"><span class='ocrx_word' id='word_1_644' title='bbox 2032 2940 2155 3001; x_wconf 89' lang='lat' dir='ltr'><strong>post</strong></span> <span class='ocrx_word' id='word_1_645' title='bbox 2182 2940 2394 3001; x_wconf 87' lang='lat' dir='ltr'><strong>partum</strong></span> <span class='ocrx_word' id='word_1_646' title='bbox 2426 2934 2709 2991; x_wconf 87' lang='lat' dir='ltr'><strong>miscuerit</strong></span> <span class='ocrx_word' id='word_1_647' title='bbox 2736 2952 2815 3001; x_wconf 89' lang='lat' dir='ltr'><strong>se,</strong></span> <span class='ocrx_word' id='word_1_648' title='bbox 2868 2940 3012 3008; x_wconf 89' lang='lat' dir='ltr'><strong>quod</strong></span> <span class='ocrx_word' id='word_1_649' title='bbox 3058 2949 3183 2996; x_wconf 92' lang='lat' dir='ltr'><strong>ante</strong></span> <span class='ocrx_word' id='word_1_650' title='bbox 3218 2944 3623 3013; x_wconf 88' lang='lat' dir='ltr'><strong>conceptionem</strong></span> 
     </span>
    </p>
   </div>
   <div class='ocr_carea' id='block_1_90' title="bbox 2032 3028 3624 3104">
    <p class='ocr_par' dir='ltr' id='par_1_90' title="bbox 2032 3028 3624 3104">
     <span class='ocr_line' id='line_1_90' title="bbox 2032 3028 3624 3104; baseline 0.008 -23"><span class='ocrx_word' id='word_1_651' title='bbox 2032 3034 2243 3081; x_wconf 89' lang='lat' dir='ltr'><strong>constat</strong></span> <span class='ocrx_word' id='word_1_652' title='bbox 2276 3028 2491 3098; x_wconf 89' lang='lat' dir='ltr'><strong>penitus</strong></span> <span class='ocrx_word' id='word_1_653' title='bbox 2517 3045 2623 3084; x_wconf 90' lang='lat' dir='ltr'><strong>non</strong></span> <span class='ocrx_word' id='word_1_654' title='bbox 2656 3029 2868 3091; x_wconf 83' lang='lat' dir='ltr'><strong>fecisse.</strong></span> <span class='ocrx_word' id='word_1_655' title='bbox 2909 3032 3065 3100; x_wconf 85' lang='lat' dir='ltr'><strong>Quod</strong></span> <span class='ocrx_word' id='word_1_656' title='bbox 3105 3036 3149 3090; x_wconf 91' lang='lat' dir='ltr'><strong>si</strong></span> <span class='ocrx_word' id='word_1_657' title='bbox 3195 3034 3499 3104; x_wconf 86' lang='lat' dir='ltr'><strong>hujusmodi</strong></span> <span class='ocrx_word' id='word_1_658' title='bbox 3541 3038 3624 3095; x_wconf 92' lang='lat' dir='ltr'><strong>lo-</strong></span> 
     </span>
    </p>
   </div>
   <div class='ocr_carea' id='block_1_91' title="bbox 2034 3120 3622 3202">
    <p class='ocr_par' dir='ltr' id='par_1_91' title="bbox 2034 3120 3622 3202">
     <span class='ocr_line' id='line_1_91' title="bbox 2034 3120 3622 3202; baseline 0.012 -29"><span class='ocrx_word' id='word_1_659' title='bbox 2034 3120 2180 3175; x_wconf 74' lang='lat' dir='ltr'><strong>cutio</strong></span> <span class='ocrx_word' id='word_1_660' title='bbox 2225 3122 2299 3176; x_wconf 83' lang='lat' dir='ltr'><strong>ita</strong></span> <span class='ocrx_word' id='word_1_661' title='bbox 2330 3137 2670 3193; x_wconf 86' lang='lat' dir='ltr'><strong>consequens</strong></span> <span class='ocrx_word' id='word_1_662' title='bbox 2694 3138 2860 3193; x_wconf 87' lang='lat' dir='ltr'><strong>esset,</strong></span> <span class='ocrx_word' id='word_1_663' title='bbox 2887 3127 3053 3182; x_wconf 87' lang='lat' dir='ltr'><strong>multa</strong></span> <span class='ocrx_word' id='word_1_664' title='bbox 3094 3130 3499 3202; x_wconf 89' lang='lat' dir='ltr'><strong>Scripturarum</strong></span> <span class='ocrx_word' id='word_1_665' title='bbox 3542 3143 3622 3191; x_wconf 85' lang='lat' dir='ltr'><strong>te-</strong></span> 
     </span>
    </p>
   </div>
   <div class='ocr_carea' id='block_1_92' title="bbox 2032 3211 3621 3281">
    <p class='ocr_par' dir='ltr' id='par_1_92' title="bbox 2032 3211 3621 3281">
     <span class='ocr_line' id='line_1_92' title="bbox 2032 3211 3621 3281; baseline 0.011 -16"><span class='ocrx_word' id='word_1_666' title='bbox 2032 3211 2282 3267; x_wconf 90' lang='lat' dir='ltr'><strong>stimonia</strong></span> <span class='ocrx_word' id='word_1_667' title='bbox 2320 3213 2374 3271; x_wconf 90' lang='lat' dir='ltr'><strong>in</strong></span> <span class='ocrx_word' id='word_1_668' title='bbox 2406 3217 2741 3272; x_wconf 86' lang='lat' dir='ltr'><strong>contrarium</strong></span> <span class='ocrx_word' id='word_1_669' title='bbox 2764 3218 3036 3274; x_wconf 86' lang='lat' dir='ltr'><strong>venirent.</strong></span> <span class='ocrx_word' id='word_1_670' title='bbox 3065 3218 3220 3276; x_wconf 89' lang='lat' dir='ltr'><strong>Unde</strong></span> <span class='ocrx_word' id='word_1_671' title='bbox 3244 3238 3344 3279; x_wconf 81' lang='lat' dir='ltr'><strong>nos</strong></span> <span class='ocrx_word' id='word_1_672' title='bbox 3372 3224 3467 3280; x_wconf 88' lang='lat' dir='ltr'><strong>tali</strong></span> <span class='ocrx_word' id='word_1_673' title='bbox 3505 3225 3621 3281; x_wconf 84' lang='lat' dir='ltr'><strong>elo-</strong></span> 
     </span>
    </p>
   </div>
   <div class='ocr_carea' id='block_1_93' title="bbox 2029 3304 3618 3385">
    <p class='ocr_par' dir='ltr' id='par_1_93' title="bbox 2029 3304 3618 3385">
     <span class='ocr_line' id='line_1_93' title="bbox 2029 3304 3618 3385; baseline 0.012 -29"><span class='ocrx_word' id='word_1_674' title='bbox 2029 3304 2156 3372; x_wconf 89' lang='lat' dir='ltr'><strong>quio</strong></span> <span class='ocrx_word' id='word_1_675' title='bbox 2188 3315 2334 3360; x_wconf 89' lang='lat' dir='ltr'><strong>recte</strong></span> <span class='ocrx_word' id='word_1_676' title='bbox 2362 3309 2691 3377; x_wconf 73' lang='lat' dir='ltr'><strong>praemoniti,</strong></span> <span class='ocrx_word' id='word_1_677' title='bbox 2740 3310 3018 3380; x_wconf 88' lang='lat' dir='ltr'><strong>dicamus,</strong></span> <span class='ocrx_word' id='word_1_678' title='bbox 3067 3315 3211 3385; x_wconf 87' lang='lat' dir='ltr'><strong>quod</strong></span> <span class='ocrx_word' id='word_1_679' title='bbox 3254 3328 3381 3373; x_wconf 87' lang='lat' dir='ltr'><strong>ante</strong></span> <span class='ocrx_word' id='word_1_680' title='bbox 3409 3318 3618 3376; x_wconf 86' lang='lat' dir='ltr'><strong>ﬁdelem</strong></span> 
     </span>
    </p>
   </div>
   <div class='ocr_carea' id='block_1_94' title="bbox 2029 3404 3619 3483">
    <p class='ocr_par' dir='ltr' id='par_1_94' title="bbox 2029 3404 3619 3483">
     <span class='ocr_line' id='line_1_94' title="bbox 2029 3404 3619 3483; baseline 0.013 -34"><span class='ocrx_word' id='word_1_681' title='bbox 2029 3411 2299 3470; x_wconf 82' lang='lat' dir='ltr'><strong>quemque</strong></span> <span class='ocrx_word' id='word_1_682' title='bbox 2325 3410 2571 3469; x_wconf 85' lang='lat' dir='ltr'><strong>oporteat</strong></span> <span class='ocrx_word' id='word_1_683' title='bbox 2598 3404 2757 3467; x_wconf 85' lang='lat' dir='ltr'><strong>mori,</strong></span> <span class='ocrx_word' id='word_1_684' title='bbox 2790 3420 2953 3474; x_wconf 88' lang='lat' dir='ltr'><strong>quam</strong></span> <span class='ocrx_word' id='word_1_685' title='bbox 2980 3408 3203 3464; x_wconf 87' lang='lat' dir='ltr'><strong>credere</strong></span> <span class='ocrx_word' id='word_1_686' title='bbox 3235 3419 3360 3481; x_wconf 88' lang='lat' dir='ltr'><strong>post</strong></span> <span class='ocrx_word' id='word_1_687' title='bbox 3399 3423 3619 3483; x_wconf 91' lang='lat' dir='ltr'><strong>partum</strong></span> 
     </span>
    </p>
   </div>
   <div class='ocr_carea' id='block_1_95' title="bbox 2030 3491 3620 3577">
    <p class='ocr_par' dir='ltr' id='par_1_95' title="bbox 2030 3491 3620 3577">
     <span class='ocr_line' id='line_1_95' title="bbox 2030 3491 3620 3577; baseline 0.012 -31"><span class='ocrx_word' id='word_1_688' title='bbox 2030 3491 2212 3548; x_wconf 66' lang='lat' dir='ltr'><strong>Mariae</strong></span> <span class='ocrx_word' id='word_1_689' title='bbox 2260 3496 2567 3566; x_wconf 88' lang='lat' dir='ltr'><strong>quempiam</strong></span> <span class='ocrx_word' id='word_1_690' title='bbox 2632 3498 2934 3555; x_wconf 87' lang='lat' dir='ltr'><strong>miscuisse.</strong></span> <span class='ocrx_word' id='word_1_691' title='bbox 2990 3501 3059 3556; x_wconf 89' lang='lat' dir='ltr'><strong>Et</strong></span> <span class='ocrx_word' id='word_1_692' title='bbox 3093 3504 3140 3558; x_wconf 89' lang='lat' dir='ltr'><strong>si</strong></span> <span class='ocrx_word' id='word_1_693' title='bbox 3188 3506 3451 3577; x_wconf 90' lang='lat' dir='ltr'><strong>ingruerit</strong></span> <span class='ocrx_word' id='word_1_694' title='bbox 3492 3511 3620 3565; x_wconf 90' lang='lat' dir='ltr'><strong>hinc</strong></span> 
     </span>
    </p>
   </div>
   <div class='ocr_carea' id='block_1_96' title="bbox 2028 3587 3617 3671">
    <p class='ocr_par' dir='ltr' id='par_1_96' title="bbox 2028 3587 3617 3671">
     <span class='ocr_line' id='line_1_96' title="bbox 2028 3587 3617 3671; baseline 0.012 -34"><span class='ocrx_word' id='word_1_695' title='bbox 2028 3587 2357 3654; x_wconf 87' lang='lat' dir='ltr'><strong>persecutio,</strong></span> <span class='ocrx_word' id='word_1_696' title='bbox 2409 3595 2535 3641; x_wconf 89' lang='lat' dir='ltr'><strong>ante</strong></span> <span class='ocrx_word' id='word_1_697' title='bbox 2573 3601 2807 3644; x_wconf 87' lang='lat' dir='ltr'><strong>mortem</strong></span> <span class='ocrx_word' id='word_1_698' title='bbox 2855 3608 2959 3645; x_wconf 92' lang='lat' dir='ltr'><strong>non</strong></span> <span class='ocrx_word' id='word_1_699' title='bbox 3005 3601 3090 3648; x_wconf 88' lang='lat' dir='ltr'><strong>est</strong></span> <span class='ocrx_word' id='word_1_700' title='bbox 3140 3594 3413 3653; x_wconf 85' lang='lat' dir='ltr'><strong>fatendum</strong></span> <span class='ocrx_word' id='word_1_701' title='bbox 3473 3605 3617 3671; x_wconf 86' lang='lat' dir='ltr'><strong>quod</strong></span> 
     </span>
    </p>
   </div>
   <div class='ocr_carea' id='block_1_97' title="bbox 2028 3682 3614 3756">
    <p class='ocr_par' dir='ltr' id='par_1_97' title="bbox 2028 3682 3614 3756">
     <span class='ocr_line' id='line_1_97' title="bbox 2028 3682 3614 3756; baseline 0.011 -25"><span class='ocrx_word' id='word_1_702' title='bbox 2028 3687 2149 3746; x_wconf 89' lang='lat' dir='ltr'><strong>post</strong></span> <span class='ocrx_word' id='word_1_703' title='bbox 2213 3690 2444 3736; x_wconf 88' lang='lat' dir='ltr'><strong>mortem</strong></span> <span class='ocrx_word' id='word_1_704' title='bbox 2500 3682 2833 3751; x_wconf 85' lang='lat' dir='ltr'><strong>impossibile</strong></span> <span class='ocrx_word' id='word_1_705' title='bbox 2896 3684 3003 3738; x_wconf 88' lang='lat' dir='ltr'><strong>crit</strong></span> <span class='ocrx_word' id='word_1_706' title='bbox 3053 3687 3286 3756; x_wconf 90' lang='lat' dir='ltr'><strong>cuipiam</strong></span> <span class='ocrx_word' id='word_1_707' title='bbox 3346 3691 3614 3750; x_wconf 83' lang='lat' dir='ltr'><strong>conﬁteri.</strong></span> 
     </span>
    </p>
   </div>
   <div class='ocr_carea' id='block_1_98' title="bbox 2026 3770 3617 3849">
    <p class='ocr_par' dir='ltr' id='par_1_98' title="bbox 2026 3770 3617 3849">
     <span class='ocr_line' id='line_1_98' title="bbox 2026 3770 3617 3849; baseline 0.012 -25"><span class='ocrx_word' id='word_1_708' title='bbox 2026 3770 2144 3826; x_wconf 88' lang='lat' dir='ltr'><strong>Non</strong></span> <span class='ocrx_word' id='word_1_709' title='bbox 2187 3771 2331 3826; x_wconf 89' lang='lat' dir='ltr'><strong>enim</strong></span> <span class='ocrx_word' id='word_1_710' title='bbox 2368 3773 2708 3830; x_wconf 76' lang='lat' dir='ltr'><strong>intellexerat</strong></span> <span class='ocrx_word' id='word_1_711' title='bbox 2756 3776 2845 3831; x_wconf 89' lang='lat' dir='ltr'><strong>hic</strong></span> <span class='ocrx_word' id='word_1_712' title='bbox 2881 3777 3081 3847; x_wconf 92' lang='lat' dir='ltr'><strong>pistillo</strong></span> <span class='ocrx_word' id='word_1_713' title='bbox 3112 3782 3365 3849; x_wconf 89' lang='lat' dir='ltr'><strong>retusior,</strong></span> <span class='ocrx_word' id='word_1_714' title='bbox 3391 3785 3617 3843; x_wconf 86' lang='lat' dir='ltr'><strong>callidus</strong></span> 
     </span>
    </p>
   </div>
   <div class='ocr_carea' id='block_1_99' title="bbox 2028 3864 3615 3941">
    <p class='ocr_par' dir='ltr' id='par_1_99' title="bbox 2028 3864 3615 3941">
     <span class='ocr_line' id='line_1_99' title="bbox 2028 3864 3615 3941; baseline 0.011 -23"><span class='ocrx_word' id='word_1_715' title='bbox 2028 3864 2349 3935; x_wconf 87' lang='lat' dir='ltr'><strong>disputator,</strong></span> <span class='ocrx_word' id='word_1_716' title='bbox 2396 3868 2541 3936; x_wconf 89' lang='lat' dir='ltr'><strong>quod</strong></span> <span class='ocrx_word' id='word_1_717' title='bbox 2590 3868 2657 3924; x_wconf 91' lang='lat' dir='ltr'><strong>de</strong></span> <span class='ocrx_word' id='word_1_718' title='bbox 2700 3868 2803 3925; x_wconf 87' lang='lat' dir='ltr'><strong>hac</strong></span> <span class='ocrx_word' id='word_1_719' title='bbox 2852 3871 3163 3941; x_wconf 82' lang='lat' dir='ltr'><strong>specialiter</strong></span> <span class='ocrx_word' id='word_1_720' title='bbox 3213 3875 3417 3932; x_wconf 90' lang='lat' dir='ltr'><strong>dictum</strong></span> <span class='ocrx_word' id='word_1_721' title='bbox 3469 3881 3615 3936; x_wconf 90' lang='lat' dir='ltr'><strong>sitiu</strong></span> 
     </span>
    </p>
   </div>
   <div class='ocr_carea' id='block_1_100' title="bbox 2026 3956 3617 4043">
    <p class='ocr_par' dir='ltr' id='par_1_100' title="bbox 2026 3956 3617 4043">
     <span class='ocr_line' id='line_1_100' title="bbox 2026 3956 3617 4043; baseline 0.011 -30"><span class='ocrx_word' id='word_1_722' title='bbox 2026 3956 2287 4023; x_wconf 84' lang='lat' dir='ltr'><strong>Canticis,</strong></span> <span class='ocrx_word' id='word_1_723' title='bbox 2318 3960 2569 4028; x_wconf 85' lang='lat' dir='ltr'><strong>quamvis</strong></span> <span class='ocrx_word' id='word_1_724' title='bbox 2615 3962 2946 4032; x_wconf 85' lang='lat' dir='ltr'><strong>generaliter</strong></span> <span class='ocrx_word' id='word_1_725' title='bbox 2971 3965 3039 4020; x_wconf 91' lang='lat' dir='ltr'><strong>de</strong></span> <span class='ocrx_word' id='word_1_726' title='bbox 3066 3965 3308 4025; x_wconf 88' lang='lat' dir='ltr'><strong>Ecclesia</strong></span> <span class='ocrx_word' id='word_1_727' title='bbox 3340 3971 3617 4043; x_wconf 81' lang='lat' dir='ltr'><strong>signiﬁca-</strong></span> 
     </span>
    </p>
   </div>
   <div class='ocr_carea' id='block_1_101' title="bbox 2027 4049 3614 4131">
    <p class='ocr_par' dir='ltr' id='par_1_101' title="bbox 2027 4049 3614 4131">
     <span class='ocr_line' id='line_1_101' title="bbox 2027 4049 3614 4131; baseline 0.011 -29"><span class='ocrx_word' id='word_1_728' title='bbox 2027 4059 2140 4102; x_wconf 90' lang='lat' dir='ltr'><strong>tum</strong></span> <span class='ocrx_word' id='word_1_729' title='bbox 2191 4049 2577 4120; x_wconf 86' lang='lat' dir='ltr'><strong>intelligamus.</strong></span> <span class='ocrx_word' id='word_1_730' title='bbox 2615 4051 2881 4110; x_wconf 67' lang='lat' dir='ltr'><strong>Nimirum</strong></span> <span class='ocrx_word' id='word_1_731' title='bbox 2937 4056 3092 4126; x_wconf 87' lang='lat' dir='ltr'><strong>quia,</strong></span> <span class='ocrx_word' id='word_1_732' title='bbox 3138 4059 3399 4131; x_wconf 87' lang='lat' dir='ltr'><strong>quidquid</strong></span> <span class='ocrx_word' id='word_1_733' title='bbox 3445 4064 3498 4118; x_wconf 93' lang='lat' dir='ltr'><strong>in</strong></span> <span class='ocrx_word' id='word_1_734' title='bbox 3552 4080 3614 4120; x_wconf 86' lang='lat' dir='ltr'><strong>ea</strong></span> 
     </span>
    </p>
   </div>
   <div class='ocr_carea' id='block_1_102' title="bbox 2027 4138 3617 4221">
    <p class='ocr_par' dir='ltr' id='par_1_102' title="bbox 2027 4138 3617 4221">
     <span class='ocr_line' id='line_1_102' title="bbox 2027 4138 3617 4221; baseline 0.011 -27"><span class='ocrx_word' id='word_1_735' title='bbox 2027 4138 2248 4209; x_wconf 84' lang='lat' dir='ltr'><strong>speciali</strong></span> <span class='ocrx_word' id='word_1_736' title='bbox 2281 4152 2537 4195; x_wconf 89' lang='lat' dir='ltr'><strong>narratur</strong></span> <span class='ocrx_word' id='word_1_737' title='bbox 2566 4141 2818 4199; x_wconf 70' lang='lat' dir='ltr'><strong>affamine</strong></span> <span class='ocrx_word' id='word_1_738' title='bbox 2842 4185 2855 4210; x_wconf 93' lang='lat'><strong>,</strong></span> <span class='ocrx_word' id='word_1_739' title='bbox 2910 4155 3081 4202; x_wconf 88' lang='lat' dir='ltr'><strong>totum</strong></span> <span class='ocrx_word' id='word_1_740' title='bbox 3119 4154 3431 4221; x_wconf 83' lang='lat' dir='ltr'><strong>expressius</strong></span> <span class='ocrx_word' id='word_1_741' title='bbox 3463 4173 3617 4213; x_wconf 87' lang='lat' dir='ltr'><strong>mon-</strong></span> 
     </span>
    </p>
   </div>
   <div class='ocr_carea' id='block_1_103' title="bbox 2028 4234 3611 4316">
    <p class='ocr_par' dir='ltr' id='par_1_103' title="bbox 2028 4234 3611 4316">
     <span class='ocr_line' id='line_1_103' title="bbox 2028 4234 3611 4316; baseline 0.012 -29"><span class='ocrx_word' id='word_1_742' title='bbox 2028 4242 2256 4288; x_wconf 89' lang='lat' dir='ltr'><strong>stratum</strong></span> <span class='ocrx_word' id='word_1_743' title='bbox 2289 4234 2538 4303; x_wconf 87' lang='lat' dir='ltr'><strong>signatur</strong></span> <span class='ocrx_word' id='word_1_744' title='bbox 2581 4236 2635 4289; x_wconf 90' lang='lat' dir='ltr'><strong>in</strong></span> <span class='ocrx_word' id='word_1_745' title='bbox 2669 4252 2889 4306; x_wconf 84' lang='lat' dir='ltr'><strong>genere.</strong></span> <span class='ocrx_word' id='word_1_746' title='bbox 2914 4238 3004 4293; x_wconf 84' lang='lat' dir='ltr'><strong>Ait</strong></span> <span class='ocrx_word' id='word_1_747' title='bbox 3037 4242 3181 4297; x_wconf 90' lang='lat' dir='ltr'><strong>enim</strong></span> <span class='ocrx_word' id='word_1_748' title='bbox 3211 4244 3454 4316; x_wconf 91' lang='lat' dir='ltr'><strong>Sponsus</strong></span> <span class='ocrx_word' id='word_1_749' title='bbox 3496 4251 3570 4306; x_wconf 87' lang='lat' dir='ltr'><strong>ita</strong></span> <span class='ocrx_word' id='word_1_750' title='bbox 3599 4271 3611 4306; x_wconf 92' lang='lat'><strong>:</strong></span> 
     </span>
    </p>
   </div>
   <div class='ocr_carea' id='block_1_104' title="bbox 2029 4324 3615 4414">
    <p class='ocr_par' dir='ltr' id='par_1_104' title="bbox 2029 4324 3615 4414">
     <span class='ocr_line' id='line_1_104' title="bbox 2029 4324 3615 4414; baseline 0.013 -36"><span class='ocrx_word' id='word_1_751' title='bbox 2029 4324 2231 4381; x_wconf 80' lang='lat' dir='ltr'><strong>Hortus</strong></span> <span class='ocrx_word' id='word_1_752' title='bbox 2257 4326 2554 4394; x_wconf 80' lang='lat' dir='ltr'><strong>conclusus,</strong></span> <span class='ocrx_word' id='word_1_753' title='bbox 2590 4346 2742 4384; x_wconf 86' lang='lat' dir='ltr'><strong>soror</strong></span> <span class='ocrx_word' id='word_1_754' title='bbox 2765 4347 2910 4398; x_wconf 86' lang='lat' dir='ltr'><strong>mea;</strong></span> <span class='ocrx_word' id='word_1_755' title='bbox 2949 4332 3130 4389; x_wconf 85' lang='lat' dir='ltr'><strong>hortus</strong></span> <span class='ocrx_word' id='word_1_756' title='bbox 3171 4339 3467 4407; x_wconf 85' lang='lat' dir='ltr'><strong>conclusus,</strong></span> <span class='ocrx_word' id='word_1_757' title='bbox 3496 4344 3615 4414; x_wconf 79' lang='lat' dir='ltr'><strong>fons</strong></span> 
     </span>
    </p>
   </div>
   <div class='ocr_carea' id='block_1_105' title="bbox 2026 4420 3614 4504">
    <p class='ocr_par' dir='ltr' id='par_1_105' title="bbox 2026 4420 3614 4504">
     <span class='ocr_line' id='line_1_105' title="bbox 2026 4420 3614 4504; baseline 0.013 -31"><span class='ocrx_word' id='word_1_758' title='bbox 2026 4421 2263 4490; x_wconf 84' lang='lat' dir='ltr'><strong>signatus</strong></span> <span class='ocrx_word' id='word_1_759' title='bbox 2304 4420 2499 4491; x_wconf 85' lang='lat' dir='ltr'><strong>(Cant.</strong></span> <span class='ocrx_word' id='word_1_760' title='bbox 2552 4440 2628 4490; x_wconf 87' lang='lat' dir='ltr'><strong>tv,</strong></span> <span class='ocrx_word' id='word_1_761' title='bbox 2675 4425 2798 4497; x_wconf 75' lang='grc'><strong>12).</strong></span> <span class='ocrx_word' id='word_1_762' title='bbox 2835 4427 3021 4498; x_wconf 84' lang='lat' dir='ltr'><strong>Itaque</strong></span> <span class='ocrx_word' id='word_1_763' title='bbox 3061 4430 3244 4487; x_wconf 81' lang='lat' dir='ltr'><strong>hortus</strong></span> <span class='ocrx_word' id='word_1_764' title='bbox 3293 4436 3572 4492; x_wconf 80' lang='lat' dir='ltr'><strong>conclusus</strong></span> <span class='ocrx_word' id='word_1_765' title='bbox 3599 4478 3614 4504; x_wconf 91' lang='lat'><strong>,</strong></span> 
     </span>
    </p>
   </div>
   <div class='ocr_carea' id='block_1_106' title="bbox 2027 4513 3616 4598">
    <p class='ocr_par' dir='ltr' id='par_1_106' title="bbox 2027 4513 3616 4598">
     <span class='ocr_line' id='line_1_106' title="bbox 2027 4513 3616 4598; baseline 0.014 -34"><span class='ocrx_word' id='word_1_766' title='bbox 2027 4513 2153 4581; x_wconf 83' lang='lat' dir='ltr'><strong>quia</strong></span> <span class='ocrx_word' id='word_1_767' title='bbox 2204 4521 2392 4568; x_wconf 90' lang='lat' dir='ltr'><strong>uterus</strong></span> <span class='ocrx_word' id='word_1_768' title='bbox 2450 4514 2685 4586; x_wconf 86' lang='lat' dir='ltr'><strong>Virginis</strong></span> <span class='ocrx_word' id='word_1_769' title='bbox 2735 4519 2910 4574; x_wconf 84' lang='lat' dir='ltr'><strong>modis</strong></span> <span class='ocrx_word' id='word_1_770' title='bbox 2955 4521 3209 4578; x_wconf 90' lang='lat' dir='ltr'><strong>omnibus</strong></span> <span class='ocrx_word' id='word_1_771' title='bbox 3258 4525 3471 4598; x_wconf 80' lang='lat' dir='ltr'><strong>integer</strong></span> <span class='ocrx_word' id='word_1_772' title='bbox 3532 4541 3616 4587; x_wconf 85' lang='lat' dir='ltr'><strong>at-</strong></span> 
     </span>
    </p>
   </div>
   <div class='ocr_carea' id='block_1_107' title="bbox 2028 4608 3617 4697">
    <p class='ocr_par' dir='ltr' id='par_1_107' title="bbox 2028 4608 3617 4697">
     <span class='ocr_line' id='line_1_107' title="bbox 2028 4608 3617 4697; baseline 0.012 -36"><span class='ocrx_word' id='word_1_773' title='bbox 2028 4623 2133 4677; x_wconf 88' lang='lat' dir='ltr'><strong>que</strong></span> <span class='ocrx_word' id='word_1_774' title='bbox 2182 4608 2530 4679; x_wconf 80' lang='lat' dir='ltr'><strong>incorruptus</strong></span> <span class='ocrx_word' id='word_1_775' title='bbox 2581 4609 2702 4665; x_wconf 91' lang='lat' dir='ltr'><strong>fuit.</strong></span> <span class='ocrx_word' id='word_1_776' title='bbox 2752 4612 2953 4669; x_wconf 86' lang='lat' dir='ltr'><strong>Hortus</strong></span> <span class='ocrx_word' id='word_1_777' title='bbox 3002 4624 3181 4672; x_wconf 88' lang='lat' dir='ltr'><strong>autem</strong></span> <span class='ocrx_word' id='word_1_778' title='bbox 3226 4618 3349 4676; x_wconf 87' lang='lat' dir='ltr'><strong>ideo</strong></span> <span class='ocrx_word' id='word_1_779' title='bbox 3392 4633 3475 4677; x_wconf 90' lang='lat' dir='ltr'><strong>cst</strong></span> <span class='ocrx_word' id='word_1_780' title='bbox 3523 4641 3617 4697; x_wconf 88' lang='lat' dir='ltr'><strong>ap-</strong></span> 
     </span>
    </p>
   </div>
   <div class='ocr_carea' id='block_1_108' title="bbox 2027 4699 3618 4779">
    <p class='ocr_par' dir='ltr' id='par_1_108' title="bbox 2027 4699 3618 4779">
     <span class='ocr_line' id='line_1_108' title="bbox 2027 4699 3618 4779; baseline 0.013 -26"><span class='ocrx_word' id='word_1_781' title='bbox 2027 4699 2277 4768; x_wconf 90' lang='lat' dir='ltr'><strong>pellatus,</strong></span> <span class='ocrx_word' id='word_1_782' title='bbox 2305 4701 2430 4770; x_wconf 85' lang='lat' dir='ltr'><strong>quia</strong></span> <span class='ocrx_word' id='word_1_783' title='bbox 2480 4703 2746 4759; x_wconf 67' lang='lat' dir='ltr'><strong>universae</strong></span> <span class='ocrx_word' id='word_1_784' title='bbox 2789 4706 2994 4762; x_wconf 64' lang='lat' dir='ltr'><strong>deliciae</strong></span> <span class='ocrx_word' id='word_1_785' title='bbox 3040 4710 3275 4779; x_wconf 90' lang='lat' dir='ltr'><strong>paradisi</strong></span> <span class='ocrx_word' id='word_1_786' title='bbox 3330 4714 3384 4769; x_wconf 92' lang='lat' dir='ltr'><strong>in</strong></span> <span class='ocrx_word' id='word_1_787' title='bbox 3425 4732 3491 4772; x_wconf 87' lang='lat' dir='ltr'><strong>eo</strong></span> <span class='ocrx_word' id='word_1_788' title='bbox 3532 4719 3618 4773; x_wconf 80' lang='lat' dir='ltr'><strong>ef-</strong></span> 
     </span>
    </p>
   </div>
   <div class='ocr_carea' id='block_1_109' title="bbox 2027 4790 3615 4876">
    <p class='ocr_par' dir='ltr' id='par_1_109' title="bbox 2027 4790 3615 4876">
     <span class='ocr_line' id='line_1_109' title="bbox 2027 4790 3615 4876; baseline 0.014 -31"><span class='ocrx_word' id='word_1_789' title='bbox 2027 4790 2365 4860; x_wconf 81' lang='lat' dir='ltr'><strong>ﬂoruerunt,</strong></span> <span class='ocrx_word' id='word_1_790' title='bbox 2421 4804 2477 4849; x_wconf 89' lang='lat' dir='ltr'><strong>et</strong></span> <span class='ocrx_word' id='word_1_791' title='bbox 2537 4796 2783 4868; x_wconf 88' lang='lat' dir='ltr'><strong>signatus</strong></span> <span class='ocrx_word' id='word_1_792' title='bbox 2829 4809 2913 4854; x_wconf 86' lang='lat' dir='ltr'><strong>est</strong></span> <span class='ocrx_word' id='word_1_793' title='bbox 2972 4810 3163 4858; x_wconf 87' lang='lat' dir='ltr'><strong>venter</strong></span> <span class='ocrx_word' id='word_1_794' title='bbox 3209 4807 3466 4876; x_wconf 87' lang='lat' dir='ltr'><strong>pudoris,</strong></span> <span class='ocrx_word' id='word_1_795' title='bbox 3524 4814 3615 4869; x_wconf 89' lang='lat' dir='ltr'><strong>ubi</strong></span> 
     </span>
    </p>
   </div>
   <div class='ocr_carea' id='block_1_110' title="bbox 2026 4887 3615 4974">
    <p class='ocr_par' dir='ltr' id='par_1_110' title="bbox 2026 4887 3615 4974">
     <span class='ocr_line' id='line_1_110' title="bbox 2026 4887 3615 4974; baseline 0.012 -31"><span class='ocrx_word' id='word_1_796' title='bbox 2026 4887 2152 4944; x_wconf 79' lang='lat' dir='ltr'><strong>fons</strong></span> <span class='ocrx_word' id='word_1_797' title='bbox 2195 4891 2420 4946; x_wconf 88' lang='lat' dir='ltr'><strong>emicuit</strong></span> <span class='ocrx_word' id='word_1_798' title='bbox 2469 4905 2670 4948; x_wconf 67' lang='lat' dir='ltr'><strong>nostrae</strong></span> <span class='ocrx_word' id='word_1_799' title='bbox 2712 4897 3120 4968; x_wconf 88' lang='lat' dir='ltr'><strong>redemptionis.</strong></span> <span class='ocrx_word' id='word_1_800' title='bbox 3186 4899 3475 4974; x_wconf 76' lang='lat' dir='ltr'><strong>Signatus,</strong></span> <span class='ocrx_word' id='word_1_801' title='bbox 3533 4907 3615 4962; x_wconf 86' lang='lat' dir='ltr'><strong>iu—</strong></span> 
     </span>
    </p>
   </div>
   <div class='ocr_carea' id='block_1_111' title="bbox 2028 4983 3615 5065">
    <p class='ocr_par' dir='ltr' id='par_1_111' title="bbox 2028 4983 3615 5065">
     <span class='ocr_line' id='line_1_111' title="bbox 2028 4983 3615 5065; baseline 0.013 -32"><span class='ocrx_word' id='word_1_802' title='bbox 2028 4996 2190 5050; x_wconf 90' lang='lat' dir='ltr'><strong>quam</strong></span> <span class='ocrx_word' id='word_1_803' title='bbox 2215 5022 2228 5046; x_wconf 93' lang='lat'><strong>,</strong></span> <span class='ocrx_word' id='word_1_804' title='bbox 2278 4983 2403 5051; x_wconf 88' lang='lat' dir='ltr'><strong>quia</strong></span> <span class='ocrx_word' id='word_1_805' title='bbox 2444 4984 2906 5045; x_wconf 87' lang='lat' dir='ltr'><strong>incontaminatus</strong></span> <span class='ocrx_word' id='word_1_806' title='bbox 2942 4998 3106 5061; x_wconf 89' lang='lat' dir='ltr'><strong>atque</strong></span> <span class='ocrx_word' id='word_1_807' title='bbox 3145 4992 3491 5065; x_wconf 88' lang='lat' dir='ltr'><strong>incorruptus</strong></span> <span class='ocrx_word' id='word_1_808' title='bbox 3520 5014 3615 5054; x_wconf 84' lang='lat' dir='ltr'><strong>cx-</strong></span> 
     </span>
    </p>
   </div>
   <div class='ocr_carea' id='block_1_112' title="bbox 2027 5074 3612 5160">
    <p class='ocr_par' dir='ltr' id='par_1_112' title="bbox 2027 5074 3612 5160">
     <span class='ocr_line' id='line_1_112' title="bbox 2027 5074 3612 5160; baseline 0.013 -34"><span class='ocrx_word' id='word_1_809' title='bbox 2027 5074 2167 5128; x_wconf 86' lang='lat' dir='ltr'><strong>stitit</strong></span> <span class='ocrx_word' id='word_1_810' title='bbox 2213 5074 2322 5146; x_wconf 81' lang='lat'><strong>97</strong></span> <span class='ocrx_word' id='word_1_811' title='bbox 2362 5078 2614 5149; x_wconf 85' lang='lat' dir='ltr'><strong>sanguis,</strong></span> <span class='ocrx_word' id='word_1_812' title='bbox 2643 5094 2708 5134; x_wconf 84' lang='lat' dir='ltr'><strong>ex</strong></span> <span class='ocrx_word' id='word_1_813' title='bbox 2745 5096 2853 5151; x_wconf 91' lang='lat' dir='ltr'><strong>quo</strong></span> <span class='ocrx_word' id='word_1_814' title='bbox 2894 5083 3135 5138; x_wconf 87' lang='lat' dir='ltr'><strong>manavit</strong></span> <span class='ocrx_word' id='word_1_815' title='bbox 3176 5087 3317 5142; x_wconf 89' lang='lat' dir='ltr'><strong>unda</strong></span> <span class='ocrx_word' id='word_1_816' title='bbox 3366 5087 3612 5160; x_wconf 86' lang='lat' dir='ltr'><strong>liquoris.</strong></span> 
     </span>
    </p>
   </div>
   <div class='ocr_carea' id='block_1_113' title="bbox 2030 5163 3613 5245">
    <p class='ocr_par' dir='ltr' id='par_1_113' title="bbox 2030 5163 3613 5245">
     <span class='ocr_line' id='line_1_113' title="bbox 2030 5163 3613 5245; baseline 0.013 -27"><span class='ocrx_word' id='word_1_817' title='bbox 2030 5163 2168 5236; x_wconf 85' lang='lat' dir='ltr'><strong>Ergo</strong></span> <span class='ocrx_word' id='word_1_818' title='bbox 2198 5166 2326 5235; x_wconf 88' lang='lat' dir='ltr'><strong>quia</strong></span> <span class='ocrx_word' id='word_1_819' title='bbox 2354 5168 2597 5238; x_wconf 82' lang='lat' dir='ltr'><strong>signatus</strong></span> <span class='ocrx_word' id='word_1_820' title='bbox 2620 5169 2721 5225; x_wconf 84' lang='lat' dir='ltr'><strong>fuit</strong></span> <span class='ocrx_word' id='word_1_821' title='bbox 2743 5170 2917 5242; x_wconf 87' lang='lat' dir='ltr'><strong>sigillo</strong></span> <span class='ocrx_word' id='word_1_822' title='bbox 2939 5174 3182 5245; x_wconf 88' lang='lat' dir='ltr'><strong>pudoris,</strong></span> <span class='ocrx_word' id='word_1_823' title='bbox 3210 5177 3425 5234; x_wconf 87' lang='lat' dir='ltr'><strong>inventa</strong></span> <span class='ocrx_word' id='word_1_824' title='bbox 3456 5191 3540 5238; x_wconf 87' lang='lat' dir='ltr'><strong>est</strong></span> <span class='ocrx_word' id='word_1_825' title='bbox 3582 5200 3613 5239; x_wconf 88' lang='lat' dir='ltr'><strong>a</strong></span> 
     </span>
    </p>
   </div>
   <div class='ocr_carea' id='block_1_114' title="bbox 2027 5259 3612 5342">
    <p class='ocr_par' dir='ltr' id='par_1_114' title="bbox 2027 5259 3612 5342">
     <span class='ocr_line' id='line_1_114' title="bbox 2027 5259 3612 5342; baseline 0.011 -29"><span class='ocrx_word' id='word_1_826' title='bbox 2027 5272 2227 5328; x_wconf 89' lang='lat' dir='ltr'><strong>sponso</strong></span> <span class='ocrx_word' id='word_1_827' title='bbox 2252 5259 2458 5316; x_wconf 87' lang='lat' dir='ltr'><strong>habens</strong></span> <span class='ocrx_word' id='word_1_828' title='bbox 2477 5261 2533 5316; x_wconf 90' lang='lat' dir='ltr'><strong>in</strong></span> <span class='ocrx_word' id='word_1_829' title='bbox 2562 5273 2739 5330; x_wconf 87' lang='lat' dir='ltr'><strong>utero,</strong></span> <span class='ocrx_word' id='word_1_830' title='bbox 2765 5280 2871 5319; x_wconf 91' lang='lat' dir='ltr'><strong>non</strong></span> <span class='ocrx_word' id='word_1_831' title='bbox 2899 5264 3114 5322; x_wconf 87' lang='lat' dir='ltr'><strong>aliunde</strong></span> <span class='ocrx_word' id='word_1_832' title='bbox 3134 5282 3295 5337; x_wconf 87' lang='lat' dir='ltr'><strong>quam</strong></span> <span class='ocrx_word' id='word_1_833' title='bbox 3317 5269 3384 5324; x_wconf 90' lang='lat' dir='ltr'><strong>de</strong></span> <span class='ocrx_word' id='word_1_834' title='bbox 3407 5270 3612 5342; x_wconf 87' lang='lat' dir='ltr'><strong>Spiritu</strong></span> 
     </span>
    </p>
   </div>
   <div class='ocr_carea' id='block_1_115' title="bbox 2025 5353 3615 5431">
    <p class='ocr_par' dir='ltr' id='par_1_115' title="bbox 2025 5353 3615 5431">
     <span class='ocr_line' id='line_1_115' title="bbox 2025 5353 3615 5431; baseline 0.011 -24"><span class='ocrx_word' id='word_1_835' title='bbox 2025 5360 2236 5418; x_wconf 89' lang='lat' dir='ltr'><strong>sancto,</strong></span> <span class='ocrx_word' id='word_1_836' title='bbox 2269 5359 2331 5408; x_wconf 90' lang='lat' dir='ltr'><strong>ut</strong></span> <span class='ocrx_word' id='word_1_837' title='bbox 2366 5353 2507 5409; x_wconf 90' lang='lat' dir='ltr'><strong>idem</strong></span> <span class='ocrx_word' id='word_1_838' title='bbox 2559 5354 2911 5429; x_wconf 87' lang='lat' dir='ltr'><strong>investigator</strong></span> <span class='ocrx_word' id='word_1_839' title='bbox 2947 5361 3214 5431; x_wconf 86' lang='lat' dir='ltr'><strong>mysterii,</strong></span> <span class='ocrx_word' id='word_1_840' title='bbox 3254 5362 3418 5419; x_wconf 90' lang='lat' dir='ltr'><strong>etiam</strong></span> <span class='ocrx_word' id='word_1_841' title='bbox 3461 5369 3615 5425; x_wconf 88' lang='lat' dir='ltr'><strong>testis</strong></span> 
     </span>
    </p>
   </div>
   <div class='ocr_carea' id='block_1_116' title="bbox 2029 5444 3607 5522">
    <p class='ocr_par' dir='ltr' id='par_1_116' title="bbox 2029 5444 3607 5522">
     <span class='ocr_line' id='line_1_116' title="bbox 2029 5444 3607 5522; baseline 0.011 -23"><span class='ocrx_word' id='word_1_842' title='bbox 2029 5444 2187 5501; x_wconf 87' lang='lat' dir='ltr'><strong>ﬁeret</strong></span> <span class='ocrx_word' id='word_1_843' title='bbox 2214 5445 2501 5503; x_wconf 89' lang='lat' dir='ltr'><strong>castitatis.</strong></span> <span class='ocrx_word' id='word_1_844' title='bbox 2534 5446 2767 5513; x_wconf 85' lang='lat' dir='ltr'><strong>Habens,</strong></span> <span class='ocrx_word' id='word_1_845' title='bbox 2800 5449 2995 5522; x_wconf 90' lang='lat' dir='ltr'><strong>inquit,</strong></span> <span class='ocrx_word' id='word_1_846' title='bbox 3023 5453 3076 5507; x_wconf 95' lang='lat' dir='ltr'><strong>in</strong></span> <span class='ocrx_word' id='word_1_847' title='bbox 3104 5464 3280 5522; x_wconf 86' lang='lat' dir='ltr'><strong>utero,</strong></span> <span class='ocrx_word' id='word_1_848' title='bbox 3305 5471 3412 5512; x_wconf 92' lang='lat' dir='ltr'><strong>non</strong></span> <span class='ocrx_word' id='word_1_849' title='bbox 3439 5458 3607 5516; x_wconf 81' lang='lat' dir='ltr'><strong>aliun-</strong></span> 
     </span>
    </p>
   </div>
   <div class='ocr_carea' id='block_1_117' title="bbox 2029 5540 3612 5615">
    <p class='ocr_par' dir='ltr' id='par_1_117' title="bbox 2029 5540 3612 5615">
     <span class='ocr_line' id='line_1_117' title="bbox 2029 5540 3612 5615; baseline 0.009 -19"><span class='ocrx_word' id='word_1_850' title='bbox 2029 5540 2097 5596; x_wconf 86' lang='lat' dir='ltr'><strong>de</strong></span> <span class='ocrx_word' id='word_1_851' title='bbox 2126 5542 2420 5613; x_wconf 87' lang='lat' dir='ltr'><strong>accipiens,</strong></span> <span class='ocrx_word' id='word_1_852' title='bbox 2453 5543 2498 5598; x_wconf 88' lang='lat' dir='ltr'><strong>si</strong></span> <span class='ocrx_word' id='word_1_853' title='bbox 2543 5545 2812 5615; x_wconf 81' lang='lat' dir='ltr'><strong>quomodo</strong></span> <span class='ocrx_word' id='word_1_854' title='bbox 2838 5544 3149 5615; x_wconf 78' lang='lat' dir='ltr'><strong>expleretur</strong></span> <span class='ocrx_word' id='word_1_855' title='bbox 3191 5547 3321 5606; x_wconf 91' lang='lat' dir='ltr'><strong>illud</strong></span> <span class='ocrx_word' id='word_1_856' title='bbox 3364 5550 3612 5609; x_wconf 73' lang='lat' dir='ltr'><strong>Jeremia:</strong></span> 
     </span>
    </p>
   </div>
   <div class='ocr_carea' id='block_1_118' title="bbox 2029 5636 3608 5716">
    <p class='ocr_par' dir='ltr' id='par_1_118' title="bbox 2029 5636 3608 5716">
     <span class='ocr_line' id='line_1_118' title="bbox 2029 5636 3608 5716; baseline 0.006 -25"><span class='ocrx_word' id='word_1_857' title='bbox 2029 5636 2343 5691; x_wconf 89' lang='lat' dir='ltr'><strong>vaticinium</strong></span> <span class='ocrx_word' id='word_1_858' title='bbox 2363 5655 2376 5691; x_wconf 89' lang='lat'><strong>:</strong></span> <span class='ocrx_word' id='word_1_859' title='bbox 2395 5636 2529 5691; x_wconf 86' lang='lat' dir='ltr'><strong>Ecce</strong></span> <span class='ocrx_word' id='word_1_860' title='bbox 2548 5638 2701 5707; x_wconf 83' lang='lat' dir='ltr'><strong>faciet</strong></span> <span class='ocrx_word' id='word_1_861' title='bbox 2719 5637 2976 5694; x_wconf 81' lang='lat' dir='ltr'><strong>Dominus</strong></span> <span class='ocrx_word' id='word_1_862' title='bbox 3000 5656 3186 5697; x_wconf 82' lang='lat' dir='ltr'><strong>novum</strong></span> <span class='ocrx_word' id='word_1_863' title='bbox 3210 5659 3367 5716; x_wconf 84' lang='lat' dir='ltr'><strong>super</strong></span> <span class='ocrx_word' id='word_1_864' title='bbox 3394 5652 3608 5712; x_wconf 86' lang='lat' dir='ltr'><strong>terram,</strong></span> 
     </span>
    </p>
   </div>
   <div class='ocr_carea' id='block_1_119' title="bbox 2029 5730 3604 5808">
    <p class='ocr_par' dir='ltr' id='par_1_119' title="bbox 2029 5730 3604 5808">
     <span class='ocr_line' id='line_1_119' title="bbox 2029 5730 3604 5808; baseline 0.004 -21"><span class='ocrx_word' id='word_1_865' title='bbox 2029 5740 2078 5788; x_wconf 85' lang='lat' dir='ltr'><strong>et</strong></span> <span class='ocrx_word' id='word_1_866' title='bbox 2125 5732 2317 5788; x_wconf 80' lang='lat' dir='ltr'><strong>mulier</strong></span> <span class='ocrx_word' id='word_1_867' title='bbox 2357 5731 2704 5788; x_wconf 83' lang='lat' dir='ltr'><strong>circumdabit</strong></span> <span class='ocrx_word' id='word_1_868' title='bbox 2754 5730 2923 5788; x_wconf 84' lang='lat' dir='ltr'><strong>virum</strong></span> <span class='ocrx_word' id='word_1_869' title='bbox 2975 5731 3111 5807; x_wconf 81' lang='lat' dir='ltr'><strong>(Jer.</strong></span> <span class='ocrx_word' id='word_1_870' title='bbox 3151 5752 3303 5804; x_wconf 77' lang='lat' dir='ltr'><strong>xxxr,</strong></span> <span class='ocrx_word' id='word_1_871' title='bbox 3346 5736 3458 5808; x_wconf 70' lang='lat'><strong>22).</strong></span> <span class='ocrx_word' id='word_1_872' title='bbox 3491 5739 3604 5795; x_wconf 44' lang='lat' dir='ltr'><strong>Cir‘</strong></span> 
     </span>
    </p>
   </div>
   <div class='ocr_carea' id='block_1_120' title="bbox 2030 5826 3603 5900">
    <p class='ocr_par' dir='ltr' id='par_1_120' title="bbox 2030 5826 3603 5900">
     <span class='ocr_line' id='line_1_120' title="bbox 2030 5826 3603 5900; baseline 0.001 -15"><span class='ocrx_word' id='word_1_873' title='bbox 2030 5830 2304 5888; x_wconf 88' lang='lat' dir='ltr'><strong>cumdabit</strong></span> <span class='ocrx_word' id='word_1_874' title='bbox 2341 5837 2540 5896; x_wconf 85' lang='lat' dir='ltr'><strong>autem,</strong></span> <span class='ocrx_word' id='word_1_875' title='bbox 2575 5844 2680 5885; x_wconf 92' lang='lat' dir='ltr'><strong>non</strong></span> <span class='ocrx_word' id='word_1_876' title='bbox 2712 5826 2928 5885; x_wconf 88' lang='lat' dir='ltr'><strong>aliunde</strong></span> <span class='ocrx_word' id='word_1_877' title='bbox 2964 5845 3126 5900; x_wconf 88' lang='lat' dir='ltr'><strong>quam</strong></span> <span class='ocrx_word' id='word_1_878' title='bbox 3173 5841 3238 5885; x_wconf 74' lang='lat' dir='ltr'><strong>ex</strong></span> <span class='ocrx_word' id='word_1_879' title='bbox 3283 5845 3341 5885; x_wconf 90' lang='lat' dir='ltr'><strong>se</strong></span> <span class='ocrx_word' id='word_1_880' title='bbox 3381 5830 3603 5900; x_wconf 81' lang='lat' dir='ltr'><strong>gignen-</strong></span> 
     </span>
    </p>
   </div>
   <div class='ocr_carea' id='block_1_121' title="bbox 3212 5922 3249 5984">
    <p class='ocr_par' dir='ltr' id='par_1_121' title="bbox 3212 5922 3249 5984">
     <span class='ocr_line' id='line_1_121' title="bbox 3212 5922 3249 5984; baseline 0 0"><span class='ocrx_word' id='word_1_881' title='bbox 3212 5922 3249 5984; x_wconf 71' lang='lat' dir='ltr'><strong>lt</strong></span> 
     </span>
    </p>
   </div>
  </div>
