4032 6358
522 346 618 406 107

1333 345 1393 401 S.
1435 343 1796 402 PASCHASII
1836 335 2184 399 RADBERTI
2223 341 2514 399 ABBATIS
2548 341 2998 399 CORBEIENSIS

3681 332 3788 396 108

517 465 584 521 tto
613 479 628 518 :
653 469 716 517 ut
742 467 816 518 stt
842 473 1044 516 novum
1074 466 1130 514 et
1159 455 1372 512 sarculis
1403 457 1726 521 inauditum,
1760 456 1900 524 quod
1933 453 2099 526 Virgo
2126 456 2174 516 Α
2202 469 2336 519 eam,
2372 452 2524 508 ambo
2570 453 2880 507 moriantur.
2930 450 3332 506 Adolescentula
3381 449 3588 520 quidem
3608 489 3624 515 ,
3659 451 3791 522 quia

517 551 847 626 conceperit,
870 561 925 608 et
951 551 1166 606 demum
1199 548 1459 602 manserit
1485 547 1820 626 incorrupta.
1850 545 2103 615 Alioquin

521 663 719 704 novum
769 660 880 702 non
928 652 1073 699 esset
1114 640 1215 696 nisi
1259 651 1447 695 contra
1500 647 1772 703 naturam,
1811 639 1919 693 imo
1963 639 2104 693 ultra

519 749 788 801 naturam,
830 734 993 808 Virgo
1029 735 1194 788 Deum
1243 740 1298 786 et
1338 731 1610 786 hominem
1656 731 1776 786 sine
1819 731 1961 784 coitu
2009 745 2104 801 ge-

520 834 745 889 nuisset.
782 829 847 885 Et
882 827 1388 894 notandum,quam
1428 824 1515 879 hic
1556 824 1835 880 mulierem
1870 823 2104 892 appellat

516 924 707 988 Isaias,
741 930 800 977 ut
838 918 1137 974 mirabilius
1169 917 1296 971 illud
1323 918 1652 980 enuntiaret,
1688 914 1962 987 Virginem
2007 916 2103 970 de—

517 1015 772 1089 signavit.
799 1012 894 1068 Ille
924 1009 1188 1080 siquidem
1218 1008 1504 1071 mulierem,
1536 1017 1594 1062 ιιι
1623 1022 1811 1062 sexum
1839 1016 2108 1060 monstra-

521 1117 602 1163 ret
627 1125 642 1162 :
667 1115 722 1161 et
753 1103 989 1160 ostendit
1047 1110 1100 1155 et
1149 1101 1432 1171 prtemisit,
1465 1116 1685 1163 novum,
1730 1109 1788 1154 ut
1829 1098 2106 1168 Virginem

520 1199 862 1268 explanaret.
891 1193 998 1249 Iste
1029 1206 1180 1253 vero,
1222 1202 1280 1245 ut
1308 1191 1613 1248 incredulos
1641 1191 1897 1245 mulceret
1937 1191 2002 1244 ad
2041 1189 2104 1244 li-

522 1289 665 1351 dem,
701 1285 1043 1342 manifestius
1073 1283 1372 1353 parituram
1405 1297 1502 1352 pro
1537 1281 1799 1336 miraculo
1831 1281 2106 1350 Virginem

524 1379 891 1450 prtesignavit.
928 1377 1167 1439 Interea,
1213 1376 1354 1428 sicut
1405 1374 1659 1439 diximus,
1702 1390 1730 1428 a
1769 1371 1969 1444 Joseph
2017 1375 2108 1425 iu-

520 1482 680 1526 uenta
698 1478 774 1524 est
797 1469 990 1523 habent
1014 1468 1078 1521 de
1102 1465 1304 1536 Spiritu
1334 1475 1535 1519 sancto.
1562 1464 1678 1519 Non
1705 1466 1936 1520 absurde
1965 1481 2107 1534 qua:-

2205 562 2306 600 uon
2352 546 2624 605 clamarit,
2674 548 2754 600 t'ir
2801 555 3008 609 autem,
3061 544 3186 616 quia
3229 543 3521 600 humi/iuvit
3569 561 3793 600 uxorem

2203 637 2430 707 proximi
2474 638 2558 690 sui
2607 636 2786 707 (Deut.
2818 651 2956 699 xx",
2983 635 3097 704 25).
3141 633 3216 690 Ex
3266 635 3348 689 bis
3393 649 3524 706 ergo
3567 643 3622 689 et
3669 635 3796 691 aliis

2207 731 2614 804 Scripturarum
2662 733 2812 796 locis,
2849 733 3194 788 manifestum
3241 739 3326 788 est
3375 747 3602 803 sponsos
3643 733 3796 790 viros

2205 827 2481 896 appellari.
2529 827 2595 882 Et
2636 827 2755 882 ideo
2801 827 2886 881 hic
2928 836 3076 882 recte
3109 827 3284 882 virum
3317 841 3440 883 eum
3475 829 3790 898 accipimus,

2207 919 2439 973 maxime
2478 934 2600 973 cum
2644 919 2698 972 in
2743 932 2809 973 eo
2854 917 3078 973 affectus
3117 928 3364 974 servatur
3399 921 3621 982 amoris,
3645 918 3795 991 quod

2205 1019 2288 1064 est
2314 1025 2501 1064 verum
2548 1009 2877 1078 conjuglum,
2913 1018 2970 1066 et
3025 1010 3076 1064 in
3127 1024 3191 1064 ea
3239 1008 3446 1065 fructus
3487 1011 3603 1065 sine
3645 1010 3798 1067 coitu

2209 1101 2457 1154 inventus
2481 1109 2562 1154 est
2589 1101 2918 1168 nuptiarum.
2953 1097 3068 1156 Iam
3125 1101 3265 1154 ultra
3310 1103 3362 1154 in
3409 1103 3624 1168 negotio
3663 1101 3798 1172 quid

2208 1190 2433 1244 obsistat
2470 1205 2538 1245 ne
2568 1191 2651 1244 vir
2677 1189 2896 1261 Joseph,
2929 1202 2983 1245 et
3013 1190 3179 1245 Maria
3215 1208 3353 1246 uxor
3384 1203 3531 1248 recte
3561 1193 3798 1261 diezttur,

2208 1281 2429 1334 onmino
2459 1297 2562 1335 non
2595 1281 2779 1347 video;
2819 1283 2920 1336 nisi
2953 1285 3095 1353 quod
3123 1283 3234 1338 sola
3273 1283 3436 1339 libido
3467 1285 3800 1341 intervenire

2212 1389 2316 1427 non
2353 1373 2546 1442 potuit,
2575 1374 2663 1426 ubi
2707 1375 2773 1427 ad
2819 1373 3213 1430 informandum
3266 1377 3432 1432 vitam
3477 1386 3798 1447 perpetuam

2210 1464 2495 1534 virginitas
2519 1465 2858 1518 servabatur.
2883 1463 2989 1520 Sed
3012 1466 3138 1534 quid
3163 1467 3235 1522 sit
3255 1468 3398 1536 quod
3421 1465 3618 1536 Jo-eplt
3649 1479 3801 1526 recte

523 1561 664 1616 ritur
689 1573 790 1614 cur
819 1567 1004 1630 postea
1035 1556 1182 1610 velut
1204 1555 1398 1610 dubius
1430 1555 1716 1625 cogitando
1755 1569 1938 1609 secum
1982 1553 2113 1608 deli—
2205 1552 2387 1624 justus
2417 1554 2650 1620 dicatur,
2689 1555 2778 1624 qui
2821 1571 2924 1610 non
2965 1557 3122 1612 modo
3155 1559 3423 1613 castitatis
3468 1575 3572 1614 non
3604 1576 3802 1616 accen-

522 1653 675 1708 beret
697 1665 820 1709 eam
844 1650 1138 1705 dimittere.
1172 1648 1290 1715 Quo
1321 1647 1562 1717 profecto
1591 1655 1732 1722 patet
1768 1648 1892 1717 quia
1926 1647 2114 1699 inven-

529 1753 580 1800 ta
609 1752 692 1800 est
723 1743 891 1798 abeo
919 1740 1126 1796 habens
1153 1739 1206 1793 in
1236 1747 1423 1803 utero;
1457 1739 1554 1794 sed
1599 1747 1776 1792 utrum
1809 1739 1876 1792 de
1907 1736 2110 1807 Spiritu

2213 1647 2362 1699 ditur
2392 1645 2532 1710 zelo,
2563 1661 2750 1700 verum
2781 1661 2879 1700 nec
2911 1663 3128 1702 causam
3157 1649 3412 1718 exquirit,
3443 1651 3664 1720 pudoris
3697 1653 3804 1707 uti-

2216 1753 2320 1807 que
2352 1736 2532 1790 Maria:
2571 1744 2655 1792 est
2699 1739 3088 1804 testimonium,
3124 1754 3286 1810 quam
3327 1740 3666 1797 innocentem
3705 1757 3802 1799 no-

521 1843 732 1898 sancto,
758 1842 851 1890 aut
879 1833 986 1886 alio
1007 1830 1248 1902 quolibet
1275 1846 1341 1884 ex
1371 1830 1530 1892 fat-to,
1562 1829 1776 1898 penitus
1806 1829 2107 1899 iguOt'al.:tl.
2145 1820 2187 1880 Β
2218 1838 2390 1892 verat,
2422 1839 2480 1882 ut
2507 1842 2627 1882 eam
2659 1829 2924 1882 servando
2948 1829 3127 1899 justus
3161 1831 3339 1886 valeat
3381 1833 3656 1903 appellari.
3691 1835 3800 1890 νο-

521 1913 744 1984 Sciebat
775 1939 1008 1994 namque
1035 1937 1094 1978 se
1138 1922 1406 1994 virginem
1449 1923 1744 1991 accepisse,
1778 1931 1832 1974 et
1865 1932 2113 1972 servasse

521 2024 799 2084 intactam,
829 2021 896 2076 de
931 2035 1036 2090 qua
1064 2030 1244 2073 tamen
1287 2017 1483 2072 dubius
1528 2017 1688 2087 elegit
1733 2015 1946 2084 aliquod
2001 2029 2114 2068 me-

521 2115 692 2178 dium,
723 2127 821 2182 per
858 2113 1001 2182 quod
1045 2111 1307 2181 ell‘ugeret
1345 2125 1411 2163 ne
1439 2110 1716 2162 videretur
1751 2108 1929 2161 celare
1969 2105 2111 2177 quod

519 2204 826 2276 ignorabat,
856 2211 913 2259 ct
965 2218 1032 2257 ne
1083 2203 1318 2256 traderet
1371 2201 1515 2253 velut
1568 2215 1712 2254 ream
1765 2200 1830 2252 ad
1871 2213 2110 2268 ptenam,

518 2313 685 2369 quam
712 2294 900 2368 procul
927 2295 1094 2350 dubio
1128 2293 1508 2362 inculpabiletn
1538 2301 1782 2346 noverat.
1816 2291 1950 2344 Illud
1985 2306 2112 2346 vero

519 2391 667 2460 quod
712 2389 954 2444 additum
990 2395 1113 2443 est:
1145 2385 1358 2440 "abeas
1389 2387 1452 2438 tle
1495 2385 1695 2454 Spiritu
1741 2397 1944 2448 sancto,
1981 2384 2113 2438 Mat-

517 2483 692 2538 thzus
741 2479 952 2534 ardenti
1002 2479 1263 2548 probatur
1309 2492 1514 2541 amore,
1541 2477 1920 2545 prteveniendo
1962 2475 2114 2530 addi-

517 2576 683 2640 disse,
707 2581 1001 2644 antequam
1048 2571 1272 2642 angelus
1313 2571 1362 2625 id
1414 2581 1732 2641 exponeret,
1769 2571 2001 2626 maxime
2047 2586 2113 2626 ne

517 2665 736 2722 lectoris
775 2664 1017 2719 animum
1062 2679 1186 2717 mox
1232 2663 1537 2732 subriperet
1580 2663 1840 2733 suspicio,
1873 2679 1990 2731 qum
2020 2679 2116 2731 po-

515 2770 631 2816 stea
665 2758 828 2814 dictis
867 2757 1125 2828 angelicis
1167 2756 1445 2827 purganda
1483 2765 1648 2810 esset.
1675 2755 1876 2824 Joseph
1910 2764 2111 2819 autem,

519 2853 767 2923 quamvis
798 2860 982 2906 nosset
1012 2865 1132 2903 eam
1178 2849 1376 2904 habere
1418 2863 1522 2902 non
1567 2849 1630 2902 de.
1673 2847 1877 2901 carnali
1911 2862 2112 2900 concu-

519 2947 656 3010 bitu,
686 2956 864 3000 tamen
899 2942 1183 3015 ignorabat
1211 2942 1352 3010 quod
1385 2950 1526 2994 esset
1558 2941 1622 2993 de
1647 2940 1851 3009 Spiritu
1881 2949 2070 2994 sancto
2097 2956 2112 2993 :

521 3047 576 3092 et
599 3035 722 3092 ideo
747 3037 942 3092 dubius
967 3035 1112 3089 inter
1144 3044 1451 3102 utrumque,
1476 3032 1730 3096 mediam,
1747 3041 1805 3084 ut
1830 3031 1964 3096 dixi,
1989 3033 2117 3086 sub-

524 3127 848 3201 ter-fugiendi
880 3128 1046 3198 elegit
1083 3127 1247 3190 viam,
1280 3135 1332 3179 ut
1365 3125 1578 3181 occulto
1615 3125 1916 3180 dimitteret
1957 3141 2111 3192 eam;

2217 1931 2520 1976 rumtamen
2554 1921 2642 1991 pio
2675 1923 2846 1992 magis
2870 1923 3083 1978 videtur
3106 1938 3422 1996 congruere,
3451 1942 3611 1997 quam
3628 1927 3800 1996 justo,

2215 2030 2284 2069 ne
2326 2013 2454 2068 velit
2500 2024 2868 2085 prtrgnantem
2907 2016 3123 2071 tradere
3166 2018 3475 2074 homicidio.
3525 2019 3630 2076 Sed
3661 2037 3799 2093 qua-

2217 2106 2470 2161 rumlibet
2497 2116 2623 2161 tunc
2652 2108 2833 2162 divino
2855 2105 3064 2176 judicro
3093 2123 3218 2163 vera
3249 2119 3331 2165 est
3363 2112 3554 2178 virtus,
3585 2105 3805 2182 quando

2215 2211 2390 2268 neque
2437 2199 2608 2268 pietas
2650 2199 2766 2252 sine
2793 2199 3025 2269 justitia,
3059 2214 3232 2270 neque
3260 2202 3376 2257 sine
3415 2203 3617 2272 pietate
3639 2203 3803 2273 justi-

2215 2289 2286 2342 tia
2332 2288 2622 2343 invenitur.
2667 2289 2795 2353 Quae
2839 2288 3084 2358 profecto
3121 2291 3166 2344 si
3202 2301 3464 2362 separata:
3491 2291 3693 2348 iuerint
3734 2297 3804 2350 ab

2216 2379 2484 2445 invicem,
2536 2379 2881 2447 dilabuntur;
2937 2381 3010 2436 ita
3061 2389 3120 2436 ut
3162 2381 3372 2452 justitia
3431 2386 3548 2460 sine
3601 2387 3805 2456 pietate

2216 2471 2510 2526 crudelitas
2555 2472 2872 2541 appelletur.
2901 2473 2967 2527 Et
3011 2473 3132 2529 ideo
3175 2486 3322 2530 recte
3357 2476 3537 2548 justus
3575 2480 3806 2549 quisque

2215 2565 2340 2634 quia
2367 2565 2508 2634 pius.
2542 2563 2646 2618 Sed
2683 2576 2902 2621 sanctus
2943 2566 3272 2638 evangelista
3293 2567 3502 2637 justum
3530 2583 3652 2624 eum
3692 2587 3808 2625 ma-

2215 2657 2296 2729 gis
2323 2646 2698 2722 commendat;
2731 2667 2792 2713 ut
2817 2673 2884 2712 ex
2915 2659 3018 2713 hoc
3047 2657 3232 2714 Maria:
3261 2661 3530 2715 castitatis
3561 2662 3808 2717 testimo-

2215 2750 2362 2803 nium
2412 2757 2574 2804 esset.
2607 2748 2875 2805 Cancrum
2924 2751 3072 2822 pium
3117 2766 3242 2807 eum
3289 2754 3644 2820 demonstrat,
3676 2757 3804 2811 dum

2217 2841 2348 2897 dicit
2395 2843 2538 2910 quod
2586 2841 2819 2897 noluerit
2867 2857 2986 2898 eam
3034 2845 3338 2900 traducere.
3377 2844 3530 2912 Quod
3581 2847 3804 2902 verbum

2218 2934 2502 2988 traducere
2527 2933 2741 2988 videtur
2760 2935 2826 2988 ad
2852 2943 3139 3004 utramque
3161 2946 3370 3005 partem
3397 2953 3557 3005 posse
3590 2937 3801 3002 referri,

2213 3024 2326 3096 99
2364 3025 2612 3081 videlicet
2643 3027 2784 3095 quod
2815 3027 3085 3082 distulerit
3110 3043 3270 3097 quam
3295 3043 3548 3099 sponsam
3577 3045 3804 3099 accepe-

2219 3129 2301 3170 rat
2353 3118 2551 3172 dueerc
2593 3119 2645 3173 in
2695 3119 3002 3189 conjugium
3034 3135 3048 3173 :
3078 3129 3135 3174 et
3163 3120 3304 3190 quod
3353 3137 3474 3175 eam
3525 3123 3808 3178 traducere

519 3221 648 3292 quia
678 3220 820 3275 unde
865 3219 950 3274 vel
1003 3220 1132 3288 quid
1183 3226 1329 3272 esset
1371 3218 1422 3270 in
1461 3233 1546 3282 ea,
1582 3215 1824 3287 profecto
1854 3217 2117 3274 hactenus
2145 3207 2190 3270 C
2221 3207 2384 3262 nollet
2415 3209 2478 3261 ad
2511 3223 2750 3278 poenam,
2785 3209 2838 3262 in
2884 3224 2988 3278 qua
3021 3220 3245 3266 noverat
3269 3225 3378 3266 non
3406 3227 3528 3266 esse
3563 3213 3808 3268 traditio-

523 3310 825 3366 neseiebat.
855 3306 1008 3376 Quod
1037 3316 1214 3361 autem
1245 3306 1312 3358 de
1353 3305 1557 3376 Spiritu
1600 3315 1810 3371 sancto,
1851 3307 1935 3362 vel
1970 3308 2134 3366 sicut.

522 3402 578 3456 in
607 3399 800 3458 Gnaeo
845 3409 949 3464 est,
993 3413 1059 3453 ex
1112 3396 1315 3468 Spiritu
1370 3407 1579 3462 sancto,
1629 3395 1827 3451 dicitur
1873 3398 2115 3464 inventa,

522 3495 829 3558 sciendum,
863 3492 1005 3561 quod
1034 3491 1292 3560 quidquid
1326 3506 1389 3543 ex
1423 3489 1594 3544 altero
1620 3498 1721 3554 est,
1766 3497 1860 3543 aut
1887 3504 1952 3543 ex
1989 3490 2117 3544 sub-

522 3585 724 3642 stantia
761 3584 878 3657 ejus
906 3591 1012 3647 est,
1040 3591 1134 3636 aut
1167 3597 1234 3636 ex
1273 3589 1558 3653 potestate.
1591 3581 1666 3635 Ex
1698 3589 1969 3652 potestate
1999 3581 2119 3650 qui-

523 3679 646 3734 dem
667 3678 734 3733 de
756 3677 888 3742 Deo,
921 3683 979 3730 ut
999 3683 1166 3730 estex
1185 3690 1286 3745 quo
1308 3674 1519 3738 oumia;
1545 3689 1610 3726 ex
1633 3673 1936 3726 substantia
1965 3687 2117 3738 vero,

524 3772 668 3827 idem
703 3769 943 3840 Spiritus
985 3784 1055 3822 ex
1099 3766 1261 3821 Patre
1300 3765 1543 3835 Filioque
1579 3765 1843 3834 procedit.
1889 3766 1954 3818 Et
1997 3767 2120 3820 ideo

525 3867 617 3921 hic
667 3865 850 3935 potius
903 3878 972 3919 ex
1023 3870 1310 3932 pctestate,
1352 3877 1512 3928 quam
1555 3875 1618 3913 ex
1673 3858 1974 3914 substantia
2009 3857 2123 3928 98

527 3955 902 4026 accipiendum
930 3963 1050 4018 est;
1083 3967 1184 4008 nec
1231 3953 1547 4008 incarnatus
1581 3951 1912 4020 intelligatur
1949 3948 2123 4018 Spiri-

527 4061 638 4116 tus,
680 4049 785 4106 etsi
835 4048 996 4103 unius
1045 4044 1362 4102 substantia:
1408 4044 1518 4099 sint
1569 4041 1738 4097 Filius
1781 4050 1836 4096 et
1890 4040 2126 4112 Spiritus

529 4148 776 4196 sanctus.

601 4231 794 4303 Ioseph
827 4241 1002 4286 autem
1038 4230 1116 4284 uir
1162 4229 1273 4300 ejus
1321 4244 1438 4282 cum
1477 4237 1606 4282 esset
1635 4227 1843 4298 justas.
1871 4235 1920 4279 et
1967 4223 2126 4280 nollet

528 4337 645 4377 eam
695 4320 992 4375 traducere.
1035 4317 1223 4372 Virum
1272 4325 1451 4371 autem
1496 4317 1607 4382 hic,
1641 4316 1784 4370 sicut
1817 4325 1874 4370 et
1914 4315 1965 4368 iu
2006 4314 2130 4370 aliis

527 4411 854 4484 quibuslibet
903 4410 1054 4472 locis,
1089 4425 1194 4465 non
1225 4407 1366 4462 aliud
1415 4423 1575 4477 quam
1621 4422 1902 4475 sponsum,
1931 4422 2126 4463 secun-

529 4506 656 4560 dum
698 4503 1142 4561 consuetudinem
1186 4501 1493 4556 divinarum
1537 4500 1940 4570 Scripturartuu
1977 4501 2123 4556 acci-

2221 3297 2304 3352 nis
2333 3297 2648 3352 infamiam.
2683 3299 2786 3353 Sed
2819 3299 2921 3355 hoc
2957 3301 3264 3356 traditionis
3306 3303 3528 3358 verbum
3576 3303 3642 3357 ad
3683 3319 3808 3358 rea-

2221 3399 2332 3444 tum
2369 3392 2560 3462 magis,
2595 3407 2756 3461 quam
2782 3393 2847 3445 ad
2877 3392 3036 3446 aliam
3075 3393 3373 3464 quamlibet
3399 3395 3808 3465 signiﬁcandam

2222 3498 2472 3547 causam,
2521 3483 2716 3552 saepius
2774 3483 2826 3536 in
2879 3481 3176 3554 Scripturis
3225 3488 3459 3557 positum
3511 3489 3803 3544 invenitur.

2227 3576 2399 3640 Unde,
2429 3576 2554 3647 quia
2593 3577 2660 3631 de
2708 3577 2890 3632 radice
2928 3579 3134 3647 peccati
3163 3579 3442 3650 originalis
3475 3595 3579 3636 non
3609 3595 3810 3637 conce-

2223 3679 2399 3740 perat,
2443 3668 2649 3738 justum
2706 3670 2811 3724 fuit
2864 3686 2932 3726 ne
2977 3686 3096 3725 eam
3149 3672 3262 3741 ipse
3317 3673 3644 3737 traduceret,
3684 3674 3812 3744 quia

2225 3764 2494 3818 castitatis
2523 3762 2638 3830 ejus
2664 3763 2915 3818 conscius
2949 3772 3088 3828 erat,
3113 3772 3332 3834 propter
3365 3765 3520 3834 cujus
3543 3765 3814 3836 justitiam

2224 3866 2278 3910 et
2321 3857 2434 3925 ipse
2471 3855 2653 3925 justus
2683 3857 2875 3912 merito
2905 3857 3226 3928 appellatur.
3263 3857 3338 3911 lix
3373 3858 3566 3912 timore
3595 3861 3814 3928 quidem

2227 3949 2478 4002 inventus
2505 3959 2589 4003 est
2615 3949 2764 4019 pius;
2799 3950 2892 4004 sed
2921 3965 2986 4004 ex
3018 3950 3347 4005 conscientia
3382 3966 3542 4018 quam
3581 3951 3818 4006 habebat

2228 4040 2516 4104 castitatis,
2548 4041 2672 4109 quia
2703 4041 2875 4096 noluit
2909 4057 3029 4097 eam
3078 4042 3380 4105 traducere,
3404 4040 3586 4111 justus
3625 4043 3818 4113 utique

2227 4132 2578 4202 approbatur.
2611 4133 2839 4200 Quidam
2885 4150 3014 4190 sane
3040 4135 3226 4190 dicunt
3253 4136 3395 4206 quod
3423 4136 3818 4206 signiﬁcantius

2229 4224 2332 4278 hoc
2370 4222 2595 4278 verbum
2650 4224 2703 4278 in
2743 4224 2934 4280 Grazco
2973 4226 3186 4279 dicatur
3227 4225 3719 4302 παραδιηματίσαι,
3763 4235 3823 4282 et

2225 4318 2506 4389 propalare
2531 4319 2939 4388 interpretetur.
2973 4317 3046 4374 Ut
3073 4321 3144 4374 sit
3168 4335 3378 4384 sensus,
3409 4321 3537 4390 quia
3581 4321 3824 4377 noluerit

2229 4420 2547 4480 conceptum
2582 4409 2698 4478 ejus
2723 4411 2974 4465 omnibus
3002 4411 3177 4480 palam
3215 4412 3411 4466 facete.
3446 4412 3552 4468 Sed
3587 4427 3688 4467 nos
3725 4429 3824 4466 au-

2230 4501 2536 4557 ctoritatem
2569 4501 2740 4555 nostri
2773 4502 3083 4570 interpretis
3113 4512 3436 4573 sequentes,
3469 4508 3649 4560 verius
3676 4506 3828 4560 testi-

529 4613 661 4668 pere
703 4596 985 4661 debemus,
1013 4596 1156 4650 sicut
1192 4609 1292 4649 nec
1321 4609 1545 4648 uxorem
1583 4593 1729 4647 aliud
1766 4610 1928 4664 quam
1957 4612 2130 4666 spon-
2150 4573 2205 4638 Ῑ)
2234 4608 2466 4656 mamus,
2495 4593 2640 4662 quod
2658 4609 2725 4647 ex
2752 4591 3017 4650 llebraieo
3037 4593 3184 4650 futile
3217 4597 3535 4650 translatum
3563 4599 3824 4654 bibimus.

531 4707 648 4747 sam
687 4687 1063 4762 intelligimus.
1096 4687 1442 4744 Consuetudo
1486 4703 1718 4758 namque
1759 4699 1843 4744 est
1875 4688 2122 4760 Scriptu-

532 4797 717 4836 rarum
756 4789 1068 4838 sanctarum
1115 4793 1344 4849 sponsos
1387 4778 1533 4833 viros
1577 4780 1778 4844 dicere,
1806 4788 1861 4834 et
1895 4789 2132 4848 sponsas

536 4887 766 4928 uxorum
794 4871 1016 4934 nomine
1046 4869 1370 4938 nuncupari.
1399 4865 1552 4924 Unde
1581 4885 1753 4940 pauca
1782 4872 1848 4926 de
1877 4871 2130 4942 plurimis

531 4983 596 5022 ex
633 4965 1051 5023 Deuteronomio
1089 4967 1353 5020 sumenda
1395 4975 1521 5020 sunt
1565 4967 1895 5031 testimonia,
1933 4977 1994 5022 ut
2033 4983 2132 5038 paa

535 5069 648 5114 teat
692 5059 837 5128 quod
891 5059 1162 5114 dicimus:
1198 5056 1257 5111 Si
1287 5057 1403 5128 quis
1449 5057 1642 5126 inquit,
1677 5058 1927 5112 invenerit
1971 5059 2132 5127 virgi-

535 5169 650 5208 nem
679 5153 1048 5222 desponsatam
1077 5153 1190 5207 viro
1231 5151 1286 5204 in
1328 5167 1532 5221 campo,
1557 5160 1604 5204 et
1635 5151 1732 5205 vim
1768 5151 1968 5220 faciens
2006 5151 2134 5202 dor-

535 5245 710 5298 mierit
743 5260 862 5298 cum
896 5262 980 5308 ea,
1012 5253 1178 5298 morte
1211 5242 1489 5306 moriatur,
1520 5243 1644 5313 qttia
1678 5241 1973 5308 humiliari!
2002 5258 2135 5296 uxo-

540 5352 648 5388 rem
689 5337 916 5406 prox-imi
956 5337 1038 5390 sui
1071 5334 1252 5406 (Deut.
1287 5351 1432 5396 xxu,
1474 5335 1588 5404 25).
1629 5333 1696 5386 Et
1737 5333 1791 5386 in
1829 5331 1935 5387 alio
1970 5332 2130 5388 loco:

539 5425 671 5492 Quis
711 5437 786 5480 est
837 5429 992 5482 homo
1035 5429 1118 5482 cui
1159 5428 1470 5497 desponsata
1518 5436 1592 5479 est
1641 5442 1777 5478 uxor
1815 5435 1862 5478 et
1903 5426 2134 5478 nondum

539 5515 736 5586 accepit
777 5517 933 5570 eam?
958 5517 1112 5572 vadat
1139 5528 1186 5571 et
1229 5525 1516 5571 revertatur
1553 5515 1608 5568 in
1641 5515 1858 5568 domum
1893 5531 2044 5568 suam
2075 5532 2137 5570 ne

541 5605 678 5678 forte
719 5608 980 5663 moriatur
1011 5610 1063 5664 in
1095 5608 1248 5672 bello,
1285 5617 1332 5660 ct
1375 5605 1512 5659 alius
1557 5605 1780 5672 accipiat
1813 5622 1928 5660 eam
1958 5604 2134 5676 (Deut.

542 5714 638 5768 xx,
658 5699 735 5773 7).
752 5700 862 5757 Nec
887 5717 992 5757 non
1015 5711 1068 5756 et
1090 5701 1216 5756 alibi
1238 5720 1249 5753 :
1283 5697 1346 5754 Si
1368 5707 1542 5751 autem
1565 5696 1724 5765 fuerit
1751 5697 2139 5752 adulescentula

543 5800 792 5863 spumata
824 5792 956 5860 viro,
986 5802 1030 5846 et
1065 5790 1318 5844 invertth
1345 5804 1457 5840 eum
1487 5787 1661 5852 homo,
1689 5787 2142 5859 humiliaeeritqtte

2234 4683 2369 4750 Quia
2400 4684 2450 4738 iu
2480 4699 2542 4736 ea
2579 4683 2757 4751 lingua
2793 4684 2895 4739 hoc
2940 4685 3293 4758 Evangelium
3333 4689 3590 4756 scriptum
3627 4691 3825 4760 primi-
3865 4729 3898 4752 .

2237 4782 2322 4828 tus
2347 4773 2570 4829 minime
2596 4773 2920 4831 dubitamus.
2965 4773 3158 4838 Voluit,
3196 4777 3390 4847 inquit,
3417 4779 3618 4834 occulte
3638 4781 3829 4834 dimit-

2235 4874 2342 4920 tere
2367 4881 2503 4920 eam.
2538 4866 2605 4920 Et
2629 4882 2798 4937 quare
2827 4867 3072 4944 occulte?
3105 4868 3184 4924 Ne
3215 4871 3258 4925 si
3291 4871 3469 4940 palam
3507 4883 3677 4938 esset,
3707 4891 3832 4928 0m-

2237 4959 2365 5014 nino
2399 4959 2544 5016 velut
2566 4961 2806 5017 adultera
2833 4963 3162 5032 plecteretur
3189 4965 3256 5018 ad
3279 4981 3496 5036 ptenam
3524 4985 3536 5020 :
3563 4975 3658 5021 aut
3677 4976 3835 5024 certe

2237 5051 2280 5106 si
2305 5052 2444 5120 apud
2470 5069 2528 5107 se
2563 5067 2680 5106 eam
2714 5065 2956 5108 servaret
2999 5056 3243 5111 nesciens
3270 5057 3346 5112 rei
3379 5068 3648 5122 eventum,
3681 5059 3837 5116 velut

2237 5146 2444 5216 peccati
2487 5147 2754 5210 conscius,
2781 5147 2895 5217 ipse
2920 5164 2976 5202 se
3003 5166 3152 5204 reum
3199 5151 3402 5206 laceret
3435 5167 3616 5206 coram
3647 5152 3839 5209 Domi-

2241 5254 2328 5290 no.
2363 5238 2515 5302 Quod
2549 5238 2704 5290 velim
2737 5239 2956 5292 audiant
3002 5241 3298 5304 temerarii,
3338 5249 3393 5295 et
3441 5242 3649 5297 discant
3689 5243 3840 5299 inter

2239 5342 2527 5382 Causarum
2566 5328 2792 5393 incerta,
2823 5329 2911 5382 diu
2945 5345 3128 5384 secum
3170 5346 3234 5385 ex
3279 5331 3585 5385 reverentia
3620 5331 3841 5388 timoris

2243 5420 2335 5474 Dei
2368 5419 2668 5473 deliberare
2695 5421 2938 5489 negotia;
2973 5435 3040 5475 ne
3060 5421 3373 5476 discrimine
3399 5421 3633 5476 levitatis
3654 5419 3844 5493 pressi

2243 5513 2295 5566 in
2326 5513 2560 5566 deterius
2588 5512 2802 5566 cadant.

2317 5605 2447 5660 11αό
2485 5616 2696 5672 autem,
2749 5607 2941 5677 inquit,
2989 5623 3048 5660 eo
3095 5605 3389 5676 cogitante,
3443 5623 3561 5661 ecce
3616 5605 3850 5679 angelus

2245 5697 2456 5752 Domini
2483 5699 2728 5769 apparuit
2765 5699 2812 5752 ei
2845 5699 2900 5754 iu
2940 5699 3159 5752 somnis.
3199 5698 3337 5767 Quid
3372 5699 3540 5770 igitur
3569 5709 3675 5762 est,
3729 5701 3852 5756 lta'c

2246 5809 2305 5845 eo
2336 5791 2634 5862 rogitante?
2667 5791 2766 5847 nisi
2816 5805 2935 5861 qua:
2973 5807 3069 5862 per
3106 5794 3548 5863 anticipationem
3592 5793 3856 5867 Evange-
