4032 6358
253 386 345 445 ιοε)

1096 374 1458 443 exrosmo
1490 384 1560 443 ut
1598 376 2037 443 numinum.
2076 417 2146 428 --
2182 384 2309 443 us.
2350 386 2414 454 tt,
2450 382 2606 445 CAP.
2644 388 2685 443 ι.

3409 384 3510 443 “0

247 509 356 563 lista
394 492 683 577 praemisit.
715 505 813 561 Ubi
837 504 1073 575 profecto
1100 505 1224 560 talis
1249 506 1462 562 videtur
1492 521 1685 563 sensus
1710 506 1833 561 red-
1859 508 1913 568 Α
1934 518 2033 575 per
2066 505 2315 576 angelum
2357 506 2631 561 ostensum
2662 502 2839 561 fuerat
2864 505 3066 572 Mariae,
3088 515 3143 562 et
3172 508 3230 562 fit
3254 508 3511 565 continuo

248 601 467 659 (lendus,
504 614 572 653 ac
600 600 645 651 si
676 597 919 652 diceret:
947 596 1072 652 "rce
1113 614 1179 652 eo
1222 607 1347 654 ante
1384 599 1827 654 deliberationem

249 693 379 746 inter
406 691 698 759 angustias
740 690 1010 761 cogitante
1056 691 1182 759 quid
1219 700 1424 762 ageret,
1455 701 1708 746 utrumne
1739 706 1831 745 oc-

246 786 373 838 culte
429 784 766 848 dimitteret,
836 801 900 836 an
952 783 1173 838 deberet
1222 786 1521 840 traducere.
1587 783 1830 853 Cumque

241 874 418 944 itaque
467 875 591 929 lucc
618 874 735 943 jam
784 888 965 928 secum
1016 873 1318 929 deliberare
1356 876 1641 944 cmpisset,
1687 873 1830 943 quod

240 954 393 1020 vellet
440 981 569 1021 eam
612 965 826 1021 occulte
874 965 1168 1030 dimittere,
1204 980 1329 1021 ecce
1366 968 1586 1038 angelus
1618 967 1829 1021 Domini

242 1059 488 1127 apparuit
516 1059 570 1113 ei
602 1058 656 1111 in
683 1058 889 1112 somnis
914 1057 1130 1111 dicens:
1154 1056 1373 1128 Ioseph,
1397 1059 1478 1128 ﬁli
1508 1059 1697 1121 David,
1724 1058 1832 1112 noli

242 1149 418 1202 timere
457 1150 702 1220 accipere
727 1146 958 1202 Mariam
988 1147 1259 1217 conjugem
1291 1158 1455 1201 tuam.
1492 1148 1625 1203 Cum
1669 1150 1835 1218 igitur

242 1250 486 1295 astuaret
519 1248 747 1292 sanctus
775 1239 986 1291 animus
1020 1239 1218 1308 negotii
1260 1239 1498 1293 novitate
1529 1239 1829 1308 perculsus,

244 1344 472 1398 uinique
516 1329 780 1399 pietatem
830 1328 969 1382 inter
1013 1328 1270 1399 caligines
1310 1329 1624 1398 ignorantia:
1654 1331 1833 1399 potius

245 1421 511 1491 elegisset,
546 1435 617 1475 ne
656 1421 811 1490 quasi
846 1434 912 1473 ex
949 1418 1156 1488 jnstitia
1187 1422 1560 1475 crudelitatem
1592 1422 1833 1476 incurre-

248 1525 361 1576 ret;
391 1513 574 1566 subito
601 1512 655 1565 in
686 1512 894 1565 somnis
920 1510 1162 1582 angelico
1190 1512 1502 1566 consolatur
1532 1512 1746 1575 affectu,
1778 1524 1835 1569 et

254 1612 433 1659 cerusa
478 1603 717 1656 redditur
767 1602 833 1656 de
881 1611 1164 1671 conceptu.
1200 1602 1348 1657 Unde
1381 1601 1624 1673 profecto
1668 1603 1837 1674 liquet

256 1695 374 1765 quia
414 1695 556 1747 inter
600 1707 787 1748 noras
818 1702 986 1747 totum
1026 1695 1395 1748 committebat
1425 1695 1553 1761 Deo,
1587 1697 1835 1751 nesciens

250 1788 368 1857 quid
408 1796 622 1857 ageret.
667 1788 873 1841 Idcirco
915 1802 1036 1841 mox
1084 1788 1597 1855 meruiteousolari,
1628 1804 1695 1843 ne
1725 1789 1836 1844 cul-

1934 599 2268 670 mysterium.
2303 599 2455 667 Quod
2492 602 2687 654 mirum
2724 597 2857 655 satis
2893 600 3177 656 admodum
3206 602 3436 667 videtur,
3465 605 3509 658 si

1933 690 2074 759 quod
2101 691 2226 746 olim
2259 692 2412 761 ιοι
2445 690 2623 745 Mariae
2662 697 2940 746 narratum
2966 689 3162 758 fuerat,
3194 692 3390 764 Joseph
3419 712 3515 768 per

1933 793 2051 834 eam
2101 796 2207 834 non
2259 782 2434 851 po.uit
2482 796 2795 851 agnoscere.
2844 781 2951 836 Sed
3015 783 3142 852 quia
3185 788 3512 853 perscrutari

1933 872 2093 927 etiam
2129 888 2250 943 qum
2283 874 2494 942 potiora
2523 882 2650 928 sunt
2677 874 2921 943 mysterii
2952 884 3173 946 propter
3207 874 3514 934 fastidiosos

1934 976 2181 1031 quosque
2230 963 2481 1017 brevitati
2524 963 2804 1018 studentes
2851 965 3157 1032 omisimus,
3194 968 3263 1027 ad
3306 968 3513 1038 reliqua

1932 1067 2053 1122 quae
2082 1065 2384 1125 sequuntur
2407 1065 2714 1109 commenta
2747 1056 3050 1115 tendamus.
3134 1062 3143 1071 ’

2003 1145 2217 1217 .loseph,
2233 1146 2312 1216 ﬁli
2343 1145 2529 1211 David,
2551 1145 2658 1201 noli
2679 1147 2861 1202 timere
2879 1152 3113 1220 accipere
3134 1149 3366 1207 Mariam
3391 1169 3518 1210 catt-

1925 1235 2107 1305 jugem
2151 1246 2318 1289 tuam.
2374 1235 2497 1291 Haec
2532 1236 2747 1305 quidem
2784 1252 2888 1291 vox
2929 1237 3251 1296 blandientis
3299 1240 3515 1309 uﬂ‘cctu,

1936 1323 2417 1379 familiarissimum
2461 1342 2584 1382 eum
2614 1326 2715 1381 sibi
2746 1342 2811 1380 ac
2852 1337 3038 1383 notum
3069 1329 3332 1401 designat,
3363 1331 3520 1401 cujus

1935 1429 2132 1468 nomen
2175 1430 2239 1469 ac
2265 1429 2435 1484 genus
2460 1416 2738 1487 signanter
2765 1429 3057 1490 nuncupat.
3112 1419 3219 1477 Sed
3249 1422 3369 1479 ideo
3398 1439 3523 1494 pro-

1937 1504 2078 1561 fecto
2100 1508 2155 1560 iit
2182 1515 2243 1560 ut
2269 1507 2411 1563 hanc
2451 1523 2668 1575 vocem,
2704 1510 2904 1565 dudum
2934 1512 3000 1567 ad
3031 1512 3196 1569 David
3233 1514 3520 1584 prolatam,

1935 1610 2323 1668 recognoscat:
2347 1599 2577 1665 Iuravit,
2622 1603 2818 1672 inquit,
2848 1602 3106 1661 Dominus
3135 1604 3308 1661 Dauid
3335 1609 3524 1665 cerita-

1936 1698 2070 1753 tem,
2097 1699 2144 1743 et
2185 1707 2289 1744 non
2335 1691 2678 1760 frustrabitur
2715 1710 2867 1760 eum;
2896 1694 2960 1749 de
2998 1695 3173 1765 [ructu
3217 1698 3407 1753 ventris
3447 1700 3523 1753 tui

1937 1796 2126 1849 ponam
2151 1797 2313 1851 super
2336 1783 2510 1837 sedem
2539 1800 2727 1838 meam.
2762 1776 2999 1842 Noverat
3018 1789 3163 1843 enim
3184 1804 3244 1845 se
3261 1791 3329 1847 de
3357 1791 3525 1848 David

247 1894 360 1949 pain
392 1880 726 1935 incurreret.
759 1876 823 1931 Et
875 1877 1032 1948 100
1078 1893 1197 1939 nos,
1231 1874 1451 1943 fratres,
1484 1881 1695 1948 quoties
1721 1889 1835 1933 tur-
1863 1873 1909 1932 Β
1937 1878 2105 1947 stirpe
2143 1877 2518 1944 descendisse,
2546 1889 2603 1935 et
2640 1880 2762 1936 ideo
2802 1882 3104 1938 mouendus
3139 1892 3260 1939 erat
3289 1894 3348 1940 ut
3375 1900 3529 1943 reco-

247 1971 329 2025 bat
358 1985 461 2025 nos
488 1970 793 2025 dubietatis
823 1970 1018 2039 caligo,
1052 1968 1188 2023 fallit
1232 1987 1411 2024 rerum
1440 1972 1670 2040 species,
1704 1971 1837 2026 facit

249 2067 558 2136 superficies
580 2079 868 2119 causarum
893 2064 1161 2118 interdum
1194 2064 1451 2117 interiora
1472 2066 1716 2119 veritatis
1741 2079 1835 2119 ne-

251 2160 401 2224 scire,
426 2158 771 2212 declinemus
796 2156 860 2211 ad
887 2156 1425 2226 prresensjudicium,
1450 2158 1835 2212 subtmhamus

162 2230 187 2252 ’
248 2252 609 2311 sententiam,
655 2248 922 2319 fugiamus
980 2248 1303 2312 discrimen;
1354 2249 1599 2305 dicamus
1664 2256 1834 2305 totum

249 2345 368 2409 Deo,
403 2361 477 2398 ne
528 2344 656 2397 dum
697 2352 898 2397 temere
935 2343 1195 2413 gestimus
1227 2339 1459 2418 difﬁnire
1487 2343 1834 2409 sententiam,

252 2439 393 2493 nobis
440 2452 709 2509 paremus
747 2451 813 2492 ex
858 2435 1172 2491 discrimine
1210 2435 1385 2490 aheno
1426 2436 1658 2489 ruinam.
1685 2436 1838 2503 Quod

253 2540 419 2585 autem
449 2529 687 2601 angelus
715 2529 926 2583 Domini
959 2529 1010 2582 in
1036 2527 1260 2591 somnis,
1288 2537 1343 2583 et
1376 2542 1481 2584 non
1511 2529 1563 2583 in
1590 2530 1692 2583 alia
1726 2544 1840 2584 ma-

252 2623 496 2677 nifestius
550 2622 887 2676 revelatione
932 2620 1007 2673 illi
1059 2620 1330 2690 apparuit,
1376 2618 1626 2675 dubietas
1670 2620 1838 2674 animi

253 2716 585 2786 designatur.
619 2712 754 2780 Quia
785 2713 910 2767 dum
946 2712 1087 2766 inter
1125 2712 1405 2781 angustias
1432 2711 1705 2766 anxietate
1745 2712 1839 2765 du-

250 2809 361 2863 bius
395 2809 550 2862 velut
603 2806 936 2862 inﬁdelitatis
980 2818 1172 2859 somno
1207 2803 1548 2875 opprimitur,
1589 2803 1839 2874 angelum

250 2901 539 2971 conspicua
600 2899 807 2953 visione
856 2896 1040 2951 videre
1087 2910 1191 2949 non
1239 2896 1457 2948 meruit.
1504 2892 1610 2949 Sed
1661 2901 1839 2947 tamen

249 2990 368 3060 quia
401 2991 607 3044 timore
643 2987 870 3042 devotus
894 2986 1041 3040 circa
1072 2986 1327 3056 pietatem
1351 2984 1532 3054 justus
1558 2983 1838 3054 apparuit;

250 3082 434 3138 saltem
463 3095 566 3152 per
596 3095 845 3135 SOﬂlllllm
873 3080 1132 3133 visionem
1161 3078 1344 3132 videre
1386 3079 1592 3148 potuit;
1618 3091 1687 3130 ne
1716 3076 1838 3130 diu-

249 3176 354 3229 tius
379 3182 661 3243 premeret
682 3170 839 3241 culpa
864 3170 1174 3234 dubietatis,
1202 3185 1363 3239 quem
1385 3169 1657 3239 aequitatis
1677 3167 1839 3237 justi-

250 3266 323 3320 ti:
350 3261 793 3321 commendabat.
822 3261 887 3314 Et
912 3260 1213 3315 notandum
1244 3259 1386 3329 quod
1414 3274 1520 3314 non
1549 3259 1601 3311 in
1626 3273 1836 3323 somno,

250 3358 341 3413 sed
380 3358 435 3411 in
478 3355 715 3418 somnis,
741 3352 814 3406 illi
855 3351 1078 3423 angelus
1111 3350 1425 3422 apparuisse
1461 3350 1680 3404 dicitur.
1722 3347 1838 3416 Quo

248 3447 386 3504 forte
413 3446 669 3517 plurimis
696 3444 993 3500 visionibus
1025 3454 1193 3513 nsque
1218 3442 1285 3497 ad
1313 3439 1686 3497 suﬂicientiam
1716 3439 1837 3494 fidei

251 3549 595 3595 monstratur
632 3548 907 3599 ostensus,
936 3551 1093 3606 quem
1128 3550 1353 3591 somnus
1396 3536 1714 3604 quantisper
1749 3550 1841 3589 oc-

251 3633 514 3693 cultabat,
539 3646 610 3686 eo
648 3629 793 3699 quod
822 3637 968 3684 esset
1010 3627 1237 3699 caligine
1274 3627 1697 3682 circumductus.
1734 3625 1840 3680 Sed

251 3738 391 3780 sane
458 3722 837 3791 requirendum
906 3729 1034 3790 puto
1095 3720 1391 3775 secundum
1454 3720 1839 3790 proprietatem

250 3815 429 3876 verbi,
456 3813 505 3869 si
539 3812 680 3867 forte
704 3825 883 3866 sermo
911 3811 1127 3866 divinus
1156 3810 1357 3865 certius
1386 3808 1589 3880 aliquid
1621 3809 1674 3865 in
1696 3824 1841 3864 som-

252 3907 339 3961 nis
381 3906 511 3959 velit
555 3904 887 3975 signiﬁcare,
919 3917 1081 3971 quam
1131 3902 1177 3957 si
1220 3902 1449 3957 dixisset
1494 3902 1549 3956 in
1593 3900 1836 3957 somniis.

255 3999 388 4068 Quia
417 4014 671 4064 somnus,
702 3998 818 4067 ipsa
848 3996 1064 4066 quidem
1100 3995 1483 4051 dormientium
1525 3995 1679 4065 quies
1721 4005 1837 4058 est;

252 4093 521 4148 somnium
572 4107 737 4155 vero,
788 4105 1171 4158 nonnunquam
1240 4089 1448 4145 delusio
1501 4089 1835 4144 dormientis.

252 4182 388 4238 Hinc
412 4192 500 4238 est
522 4182 671 4252 quod
694 4181 900 4237 dicitur
932 4180 1181 4252 angelum
1210 4180 1556 4250 apparuisse;
1589 4180 1714 4251 quia
1755 4194 1841 4233 res

254 4274 471 4330 insolita
502 4273 649 4327 ultra
681 4272 1015 4327 somniorum
1038 4271 1351 4341 pbantasias
1375 4279 1836 4340 praemonstrator.

250 4364 365 4418 Non
394 4365 547 4420 enim
574 4360 693 4430 ejus
724 4371 914 4417 natura
956 4361 1056 4416 fuit
1092 4361 1339 4432 angelum
1366 4356 1548 4417 videre
1575 4376 1696 4416 cum
1726 4361 1839 4415 vel-

250 4459 340 4523 let,
372 4459 469 4514 sed
512 4458 566 4511 in
608 4463 877 4527 potestate
920 4455 1088 4525 ipsius
1121 4456 1451 4525 apparentis,
1490 4452 1758 4523 quomodo
1786 4462 1843 4509 et

250 4550 470 4619 quando
494 4564 557 4602 se
588 4547 926 4617 prabuisset.
951 4544 1085 4599 Nam
1130 4546 1233 4600 hoc
1275 4546 1439 4599 verbo
1482 4545 1661 4599 divina
1694 4544 1841 4599 Scri-

1940 1968 2074 2024 leret
2108 1984 2173 2024 ex
2205 1969 2507 2039 Propheta,
2538 1972 2680 2041 quod
2701 1969 2816 2041 jam
2849 1974 2904 2029 in
2934 1989 2995 2030 se
3034 1975 3290 2045 compleri
3336 1991 3526 2033 cerne-

1938 2061 2027 2115 bat
2069 2070 2124 2116 et
2154 2062 2204 2115 in
2234 2061 2420 2116 Maria.
2469 2062 2734 2119 Nimirum
2776 2066 3018 2134 quicum
3047 2068 3137 2123 hic
3173 2066 3340 2126 David
3385 2068 3527 2127 ﬁlius

1938 2152 2157 2217 dicitur,
2189 2153 2350 2207 datur
2377 2154 2599 2224 intelligi
2629 2156 2697 2210 de
2720 2154 2910 2222 Maria,
2940 2157 3066 2213 dum
3096 2173 3216 2214 eam
3243 2173 3313 2215 ex
3339 2161 3526 2217 eadem

1939 2244 2107 2313 stirpe
2156 2254 2488 2316 cognoverat
2533 2248 2907 2314 descendisse,
2953 2248 3021 2305 de
3069 2266 3174 2321 qua
3216 2252 3334 2323 ipse
3389 2252 3529 2310 illius

1941 2335 2107 2390 David
2139 2336 2207 2391 ab
2235 2337 2425 2409 angelo
2448 2339 2762 2394 vocabatur.
2787 2339 2940 2408 Quod
2968 2341 3153 2399 volens
3179 2344 3323 2399 idem
3346 2355 3530 2400 osten-

1951 2429 2100 2492 dere,
2130 2428 2348 2499 Joseph,
2379 2431 2573 2501 inquit,
2593 2432 2675 2499 ﬁli
2696 2432 2885 2497 David,
2913 2449 2979 2490 ac
3002 2435 3047 2492 si
3075 2444 3322 2507 patenter
3348 2437 3527 2493 dicat:

1946 2519 2295 2590 Recognosce
2322 2522 2448 2590 quid
2476 2522 2680 2577 dictum
2701 2524 2773 2579 sit
2801 2525 2981 2581 domui
3001 2524 3201 2594 David;
3228 2528 3356 2598 quia
3387 2529 3531 2598 quod

1943 2610 2014 2666 ibi
2055 2611 2383 2681 promissum
2412 2624 2587 2669 estex
2632 2616 2933 2685 prophetia,
2968 2618 3079 2688 jam
3119 2634 3250 2676 sane
3296 2620 3532 2690 comple-

1949 2712 2065 2759 tum
2113 2712 2199 2759 est
2219 2718 2315 2774 per
2345 2704 2609 2772 Mariam;
2642 2707 2784 2763 unde
2818 2724 2886 2765 ne
2915 2708 3108 2766 timeas
3135 2711 3383 2782 accipere
3418 2711 3531 2769 Ma-

1943 2798 2081 2853 riam
2105 2795 2388 2870 coujugem
2429 2808 2573 2854 tuam
2602 2818 2615 2852 :
2640 2800 2768 2872 quia
2800 2802 2845 2857 si
2870 2818 2978 2859 non
3001 2817 3071 2860 ex
3100 2812 3194 2861 tuo
3215 2806 3360 2860 coitu
3385 2808 3532 2876 quod
3556 2842 3559 2851 ι

1944 2897 2217 2955 nascetur,
2253 2899 2433 2945 tamen
2463 2905 2557 2960 per
2582 2906 2738 2957 eam,
2776 2895 2901 2963 quia
2946 2908 3016 2950 ex
3062 2905 3116 2951 te
3160 2896 3530 2969 propinquita—

1944 2989 2052 3036 tem
2081 2981 2266 3038 carnis
2298 2982 2466 3047 ducit,
2498 2983 2592 3038 tibi
2636 2983 2779 3041 filius
2817 2996 3128 3057 generatur.
3162 2988 3227 3044 Et.
3250 3004 3322 3047 ne
3349 2993 3533 3063 suspi-

1944 3075 2086 3129 ceris
2113 3075 2256 3144 quod
2284 3076 2497 3147 genitus
2529 3077 2602 3131 sit
2633 3078 2702 3133 ab
2726 3078 2872 3143 alio;
2907 3081 3124 3137 noveris
3161 3081 3288 3152 quia
3313 3082 3382 3139 de
3406 3082 3531 3154 Spi-

1943 3168 2049 3221 ritu
2080 3175 2267 3223 saneto
2287 3176 2394 3234 est,
2423 3177 2481 3223 ut
2510 3178 2681 3225 totum
2710 3170 2978 3241 percipias
3008 3173 3062 3227 in
3105 3175 3367 3246 mysterio
3387 3176 3532 3246 quod

1867 3243 1914 3306 C
1945 3257 2073 3313 olim
2122 3257 2390 3314 habueras
2430 3259 2484 3314 in
2528 3262 2814 3329 promisso.
2864 3262 2932 3317 Et
2959 3243 3231 3333 quomodo
3261 3281 3348 3322 me
3376 3243 3532 3324 audis

1947 3347 2000 3400 in
2028 3362 2258 3417 persona
2292 3364 2460 3417 genus
2506 3364 2700 3407 vocare
2723 3391 2737 3416 ,
2763 3360 2819 3407 et
2847 3352 2901 3407 in
2929 3362 2980 3408 te
3014 3363 3180 3410 totam
3226 3357 3530 3429 prosapiam

1944 3441 2224 3507 reiterare,
2260 3442 2332 3496 ita
2368 3451 2428 3496 ut
2451 3444 2724 3499 tricesima
2767 3456 2959 3501 octava
2989 3451 3338 3519 generatione
3374 3459 3534 3507 natus

1945 3530 2087 3586 illius
2117 3532 2280 3586 David
2311 3533 2539 3599 dicaris;
2571 3535 2652 3589 sic
2672 3538 3025 3607 propinquius
3044 3540 3283 3611 intellige
3305 3540 3529 3599 Mariam
3600 3550 3611 3553 ”

1945 3638 2010 3677 ex
2045 3624 2320 3702 reciproco
2363 3627 2429 3679 de
2471 3634 2563 3680 tua
2611 3642 2775 3682 carne
2822 3630 3221 3697 quodammodo
3272 3634 3532 3702 derivari,

1944 3729 2140 3771 moneo
2163 3726 2221 3770 ut
2245 3698 2451 3773 habeas
2490 3717 2659 3774 tilium
2682 3719 2800 3775 sine
2828 3714 3079 3786 coitu,‘et
3106 3725 3385 3794 possideas
3410 3698 3531 3785 eam

1946 3821 2169 3862 uxorem
2206 3808 2521 3879 plenissimo
2558 3810 2841 3867 charitatis
2866 3810 3080 3869 aﬂectu.
3129 3813 3358 3886 Propter
3387 3819 3532 3888 quod

1945 3916 2014 3955 ne
2046 3901 2259 3966 timeas,
2284 3902 2477 3972 inquit.
2507 3902 2585 3958 Ae
2605 3903 2649 3957 si
2683 3905 2919 3961 diceret:
2941 3905 3018 3962 Ne
3048 3907 3240 3965 timeas
3261 3909 3331 3966 de
3354 3921 3533 3978 reatu,

1944 3991 2054 4047 imo
2098 3993 2425 4064 amplectere
2466 3992 2748 4066 coniugem
2796 4006 2945 4054 tuam
2984 3999 3271 4058 charitatis
3315 4000 3528 4060 cilicio:

1945 4083 2069 4152 quia
2107 4084 2347 4140 charitas
2388 4083 2536 4142 foras
2576 4086 2742 4143 mittit
2769 4102 2985 4146 omnem
3018 4090 3290 4148 timorem.
3327 4092 3532 4163 Conju-

1942 4188 2062 4246 gem
2108 4184 2288 4231 autem
2337 4193 2507 4247 quare
2548 4178 2767 4245 dixerit,
2801 4179 2916 4251 jam
2954 4197 3118 4252 supra
3160 4184 3556 4253 exposuimus,

1948 4266 2111 4321 etiam
2157 4267 2301 4323 inter
2334 4267 2560 4338 reliqua,
2588 4270 2733 4339 quod
2764 4271 2895 4327 nihil
2938 4271 3172 4329 defuerit
3199 4275 3381 4344 operis
3405 4291 3534 4333 cou-

1953 4354 2109 4427 jugii,
2135 4358 2240 4412 nisi
2282 4358 2396 4415 sola
2427 4361 2735 4416 commistio
2755 4360 2995 4419 libidinis
3019 4381 3033 4417 :
3057 4363 3110 4419 in
3144 4373 3355 4421 tantum
3382 4375 3441 4421 ut
3462 4369 3532 4423 ad

1943 4449 2139 4519 Joseph
2158 4450 2314 4522 juxta
2341 4466 2562 4509 carnem
2588 4455 2853 4524 pertineat
2884 4466 3039 4513 ortus
3066 4456 3293 4524 Christi,
3320 4460 3365 4517 si
3394 4477 3533 4532 quo-

1948 4542 2106 4597 modo
2132 4542 2238 4597 dici
2265 4545 2437 4612 possit
2467 4544 2608 4601 idem
2639 4561 2735 4617 per
2764 4548 2865 4604 hoc
2891 4560 3043 4617 pater
3070 4549 3386 4609 Salvatoris.

251 4603 441 4710 ptum,
482 4603 809 4708 frequenter
867 4636 959 4691 tali
1015 4646 1171 4691 utens
1220 4636 1464 4705 eloquio,
1520 4644 1840 4705 potestatem
1869 4603 1921 4663 Β
2019 4634 2172 4700 Quod
2197 4638 2336 4691 enim
2371 4639 2427 4693 in
2454 4656 2516 4694 ea
2545 4650 2727 4694 natum
2749 4652 2846 4707 est,
2874 4643 3067 4713 inquit,
3097 4645 3163 4700 de
3184 4645 3384 4717 Spiritu
3410 4666 3536 4705 san—
3636 4640 3641 4644 ’

249 4748 467 4803 setttper
515 4730 792 4799 signiﬁcat
835 4729 1179 4798 apparentis,
1220 4739 1277 4782 ut
1324 4744 1423 4784 nos
1459 4728 1620 4784 altius
1670 4729 1844 4799 erigat

253 4826 314 4877 ad
352 4820 758 4878 consideranda
794 4834 1082 4874 causarum
1123 4820 1359 4890 negotia,
1391 4821 1585 4889 quibus
1612 4835 1750 4889 pene
1783 4834 1845 4875 se

254 4930 467 4984 semper
527 4912 833 4967 conformat
882 4910 1145 4965 exhibitio
1193 4912 1634 4968 demonstrantis.
1684 4912 1842 4977 Hinc,

252 5008 374 5075 quia
400 5004 610 5073 Ioseph
640 5017 844 5072 angore
873 5002 1067 5056 dubius
1110 5002 1200 5058 illo
1235 5012 1602 5071 prrcgravatur
1629 5018 1853 5068 somno.

252 5111 358 5166 quo
400 5098 457 5150 in
504 5086 760 5163 passione
810 5092 1176 5162 apostolorum
1226 5092 1365 5148 oculi
1418 5093 1841 5163 premebantur;

253 5202 568 5258 quanquam
609 5202 717 5241 non
757 5186 837 5239 ex’
865 5185 1062 5239 duritia
1088 5184 1268 5241 cordis
1298 5187 1415 5241 ιιωο
1450 5187 1696 5243 dubietas
1720 5203 1846 5243 eve-

254 5276 415 5343 niret,
444 5278 544 5333 sed
572 5276 642 5332 de
680 5277 1041 5330 admiratione
1076 5277 1149 5331 rei
1189 5280 1607 5348 magnitudinis;
1653 5282 1844 5336 saltem

259 5370 307 5424 in
344 5369 558 5424 somnis
612 5367 920 5433 instruitur,
951 5376 1008 5421 ut
1044 5383 1108 5422 ex
1153 5383 1221 5423 eo
1268 5376 1573 5438 putesceret
1616 5373 1847 5430 interius

257 5463 380 5531 quid
437 5461 610 5515 corde
679 5466 937 5529 gestaret.
988 5459 1281 5530 Signanter
1334 5476 1551 5530 quoque
1606 5463 1842 5529 additur,

258 5555 479 5624 angelus
510 5550 747 5613 Domini,
770 5550 839 5605 ob
869 5551 1270 5607 distinctionem
1301 5551 1525 5607 alterius
1546 5553 1746 5623 angeli,
1779 5569 1848 5611 ne

259 5643 481 5698 fortuitu
535 5642 747 5696 delusit»
791 5649 1088 5710 putaretur.
1122 5642 1273 5697 Unde
1319 5644 1445 5713 quia
1480 5645 1531 5700 in
1571 5659 1637 5699 eo
1673 5646 1847 5715 pietas

256 5750 315 5788 ac
336 5734 556 5805 iustitia
577 5732 859 5787 decertare
882 5733 1151 5800 videntur,
1183 5749 1303 5788 mox
1337 5735 1552 5804 pellitur
1572 5737 1842 5806 dubietas,

256 5836 307 5878 et
327 5824 607 5879 reveletur
646 5839 925 5877 arcanum.
962 5822 1224 5877 Panditur
1251 5824 1408 5893 plane
1437 5827 1579 5895 quod
1610 5831 1841 5897 primum

1945 4736 2027 4781 σεο
2061 4738 2155 4782 est.
2188 4726 2415 4785 Videtur
2442 4747 2655 4800 quoque
2704 4733 2792 4788 hic
2832 4735 3044 4790 subtilis
3088 4738 3241 4793 valde
3268 4740 3413 4795 nasci
3446 4741 3530 4795 in-

1946 4817 2259 4888 telligentia,
2287 4835 2355 4875 ne
2387 4820 2526 4876 forte
2554 4822 2699 4893 quod
2728 4834 2919 4881 natum
2948 4836 3031 4884 est
3059 4828 3112 4884 in
3135 4846 3198 4886 ea
3223 4831 3362 4888 filius
3385 4832 3531 4898 ejus-

1947 4909 2067 4963 dem
2098 4909 2333 4980 Spiritus
2366 4912 2522 4982 102
2552 4913 2618 4968 de
2646 4930 2755 4984 quo
2781 4928 3074 4990 conceptus
3092 4930 3196 4983 est,
3213 4922 3367 4993 juxta
3387 4924 3531 4992 quod

1948 4998 2047 5068 ipsi
2096 4998 2419 5054 confitemur
2461 5004 2515 5057 in
2562 4999 3131 5076 Symbolo,,absurde
3178 5012 3527 5081 intelligatur.

1948 5088 2187 5145 Dicimus
2212 5093 2358 5146 enim
2404 5095 2546 5162 quod
2577 5109 2872 5170 conceptus
2902 5102 2973 5161 sit
3012 5102 3077 5157 de
3106 5100 3309 5172 Spiritu
3340 5114 3533 5161 sancto

1946 5197 2012 5236 ex
2059 5183 2225 5237 Maria
2277 5185 2508 5256 virgine.
2567 5187 2624 5245 Si
2670 5193 2814 5246 enim
2858 5193 2937 5248 sic
2966 5195 3283 5263 accipimus,
3313 5204 3372 5249 ut
3406 5211 3529 5252 eum

1947 5274 2115 5329 filium
2147 5275 2383 5346 Spiritus
2410 5282 2583 5336 sancti
2627 5282 3193 5357 dicamussecundum
3220 5285 3528 5342 humanita-

1948 5378 2075 5431 tem,
2101 5368 2344 5439 profecto
2378 5372 2431 5426 in
2474 5383 2660 5428 sancta
2689 5375 2955 5435 Trinitate
2987 5377 3121 5431 duos
3149 5386 3332 5447 patres
3362 5380 3531 5433 intro-

1950 5462 2234 5529 mittimus,
2275 5465 2523 5521 videlicet
2550 5484 2712 5522 unum
2742 5454 3064 5535 divinitatis,
3093 5481 3145 5523 et
3171 5471 3396 5526 alterum
3426 5474 3529 5529 hu-

1950 5554 2228 5610 manitatis
2253 5556 2370 5625 ejus
2393 5570 2809 5630 propagatorem
2840 5558 3099 5631 Spiritum
3124 5576 3391 5619 sanctum.
3420 5564 3531 5621 Sed

1947 5647 2069 5715 quis
2093 5648 2194 5702 hoc
2222 5650 2402 5705 dicere
2427 5650 2681 5706 audebit?
2712 5651 2865 5707 Unde
2894 5651 3052 5708 aliter
3095 5656 3251 5711 datur
3282 5657 3527 5727 intelligi,

1948 5749 2001 5792 et
2031 5742 2379 5809 quzerendum
2407 5743 2451 5797 si
2480 5757 2585 5797 non
2619 5742 2739 5799 ideo
2772 5744 2983 5800 dicatur
3011 5746 3076 5803 de
3113 5747 3315 5816 Spiritu
3341 5761 3530 5805 sancto

1949 5843 2125 5898 natus,
2158 5832 2284 5902 quia
2321 5833 2446 5888 fecit
2474 5848 2597 5888 eum
2630 5836 2778 5892 nasci
2805 5837 2871 5892 de
2899 5834 3135 5909 Virgine.
3165 5837 3371 5911 Quippe
3405 5839 3531 5910 quia
