4032 6358
514 359 612 413 Ml

1340 361 1398 416 S.
1439 361 1802 418 PASCHASII
1841 356 2211 416 liADBER'l‘Il
2248 361 2540 418 ABBATIS
2577 362 3022 420 CORBEIENSIS

3683 367 3784 422 “2

511 480 615 537 bo'c
655 494 793 550 opus
839 479 1105 545 mirabile,
1139 486 1307 534 totum
1353 478 1496 535 dono
1541 479 1636 535 Dei
1685 479 1884 535 factum
1912 488 2014 543 est,
2042 486 2098 533 et
2123 482 2176 541 Α
2203 477 2247 532 si
2277 493 2381 532 non
2412 478 2557 534 salus
2581 478 2917 535 credentium
2947 479 3270 535 advenisset.
3300 478 3434 534 Nam
3469 481 3596 537 licet
3625 484 3783 540 multi

511 576 709 632 d'num
739 575 834 630 Dei
863 576 1080 646 proprie
1109 575 1344 646 Spiritus
1387 584 1604 630 sanctus
1648 575 1864 630 dicitur.
1905 575 2010 628 Sed
2039 580 2095 627 et
2195 568 2352 626 Jesus
2379 572 2508 627 olim
2536 571 2786 638 fuissent,
2819 572 2907 628 hic
2936 582 3115 627 tamen
3163 573 3596 632 substantialiter
3635 578 3783 633 salus

510 669 626 740 ipse
665 667 902 738 Spiritus
932 667 1174 722 charitas
1203 665 1377 720 Patris
1408 682 1471 720 ac
1515 666 1636 721 Filii
1669 667 1866 738 ubique
1899 667 2088 720 catho-

506 759 612 815 lice
645 758 988 830 praedicatur.
1018 757 1149 826 Quae
1187 758 1430 813 Charitas
1455 755 1699 828 profecto
1728 756 1840 811 sola
1872 772 1993 811 cum
2022 756 2090 810 ad

506 851 901 908 incarnandum
945 850 1190 906 adduxit.
1230 850 1297 904 Et
1342 848 1464 903 ideo
1505 847 1647 918 quod
1694 855 1854 902 natus
1895 855 1979 900 est
2023 847 2090 901 de

504 942 676 998 Maria
703 943 943 1015 virgine,
975 943 1160 1013 utique
1190 942 1257 996 dc
1288 940 1492 1010 Spiritu
1524 947 1717 996 sancto
1744 948 1889 994 recte
1923 939 2089 993 inter-

503 1045 782 1107 pretatur;
832 1036 957 1107 quia
1002 1049 1164 1090 causa
1214 1032 1466 1088 nascendi
1517 1031 1630 1086 sola
1680 1031 1919 1085 Charitas
1964 1030 2085 1083 fuit.

503 1127 688 1199 Neque
733 1129 887 1191 adeo,
918 1126 1044 1198 quia
1087 1124 1345 1181 mundum
1398 1123 1560 1178 istum
1611 1122 1736 1178 fecit
1771 1122 1930 1204 Deus,
1963 1136 2085 1175 cum

501 1224 606 1278 dici
637 1221 718 1276 fas
741 1229 826 1277 est
866 1219 960 1274 Dei
984 1218 1201 1284 Filium,
1229 1224 1324 1272 aut
1354 1225 1541 1270 natum
1569 1214 1635 1270 de
1677 1215 1786 1269 Deo
1817 1213 2085 1268 ullatenus

497 1314 802 1386 praedicari.
853 1311 961 1368 Sed
988 1312 1211 1375 factum,
1243 1318 1581 1376 creatumve,
1615 1317 1710 1363 aut
1754 1307 2080 1370 institutum,

497 1421 593 1466 aut
639 1408 915 1465 conditum
964 1407 1033 1462 ab
1074 1422 1160 1472 eo,
1193 1405 1275 1461 vel
1327 1413 1476 1460 certe
1504 1404 1548 1458 si
1581 1403 1708 1473 quid
1753 1400 2080 1470 hujusmodi,

495 1511 646 1558 recte
675 1501 778 1556 dici
809 1508 1004 1572 potest.
1033 1497 1170 1566 Quin
1194 1512 1366 1567 neque
1396 1495 1798 1550 concedendum
1828 1492 2081 1563 ut,quid-

495 1595 626 1667 quid
652 1595 718 1649 de
740 1592 917 1663 aliqua
945 1589 1269 1654 renascitur,
1291 1586 1548 1643 continuo
1574 1585 1812 1655 ejusdem
1836 1583 1913 1638 rei
1941 1583 2082 1636 ﬁlius

495 1687 832 1758 praedicetur.
879 1684 954 1739 De
998 1697 1226 1754 quarum
1277 1695 1457 1736 rerum
1501 1675 1762 1746 exemplis
1801 1690 1969 1746 pauca
2013 1674 2081 1729 de

493 1777 737 1848 pluribus
762 1775 1018 1847 pandam.
1058 1773 1217 1828 Certe
1261 1784 1450 1827 omnes
1491 1768 1583 1838 qui
1612 1766 1924 1823 Christiano
1954 1780 2077 1820 cen-

2197 670 2280 717 est
2309 663 2624 733 appellatus.
2669 663 2737 718 Et
2778 663 3072 718 notandum
3118 664 3266 734 quia,
3301 680 3409 720 non
3439 666 3579 726 sicut
3607 666 3783 724 Judaei

2197 753 2477 822 falluntur,
2511 765 2782 811 terrenam
2812 755 3146 812 Hierusalem
3175 766 3434 814 venturus
3459 769 3545 816 est
3575 761 3782 817 salvam

2192 847 2405 913 facere;
2438 849 2532 905 sed
2576 849 2726 904 venit
2769 849 2980 904 salvare
3018 849 3271 919 populum
3299 867 3456 906 suum
3479 870 3509 907 a
3544 855 3786 925 peccatis

2191 956 2404 996 eorum.
2457 941 2750 1012 Populum,
2785 941 2991 1012 inquit,
3027 957 3218 1008 suum;
3249 946 3398 1013 quia,
3426 946 3528 1000 etsi
3574 946 3780 1002 venditi

2190 1048 2408 1088 eramus
2429 1034 2530 1090 sub
2557 1045 2800 1104 peccato,
2831 1043 3009 1088 tamen
3040 1034 3252 1106 legibus
3281 1045 3490 1093 natura:
3513 1039 3631 1110 ejus
3656 1055 3782 1094 era-

2191 1141 2330 1180 mus.
2392 1125 2545 1181 Unde
2592 1127 2922 1182 Zacharias:
2953 1127 3020 1182 Et
3049 1128 3192 1198 fecit,
3235 1128 3428 1200 inquit,
3465 1131 3781 1202 redemptio-

2189 1232 2303 1269 nem
2330 1215 2494 1286 plebis
2524 1233 2635 1272 sua:
2657 1219 2712 1272 in
2746 1218 2900 1273 domo
2930 1217 3100 1272 David
3128 1220 3279 1289 pueri
3305 1221 3388 1274 sui
3417 1219 3568 1290 (Luc.
3602 1237 3639 1284 t,
3662 1222 3774 1292 68).

2189 1307 2330 1378 Ergo
2360 1323 2524 1378 quam
2556 1326 2708 1364 suam
2735 1311 3028 1382 praescivit,
3057 1311 3201 1366 illam
3227 1313 3414 1382 procul
3437 1313 3599 1368 dubio
3629 1316 3782 1369 venit

2186 1399 2415 1465 salvare,
2447 1401 2684 1470 reliquos
2708 1418 2896 1457 omnes
2923 1402 3134 1458 occulto
3157 1418 3255 1458 suo
3279 1403 3488 1474 judicio
3512 1405 3565 1459 in
3596 1421 3775 1461 massa

2186 1495 2548 1550 damnationis
2575 1496 2808 1566 reliquit.
2841 1496 3134 1567 Sequitur:

2256 1583 2372 1640 Hoc
2395 1597 2560 1640 totum
2587 1586 2788 1656 factum
2817 1597 2890 1641 est
2919 1599 2973 1641 ut
3005 1589 3380 1658 adimpleretur
3403 1591 3544 1659 quod
3574 1591 3774 1646 dictum

2183 1688 2258 1733 est
2283 1697 2315 1732 α
2359 1679 2584 1734 Domino
2617 1697 2710 1750 per
2739 1679 2938 1735 Isaiam
2972 1683 3294 1752 prophetam,
3325 1685 3599 1739 dicentem.
3632 1685 3773 1752 Quid

2185 1771 2348 1842 igitur
2377 1782 2461 1828 cst
2487 1773 2588 1835 huc
2617 1783 2784 1828 totum
2810 1775 2952 1845 quod
2984 1774 3184 1832 factum
3206 1785 3309 1840 est,
3331 1777 3414 1831 vel
3436 1779 3558 1849 quis
3582 1794 3772 1834 eorum

493 1879 682 1927 sentur
711 1868 952 1932 nomine,
980 1866 1226 1939 profecto
1267 1872 1564 1920 nascuntur
1605 1878 1672 1916 ex
1702 1877 1841 1931 aqua
1871 1870 1924 1914 et
1955 1859 2077 1930 Spi-
2106 1852 2152 1912 Β
2183 1863 2287 1919 hoc
2317 1865 2550 1919 dixerit?
2580 1866 2635 1920 Si
2659 1867 2805 1920 enim
2830 1867 3126 1923 dixerimus
3148 1869 3290 1940 quod
3316 1870 3490 1942 angeli
3520 1873 3634 1928 htec
3661 1872 3774 1928 sint

490 1964 598 2018 ritu
636 1971 844 2026 sancto,
875 1961 1001 2032 quia
1042 1959 1263 2015 omnino
1303 1956 1463 2011 aliter
1486 1954 1780 2012 Christiani
1809 1968 1928 2008 esse
1971 1968 2076 2007 non

487 2055 734 2128 possunt.
753 2056 859 2110 Sed
886 2041 1127 2126 nunquid
1147 2069 1243 2109 eos
1264 2060 1408 2107 recte
1430 2049 1716 2121 quisquam
1742 2048 1880 2103 ﬁlios
1900 2064 2072 2117 aquae,

487 2159 580 2205 aut
609 2148 845 2219 Spiritus
871 2145 1044 2202 sancti
1077 2144 1307 2200 dixerit?
1337 2143 1444 2197 imo
1471 2141 1562 2196 Dei
1588 2140 1764 2195 Patris
1793 2148 1848 2195 et
1875 2148 2077 2194 sanctae

486 2239 678 2295 matris
706 2237 962 2294 Ecclesia:
991 2236 1083 2290 ﬁlii
1114 2243 1511 2304 nuncupantur.
1539 2233 1630 2288 Sic
1654 2233 1856 2302 itaque.
1881 2245 2075 2300 quam-

482 2333 567 2387 vis
597 2331 753 2401 longe
781 2328 1120 2384 dill‘erentius
1151 2335 1310 2382 natus
1351 2325 1417 2380 de
1446 2325 1650 2396 Spiritu
1681 2332 1870 2379 sancto
1905 2321 2075 2376 Filius

482 2425 577 2480 Dei
608 2423 786 2478 Patris
807 2421 1038 2488 dicatur,
1063 2429 1241 2476 tamen
1270 2435 1375 2473 non
1400 2428 1484 2474 est
1512 2416 1652 2473 ﬁlius
1672 2417 1916 2489 ejusdem
1946 2416 2072 2487 Spi-

481 2515 620 2570 ritus
655 2513 827 2569 sancti
876 2511 985 2568 ullo
1023 2510 1181 2566 modo
1213 2509 1583 2582 appellandus.
1621 2509 1848 2564 Videtur
1889 2517 2071 2562 autem

481 2608 655 2662 adhuc
682 2605 944 2678 quosdam
975 2619 1198 2659 monere
1217 2644 1231 2667 ,
1263 2603 1389 2672 quia
1419 2601 1620 2657 dictum
1650 2608 1735 2656 est
1765 2599 1834 2654 ab
1856 2598 2069 2670 angelo,

480 2699 635 2767 Quod
659 2709 838 2753 natum
859 2707 934 2752 est
956 2699 1012 2752 in
1035 2713 1130 2761 ea;
1153 2711 1276 2752 cum
1303 2705 1501 2751 nostra:
1529 2694 1940 2752 consuetudinis
1962 2709 2069 2749 non

477 2793 549 2848 sit
576 2802 763 2848 natum
795 2792 998 2857 dicere,
1027 2791 1343 2861 priusquam
1373 2791 1429 2846 in
1473 2790 1650 2845 lucem
1694 2788 1856 2858 hujus
1881 2787 2068 2843 mundi

475 2887 705 2957 quisque
739 2885 942 2950 veniat,
971 2887 1114 2955 quod
1141 2884 1362 2941 omnino
1409 2883 1661 2939 nativitas
1691 2883 1780 2938 illa
1825 2883 2066 2938 nondum

474 2977 688 3050 expleta
719 2976 810 3033 sit.
840 2976 948 3032 Sed
970 2975 1109 3031 forte
1137 2975 1341 3030 dictum
1369 2983 1644 3046 putamus,
1667 2974 1826 3045 juxta
1849 2984 2066 3032 sancta-

475 3084 595 3123 rum
644 3067 1050 3138 Scripturarum
1111 3064 1367 3136 loquendi
1429 3067 1920 3132 consuetudinem,
1973 3065 2064 3120 ubi

477 3176 619 3232 saepe
646 3159 978 3231 praeteritum
1002 3157 1116 3229 jam
1147 3166 1399 3213 narratur
1427 3159 1570 3229 quod
1599 3159 1752 3214 novit
1771 3174 1892 3214 esse
1920 3158 2063 3213 futu-

475 3272 631 3322 rum;
663 3254 749 3310 vel
771 3261 920 3310 certe
943 3251 1239 3309 secundum
1269 3251 1664 3322 praescieutiam
1691 3252 1860 3322 ipsius
1885 3249 2061 3323 angeli

476 3363 640 3418 quam
674 3347 910 3404 habebat
937 3360 1004 3401 ex
1034 3344 1170 3410 Deo,
1200 3344 1287 3398 cui
1317 3343 1558 3398 futurum
1581 3342 1696 3412 jam
1731 3343 1887 3413 quasi
1926 3358 2064 3414 prte-

476 3441 694 3496 teritum
725 3447 863 3503 erat,
890 3446 1038 3495 recte
1071 3445 1230 3493 natus
1253 3435 1536 3507 accipitur.

551 3531 734 3587 Pariet
760 3541 936 3586 autem
979 3529 1174 3602 ﬁlium,
1197 3539 1244 3584 et
1267 3528 1473 3583 vocabis
1505 3544 1692 3583 nomen
1719 3527 1833 3598 ejus
1856 3527 2058 3584 Iesum.

471 3621 622 3678 Alias
646 3630 824 3678 autem
853 3621 994 3677 idem
1017 3618 1173 3690 juxta
1199 3618 1401 3674 Lucam
1432 3617 1588 3691 103
1619 3617 1849 3688 idipsum
1880 3618 2062 3674 Maria:

471 3715 667 3788 legitur
703 3715 943 3771 dixisse:
981 3711 1065 3768 Ne
1106 3713 1312 3780 timeas,
1340 3711 1551 3778 Maria,
1592 3711 1787 3782 inquit,
1819 3713 2060 3768 invenisti

470 3809 697 3879 gratiam
732 3806 872 3877 apud
907 3805 1112 3860 Deum:
1136 3821 1251 3860 ecce
1282 3805 1538 3875 concipies
1559 3805 1615 3858 in
1644 3815 1790 3860 utero
1817 3815 1866 3859 et
1886 3805 2059 3875 paries

471 3899 662 3969 ﬁlium,
685 3907 732 3953 et
757 3897 960 3952 vocabis
990 3911 1177 3950 nomen
1199 3897 1313 3968 ejus
1340 3896 1543 3950 Jesum.
1581 3893 1682 3948 Hic
1705 3896 1825 3960 erit,
1861 3896 2055 3965 inquit,

473 4005 720 4059 magnus,
737 3998 785 4043 et
815 3985 993 4042 Filius
1013 3986 1274 4041 Altissimi
1298 3986 1586 4050 vocabitur,
1609 3993 1658 4038 et
1682 3985 1826 4038 dabit
1854 3985 1931 4038 illi
1957 3985 2060 4038 Do-

473 4084 646 4136 minus
686 4080 861 4137 sedem
890 4079 1062 4134 David
1105 4078 1270 4151 patris
1308 4078 1442 4149 ejus,
1475 4087 1522 4132 et
1555 4077 1788 4148 regnabit
1818 4078 1872 4132 in
1902 4078 2058 4131 domo

468 4174 636 4230 Jacob
672 4175 728 4228 in
762 4182 1036 4237 a'ternum,
1066 4180 1116 4226 et
1156 4171 1302 4242 regni
1331 4170 1445 4240 ejus
1481 4185 1586 4223 non
1619 4169 1714 4222 erit
1749 4167 1872 4236 ﬁnis
1902 4167 2052 4238 (Luc.

470 4287 512 4335 ι,
570 4267 782 4339 50-33).
829 4265 944 4323 lloc
1003 4265 1126 4321 ideo
1190 4273 1362 4320 totum
1431 4263 1693 4328 dixerim,
1763 4269 1823 4316 ut
1863 4262 2054 4317 saltem

469 4375 576 4416 vox
633 4358 873 4432 angelica
929 4357 1199 4420 credatur,
1255 4354 1474 4409 Mariam
1536 4354 1602 4409 de
1657 4353 1825 4422 stirpe
1887 4353 2056 4408 David

471 4452 707 4517 venisse,
735 4450 877 4523 quod
903 4465 1065 4520 supra
1092 4449 1324 4505 Faustus
1347 4446 1786 4503 contradixerat:
1812 4455 1866 4500 et
1894 4445 2052 4502 intel-

405 4607 407 4610 ,
469 4547 600 4620 ligat
621 4546 793 4602 ﬁdelis
819 4545 1036 4601 auditor
1059 4545 1184 4616 quia
1208 4559 1396 4599 omnes
1415 4543 1802 4614 promissiones
1820 4542 2055 4613 patriar-

404 4623 408 4628 Δ
469 4639 716 4704 charum,
746 4647 804 4694 el
827 4638 1006 4694 omnia
1035 4637 1421 4709 prophetarum
1447 4635 1682 4706 eloquia,
1715 4651 1878 4706 super
1914 4636 2053 4691 hanc

468 4727 882 4802 promissionem
931 4728 1332 4794 coucinant,ut
1374 4726 1420 4781 is
1465 4725 1558 4796 qui
1606 4726 1937 4797 promittitur
1967 4742 2055 4781 re-

469 4834 638 4893 gnare
664 4819 856 4875 debeat
893 4819 944 4875 in
972 4829 1253 4875 aeternum.
1287 4819 1556 4874 Cmterum
1598 4818 1722 4888 quia
1761 4819 1888 4874 huic
1917 4819 2050 4874 dici-

468 4923 560 4969 tur
587 4914 817 4980 vocabis,
845 4914 988 4985 quod
1013 4913 1141 4970 olim
1165 4911 1279 4982 jam
1311 4911 1493 4968 Maria:
1517 4911 1752 4979 dixerat,
1794 4912 2052 4970 debemus

467 5005 923 5072 animadvertere,
952 5005 1096 5078 quod
1138 5004 1280 5061 idem
1308 5004 1532 5076 angelus
1557 5004 1612 5060 in
1655 5021 1750 5061 sua
1793 5008 2052 5076 perdurat

468 5099 758 5165 sententia,
787 5097 1003 5170 utrique
1047 5097 1431 5168 praecipiendo,
1460 5105 1727 5168 quatenus
1769 5097 2054 5170 Scriptura

466 5190 650 5246 divina
683 5207 803 5262 quae
843 5190 1028 5247 Jesum
1057 5189 1245 5246 multis
1274 5191 1328 5245 in
1372 5189 1529 5257 locis,
1574 5191 1783 5248 scilicet
1823 5193 2056 5248 salvato-

466 5297 604 5346 rem,
632 5283 718 5338 vel
746 5283 980 5339 salutare
1005 5283 1418 5354 repromittebat
1443 5298 1509 5338 ex
1542 5285 1776 5347 nomine,
1805 5284 2053 5338 eumdem

459 5371 576 5442 jam
604 5372 839 5441 venisse,
863 5383 974 5429 tam
992 5374 1124 5431 viris
1150 5389 1313 5444 quam
1347 5375 1584 5443 feminis,
1609 5383 1959 5448 reprmsentet
1989 5391 2055 5431 ex

465 5480 621 5524 νοοθ.

538 5555 661 5628 Ipse
701 5558 836 5614 enim
876 5560 1080 5616 salvum
1117 5561 1274 5632 faciet
1301 5563 1551 5635 papulum
1585 5577 1737 5616 suum
1767 5580 1798 5615 a
1830 5562 2054 5632 peccatis

465 5667 666 5706 eorum.
704 5651 902 5709 Volcns
933 5653 1112 5726 itaque
1141 5655 1368 5727 angelus
1420 5669 1615 5710 nomen
1644 5653 1762 5723 ejus
1786 5653 2055 5724 interpre-

465 5746 604 5813 tari,
646 5747 897 5805 addidit:
935 5747 1150 5804 Salvum
1195 5750 1349 5818 faciet
1397 5747 1646 5819 populum
1691 5763 1864 5800 suum.
1917 5746 2050 5814 Quia

467 5847 647 5896 nostra
699 5841 948 5897 vitiorum
996 5841 1254 5912 a‘grituvlo
1298 5841 1453 5893 aliter
1499 5840 1675 5894 sanari
1712 5839 2046 5909 nequiverat,

1932 5990 1977 6011 σο

2091 3222 2137 3286 C

2081 4594 2133 4655 D

2181 1958 2365 2022 verba,
2398 1967 2569 2013 restat
2599 1967 2775 2014 tamen
2815 1975 3057 2030 quaerere
3100 1963 3368 2031 quomodo
3409 1963 3624 2018 dicatur
3663 1964 3770 2019 hoc

2182 2057 2353 2104 totum
2389 2049 2589 2104 factum
2617 2059 2718 2116 est,
2745 2067 2866 2105 cum
2915 2053 3150 2107 nondum
3197 2062 3378 2118 natus,
3409 2054 3645 2109 nondum
3678 2070 3768 2110 vo-

2179 2147 2332 2193 catus
2355 2129 2536 2194 adhuc
2560 2140 2714 2210 juxta
2738 2141 3171 2198 circumcisionis
3192 2142 3363 2215 legem
3387 2143 3564 2198 fuerat
3583 2142 3767 2210 Jesus,

2178 2230 2414 2287 nondum
2442 2242 2669 2303 propter
2694 2248 2830 2302 quos
2855 2244 3078 2289 venerat
3101 2235 3367 2291 redimere
3396 2236 3646 2308 passione
3668 2253 3767 2294 sua

2177 2324 2434 2379 salvarat.
2470 2326 2580 2380 Etsi
2610 2325 2864 2382 videatur
2892 2327 3019 2383 hinc
3062 2328 3193 2384 solvi
3220 2344 3398 2400 posse,
3425 2330 3552 2401 quia
3581 2333 3763 2387 omnia

2170 2414 2280 2484 jam
2311 2427 2438 2471 sunt
2463 2417 2514 2471 in
2543 2426 2833 2490 conspectu
2860 2419 2953 2474 Dei
2983 2435 3104 2491 qua:
3127 2422 3362 2476 nondum
3393 2431 3550 2490 sunt,
3581 2432 3763 2479 tamen

2177 2507 2370 2564 melius
2401 2509 2468 2564 ab
2495 2508 2838 2582 Evangelista
2868 2511 3140 2568 credimus
3169 2523 3352 2582 postea
3383 2513 3543 2587 105
3568 2531 3762 2585 super-

2175 2600 2438 2668 additum,
2466 2605 2682 2672 quando
2718 2602 2831 2672 jam
2876 2605 2990 2660 haec
3029 2606 3208 2660 omnia
3255 2605 3460 2676 absque
3490 2607 3652 2662 dubio
3682 2608 3763 2661 fa-

2175 2694 2278 2749 ctis
2309 2695 2576 2766 completa
2597 2705 2778 2752 erant.
2819 2697 2899 2752 Ac
2926 2700 2971 2752 si
3004 2697 3224 2762 diceret,
3259 2699 3362 2755 hoc
3394 2709 3587 2765 totum,
3617 2703 3761 2771 quod

2175 2793 2464 2856 antequam
2509 2788 2861 2843 convenirent
2910 2788 3125 2844 inventa
3160 2797 3240 2845 est
3272 2790 3440 2848 Maria
3473 2793 3674 2848 habens
3704 2793 3760 2847 in

2174 2886 2328 2933 utero
2366 2879 2432 2933 de
2473 2877 2678 2950 Spiritu
2721 2888 2929 2946 sancto,
2963 2881 3106 2950 quod
3139 2883 3351 2952 peperit
3383 2883 3536 2954 virgo
3564 2883 3756 2950 ﬁlium,

2173 2972 2317 3041 quod
2345 2971 2502 3028 Jesus
2532 2974 2672 3028 idem
2723 2984 2948 3030 vocatus
2977 2985 3082 3042 est,
3108 2978 3251 3046 quod
3298 2977 3472 3032 salvat
3502 2979 3757 3049 populum

2173 3079 2328 3118 suum
2355 3079 2386 3119 a
2412 3067 2654 3136 peccatis
2680 3083 2899 3133 eorum;
2935 3068 3037 3124 hoc
3071 3078 3241 3124 totum
3283 3071 3405 3126 ideo
3443 3069 3644 3126 factum
3675 3084 3761 3128 est

2171 3165 2229 3210 ut
2255 3156 2643 3228 adimpleretur
2667 3159 2810 3228 quod
2834 3160 3035 3215 dictum
3065 3159 3244 3216 fuerat
3281 3177 3381 3232 per
3403 3165 3754 3234 prophetam;

2169 3249 2294 3320 quia
2348 3249 2463 3305 hzec
2515 3251 2677 3307 unius
2721 3251 3033 3323 adimpletio
3081 3253 3243 3308 etiam
3291 3254 3462 3311 multa
3523 3256 3759 3329 complet

2169 3343 2400 3414 mystica
2425 3354 2785 3401 sacramenta.

2239 3436 2345 3492 Sed
2377 3453 2566 3494 rursus
2595 3439 2724 3494 hinc
2755 3439 2910 3496 nobis
2939 3440 3042 3496 alia
3071 3440 3322 3511 objicitur
3346 3445 3599 3515 quaestio,
3625 3462 3757 3519 quo-

2167 3528 2327 3584 modo
2366 3528 2771 3601 intelligendum
2799 3533 2939 3602 quod
2973 3533 3192 3600 dicitur,
3216 3536 3319 3590 hoc
3349 3544 3518 3592 totum
3549 3537 3755 3595 factum

2163 3631 2266 3688 cst,
2294 3623 2437 3693 quod
2480 3623 2683 3679 dictum
2714 3637 2796 3682 est
2838 3642 2934 3696 per
2972 3629 3308 3698 prophetam.
3358 3629 3564 3702 Quippe
3602 3633 3755 3702 quia,

2165 3714 2210 3769 si
2241 3715 2344 3770 hoc
2373 3724 2541 3770 totum
2568 3715 2690 3771 ideo
2717 3716 2922 3772 factum
2952 3727 3036 3773 est
3061 3727 3121 3774 ut
3161 3719 3408 3776 Christus
3434 3721 3502 3776 de
3531 3723 3755 3795 Virgine

2165 3817 2500 3875 nasceretur,
2529 3823 2593 3864 eo
2617 3809 2758 3879 quod
2792 3811 3052 3880 propheta
3073 3813 3403 3880 praesciendo
3431 3813 3483 3869 id
3512 3814 3751 3872 futurum

2165 3897 2434 3967 praedixit,
2464 3899 2677 3954 videtur
2708 3917 2774 3955 ex
2802 3903 3151 3971 consequenti
3199 3921 3361 3961 causa
3403 3921 3503 3961 cur
3545 3909 3758 3964 venerit

2163 3987 2413 4042 Christus
2449 3989 2501 4042 in
2549 4005 2712 4045 carne
2743 3991 2910 4047 fuisse
2939 3994 3051 4049 sola
3081 3995 3360 4066 praedictio
3398 4001 3751 4070 prophetalis.

2165 4079 2268 4135 Ubi
2291 4096 2480 4137 rursus
2507 4083 2552 4138 si
2583 4083 2830 4152 dicimus,
2865 4087 2991 4157 quia
3025 4104 3203 4144 sermo
3243 4092 3520 4162 prophetae
3550 4095 3755 4163 pende—

2161 4169 2254 4226 bat
2285 4185 2352 4226 ex
2389 4174 2724 4244 pratscientia
2749 4176 2862 4245 Dei,
2893 4179 2982 4249 qui
3012 4196 3109 4251 per
3133 4197 3194 4237 os
3243 4183 3414 4252 ipsius
3457 4183 3638 4242 futura
3671 4187 3755 4243 lo-

2162 4264 2459 4332 quebatur;
2492 4276 2660 4322 restat
2686 4278 2746 4324 ut
2769 4271 3154 4340 prophetarum
3177 4272 3410 4344 eloquia,
3428 4276 3582 4347 juxta
3605 4281 3753 4349 quod

2161 4355 2419 4426 prtedicta
2445 4368 2601 4426 sunt,
2631 4376 2853 4417 necesse
2885 4363 2955 4418 sit
2995 4363 3338 4434 impleantur,
3366 4377 3421 4423 et
3448 4369 3630 4424 omnia
3669 4370 3752 4424 fu-

2162 4455 2404 4518 turorum
2451 4452 2870 4509 necessitatibus
2935 4457 3324 4528 astringantur.
3373 4459 3511 4527 Quia
3559 4463 3754 4518 verisi-

2161 4537 2288 4593 mile
2307 4539 2522 4596 videtur
2546 4543 2689 4611 quod
2718 4543 2861 4599 Deus
2880 4556 3074 4602 cuncta
3100 4551 3407 4618 praenoscit,
3431 4567 3608 4622 neque
3636 4553 3750 4610 falli

2160 4630 2430 4688 ullomodo
2453 4644 2728 4705 potest,ut
2751 4654 2974 4694 necesse
2993 4641 3063 4694 sit
3095 4657 3217 4697 mox
3238 4644 3457 4701 evenire
3487 4645 3751 4717 quidquid

2162 4724 2501 4793 prmscientia
2548 4725 2788 4782 futurum
2835 4746 2956 4786 esse
3001 4733 3267 4802 praevidit.
3332 4735 3513 4802 Quare
3560 4738 3637 4803 si,
3689 4749 3751 4793 ut

2163 4816 2334 4881 aiunt,
2367 4832 2472 4871 non
2504 4818 2676 4874 solum
2705 4820 2871 4888 facta,
2901 4839 3089 4879 verum
3119 4827 3280 4880 etiam
3313 4828 3536 4882 consilia
3565 4829 3754 4901 singu-

2163 4908 2337 4962 lorum
2384 4909 2800 4983 voluntatesque
2838 4918 3147 4986 pr:euoscit,
3197 4918 3340 4974 nulla
3388 4920 3492 4974 erit
3537 4922 3748 4977 arbitrii

2162 4999 2404 5057 libertas.
2422 5000 2608 5074 Neque
2637 5006 2780 5061 enim
2809 5007 2860 5060 in
2888 5007 3032 5063 facto
3056 5008 3197 5064 aliud
3225 5011 3486 5066 exsistere
3512 5021 3748 5083 poterat,

2161 5107 2321 5162 quam
2349 5094 2489 5163 quod
2517 5097 2832 5165 praedictum
2861 5109 2981 5154 erat
3000 5116 3067 5156 ex
3097 5102 3437 5171 prtescientia
3459 5104 3752 5175 propheta-

2159 5199 2299 5238 rum.
2342 5181 2645 5257 Unde’quia
2675 5204 2832 5245 secus
2865 5191 3182 5262 nequiverat
3207 5195 3474 5264 accidere,
3513 5198 3754 5253 necessi-

2162 5285 2271 5332 tate
2316 5281 2670 5349 przescientia:
2705 5283 2880 5353 pressi
2911 5285 3162 5342 videntur
3187 5288 3262 5343 rei
3293 5287 3618 5346 criminibus
3641 5304 3749 5344 non

2161 5369 2352 5435 teneri,
2373 5371 2498 5441 quia
2522 5373 2642 5428 illos
2661 5375 3045 5446 prophetarum
3068 5377 3278 5449 eloquia
3303 5380 3748 5450 prazscribebant,

2160 5469 2220 5515 ut
2247 5461 2399 5517 aliter
2425 5465 2644 5522 evenire
2673 5482 2782 5522 non
2828 5479 3042 5540 posset,
3071 5471 3245 5527 donec
3284 5472 3466 5527 omnia
3504 5472 3750 5543 complc-

2160 5566 2366 5621 rentur,
2401 5573 2518 5626 qure
2561 5559 2627 5616 de
2674 5560 2758 5616 his
2805 5561 3020 5618 fuerant
3066 5563 3404 5634 promulgata
3450 5580 3517 5619 ex
3565 5563 3751 5618 divino

2157 5651 2371 5720 eloquio
2413 5661 2700 5725 antequam
2746 5663 3116 5711 nascerentur.
3168 5654 3341 5722 Quam
3391 5655 3564 5711 nostri
3610 5668 3750 5709 eno-

2158 5742 2348 5798 dantes
2396 5746 2744 5812 quiestionem
2795 5747 3065 5802 dixerunt.
3133 5747 3250 5804 Non
3297 5748 3419 5803 ideo
3463 5746 3746 5818 quidpiam

2157 5841 2476 5910 provenire,
2529 5843 2780 5912 quoniam
2837 5843 2888 5898 id
2942 5843 3277 5914 prOVidentia
3346 5842 3522 5898 divina
3593 5840 3744 5896 futu-
