4032 6358
286 416 384 473 “3

1141 403 1505 461 EXl’OSlTlO
1542 403 1611 459 IN
1650 397 2089 458 MATTHEUM.
2129 429 2198 442 --
2235 398 2358 456 LIB.
2399 398 2464 466 ll,
2503 395 2655 454 CAP.
2697 395 2735 449 Ι.

3452 388 3556 444 us

284 547 398 590 rum
432 544 560 587 esse
596 537 981 600 prospexerat;
1016 526 1111 584 sed
1138 542 1169 581 e
1192 525 1466 582 contrario
1513 523 1693 596 potius
1736 519 1869 594 quid
1894 522 1946 584 Α
1973 522 2253 593 prophetia
2290 536 2398 577 non
2424 520 2803 577 necessitatem
2828 515 2961 571 facit
2986 528 3173 571 eorum
3200 527 3321 584 qua:
3348 510 3553 585 praedi-

283 624 524 681 futurum
588 627 711 675 erat
770 618 1007 673 divinam
1066 616 1463 689 providentiam
1530 614 1702 671 latere
1762 629 1870 669 non

283 730 455 789 posse.
522 712 632 769 Sed
677 711 809 766 satis
865 719 1260 783 prteposterum
1318 708 1534 764 videtur
1558 749 1573 774 ,
1614 715 1675 762 ut
1712 714 1873 763 teter-

279 823 358 865 nte
404 805 768 879 praescientia:
813 803 1190 875 temporalium
1238 817 1419 858 rerum
1454 808 1680 856 eventus
1708 814 1871 855 causa

278 916 399 957 esse
435 899 669 953 dicatur.
718 895 857 964 Quid
903 904 989 951 est
1021 904 1202 950 autem
1244 892 1390 949 aliud
1422 892 1699 957 arbitrari,
1749 891 1870 946 ideo

279 992 457 1047 futura
494 1003 728 1060 quaeque
767 985 893 1057 quia
938 997 1065 1041 sunt
1090 996 1319 1041 ventura
1352 984 1421 1039 ad
1453 983 1714 1054 liquidum
1744 998 1872 1054 pro-

279 1086 499 1149 videre;
549 1096 715 1153 quam
768 1088 960 1151 putare
1016 1094 1137 1150 quae
1188 1077 1319 1134 olim
1356 1075 1674 1141 acciderint,
1718 1089 1871 1130 sum-

281 1193 380 1233 mae
450 1175 597 1229 illius
639 1187 864 1229 causam
913 1169 1080 1225 fuisse
1119 1168 1314 1224 divina:
1343 1164 1734 1239 providentia?
1764 1164 1872 1220 Aut

283 1271 418 1326 forte
466 1265 714 1337 nunquid
771 1263 1061 1319 dicendum
1122 1270 1225 1327 est,
1271 1275 1379 1315 non
1436 1257 1593 1330 105
1648 1271 1871 1313 necesse

281 1381 400 1422 esse
432 1362 751 1430 contingere
780 1373 900 1428 qua:
940 1354 1314 1427 providentur,
1341 1354 1451 1408 imo
1502 1366 1724 1407 necesse
1749 1364 1871 1406 esse

285 1474 402 1529 quae
438 1456 616 1510 futura
655 1458 783 1508 sunt
815 1448 1143 1521 praevideri?
1189 1446 1296 1503 Sed
1346 1445 1474 1502 huic
1513 1443 1696 1500 sensui
1741 1458 1871 1499 con-

294 1548 514 1603 trariuin
546 1545 682 1600 satis
711 1551 870 1599 sonat
918 1540 1058 1612 quod
1103 1538 1352 1595 dicitur:
1396 1537 1510 1594 Hoc
1572 1546 1745 1593 totum
1787 1535 1870 1592 fa-

295 1653 435 1697 ctum
474 1646 554 1693 est
588 1644 647 1691 ut
689 1634 1076 1704 adimpleretur
1118 1632 1265 1703 quod
1314 1631 1516 1687 dictum
1565 1636 1652 1685 est
1700 1644 1732 1683 a
1763 1628 1872 1686 Do-

289 1736 448 1789 mino.
488 1730 593 1787 Ubi
635 1728 913 1783 fatendum
940 1728 1082 1799 quod
1120 1729 1223 1783 hoc
1267 1744 1433 1782 unum
1462 1725 1637 1783 solum
1666 1733 1721 1782 et
1754 1725 1870 1781 sin-

284 1828 488 1899 gulare,
532 1824 665 1896 quia
709 1821 1027 1894 prmeminet
1053 1821 1191 1877 ultra
1232 1836 1393 1877 omne
1429 1820 1696 1877 libertatis
1725 1819 1870 1875 arbi-

282 1889 482 1986 trium,
513 1889 573 1973 et
624 1889 959 1971 transcendit
1005 1929 1168 1970 omne
1223 1912 1535 1985 fragilitatis
1578 1911 1868 1977 meritum,
1896 1889 1947 1950 Β

280 2014 398 2069 ideo
448 2010 595 2066 forte
638 2006 841 2063 factum
872 2014 978 2071 est,
1026 2020 1129 2062 nec
1166 2005 1323 2077 quasi
1366 2011 1555 2060 nostro
1605 2002 1872 2058 libertatis

279 2105 505 2162 arbitrio
524 2100 840 2174 quaesitum,
868 2098 965 2154 sed
1000 2107 1062 2154 ut
1089 2097 1408 2169 impleretur
1433 2094 1575 2166 quod
1596 2092 1711 2165 jam
1752 2102 1875 2150 erat

280 2217 381 2257 non
431 2196 612 2255 solum
657 2191 996 2265 praedictum,
1026 2207 1212 2248 verum
1251 2191 1416 2247 etiam
1463 2197 1519 2245 et
1556 2188 1870 2259 prascitum

278 2293 417 2365 apud
442 2289 759 2346 Dominum.
788 2283 1140 2359 Nequaquam
1166 2284 1310 2342 enim
1343 2282 1575 2339 dicimus
1592 2281 1871 2353 quidpiam

279 2385 587 2456 adimpleri,
633 2383 739 2438 nisi
799 2379 943 2452 quod
984 2379 1099 2449 jam
1149 2394 1323 2448 capax
1373 2385 1459 2432 est
1496 2374 1867 2446 plenitudinis.

280 2480 452 2545 Unde,
479 2478 612 2548 quia
644 2476 913 2548 sicutjam
939 2482 1059 2530 erat
1085 2473 1137 2528 in
1158 2467 1633 2543 praedestinatione
1659 2476 1715 2523 et
1734 2481 1871 2539 prae-

280 2570 503 2626 scientia
530 2568 630 2624 Dei
660 2577 721 2624 ut
751 2574 991 2638 caperet,
1012 2563 1126 2634 jam
1147 2561 1544 2633 quodammodo
1566 2558 1712 2630 quod
1738 2572 1866 2614 nec-

280 2665 397 2719 dum
434 2673 561 2720 erat
591 2671 883 2733 antequam
926 2658 1102 2719 ﬁeret,
1126 2655 1370 2727 profecto
1402 2652 1705 2724 completur
1738 2650 1870 2707 illud

279 2759 414 2829 quod
442 2766 588 2814 erat.
634 2757 767 2812 Erat
794 2763 998 2820 autem,
1033 2753 1279 2824 inquam,
1321 2750 1377 2806 in
1404 2748 1709 2805 aeternitate
1746 2746 1865 2812 Dei,

277 2851 413 2922 quod
442 2850 686 2906 ﬂendum
713 2857 859 2906 esset
881 2848 933 2901 in
959 2853 1218 2916 tempore.
1247 2842 1314 2897 Et
1333 2857 1432 2913 per
1453 2841 1556 2897 hoc
1583 2854 1691 2895 non
1720 2837 1867 2893 aliud

278 2932 476 3001 factum
504 2952 594 3000 est
630 2958 792 3013 quam
823 2940 968 3012 quod
996 2946 1135 3004 erat,
1175 2944 1236 2992 ut
1274 2934 1434 2990 nobis
1478 2930 1868 3003 adimpleretur

278 3037 415 3108 quod
448 3035 771 3108 praedictum
809 3040 864 3089 et
890 3028 1329 3101 pnedestinatum
1348 3023 1556 3091 fuerat;
1590 3023 1718 3094 quia
1744 3037 1864 3078 om-

279 3133 402 3187 nino
431 3130 551 3200 jani
605 3144 777 3200 capax
827 3133 1043 3181 eratut
1094 3124 1174 3180 sic
1213 3119 1485 3193 quomodo
1532 3118 1734 3174 factum
1784 3123 1869 3173 est

277 3233 400 3280 tunc
431 3222 611 3278 ﬁeret.
640 3220 795 3277 Unde
822 3226 879 3275 et
915 3216 1239 3289 Apostolus:
1267 3213 1402 3269 Cum
1431 3222 1626 3277 autem,
1666 3211 1864 3283 inquit,

275 3316 405 3371 venit
430 3313 706 3387 plenitudo
735 3309 1000 3382 temporis,
1028 3306 1169 3362 misit
1196 3304 1339 3361 Deus
1367 3303 1570 3359 Filium
1597 3319 1752 3359 suum
1778 3302 1864 3373 fa-

278 3420 413 3466 ctum
433 3425 502 3464 ea:
529 3408 772 3471 muliere,
799 3405 999 3476 factum
1041 3402 1136 3457 sub
1178 3399 1287 3472 lege
1310 3396 1453 3470 (Gal.
1491 3414 1568 3459 tv.
1599 3397 1677 3469 4).
1722 3396 1867 3467 Ergo

280 3520 396 3560 cum
424 3503 582 3559 venit
617 3499 895 3573 plenitudo
948 3495 1227 3567 temporis,
1257 3492 1475 3564 quando
1514 3490 1868 3563 praedestina-

282 3606 393 3651 tum
424 3596 483 3651 in
511 3594 822 3650 aeternitate
857 3590 952 3646 Dei
981 3597 1102 3645 erat
1126 3594 1254 3643 ante
1278 3594 1520 3657 tempora
1560 3582 1864 3649 saecularia,

283 3698 343 3744 ut
374 3689 605 3752 veniret,
633 3686 785 3742 misit
804 3685 948 3740 Deus
974 3682 1169 3738 Filium
1198 3695 1355 3737 suum
1386 3678 1439 3734 in
1467 3693 1632 3734 carne
1662 3675 1867 3732 factum

279 3801 346 3840 ex
383 3782 631 3839 muliere.
664 3780 733 3835 Et
761 3779 882 3835 ideo
911 3792 1018 3833 non
1047 3789 1184 3832 nova
1211 3772 1461 3829 voluntas
1490 3770 1545 3825 in
1576 3769 1708 3833 Deo,
1758 3781 1867 3823 non

282 3876 458 3948 aliqua
489 3872 792 3929 necessitas
820 3866 1094 3933 veniendi,
1126 3865 1284 3937 quasi
1309 3879 1376 3920 ex
1402 3861 1618 3934 eloquio
1641 3859 1868 3933 prophe-

285 3967 393 4033 tali,
423 3966 522 4022 sed
547 3965 666 4021 sola
694 3961 958 4019 exhibitio
982 3957 1246 4013 veritatis.
1279 3954 1433 4023 Quod
1462 3953 1755 4025 Propheta,
1787 3950 1868 4007 fu-

286 4070 459 4116 turum
512 4058 805 4129 aspiciens,
844 4053 1066 4110 aiebat:
1100 4049 1306 4106 Veritas
1334 4049 1398 4103 de
1440 4057 1731 4103 πενταετία
1766 4055 1863 4112 est,

280 4164 325 4209 et
353 4153 577 4209 Iustitia
601 4150 667 4205 de
695 4148 822 4205 caelo
842 4146 1107 4220 prospexit
1135 4142 1310 4218 (Psal.
1341 4156 1561 4206 Lxxxrv,
1591 4138 1698 4211 12).
1725 4139 1868 4207 Quid

282 4248 442 4321 igitur
484 4255 573 4302 est
620 4244 826 4311 dicere,
876 4240 1091 4298 Veritas
1137 4240 1202 4295 de
1246 4251 1389 4294 terra
1436 4245 1556 4292 orta
1594 4244 1709 4300 est,
1763 4234 1867 4290 nisi

281 4352 457 4413 aperte
480 4339 763 4397 Christum
788 4336 855 4392 de
882 4334 1075 4400 Maria,
1108 4331 1254 4389 velut
1276 4328 1570 4403 virgultum
1597 4336 1775 4383 ortum
1800 4326 1867 4382 de

283 4444 422 4490 terra
453 4428 785 4488 ostendere?
811 4426 1010 4499 quippe
1039 4424 1166 4496 quia
1194 4430 1405 4478 rectum
1427 4429 1546 4476 erat
1570 4428 1630 4474 nt
1660 4434 1725 4473 ex
1750 4416 1865 4489 ple-

282 4528 525 4584 nitudine
554 4522 916 4595 praescientiae
948 4519 1042 4575 Dei
1071 4517 1347 4589 plenitudo
1376 4514 1767 4585 promissorum
1810 4512 1866 4566 in

282 4618 619 4693 plenitudine
656 4612 916 4687 temporis
960 4609 1293 4683 impleretur.
1330 4606 1585 4678 Alioquin
1621 4603 1805 4660 omnia

282 4713 668 4784 prophetarum
694 4705 910 4777 eloquia
936 4718 1106 4760 vacua
1134 4706 1498 4757 remanerent.
1529 4695 1636 4754 Sed
1658 4697 1785 4767 quia
1812 4697 1826 4752 i

1973 615 2086 680 cit;
2123 613 2218 671 sed
2240 613 2451 686 signum
2482 620 2569 668 est
2596 607 2952 683 prrescientiae
2978 605 3097 672 Dei,
3126 613 3184 661 et
3212 604 3424 661 curatio
3448 618 3552 662 no-

1972 720 2099 766 stra:
2114 707 2445 763 infirmitatis
2462 723 2475 761 :
2494 704 2655 775 utqui
2674 704 2842 759 Deum
2864 707 3060 758 cuncta
3082 698 3224 756 scire
3245 712 3353 755 non
3376 698 3553 754 ambi-

1971 802 2068 874 git,
2102 802 2317 873 colligat
2344 815 2411 856 ex
2437 796 2719 872 prophetia
2750 794 2878 867 quia
2907 794 3003 864 qui
3037 791 3219 848 futura
3253 801 3551 862 antequam

1973 893 2104 948 ﬂant
2131 892 2396 964 praedicit,
2427 888 2717 962 praesentia
2756 887 2978 942 omnino
3010 885 3261 955 ignorare
3290 898 3398 939 non
3428 896 3555 954 pos-

1971 984 2061 1039 sit.
2089 981 2463 1039 Przedicnntur
2509 987 2687 1035 autem
2716 991 2837 1048 qua:
2860 974 3112 1049 prtescita
3142 981 3291 1040 sunt,
3321 980 3381 1027 ut
3417 971 3553 1029 dura

1971 1087 2125 1128 mens
2153 1083 2208 1129 et
2240 1070 2518 1128 incredula
2551 1069 2822 1126 contraire
2862 1084 2967 1124 non
3013 1067 3203 1139 possit,
3235 1080 3356 1122 cum
3398 1076 3558 1119 vene-

1971 1165 2064 1230 rit,
2085 1180 2152 1221 ne
2178 1165 2365 1221 credat
2383 1164 2527 1236 quod
2547 1163 2674 1219 olim
2699 1160 3119 1233 praenuntiatum
3146 1166 3310 1229 atque
3334 1154 3555 1229 praesci-

1974 1263 2084 1321 tnm
2128 1269 2270 1324 erat,
2315 1265 2609 1327 antequam
2655 1255 2839 1320 fieret;
2872 1254 3046 1325 magis
3094 1259 3275 1307 autem
3324 1249 3397 1306 sit
3439 1249 3554 1306 Deo

1973 1350 2207 1415 subdita,
2235 1357 2290 1404 et
2311 1349 2507 1406 divina:
2525 1347 2742 1405 obediat
2769 1330 3059 1411 voluntati,
3090 1359 3159 1401 ne
3185 1358 3284 1417 per
3312 1341 3553 1399 insolen-

1974 1441 2102 1497 tiam
2130 1443 2443 1507 relnctetur,
2471 1450 2565 1498 aut
2584 1442 2784 1514 cogitet
2812 1442 2981 1497 Deum
3004 1447 3152 1496 certe
3171 1436 3423 1495 mortalia
3445 1450 3556 1491 non

1973 1549 2185 1590 curare.
2212 1535 2366 1603 Quod
2385 1534 2432 1591 si
2454 1535 2654 1592 dixerit
2675 1533 2966 1606 quispiam,
2986 1531 3112 1604 quia
3130 1530 3381 1601 praescita
3404 1536 3554 1594 sunt,

1972 1627 2132 1683 aliter
2179 1628 2400 1684 evenire
2442 1643 2550 1683 non
2590 1641 2771 1699 posse,
2818 1641 2941 1682 cum
2988 1624 3231 1697 ιιι-ιεεείτί
3286 1630 3559 1693 nequeant

1974 1719 2075 1776 nisi
2101 1729 2276 1787 certa,
2298 1728 2375 1787 et,
2406 1719 2550 1791 quod
2582 1719 2808 1775 solidius
2835 1726 2941 1784 est,
2969 1717 3228 1789 praescire
3250 1714 3348 1771 Dei
3380 1714 3554 1772 solum

1972 1813 2045 1868 sit
2073 1812 2208 1870 velle
2233 1831 2246 1867 :
2277 1827 2344 1868 ac
2364 1828 2460 1884 per
2486 1813 2589 1868 hoc
2624 1809 2885 1883 quidquid
2907 1808 3207 1882 praescierit
3244 1822 3351 1864 non
3380 1814 3558 1879 potest

1973 1920 2083 1961 non
2108 1905 2349 1962 evenire.
2382 1903 2617 1961 Fatebor
2641 1903 2746 1959 hoc
2768 1901 3011 1958 futurum
3050 1900 3288 1964 omnino,
3319 1914 3444 1955 cum
3487 1896 3559 1953 ad

1973 1995 2214 2051 divinam
2249 1992 2485 2052 refertur
2509 1994 2818 2060 scientiam,
2850 1991 3221 2050 necessarium
3249 2006 3369 2048 esse
3392 2003 3408 2046 :
3431 2004 3557 2046 cum

1974 2102 2102 2143 vero
2146 2087 2201 2142 in
2246 2102 2345 2143 sua
2389 2096 2583 2143 natura
2626 2084 3020 2158 perpenditur,
3059 2083 3146 2139 vel
3180 2098 3248 2139 ex
3280 2080 3559 2138 voluntate

1972 2178 2186 2250 agentis
2210 2220 2227 2246 ,
2276 2193 2501 2250 prorsus
2544 2175 2792 2250 quaedam
2829 2175 3002 2232 libero
3051 2174 3275 2232 arbitrio
3315 2172 3554 2231 evenire.

1974 2272 2104 2327 Date
2131 2269 2400 2342 siquidem
2429 2269 2782 2327 necessitates
2801 2268 2858 2325 in
2885 2267 2991 2324 hoc
3022 2274 3343 2336 argumento
3369 2264 3558 2322 viden-

1972 2371 2063 2419 tur
2088 2363 2388 2420 incurrere.
2423 2360 2542 2418 Una
2571 2361 2842 2426 videlicet,
2869 2374 2977 2431 qua
3004 2372 3230 2417 necesse
3255 2365 3340 2414 est
3364 2371 3556 2413 omnes

1972 2454 2221 2510 homines
2262 2469 2386 2512 esse
2434 2453 2693 2511 mortales
2732 2472 2747 2508 :
2784 2452 2957 2509 altera
2996 2450 3353 2517 conditionis,
3409 2456 3469 2503 ut
3509 2448 3560 2504 si

1972 2547 2283 2619 quempiam
2304 2548 2516 2604 videam
2537 2547 2837 2612 ambulare,
2862 2560 3085 2603 necesse
3107 2553 3192 2601 εει
3213 2551 3269 2599 ιιι
3291 2540 3551 2598 ambulet.

1974 2639 2081 2697 Sed
2105 2656 2212 2696 una
2234 2656 2420 2696 earum
2445 2640 2714 2697 libertatis
2733 2654 2856 2697 esse
2877 2639 3092 2695 videtur
3113 2635 3358 2702 arbitrii;
3384 2633 3557 2691 altera

1972 2746 2104 2788 vero
2156 2731 2369 2804 peccati
2412 2730 2536 2787 fore
2582 2729 2926 2802 supplicium.
2959 2729 3116 2785 Hunc
3165 2743 3265 2785 sua
3303 2726 3558 2784 voluntas

1972 2839 2067 2879 seu
2109 2824 2378 2895 cupiditas
2432 2823 2831 2894 quodammodo
2882 2820 3016 2877 facit
3066 2820 3367 2878 incedere:
3403 2819 3555 2876 illum

1973 2930 2103 2972 vero
2115 2914 2229 2985 jain
2253 2930 2411 2988 pana
2434 2915 2643 2986 peccati
2667 2914 2722 2970 in
2749 2922 2951 2970 terram
2980 2911 3114 2970 facit
3135 2913 3301 2969 etiam
3326 2909 3556 2968 nolendo

1972 3006 2170 3064 redire.
2214 3006 2306 3062 Sic
2338 3007 2523 3077 itaque
2548 3014 2747 3062 cuncta
2772 3020 2894 3077 quae
2920 3004 3265 3076 providentia
3294 3002 3392 3060 Dei
3430 3018 3552 3076 spe-

1971 3098 2202 3154 culando
2226 3098 2494 3169 conspicit
2514 3097 2583 3153 ad
2603 3098 2847 3153 divinum
2870 3096 3041 3153 relata
3065 3096 3344 3162 intuitum,
3369 3110 3555 3153 neces-

1972 3190 2117 3247 sarie
2157 3188 2326 3257 llunt;
2356 3204 2453 3260 per
2482 3204 2541 3246 se
2573 3205 2703 3245 vero
2734 3189 3076 3246 considerata
3110 3197 3206 3245 aut
3240 3188 3460 3261 propria
3486 3187 3556 3243 li-

1893 3258 1940 3323 C
1971 3286 2206 3349 bertate,
2249 3258 2497 3355 quamvis
2541 3284 2608 3340 de
2653 3298 2815 3355 poena
2858 3283 3067 3355 peccati
3097 3258 3428 3339 feruntnr'in
3468 3281 3553 3338 vl-

1975 3378 2143 3444 tium;
2174 3385 2270 3434 aut
2296 3384 2444 3433 certe
2483 3375 2733 3432 libertate
2762 3384 2976 3448 recepta
3004 3375 3282 3447 propriam
3313 3372 3558 3430 volunta-

1974 3478 2081 3525 tem
2105 3469 2297 3542 gratia:
2325 3467 2422 3524 Dei
2453 3468 2729 3539 resignent
2756 3469 2825 3525 ad
2860 3469 3134 3523 meritum.
3164 3467 3293 3524 Inde
3319 3481 3553 3539 namque

1969 3572 2055 3616 est
2083 3561 2249 3632 quod,
2281 3560 2531 3630 quamvis
2564 3560 2817 3615 eveniant
2857 3558 3168 3615 exsistendo
3191 3571 3290 3630 per
3323 3557 3549 3623 donum,

1971 3667 2168 3708 munus
2199 3663 2377 3707 tamen
2403 3651 2671 3707 mercedis
2693 3649 2932 3707 habeant
2949 3667 3018 3706 ex
3046 3650 3260 3714 labore;
3292 3650 3556 3707 ant'certe

1969 3746 2248 3820 propriam
2279 3747 2488 3817 peccati
2517 3746 2811 3802 vindictam
2856 3761 2964 3802 non
3001 3744 3297 3815 cﬂ‘ngiant,
3327 3759 3392 3800 ex
3424 3743 3558 3800 deli-

1971 3850 2090 3905 eto;
2112 3839 2239 3911 quia
2271 3839 2585 3910 priusquam
2629 3839 2845 3905 tierent,
2877 3846 3005 3894 ante
3041 3845 3250 3893 reatum
3293 3837 3555 3906 quodam-

1970 3932 2129 3988 modo
2156 3931 2323 3988 etiam
2342 3946 2451 3987 non
2473 3931 2694 3988 evenire
2723 3938 2962 4001 possent.
2994 3928 3170 3997 Unde,
3206 3928 3249 3985 si
3272 3927 3559 4000 diligenter

1970 4022 2394 4089 animadvertas,
2424 4020 2623 4077 multas
2648 4036 2716 4076 ex
2753 4019 3038 4091 prophetia
3066 4018 3443 4090 praedictiones
3472 4033 3557 4075 re-

1971 4116 2173 4188 peries,
2210 4131 2330 4185 quae
2375 4130 2484 4170 non
2513 4113 2717 4169 fuerint
2756 4112 2978 4182 quidem
3004 4120 3066 4166 ut
3094 4108 3365 4182 przedictre
3396 4108 3552 4180 107

1970 4218 2117 4275 sunt,
2152 4210 2406 4280 aperibus
2443 4206 2766 4279 adimpletae,
2791 4220 2856 4261 eo
2884 4204 3035 4277 quod
3054 4204 3164 4261 sint
3187 4211 3279 4259 aut
3316 4202 3554 4274 peccatis

1968 4299 2423 4373 praevenientihus
2457 4314 2681 4355 munere
2703 4305 2967 4361 vacuata,
2991 4303 3086 4351 aut
3111 4303 3262 4351 certe
3288 4292 3557 4350 libertatis

1971 4392 2197 4448 arbitrio
2233 4407 2339 4447 una
2377 4403 2501 4446 cum
2540 4389 2715 4461 gratia
2764 4388 2859 4445 Dei
2912 4384 3302 4460 paenitentibus
3340 4385 3410 4441 ad
3458 4396 3555 4439 ve-

1971 4483 2118 4541 niam
2157 4482 2395 4540 iridultae.
2448 4481 2585 4538 Hinc
2607 4481 2866 4537 nimirum
2896 4492 3184 4552 possumus
3233 4476 3552 4550 approbare,

1810 4618 1864 4658 m
1890 4623 1947 4688 υ
1971 4573 2626 4688 resistente}?
2646 4588 2719 4688 ei:
2736 4569 3556 4688 Ρηῗξῗῗῗῗίῗθίίθῗθξῖἷίζ-⁴¹ῗ³ῗ

1833 4712 1869 4752 η
1888 4662 1946 4719 νυ
1973 4684 2197 4728 necesse
2218 4679 2305 4725 est
2328 4668 2504 4725 modis
2538 4666 2789 4724 omnibus
2812 4664 3070 4721 evenire:
3105 4672 3166 4719 ut
3189 4662 3411 4729 veritas,
3435 4674 3556 4732 quae

282 4767 506 4859 veritate
557 4767 817 4855 vaticinia
866 4795 1251 4867 prophetarum
1312 4793 1379 4848 de
1420 4789 1567 4847 fonte
1623 4790 1871 4847 veritatis
1964 4774 2081 4847 iam
2105 4782 2190 4832 εει
2215 4775 2269 4829 ίη
2290 4780 2495 4829 33'9""!
2521 4770 2617 4828 Dei
2637 4768 2930 4836 νοιιιιιῑαιθν
2953 4767 3073 4824 Sine
3097 4774 3286 4822 ηοθινο
3308 4775 3556 4820 nonnun-

286 4896 496 4953 fuerant
527 4892 850 4965 perhausta,
882 4888 1026 4944 aliud
1072 4884 1326 4942 devenire
1356 4898 1463 4939 non
1503 4890 1734 4955 poterat,
1766 4881 1871 4938 nisi

283 4988 584 5045 exhibitum
611 4991 761 5041 esset
779 4982 927 5054 quod
950 4979 1329 5053 promiserant.

348 5086 623 5143 (laterum
651 5123 669 5149 ,
719 5080 845 5153 quia
894 5092 1055 5149 supra
1097 5074 1335 5133 diximus
1375 5069 1531 5141 juxta
1571 5069 1866 5141 quosdam,

284 5180 423 5253 quod
452 5173 732 5233 libertatis
758 5170 1046 5228 arbitrium
1078 5166 1368 5222 videantur
1395 5161 1612 5218 auferre
1632 5176 1701 5217 ne
1721 5161 1869 5233 justa

285 5273 498 5344 quidem
524 5267 766 5325 vindicta
796 5270 1077 5336 sequatur,
1120 5268 1182 5316 ut
1220 5258 1393 5325 aiunt,
1430 5256 1715 5329 prophetia
1745 5270 1869 5326 pec-

284 5375 467 5423 cantes
502 5359 843 5435 praescripsit
877 5356 947 5413 ad
978 5354 1215 5427 culpam.
1263 5350 1416 5408 Scire
1446 5348 1701 5405 convenit
1740 5347 1867 5417 quia

283 5471 386 5512 non
427 5456 718 5526 imponunt
767 5447 1146 5506 necessitatem
1182 5442 1343 5516 106
1367 5438 1651 5512 peccandi,
1693 5452 1869 5508 neque

283 5548 643 5620 prescribunt
668 5543 930 5615 aliquem,
958 5539 1087 5612 quia
1130 5534 1382 5609 praescita
1408 5539 1553 5597 sunt,
1591 5538 1653 5585 ut
1675 5536 1874 5600 cogant

284 5641 532 5698 homines
571 5639 683 5696 labi
710 5639 766 5695 in
799 5638 1043 5704 ruinam;
1084 5634 1180 5693 sed
1208 5635 1330 5689 ideo
1352 5629 1607 5704 praedicta
1662 5631 1873 5682 suntut
1966 5684 1971 5689 ,

285 5733 392 5789 sint
417 5732 573 5805 signa
601 5731 908 5803 praesentia:
947 5728 1066 5795 Dei,
1095 5724 1444 5783 credentibus
1471 5722 1538 5778 ad
1585 5717 1871 5776 medelam.

287 5824 454 5882 Omne
492 5825 644 5882 enim
673 5824 885 5896 signum
921 5837 1031 5899 non
1073 5817 1234 5877 ellicit
1276 5815 1421 5893 quod
1449 5812 1728 5885 designat;
1777 5806 1874 5865 sed

289 5925 502 5990 tantum
546 5916 766 6000 signum
794 5922 881 5977 est
928 5898 1071 5979 illius
1101 5910 1180 5967 rei
1219 5923 1384 5993 quam
1431 5902 1686 5967 ostendit.
1737 5898 1874 5967 Hinc

1973 4886 2137 4943 quam
2170 4869 2435 4926 libertatis
2463 4867 2708 4935 arbitrio,
2742 4878 2923 4924 rerum
2946 4864 3002 4920 in
3028 4862 3247 4936 negotio
3282 4870 3553 4929 tempora-

1974 4966 2102 5021 liter
2127 4964 2439 5036 impleatur,
2488 4961 2650 5034 quale
2676 4968 2760 5017 est
2789 4958 2931 5016 istud
2955 4956 3101 5028 quod
3123 4969 3267 5012 nunc
3298 4953 3351 5009 in
3382 4949 3553 5007 mani-

1974 5057 2078 5114 bus
2123 5055 2420 5121 habemus;
2473 5052 2577 5110 alia
2623 5067 2754 5108 vero
2784 5066 2853 5109 ex
2896 5045 3235 5123 praescientia
3278 5041 3399 5109 Dei,
3444 5053 3555 5112 quo

1976 5159 2222 5208 nostrum
2262 5149 2589 5205 admiscetur
2613 5145 2879 5202 libertatis
2904 5142 3209 5205 arbitrium,
3249 5145 3325 5203 et,
3353 5148 3550 5206 coope—

1978 5252 2132 5300 rante
2165 5242 2339 5315 gratia
2384 5240 2502 5305 Dei,
2551 5246 2646 5294 ant
2684 5236 3066 5307 consequimur
3104 5229 3409 5304 praemium,
3460 5234 3555 5281 aut

1970 5336 2119 5407 justo
2136 5333 2357 5406 judicio,
2399 5346 2498 5387 nos
2523 5330 2614 5387 illo
2634 5330 2992 5401 relinquente,
3024 5321 3292 5380 trahimur
3321 5320 3392 5378 ad
3420 5334 3551 5391 sup-

1973 5430 2215 5504 plicium.
2241 5427 2480 5496 Quorum
2506 5440 2673 5481 unum
2700 5440 2767 5480 ex
2797 5416 3267 5493 praedestinatione
3301 5414 3385 5480 fit,
3413 5411 3551 5468 alte-

1974 5538 2095 5580 rum
2122 5530 2329 5577 tantum
2362 5519 2415 5575 in
2442 5514 2781 5591 praescientia
2827 5517 3027 5568 manet.
3053 5508 3150 5565 Est
3176 5516 3231 5563 et
3275 5504 3423 5562 aliud
3461 5516 3553 5575 ge-

1973 5628 2078 5669 nus
2107 5611 2420 5683 prophetiae,
2446 5608 2592 5681 quod
2630 5602 2979 5661 comminatio
3014 5608 3161 5657 recte
3183 5604 3423 5653 vocatur.
3464 5591 3554 5683 Fit

1975 5682 2217 5774 namque
2255 5702 2433 5774 potius
2472 5700 2543 5756 ob
2580 5697 2794 5769 signum
2823 5693 3019 5751 divina!
3062 5682 3551 5747 animadversionis

1975 5814 2137 5870 quam
2177 5812 2247 5853 ex
2271 5792 2626 5866 praescientiae
2665 5799 2880 5854 terror;
2920 5784 3174 5858 quoniam
3205 5781 3361 5852 longe
3395 5774 3545 5840 alite.

1982 5865 2266 5973 przescitur
2313 5886 2443 5949 illud
2490 5899 2651 5963 quam
2697 5880 3063 5949 comminetur
3101 5881 3409 5948 venturum.
3464 5865 3550 5937 ειη
