4032 6358
496 380 595 437 H5

1319 386 1376 441 S.
1415 385 1770 446 PASCHASII
1810 389 2154 445 RADBERTI
2196 389 2483 444 ABBATIS
2516 389 2960 445 GORBEIENSIS

3648 394 3750 449 H6

490 513 653 569 gnum
676 510 857 557 autem
900 504 1101 560 ideirco
1125 506 1202 571 ﬁt,
1235 517 1291 560 ut
1320 507 1529 579 fugiant
1557 510 1826 565 intuentes
1867 526 1897 564 a
1935 510 2074 564 facie
2100 514 2148 573 Α
2179 508 2251 561 ita
2281 509 2661 577 interpretatus
2687 517 2797 571 est;
2826 522 2923 578 per
2942 507 3084 576 quod
3115 506 3429 578 intelligitur
3451 523 3555 563 non
3582 509 3755 566 solum

493 604 670 654 arces,
705 602 761 648 et
807 594 1102 652 liberentur
1130 600 1309 664 electi,
1355 603 1792 659 contradicentes
1841 620 1969 659 vero
2002 606 2076 659 vi-

491 681 722 738 deantur
774 686 827 740 in
866 689 1127 759 supplicio
1162 689 1310 758 juste
1353 695 1551 763 puniri.
1604 694 1842 763 Quarum
1893 713 2075 752 rerum

458 776 737 846 'exempla
789 778 1115 848 superﬁunm
1176 794 1259 840 est
1316 800 1648 858 aggregare,
1702 790 1825 859 quia
1885 799 2074 859 patent

495 867 659 923 etiam
692 887 796 925 non
827 877 1214 942 quaerentibus.

560 959 666 1017 Sed
695 965 819 1032 quia
861 966 930 1019 ob
969 971 1327 1037 quorumdam
1353 972 1686 1041 obiectiones
1721 977 1934 1047 longius
1983 994 2075 1033 ex-

490 1054 770 1119 cessimus,
796 1072 921 1112 cum
951 1068 1173 1130 propter
1218 1062 1498 1119 vitandum
1529 1067 1748 1123 lectoris
1795 1069 2070 1123 fastidium

489 1159 588 1198 nec
629 1148 762 1202 satis
803 1148 1056 1214 dixerim,
1098 1168 1287 1209 rursus
1319 1154 1547 1227 ﬁganms
1592 1161 1788 1214 mentis
1833 1162 2068 1227 oculum,

487 1237 575 1291 ubi
601 1247 823 1304 aeterna,
878 1258 982 1297 non
1023 1246 1241 1313 quidem
1272 1251 1634 1318 praescientia,
1676 1262 1736 1306 ut
1771 1268 1870 1307 nos
1907 1255 2072 1308 senti-

488 1345 629 1395 mus,
658 1333 753 1387 sed
783 1349 910 1390 vera
940 1335 1035 1391 Dei
1076 1339 1323 1405 scientia,
1353 1358 1568 1398 omnem
1604 1347 1865 1415 temporis
1890 1362 2070 1419 super-

485 1423 731 1491 greditur
752 1426 1069 1493 motionem,
1091 1441 1147 1483 et
1169 1431 1446 1487 videamus
1474 1443 1734 1504 quantum
1757 1451 2066 1505 possumus,

448 1514 755 1579 .qttemodo
797 1516 1059 1586 propheta
1101 1520 1171 1573 ad
1221 1520 1457 1576 divinam
1496 1534 1684 1593 raptus
1725 1526 1967 1582 veritatis
2005 1540 2071 1582 ac

481 1603 974 1670 pradestinationis
998 1611 1302 1676 scientiam,
1331 1614 1568 1681 dicebat,
1592 1620 1744 1686 quasi
1776 1619 1942 1689 digito
1973 1620 2068 1675 de-

481 1698 832 1752 monstrando
866 1698 1041 1755 :Ecce
1087 1703 1229 1772 virgo
1275 1706 1526 1775 concipiet
1590 1706 1725 1780 (lsa.
1783 1724 1898 1775 vn,
1952 1711 2062 1781 Η).

480 1782 615 1845 Nam
673 1788 727 1842 in
775 1804 839 1845 eo
875 1794 1019 1860 quod
1064 1794 1298 1860 dicebat,
1340 1813 1476 1862 ecce,
1525 1799 1933 1868 praesentiarum
1983 1810 2068 1857 est

2175 600 2349 672 puclla
2378 600 2461 654 vel
2490 601 2655 670 virgo,
2708 599 2801 655 sed
2843 600 3034 664 etiam,
3068 598 3211 655 velut
3251 614 3317 655 ex
3346 600 3587 671 epitheto
3607 602 3758 672 (quia

2177 692 2269 747 ﬁxi
2321 694 2555 748 nominis
2582 693 2770 765 quidni
2806 692 2947 761 apud
2993 706 3093 747 nos
3122 707 3285 762 quam
3329 708 3471 763 saepe
3515 692 3757 766 fungitur

2175 785 2410 839 nﬁieio?l
2448 786 2596 856 virgo
2642 784 2868 838 multum
2923 784 3197 838 recondita
3241 784 3660 848 demonstratur,
3703 793 3763 839 et

2179 876 2566 939 serretissima,
2608 890 2728 945 qua:
2761 890 3032 943 nunquam
3065 874 3300 929 virorum
3337 875 3573 944 patuerit
3598 892 3762 944 aspe-

2175 970 2372 1034 ctibus,
2407 984 2593 1022 verum
2624 983 2815 1039 magna
2866 975 3148 1036 parentum
3175 967 3451 1036 diligentia
3489 969 3757 1022 custodita

2174 1063 2263 1116 sit.
2300 1060 2433 1115 Nam
2462 1070 2515 1115 et
2546 1061 2723 1130 lingua
2752 1060 2967 1129 punica,
2998 1076 3117 1129 quze
3155 1060 3223 1114 de
3246 1058 3485 1115 fontibus
3512 1060 3761 1115 llebrato-

2174 1169 2292 1207 rmn
2319 1155 2552 1219 ducitur,
2581 1154 2799 1223 proprie
2828 1168 2953 1208 vero
2971 1171 3024 1206 a.
3062 1152 3213 1207 Alma
3234 1153 3551 1224 appellatur.
3578 1152 3755 1217 Unde,

2171 1244 2296 1312 quia
2338 1244 2546 1299 llehrzei
2584 1257 2720 1313 pene
2748 1244 2986 1298 omnium
3033 1243 3336 1315 linguarum
3377 1244 3558 1300 verbis
3593 1254 3759 1299 utun-

2174 1341 2281 1398 tur,
2312 1333 2537 1388 forsitan
2568 1335 2829 1404 propheta
2864 1334 2966 1388 hoc
3004 1334 3104 1387 sibi
3152 1334 3344 1388 ascivit
3369 1334 3422 1388 in
3457 1334 3755 1403 eloquium,

2172 1433 2231 1478 ut
2251 1441 2347 1494 per
2367 1426 2466 1479 hoc
2488 1425 2654 1495 ﬁgura
2665 1437 2811 1480 retur
2830 1424 3006 1494 qualis
3023 1434 3139 1479 erat
3163 1423 3363 1490 futura,
3380 1425 3503 1494 quia
3520 1424 3674 1479 Alma
3697 1426 3754 1480 in

2176 1516 2335 1586 109
2360 1516 2538 1586 lingua
2572 1526 2751 1571 nostra
2779 1526 2962 1570 cuncta
3005 1516 3342 1587 intelligitur.
3380 1516 3532 1583 Quod
3560 1526 3742 1571 autem

2171 1610 2269 1677 ipsi
2320 1620 2637 1663 creterarum
2684 1609 2985 1679 linguarum
3031 1618 3252 1662 utantur
3283 1609 3486 1674 verbis,
3516 1609 3756 1663 ostendit

2169 1699 2298 1754 illud
2328 1698 2395 1753 de
2438 1699 2627 1754 Grmco
2660 1700 2713 1754 in
2761 1699 3003 1754 Cantieis
3044 1699 3377 1753 canticorum
3418 1708 3630 1776 φορεῖον,
3662 1699 3755 1752 ubi

2169 1789 2475 1853 scribimus,
2510 1788 2929 1858 Fcrrulumferit
2971 1806 3062 1844 rea:
3099 1788 3347 1844 Salomon
3370 1788 3547 1860 (Cum.
3570 1806 3650 1854 Ill,
3674 1792 3755 1857 ες),

480 1880 752 1946 ostensio;
781 1883 926 1952 quod
953 1899 1104 1949 vero,
1145 1888 1420 1958 concipiet,
1453 1889 1757 1945 futurorum
1782 1901 1899 1947 εηη
1925 1909 2065 1964 pm.
2096 1875 2142 1935 Β
2170 1884 2311 1951 quod
2337 1893 2391 1937 et
2417 1883 2490 1938 ita
2521 1883 2574 1938 in
2600 1882 2825 1938 liebrreo
2856 1884 3067 1954 legitur.
3101 1882 3241 1939 Sunt
3262 1893 3317 1939 et
3339 1883 3443 1939 alia
3468 1884 3755 1955 quamplu-

478 1971 735 2040 cognitio.
765 1974 833 2028 At
863 1990 993 2029 vero
1024 1978 1165 2046 quod
1211 1978 1353 2032 idem
1385 1995 1575 2036 rursus
1611 1984 1939 2053 eVangelista
1983 2001 2066 2039 re-

475 2063 643 2117 sumit
673 2064 725 2117 in
756 2067 1122 2123 testimonium
1146 2080 1200 2125 et
1222 2070 1383 2126 dicit:
1411 2072 1528 2127 Hoc
1554 2084 1717 2129 totum
1746 2075 1943 2145 factum
1965 2088 2061 2141 est,

476 2163 532 2207 ut
559 2156 936 2226 adiutpleretur
958 2163 1097 2232 quod
1128 2162 1326 2217 dictum
1349 2176 1425 2219 est
1446 2185 1479 2219 (ι
1508 2166 1751 2233 Domino,
1785 2169 1924 2224 haud
1960 2170 2062 2224 du-

474 2244 620 2301 bium
653 2251 780 2320 quin
813 2256 1165 2323 praescientize
1190 2257 1279 2311 Dei
1309 2274 1371 2313 ac
1394 2261 1877 2327 prtedestinationis
1903 2274 1981 2317 est
2010 2265 2062 2319 in

476 2347 720 2409 tempore
743 2343 1023 2406 exhibitio,
1059 2354 1116 2401 et
1142 2346 1296 2413 juxta
1329 2352 1473 2419 quod
1520 2352 1745 2423 loquens
1785 2357 2059 2422 cernebat,

473 2431 862 2497 promissorum
897 2435 950 2491 in
994 2441 1246 2507 praesenti
1281 2445 1591 2499 ostensione
1609 2447 1854 2502 veritatis
1890 2450 2063 2503 adim-

470 2522 655 2592 pletio.
688 2525 861 2593 Unde,
892 2529 936 2585 si
959 2533 1354 2601 praescientiam
1381 2546 1529 2592 recte
1552 2553 1780 2608 pensare
1806 2541 2057 2606 velimus,

468 2629 573 2686 qua
613 2628 809 2675 cuneta
846 2620 1111 2693 dignoscit
1154 2626 1319 2693 Deus,
1358 2643 1465 2683 non
1504 2633 1899 2701 prtescientiam
1940 2635 2061 2705 qui-

470 2709 613 2774 dem,
642 2712 738 2769 sed
766 2727 893 2770 vere
933 2730 1207 2787 nunquam
1238 2719 1542 2778 deﬁcientis
1570 2724 1845 2781 instantiae
1890 2729 2061 2782 scien-

471 2802 602 2857 tiam
640 2804 802 2876 108
834 2809 1035 2865 rectius
1077 2811 1485 2881 appellabimus.
1536 2814 1705 2872 Nobis
1733 2818 1947 2887 quidem
1980 2820 2060 2873 vi-

470 2892 629 2949 detur
675 2898 1026 2966 praevidentia
1065 2900 1192 2971 jure
1224 2904 1351 2971 diei,
1398 2907 1492 2963 sed
1532 2917 1794 2977 quantum
1833 2924 1898 2964 ex
1950 2911 2057 2967 Deo

470 2985 674 3041 rectius
694 2990 1027 3057 providentia
1056 3007 1425 3067 nuncupatur.
1448 2997 1687 3055 Vocatur
1721 3010 1902 3056 autem
1927 3019 2055 3073 pro-

470 3076 729 3145 videntia,
753 3083 917 3151 quod,
950 3087 1135 3155 procul
1165 3089 1233 3143 ab
1269 3091 1431 3145 rebus
1456 3092 1770 3155 constituta,
1802 3094 1956 3163 quasi
1988 3095 2057 3150 ab

470 3170 687 3227 excelso
718 3188 893 3227 rerum
919 3177 1201 3233 cacumine
1230 3189 1421 3234 cuneta
1445 3182 1757 3251 prospiciat.
1795 3179 1944 3237 Unde
1967 3198 2055 3238 ne-

2170 1973 2306 2028 rima
2339 1975 2501 2029 verba
2530 1984 2848 2030 etelcrarum
2895 1975 3198 2045 linguarum
3223 2016 3239 2041 ,
3273 1991 3393 2045 quae
3423 1975 3522 2031 sibi
3556 1975 3609 2029 in
3655 1991 3757 2029 suo

2169 2080 2517 2139 sumpserunt
2546 2071 2797 2140 eloquio;
2823 2079 2880 2125 et
2920 2078 3180 2141 quantum
3207 2070 3402 2139 peritia
3441 2079 3754 2125 sanctorum

2167 2161 2389 2218 Patrum
2413 2163 2591 2227 docet,
2621 2164 2712 2233 qui
2744 2180 2809 2217 ex
2833 2164 3023 2219 eadem
3051 2162 3234 2234 lingua
3261 2162 3627 2233 probatissimi
3657 2177 3757 2217 ex-

2166 2255 2419 2310 stiterunt
2451 2257 2798 2327 interpretes,
2844 2272 3118 2326 nunquam
3162 2271 3221 2311 se
3249 2255 3403 2311 Alma
3439 2256 3493 2311 in
3524 2256 3755 2311 muliere

2167 2358 2332 2417 nupta
2362 2350 2574 2420 legisse,
2603 2350 2709 2407 seti
2723 2366 2939 2420 semper
2961 2366 3126 2420 super
3166 2364 3286 2404 eam
3313 2365 3433 2420 quae
3460 2350 3610 2422 virgo
3634 2349 3754 2404 lue-

2166 2443 2258 2506 rit,
2289 2443 2461 2497 modis
2482 2442 2735 2497 omnibus
2764 2451 3155 2513 protestantur.
3193 2441 3329 2497 llinc
3356 2456 3569 2513 quoque
3590 2441 3753 2495 datur

2166 2532 2385 2599 intelligi
2430 2533 2556 2601 quia
2599 2550 2704 2589 non
2731 2533 2903 2589 solum
2935 2534 3085 2604 virgo
3108 2532 3206 2587 fuit
3236 2532 3426 2598 Maria,
3453 2532 3547 2587 sed
3577 2540 3631 2587 et
3656 2531 3751 2599 ju-

2164 2623 2331 2678 nioris
2371 2624 2545 2678 tetatis
2593 2624 2786 2694 puella.
2817 2625 2928 2679 lmo
2952 2624 3172 2692 majoris
3212 2636 3333 2679 esse
3381 2624 3552 2680 laudis
3582 2640 3751 2695 quam

2161 2715 2333 2786 puella
2360 2724 2452 2771 ant
2474 2716 2624 2787 virgo
2645 2731 2766 2786 quze
2790 2714 2927 2770 forte
2948 2715 3349 2803 nubilegannos
3369 2715 3748 2771 adolescentim

2164 2807 2251 2860 vix
2285 2807 2561 2878 attigerat,
2593 2815 2647 2861 et
2681 2806 2858 2861 adhuc
2885 2807 3112 2861 necdum
3143 2808 3321 2861 virum
3352 2822 3512 2861 nosse
3540 2815 3743 2875 posset.

2164 2899 2313 2954 Unde
2338 2909 2393 2954 et
2420 2900 2473 2954 in
2506 2900 2942 2965 Deuteronomio,
2975 2901 3075 2955 sub
3101 2900 3291 2971 puellm
3313 2901 3395 2955 vel
3430 2901 3746 2957 adolescen—

2162 2990 2283 3045 tulac
2305 2991 2521 3046 nomine
2546 2991 2695 3062 virgo
2724 2990 3043 3061 intelligitur
3062 2992 3358 3062 designata.
3385 2990 3443 3047 Si
3467 2993 3743 3057 invenerit,

2160 3082 2365 3151 inquit,
2396 3083 2549 3137 homo
2592 3081 2822 3152 puellam
2869 3085 2923 3136 in
2952 3100 3133 3154 campo
3164 3084 3561 3153 desponsatam,
3598 3096 3643 3140 et
3695 3087 3749 3139 vi

2158 3173 2453 3241 opprimens
2497 3172 2767 3227 dormierit
2800 3191 2916 3227 cum
2960 3190 3041 3240 ea,
3085 3175 3407 3243 interﬁcietis
3450 3177 3620 3231 virum
3653 3178 3748 3246 qui

469 3263 574 3331 bis,
623 3266 668 3319 si
709 3267 1050 3326 dissimulare
1077 3272 1346 3339 nolumus,
1380 3289 1571 3343 magna
1605 3275 1903 3330 necessitas
1928 3290 2055 3344 pre-

2166 3266 2440 3329 eoncubuit
2468 3284 2584 3321 cum
2612 3285 2696 3333 ea,
2728 3278 2775 3322 et
2802 3267 2990 3337 puellm
3025 3268 3157 3323 nihil
3183 3269 3409 3339 facietis,
3444 3286 3507 3325 ac
3538 3260 3746 3339 reliqua

471 3356 656 3413 bitatis
700 3360 982 3428 incumbit,
1015 3372 1070 3417 ut
1113 3363 1327 3419 solliciti
1374 3365 1543 3419 simus
1573 3381 1807 3437 semper,
1848 3369 1971 3436 quia
2002 3378 2057 3423 et

470 3465 571 3506 nos
620 3452 989 3511 indesinenter
1027 3465 1153 3511 ante
1188 3456 1376 3513 oculos
1417 3459 1692 3514 cernentis
1731 3460 1930 3530 judicis
1967 3477 2056 3517 su-

470 3557 614 3609 mus,
644 3555 700 3599 et
724 3547 905 3607 omnis
938 3547 1168 3605 intentio
1193 3559 1379 3604 nostra
1398 3548 1600 3621 jugiter
1629 3567 1814 3607 coram
1841 3568 1907 3607 eo
1936 3568 2056 3608 ver-

466 3643 585 3690 satu
594 3649 636 3689 I'.

537 3727 913 3798 Ecceainquit,
948 3731 1089 3801 virgo
1110 3732 1163 3785 in
1184 3743 1334 3787 utero
1357 3734 1583 3797 habebit,
1604 3744 1652 3788 et
1670 3736 1839 3803 pariet
1855 3735 2047 3803 lilium.

464 3817 545 3870 Ad
562 3819 704 3886 quod
724 3817 915 3884 .ludazi,
934 3836 1147 3889 semper
1161 3822 1477 3877 calumniari
1496 3824 1690 3892 parati,
1709 3824 1891 3877 dicunt
1911 3824 2054 3893 quod

466 3908 518 3962 in
542 3907 820 3977 _llebraiea
855 3910 1085 3965 veritate
1112 3927 1217 3965 non
1251 3913 1533 3978 habeatur,
1557 3929 1672 3966 ecce
1710 3914 1850 3983 virgo
1880 3914 2050 3966 conci-

463 4002 590 4072 piet,
605 4001 697 4057 sed
712 4002 887 4072 puella
906 4019 921 4068 ;
941 4003 1180 4057 volentes
1194 4020 1323 4058 sane
1346 4004 1446 4059 hoc
1461 4005 1675 4059 nemine
1688 4006 1865 4059 aetatis
1878 4013 1933 4058 et
1949 4009 2077 4057 non‘

466 4092 796 4164 integritatis
845 4095 1134 4167 signiﬁcari
1196 4105 1465 4159 naturam,
1511 4107 1777 4164 quatenus
1812 4110 1907 4165 per
1954 4095 2054 4149 hoc

467 4188 786 4258 mysterium
828 4186 950 4241 ﬁdei
1001 4197 1197 4241 nostra:
1237 4186 1450 4241 facilius
1485 4196 1764 4241 vacuelur.
1801 4186 1907 4240 Sed
1947 4186 2053 4255 pri-

467 4292 615 4332 mum
656 4278 1051 4349 interrogemus
1084 4292 1200 4342 eos,
1231 4278 1503 4348 quomodo
1530 4277 1743 4347 signum
1768 4277 1938 4347 possit
1960 4293 2055 4346 ap-

467 4368 678 4437 pellari,
709 4370 849 4437 quod
880 4368 1051 4439 puella
1094 4377 1322 4434 tantum,
1353 4376 1409 4422 et
1439 4383 1544 4421 non
1575 4370 1724 4439 virgo
1765 4369 2053 4437 pepererit.

464 4461 676 4531 Quippe
700 4478 823 4516 eum
860 4463 1121 4532 propheta
1160 4462 1327 4525 dicat,
1361 4459 1490 4530 quia
1530 4458 1652 4529 Ipse
1681 4458 1935 4515 Dentium
1960 4459 2056 4513 da-

464 4553 535 4606 bit
574 4555 717 4608 vobis
759 4556 984 4625 signum.
1031 4554 1089 4609 Si
1133 4568 1264 4623 ergo
1293 4554 1504 4624 signum
1529 4551 1649 4620 fuit,
1700 4567 1800 4607 nec
1830 4553 2050 4608 dubium

465 4645 609 4713 quod
636 4655 791 4698 extra
835 4646 1126 4700 humanam
1170 4643 1614 4699 consuetudinem
1661 4644 1855 4698 rvenit.
1900 4643 2052 4698 Unde

460 4745 514 4792 et
542 4734 848 4805 Ieremias:
876 4736 1010 4791 Ecce
1039 4737 1192 4807 faciet
1230 4736 1482 4793 Dominus
1527 4752 1715 4791 novum
1760 4753 1914 4806 super
1942 4747 2051 4791 ter-

462 4845 597 4895 ram,
627 4830 769 4900 quia
790 4828 980 4889 mulier
1016 4829 1357 4885 circumdabit
1388 4830 1554 4883 virum
1584 4829 1715 4900 (Jer.
1750 4846 1898 4895 χχχι,
1934 4828 2047 4901 22).

464 4919 578 4975 Non
608 4922 753 4975 enim
774 4929 860 4977 est
887 4920 1120 4992 signum,
1169 4936 1343 4992 neque
1370 4935 1563 4976 novum
1607 4921 1810 4989 aliquid
1838 4930 2050 4992 poterat

462 5012 744 5092 estitirari,
772 5014 818 5069 si
864 5028 970 5071 nou
1022 5016 1171 5082 virgo
1198 5013 1315 5067 sine
1344 5015 1487 5069 coitu
1532 5016 1705 5083 potuit
1740 5016 2045 5084 concipere,

462 5112 529 5163 ae
565 5104 733 5163 ﬁlium
754 5121 1034 5176 generare.
1066 5104 1176 5161 Nec
1198 5122 1295 5162 nos
1318 5107 1502 5178 itaque
1525 5108 1779 5172 fallimur,
1809 5110 1960 5177 quasi
1995 5110 2046 5162 in

465 5198 691 5259 Heber
737 5199 1032 5253 secundum
1064 5198 1252 5254 Isaiam
1284 5197 1497 5264 Bctula,
1529 5202 1669 5270 quod
1710 5202 1851 5270 virgo
1886 5200 2051 5254 inter-

464 5298 734 5360 pretatur,
761 5288 1022 5344 habeatur
1050 5304 1063 5343 :
1089 5290 1184 5345 sed
1225 5305 1324 5360 pro
1360 5291 1461 5347 hoe
1503 5292 1670 5346 verbo
1697 5290 1931 5361 positum
1963 5296 2050 5344 est

464 5378 643 5444 Alma,
670 5378 813 5448 quod
836 5388 1031 5447 prwter
1064 5378 1437 5450 Septuaginta,
1458 5395 1647 5436 omnes
1680 5379 2039 5434 adolescentu-

463 5474 572 5535 lum
615 5472 1028 5528 transtulerunt.
1072 5473 1243 5528 Porro
1290 5473 1445 5528 Alma
1496 5473 1636 5544 apud
1686 5489 1778 5527 eos
1820 5473 2044 5526 verbum

463 5564 773 5636 ambiguum
803 5572 905 5620 est.
935 5564 1220 5635 Signiﬁcat
1250 5568 1392 5621 enim
1421 5574 1476 5620 et
1513 5565 1970 5621 adolescentulam
1992 5574 2048 5620 et

463 5657 852 5715 absconditam.
886 5656 993 5712 Sed
1025 5657 1376 5729 Septuaginta
1402 5673 1537 5728 pene
1562 5656 1886 5712 inmunibus
1913 5656 2045 5710 locis

463 5750 551 5807 ubi
582 5767 634 5805 a.
659 5750 809 5805 Alma
834 5750 1049 5821 legitur,
1075 5752 1439 5806 absconditum
1466 5750 1874 5806 transtulerunt.
1898 5751 2042 5818 Quos

456 5848 680 5931 peculas
703 5843 897 5917 Aquila
923 5844 1086 5901 etiam
1117 5852 1172 5900 et
1195 5844 1309 5917 ipse
1342 5846 1445 5901 hoc
1475 5845 1698 5902 verbum
1728 5842 2040 5919 frequenter

2162 3356 2339 3430 (Deut.
2374 3375 2510 3422 χχιι,
2560 3359 2672 3431 9.5).
2709 3359 2810 3417 Ubi
2864 3371 3031 3426 recte,
3069 3361 3242 3433 puella
3277 3378 3381 3423 non
3415 3360 3554 3427 aliud
3582 3379 3745 3433 quam

2161 3450 2309 3519 virgo
2339 3460 2689 3507 monstratur.
2725 3451 2877 3508 Sicut
2917 3462 2972 3507 et
3002 3452 3154 3521 illud,
3201 3455 3340 3524 quod
3372 3455 3423 3509 in
3470 3455 3748 3512 volumine

2160 3542 2364 3612 Regum
2408 3543 2623 3612 legitur,
2669 3545 2793 3614 quia
2831 3545 3161 3619 tpnesieruut
3192 3545 3422 3619 puellam
3451 3546 3742 3615 virginem,

2158 3642 2211 3688 et
2236 3635 2650 3699 introduxerunt
2670 3635 2736 3699 ad
2764 3651 2966 3705 regem.
2994 3634 3055 3688 lit
3081 3645 3211 3694 erat,
3240 3635 3413 3706 inquit
3436 3635 3742 3706 Scriptura,

2154 3726 2328 3798 puella
2358 3727 2576 3797 pulchra
2607 3727 2785 3787 nimis,
2825 3737 2870 3783 et
2921 3726 3247 3779 ntinistrnlmt
3295 3728 3360 3789 ei,
3401 3737 3447 3779 et
3500 3742 3591 3779 rex
3636 3743 3746 3781 non

2156 3821 2390 3889 cognorit
2441 3837 2555 3885 eam
2604 3818 2720 3886 (ΙΙΙ
2770 3818 2897 3888 Reg.
2948 3836 2987 3883 ι,
3032 3817 3104 3889 4).
3142 3818 3293 3885 Quod
3344 3820 3387 3873 si
3437 3830 3737 3873 causantur

2157 3909 2324 3965 Jmfcei
2346 3951 2360 3974 ,
2409 3911 2460 3964 in
2506 3909 2730 3964 "cbl'ﬂ‘O
2761 3910 2860 3964 hoc
2913 3911 2965 3963 in
2999 3910 3148 3976 loco,
3183 3912 3478 3965 secundum
3509 3912 3702 3966 lsaiam
3724 3953 3741 3978 ,

2162 4001 2420 4067 virginem
2464 4016 2568 4054 non
2616 4000 2802 4055 haberi
2837 4018 2849 4053 :
2883 4000 3182 4069 intelligant.
3213 4003 3407 4056 idioma
3438 4003 3746 4058 divinarum

2161 4092 2562 4160 Scripturarum
2591 4132 2605 4157 .
2637 4100 2691 4145 et
2722 4090 2926 4163 patebit
2958 4090 3163 4160 puellas
3206 4108 3367 4163 quam
3398 4108 3537 4162 sa'pe
3575 4093 3747 4163 virgi-

2160 4200 2257 4241 nes
2290 4184 2545 4255 appellari
2584 4202 2595 4238 :
2627 4194 2681 4240 et
2716 4185 2855 4240 sicut
2884 4184 3105 4255 quidam
3136 4184 3471 4240 enucleatius
3500 4184 3742 4247 tradunt,

2158 4278 2310 4350 virgo
2339 4279 2478 4348 apml
2512 4278 2767 4341 llebrmos
2798 4279 2896 4334 tria
2924 4278 3138 4332 nomina
3165 4277 3349 4339 habet,
3379 4277 3551 4340 Alma,
3582 4276 3748 4329 [ictuc

2157 4371 2233 4438 la,
2265 4372 2432 4427 Nam.
2460 4371 2564 4427 Sed
2586 4373 2685 4427 hoc
2711 4370 2827 4424 loco
2852 4372 3002 4423 Alma
3028 4369 3198 4423 solum
3228 4368 3405 4423 debuit
3426 4369 3569 4439 poni.
3597 4370 3748 4437 quod

2158 4473 2326 4521 totum
2358 4464 2514 4518 simul
2541 4462 2887 4534 signiﬁcaret,
2917 4461 3124 4515 scilicet
3148 4459 3398 4532 puellam,
3426 4459 3746 4514 adolescen-

2161 4558 2346 4623 tulam,
2372 4561 2710 4620 absconsum,
2739 4565 2792 4609 et
2822 4555 3016 4608 merito
3036 4554 3364 4624 virginitatis
3398 4553 3625 4615 almam;
3662 4553 3742 4606 si-

2156 4650 2373 4720 quidem
2419 4651 2735 4703 al;sconsa:n
2769 4646 3045 4716 diligentia
3096 4656 3399 4717 parentmn,
3439 4652 3492 4697 et
3546 4643 3736 4697 adole-

2157 4740 2458 4796 scentulam
2480 4738 2779 4808 juventutis
2804 4746 2981 4791 actate.
3001 4734 3133 4789 Nam
3171 4732 3340 4797 Nam,
3368 4743 3423 4786 ut
3452 4734 3624 4794 aiunt,
3651 4734 3734 4786 in-

2156 4831 2413 4887 fantulam
2443 4831 2705 4901 designat,
2734 4846 2853 4899 qum
2876 4827 2998 4898 quia
3029 4827 3255 4881 necdum
3280 4824 3486 4888 adulta,
3509 4824 3635 4893 quid
3663 4822 3741 4878 sit

2155 4925 2327 4995 pudor
2372 4921 2659 4984 femineus,
2705 4920 2939 4975 nondum
2992 4917 3151 4987 capit.
3204 4914 3410 4970 Interea
3457 4915 3599 4984 quod
3652 4928 3744 4967 Se-

2154 5014 2336 5085 quitur
2370 5031 2382 5067 :

2228 5106 2291 5159 Et
2341 5104 2593 5159 vorabunt
2640 5119 2825 5177 nomen
2862 5102 2974 5172 ejus
3026 5100 3357 5155 Emmanuel.
3400 5100 3454 5154 In
3508 5098 3743 5153 llrbrmo

2146 5196 2300 5266 juxta
2334 5195 2521 5250 Isaiam
2561 5194 2897 5265 prophetam,
2930 5210 3053 5253 non,
3106 5193 3379 5256 t'ocnbnul,
3411 5192 3500 5245 sel
3529 5191 3739 5244 vocabis

2153 5287 2335 5344 habet.
2382 5288 2515 5353 Quia
2546 5285 2592 5339 is
2623 5286 2837 5356 proprie
2882 5302 2944 5337 ac
2978 5283 3261 5353 speciatim
3308 5283 3504 5337 ibidem
3550 5278 3736 5335 dontui

2155 5381 2317 5435 David
2342 5380 2689 5449 loquebatur;
2718 5378 2803 5432 llic
2827 5377 3149 5445 generaliter
3171 5375 3236 5429 de
3258 5376 3511 5428 universo
3534 5387 3740 5440 genere

2156 5474 2410 5531 humano.
2466 5471 2733 5531 vocabunt,
2786 5471 3015 5534 dicitur;
3060 5484 3364 5537 quanquam
3408 5475 3463 5520 et
3512 5467 3562 5520 in
3593 5466 3736 5521 Isaia

2153 5563 2372 5618 verlmm
2401 5561 2699 5625 [forat/tim,
2721 5561 2861 5631 quod
2885 5575 3071 5613 omnes
3094 5560 3426 5629 interpretati
3450 5566 3592 5615 sunt,
3616 5565 3732 5609 tam

2150 5655 2381 5717 rorubis,
2411 5671 2568 5723 quam
2611 5662 2665 5707 et
2694 5653 2911 5716 vocabit,
2941 5659 3228 5722 utrumque
3253 5661 3427 5722 potest
3456 5650 3733 5718 interpre-

2151 5747 2270 5811 tari,
2302 5756 2357 5799 ut
2394 5745 2552 5817 ιιο
2595 5744 2665 5797 sit
2710 5759 2920 5808 sensus,
2951 5742 3091 5812 qttod
3121 5754 3172 5797 et
3219 5743 3334 5814 ipsa
3361 5743 3513 5810 virgo
3561 5739 3732 5793 Maria

2147 5835 2460 5897 Eunnanuel
2507 5834 2697 5915 debeat
2726 5849 2847 5888 eum
2894 5849 3105 5889 vocare.
3149 5833 3223 5889 Ex
3269 5848 3374 5902 quo
3409 5831 3730 5913 notandum.

2845 5956 2873 5983 Δ
