4032 6358
267 337 360 391 117

1115 335 1478 394 EXPOSlTIO
1512 337 1580 394 IN
1620 336 2053 394 MATTHEUM.
2090 370 2154 378 --
2186 338 2311 394 LIB.
2355 339 2414 403 Il,
2455 339 2605 394 CAP.
2644 339 2685 392 l.

3431 337 3535 395 118

261 451 391 523 quod
414 450 758 522 Evangensta
785 465 890 504 non
917 452 1202 507 verborum
1219 453 1466 506 ordinem
1490 462 1710 508 secutus
1733 461 1837 514 est,
1867 455 1918 513 Α
1945 449 2200 516 fatemur,
2249 451 2375 520 quia
2422 462 2620 523 przeler
2649 459 2954 521 peccatum,
2992 449 3252 522 quidquid
3275 458 3363 508 est
3387 452 3532 524 quod

260 543 348 599 sed
381 556 633 606 sensum,
666 541 885 612 quando
929 557 1026 612 pro
1055 543 1329 610 concipiet,
1361 543 1416 596 in
1462 554 1606 597 utero
1637 543 1840 597 habebit

263 636 402 698 dixit,
425 644 484 690 et
511 651 615 705 pro
641 635 876 700 vocabis,
899 637 1154 689 vocabunt
1180 637 1504 691 enuntiavit.
1537 636 1671 692 Nam
1695 637 1840 694 aliud

261 737 354 791 est,
373 726 533 796 quasi
557 743 627 780 ex
644 727 754 782 alio
773 726 1016 797 quolibet
1037 730 1194 780 modo
1214 729 1521 797 concipere,
1545 728 1690 784 aliud
1715 745 1842 785 vero

257 836 350 876 non
382 821 630 885 aliunde,
665 821 759 874 sed
781 837 846 874 ex
871 836 992 878 sese.
1014 822 1290 891 quidpiam
1318 823 1556 877 habere:
1583 823 1674 894 qui
1697 824 1840 878 enim

258 911 402 966 habet
435 925 788 981 nequaquam
820 911 1065 980 accipiet.
1114 910 1323 978 Quibus
1368 911 1612 982 profecto
1638 914 1838 979 verbis,

256 1000 533 1056 manifesta
557 1001 682 1071 ejus
707 1005 774 1056 de
800 1001 1003 1074 Spiritu
1028 1015 1219 1060 sancto
1244 1021 1309 1059 ex
1334 1005 1633 1062 substantia
1660 1008 1842 1064 carnis

255 1096 565 1165 designatur
593 1095 874 1150 nativitas.
904 1095 1036 1150 Nam
1069 1099 1120 1151 in
1144 1113 1212 1153 eo
1234 1099 1377 1167 quod
1405 1099 1540 1154 dixit
1563 1101 1838 1170 concipiet,

255 1188 408 1242 voluit
435 1187 801 1252 subintelligi,
832 1190 977 1258 quod
1007 1205 1074 1243 ex
1105 1205 1163 1243 se
1193 1205 1298 1244 non
1345 1191 1578 1247 habebat
1603 1199 1661 1246 ut
1687 1193 1840 1262 virgo

254 1287 489 1348 pareret,
521 1279 590 1333 de
621 1279 829 1348 Spiritu
854 1291 1044 1336 sancto
1062 1283 1350 1351 provenire
1377 1301 1390 1338 :
1423 1286 1564 1352 quod
1590 1301 1718 1340 vero
1755 1286 1841 1340 hic

255 1369 447 1422 habebit
491 1370 695 1423 dictant
723 1381 832 1433 est,
879 1371 1191 1427 manifestat
1225 1391 1292 1428 ex
1320 1373 1621 1431 substantia
1659 1376 1842 1431 carnis

255 1473 359 1513 sua
386 1459 442 1512 in
485 1475 543 1514 se
571 1459 776 1515 habere
807 1462 949 1529 quod
984 1478 1088 1517 non
1116 1463 1332 1520 aliunde
1355 1479 1455 1536 per
1478 1467 1678 1520 coitum
1705 1483 1839 1521 con-

263 1552 490 1619 ceperit.
534 1551 602 1604 Ut
643 1561 902 1621 appareat
965 1553 1092 1608 illud
1137 1553 1390 1611 Jeremia:
1431 1559 1834 1628 propheticum,

266 1643 400 1709 quoi
447 1641 706 1696 Dominus
752 1641 959 1698 faciens
1004 1659 1202 1700 novum
1240 1647 1430 1702 fecerit
1473 1649 1658 1704 clauso
1685 1658 1843 1704 utero

256 1735 536 1789 mulierum
588 1736 930 1791 circumdare
973 1737 1143 1792 virum
1177 1755 1189 1791 :
1219 1739 1283 1792 Et
1325 1741 1599 1804 vocabunt,
1646 1741 1840 1810 inquit,

1943 556 2046 595 nos
2067 557 2273 606 sumus,
2300 552 2469 598 totum
2491 543 2744 615 dignatus
2759 553 2842 598 est
2865 543 3005 607 fieri,
3028 559 3151 600 cum
3169 555 3354 602 nostra
3367 559 3536 608 carne

1947 634 2098 687 venit
2125 634 2362 690 indutus.
2395 634 2571 699 Unde,
2601 636 2727 705 quia
2757 651 2826 691 ex
2853 635 3010 693 nobis
3026 643 3082 692 et
3104 651 3206 706 pro
3231 637 3388 694 nobis
3408 635 3534 704 fuit,

1945 726 2233 781 nobiscum
2265 726 2406 782 Deus
2437 727 2757 783 Emmanuel
2787 736 2935 784 recte
2952 735 3198 792 vocatur,
3226 737 3286 785 ut
3311 743 3412 800 per
3432 729 3536 786 hoc

1951 829 2006 876 et
2031 822 2130 890 ipsi
2154 822 2206 876 in
2232 838 2298 876 eo
2320 838 2485 876 unum
2507 837 2628 877 esse
2654 822 2942 892 possimus.
2969 822 3077 876 Pro
3099 821 3274 878 tribus
3300 836 3536 894 uanique

1943 926 2129 967 rerum
2176 912 2528 968 efficientium
2574 914 2754 970 causis
2803 914 3017 970 videtur
3059 913 3393 985 evangelista
3419 953 3435 981 .
3467 915 3536 972 de

1949 1002 2129 1058 Veteri
2178 1005 2526 1061 Testamento
2565 1014 2814 1062 astruere
2853 1005 2942 1060 illa
2991 1005 3045 1060 in
3081 1006 3363 1075 evangelio
3407 1020 3531 1075 qua

1947 1095 2227 1166 prepouit;
2283 1112 2382 1168 pro
2426 1097 2809 1152 testificatione
2851 1098 3062 1153 scilicet
3101 1098 3348 1170 mysterii
3394 1097 3531 1159 Νυνὶ

1947 1184 2279 1241 Testamenti
2302 1228 2316 1250 ,
2347 1197 2408 1242 ut
2449 1189 2680 1254 habeat,
2710 1185 3279 1246 secundum'Paulum
3316 1196 3536 1260 aposto-

1946 1273 2056 1329 lum
2111 1274 2284 1345 (Rom.
2314 1294 2397 1342 ιιι,
2425 1277 2540 1350 21),
2576 1279 2946 1335 testimonium
2976 1294 3008 1334 a
3041 1280 3160 1351 lege
3187 1291 3244 1338 et
3295 1281 3532 1352 propino.-

1947 1367 2050 1432 tis;
2080 1385 2176 1438 pro
2208 1372 2620 1428 continuatione
2648 1373 2784 1428 tidaei
2814 1383 3036 1439 nostrtn,
3081 1383 3144 1429 ut
3171 1372 3419 1445 profecto
3453 1373 3538 1430 fa—

1946 1460 2102 1516 cilius
2135 1463 2446 1530 credantur,
2479 1479 2601 1519 cum
2643 1466 2939 1521 viderimus
2969 1466 3178 1536 impleri
3219 1481 3348 1538 quae
3389 1465 3532 1523 divi-

1948 1552 2092 1608 nitus
2137 1553 2352 1609 fuerant
2382 1571 2488 1611 non
2520 1559 2694 1612 solum
2727 1558 2975 1626 prmscita
3015 1566 3069 1613 et
3111 1559 3535 1628 prmdeuinata,

1947 1659 2134 1698 verum
2158 1647 2321 1700 etiam
2354 1662 2386 1701 a
2415 1649 2738 1705 mortalibus
2780 1658 3071 1720 antequam
3119 1650 3311 1707 tierent
3341 1650 3540 1721 praedi-

1949 1748 2092 1792 cata.
2124 1739 2440 1795 Prazsertim
2467 1757 2587 1796 cum
2627 1752 2682 1797 et
2724 1744 2939 1800 devotio
2965 1744 3306 1800 credentium
3331 1759 3403 1802 ex
3429 1744 3540 1804 hoc

249 1845 433 1881 nonum
460 1829 582 1898 ejus
619 1828 952 1894 Emmanuel,
973 1831 1112 1899 quod
1138 1841 1214 1886 est
1242 1833 1640 1902 interpretatum
1671 1835 1842 1888 nobis-
1871 1835 1918 1897 Β
1947 1831 2118 1899 magis
2163 1831 2428 1899 ﬁrmatur,
2473 1836 2623 1904 quia,
2681 1837 2782 1892 nisi
2831 1847 3016 1894 essent
3057 1839 3318 1894 divinitus
3361 1837 3536 1894 aditur

245 1935 358 1970 cum
381 1918 542 1971 Deus.
564 1917 734 1973 Recte
757 1919 922 1988 igitur
939 1921 1338 1991 qumriturquis
1361 1923 1465 1976 hoc
1480 1923 1677 1978 dixerit
1700 1925 1843 1993 quod

247 2007 645 2074 interpretatur
673 2007 951 2062 nobiscum
982 2008 1146 2075 Dens,
1173 2013 1435 2082 propheta
1469 2013 1746 2069 videlicet.
1773 2029 1840 2068 an

246 2099 570 2154 Ilattlueus?
599 2097 707 2155 Sed
734 2102 861 2170 quia
891 2101 944 2154 in
975 2100 1113 2155 libro
1139 2101 1378 2169 ejusdem
1423 2114 1702 2174 propheta:
1735 2122 1842 2160 non

245 2194 564 2257 invenitur,
619 2192 952 2248 arbitramur
999 2196 1178 2264 potius
1227 2195 1625 2267 Evangelistam
1677 2213 1840 2268 quam

243 2286 496 2356 angelum
520 2295 614 2340 aut
647 2286 1030 2358 Hieronymum
1058 2288 1216 2359 hujus
1245 2291 1389 2344 verbi
1418 2305 1543 2345 esse
1569 2290 1836 2359 interpre-

244 2387 371 2432 tem.
415 2379 636 2449 Quippe
661 2381 789 2450 quia
826 2395 926 2435 nec
970 2381 1222 2436 eumdem
1255 2383 1605 2452 interpretem
1653 2384 1717 2437 de
1748 2398 1846 2438 suo

243 2475 330 2544 qui
356 2477 525 2544 tpiam
578 2473 853 2530 addid-sse
897 2476 1204 2542 credimus;
1247 2492 1409 2548 quem
1442 2488 1592 2533 certe
1623 2481 1846 2535 verbum

242 2579 306 2619 ex
342 2565 534 2630 verbo,
581 2566 670 2622 vel
699 2581 919 2622 sensum
956 2583 1020 2622 ex
1069 2584 1230 2624 sensu
1259 2571 1440 2626 omnia
1487 2571 1842 2637 transtulisse,

243 2661 470 2716 minime
497 2663 832 2718 dubitamus.
865 2663 971 2718 Sed
1001 2679 1190 2719 rursus
1213 2666 1342 2721 hinc
1363 2666 1717 2721 nihilominus
1737 2667 1843 2720 alia

248 2753 478 2821 quaestio
509 2753 820 2819 revirescit,
846 2756 990 2826 quod
1013 2755 1299 2812 Mattlueus
1323 2758 1375 2810 iu
1412 2756 1635 2812 Hebraea
1667 2757 1845 2829 lingua

251 2847 605 2919 Evangelium
623 2865 780 2904 sumu
803 2851 1066 2914 scribens,
1089 2849 1318 2906 Helirteo
1340 2859 1498 2906 ulcus
1516 2851 1700 2910 verbo,
1719 2867 1843 2906 eum

256 2938 601 3010 interpretari
633 2940 686 2994 in
734 2956 840 2994 una
873 2941 1170 3011 eademque
1215 2941 1397 3012 lingua
1431 2942 1644 2996 videtur
1669 2942 1848 2998 minus

255 3029 570 3100 indiguisse.
595 3031 680 3085 Ad
709 3030 854 3102 quod
878 3030 1156 3086 fatendum
1180 3032 1334 3102 quia,
1357 3033 1608 3101 quamvis
1633 3033 1845 3088 Etnmao

257 3127 373 3182 nuel
397 3126 695 3182 Hebraeum
729 3127 954 3181 verbum
1001 3125 1092 3192 sit,
1128 3134 1307 3181 tamen
1339 3127 1482 3195 apud
1517 3141 1612 3182 eos
1654 3126 1849 3182 obscu-

1947 1922 2138 1992 plenda
2158 1965 2172 1988 ,
2208 1941 2484 1995 nunquam
2516 1927 2745 1983 fuissent
2778 1943 2873 1998 per
2904 1930 3073 1984 Deum
3106 1931 3362 1987 humanis
3387 1931 3538 1986 voci-

1947 2013 2048 2068 bus
2075 2019 2385 2086 pra-dicata.
2420 2019 2636 2074 Necnon
2687 2031 2744 2076 et
2782 2037 2883 2091 pro
2916 2024 3296 2093 conjunctione
3321 2023 3536 2080 Veteris

1945 2122 2009 2159 ac
2043 2106 2173 2162 Novi
2206 2109 2562 2175 Testamenti,
2597 2123 2655 2166 ut
2679 2123 3076 2169 monstraretur
3108 2115 3240 2170 illud
3269 2115 3534 2171 Ezechie-

1947 2196 2012 2252 lis
2041 2198 2258 2266 (Ezerlc.
2291 2217 2330 2263 1,
2363 2203 2472 2272 16),
2517 2205 2660 2272 quod
2687 2215 2832 2260 esset
2875 2215 2992 2260 rota
3039 2207 3092 2261 in
3119 2215 3256 2270 rota,
3288 2205 3544 2262 videlicet

1946 2289 2152 2345 Novum
2201 2293 2252 2347 in
2281 2291 2460 2348 Veteri
2491 2297 2875 2367 przcsignatum
2895 2339 2909 2360 ,
2955 2307 3010 2352 ct
3037 2299 3416 2354 animarentur
3441 2298 3541 2354 lto-

1942 2381 2122 2437 mittes
2151 2383 2218 2437 ad
2247 2385 2545 2454 spiritalem
2569 2402 2758 2441 eorum
2781 2388 3215 2458 intelligentiam,
3243 2404 3367 2445 cum
3391 2388 3537 2444 vide-

1947 2484 2064 2528 rent
2090 2477 2232 2543 quod
2259 2477 2486 2544 spiritus
2515 2479 2642 2534 vita:
2663 2489 2810 2534 esset
2835 2481 3108 2537 introitus.

2022 2565 2325 2637 Exsurgens
2362 2579 2535 2622 autem
2562 2570 2755 2640 Joseph
2785 2589 2819 2624 a
2845 2588 3050 2638 somno,
3080 2571 3202 2644 fecit
3241 2572 3376 2628 sicut
3403 2587 3543 2643 prte—

1945 2659 2080 2726 cepit
2110 2659 2157 2712 ei
2185 2659 2402 2728 angelus
2431 2659 2663 2715 Domini.
2697 2661 2961 2718 Nimirum
2989 2665 3078 2720 hic
3121 2664 3251 2734 justi
3277 2665 3380 2720 viri
3409 2679 3538 2734 perv

1947 2746 2092 2803 fecta
2118 2750 2444 2806 describitur
2465 2753 2794 2816 ol-edientia,
2821 2756 2945 2809 dum
2975 2755 3173 2812 dicitur
3198 2771 3214 2811 :
3243 2754 3385 2811 Fecit
3405 2757 3542 2811 sicut

1940 2842 2193 2911 praecepit
2221 2844 2270 2894 ei
2305 2842 2520 2914 angetus
2549 2843 2775 2899 Domini.
2805 2847 2964 2913 Quia,
2992 2847 3095 2903 nisi
3124 2849 3217 2902 ttat
3239 2847 3377 2903 sicut
3402 2863 3534 2918 pm

1949 2932 2173 3000 cipitur,
2205 2942 2260 2987 et
2287 2949 2393 2989 non
2426 2935 2570 2990 aliud
2601 2952 2763 3005 quam
2807 2941 2951 3007 quod
2983 2940 3316 3010 praecipitur,
3344 2949 3399 2995 et
3427 2949 3541 2995 tum

1947 3024 2044 3078 tiat
2066 3025 2286 3094 quando
2311 3026 2393 3082 vel
2420 3028 2510 3082 ubi
2535 3028 2852 3100 prmcipitnr
2875 3030 3058 3102 112,
3081 3031 3390 3087 obedientia
3416 3045 3540 3085 vera

1951 3129 2209 3171 essenon
2259 3126 2456 3187 potest.
2493 3118 2592 3174 Ubi
2647 3119 3085 3178 animadvertere
3125 3123 3407 3187 debemus,
3450 3137 3542 3187 ne,

257 3221 528 3276 rissimum
557 3234 703 3284 esse,
737 3221 880 3275 sicut
919 3227 974 3274 et
1007 3220 1148 3289 apud
1179 3234 1278 3274 nos
1326 3219 1493 3274 multa
1525 3221 1842 3274 obscuriora

1955 3209 2092 3278 quod
2120 3209 2322 3264 dicitur
2353 3229 2364 3266 :
2391 3209 2537 3266 Fecit
2567 3212 2701 3266 sicut
2723 3216 2968 3282 prtrcepit
2992 3215 3038 3268 ei
3067 3213 3284 3284 angelus
3307 3213 3544 3278 Domini,

256 3321 374 3365 sunt
417 3312 621 3374 verba;
657 3319 713 3364 et
758 3311 881 3366 ideo
906 3311 1272 3366 necessarium
1303 3308 1469 3364 fuisse
1500 3308 1847 3380 interpretari

258 3403 517 3472 apertius,
563 3411 625 3456 ut
648 3401 777 3456 talis
800 3409 856 3456 et
901 3409 1048 3455 tanta
1079 3417 1213 3469 prox:
1239 3399 1370 3455 issio
1399 3399 1560 3454 nullis
1582 3409 1726 3454 esset
1749 3400 1850 3454 ob-

260 3508 412 3548 scura
459 3493 666 3558 verbis,
709 3508 902 3549 verum
947 3493 1199 3549 omnibus
1240 3508 1308 3548 ex
1360 3493 1462 3548 hoc
1509 3493 1851 3548 manifeuius

263 3594 598 3655 reassumpto
630 3592 956 3655 patesceret.
1009 3583 1178 3639 Porro
1209 3584 1352 3638 enim
1382 3583 1699 3643 Emmanuel
1729 3599 1853 3652 pro-

261 3677 439 3746 prium
465 3693 657 3731 nomen
687 3686 791 3736 est.
818 3677 962 3733 sicut
987 3687 1044 3732 et
1061 3676 1239 3740 Iesus,
1268 3679 1412 3746 quod
1435 3688 1660 3732 vocatus
1679 3685 1851 3730 estex

261 3768 626 3839 praeceptione
659 3768 1007 3840 Evangeliea.
1043 3769 1214 3840 igitur
1242 3770 1450 3824 duobus
1478 3769 1598 3824 istis
1625 3766 1852 3824 nomini-

263 3863 383 3927 bus,
413 3879 520 3918 non
553 3864 719 3918 modo
743 3865 1063 3919 Creatorem
1105 3880 1229 3920 eum
1261 3874 1426 3936 atque
1458 3865 1847 3929 restitutorem,

268 3971 440 4012 verum
471 3959 642 4014 etiam
666 3959 1088 4031 gubernatorem
1116 3968 1281 4030 atque
1305 3974 1486 4014 rerum
1515 3960 1848 4030 provisorem

264 4048 392 4117 fore,
439 4053 533 4122 qui
587 4061 772 4108 nostra
807 4053 861 4108 in
903 4067 1070 4109 carne
1099 4052 1240 4108 Deus
1287 4061 1343 4107 et
1388 4053 1549 4108 homo
1577 4052 1847 4124 apparuit,

264 4143 609 4211 medicatur.
643 4143 774 4199 Nam
796 4145 850 4200 in
872 4161 938 4200 eo
961 4147 1104 4215 quod
1136 4144 1360 4216 angelus
1389 4143 1572 4200 Jesum
1600 4160 1722 4199 eum
1753 4159 1849 4200 no-

265 4237 445 4300 minat,
463 4237 808 4292 Salvatorem
831 4253 1018 4294 eorum
1043 4240 1132 4309 qui
1158 4241 1434 4310 perierant
1458 4239 1636 4308 aptius
1662 4254 1851 4294 recou-

265 4326 454 4398 signat.
492 4329 650 4399 111
683 4329 836 4396 Quod
879 4345 1007 4384 vero
1055 4330 1318 4400 propheta
1354 4329 1667 4382 Enuuanuel
1715 4343 1841 4382 eum

265 4417 516 4487 appellat,
543 4419 806 4484 insinuat,
830 4419 958 4490 quia
986 4419 1124 4489 ipse,
1149 4417 1605 4490 quemadmodum
1629 4427 1713 4472 est
1735 4417 1853 4488 pol-

263 4506 461 4573 licitus,
490 4524 617 4563 cum
661 4510 748 4565 bis
773 4525 912 4579 quos
939 4509 1106 4564 semel
1141 4509 1462 4572 servaverit,
1491 4510 1734 4578 quotidie
1765 4527 1850 4566 sa-

1952 3309 2078 3378 qnia
2113 3309 2315 3364 dictum
2347 3319 2433 3364 est
2457 3311 2528 3364 ab
2553 3325 2620 3366 eo
2652 3328 2668 3366 :
2703 3311 2832 3365 Noti
2854 3313 3038 3367 timere
3057 3315 3292 3383 accipere
3313 3309 3544 3366 Moriens

1952 3401 2228 3470 coniugem
2272 3412 2434 3465 ruent,
2471 3401 2609 3457 male
2653 3401 3037 3476 intelligentes,
3079 3404 3466 3474 naufragemur
3489 3403 3544 3458 in

1955 3493 2082 3557 ﬁde,
2114 3496 2268 3564 quasi
2306 3495 2432 3564 quia
2464 3496 2725 3566 prmccpit
2751 3498 2897 3552 velut
2929 3498 3214 3568 conjugem
3244 3513 3364 3553 eam
3393 3497 3539 3554 acci-

1953 3599 2105 3654 pere,
2155 3585 2457 3640 obediendo
2507 3587 2751 3641 dicamus
2803 3603 2968 3657 opera
3021 3589 3332 3658 nuptiarum
3385 3601 3543 3646 exer-

1955 3676 2164 3740 cuisse;
2194 3677 2334 3745 quod
2363 3675 2639 3732 Helvidius
2669 3677 2858 3733 volens
2895 3693 3162 3744 asserere,
3193 3693 3291 3736 sua
3320 3677 3539 3748 quidem

1954 3768 2154 3824 mentis
2181 3768 2392 3839 ignavia
2418 3769 2615 3832 victus,
2649 3780 2702 3824 et
2728 3770 2870 3826 mole
2893 3771 3199 3828 divinarum
3226 3769 3543 3843 Scriptura-

1955 3878 2074 3918 rum
2106 3877 2418 3934 oppressus,
2465 3863 2654 3918 didicit
2681 3879 2738 3919 se
2767 3864 3010 3920 nescisse
3051 3863 3240 3920 saltem
3276 3877 3419 3930 sero,
3451 3863 3542 3934 qui

1955 3958 2154 4012 duzlum
2200 3959 2418 4028 penitus
2449 3959 2736 4029 ignorabat
2778 3959 2864 4016 vel
2902 3960 3048 4032 quod
3080 3959 3334 4015 nesciret.
3367 3957 3540 4024 Unde,

1953 4051 2094 4106 sicut
2127 4050 2287 4120 paulo
2315 4059 2442 4107 ante
2477 4052 2736 4116 diximus,
2769 4050 2998 4122 idipsmu
3031 4049 3360 4116 recolentes,
3405 4047 3546 4122 fate-

1955 4157 2078 4196 mur
2100 4156 2238 4203 eam,
2269 4158 2394 4197 cum
2425 4153 2573 4198 esset
2601 4145 2929 4213 desponsata
2953 4140 3152 4212 Josepb
3175 4182 3190 4207 ,
3215 4141 3338 4212 jure
3363 4154 3544 4200 trans-

1956 4233 2064 4286 isse
2091 4233 2156 4286 ad
2184 4233 2432 4303 conjugis
2477 4249 2706 4299 nomen;
2742 4234 2867 4304 quia
2897 4235 2952 4289 in
2978 4233 3131 4303 ipsis,
3153 4241 3350 4304 praeter
3383 4233 3548 4290 semi-

1957 4323 2043 4377 nis
2071 4323 2295 4388 coitum,
2329 4339 2436 4378 non
2467 4323 2641 4380 solum
2672 4323 2920 4388 aliectus,
2953 4339 3162 4391 verum,
3195 4324 3343 4380 salva
3375 4325 3543 4398 virgi-

1958 4418 2158 4478 nitate,
2191 4415 2401 4472 fructus
2431 4418 2703 4474 invenitur
2732 4419 3043 4489 nuptiarum
3077 4433 3094 4474 :
3136 4427 3192 4472 et
3215 4417 3344 4476 dum
3373 4426 3542 4476 totum

1957 4510 2178 4564 exhibet
2225 4510 2504 4564 servitutis
2533 4518 2694 4580 atque
2723 4509 2928 4568 amoris
2956 4507 3208 4566 affectum
3233 4549 3250 4575 ,
3289 4508 3547 4565 obedien-

263 4602 436 4656 naudo
479 4616 546 4656 ac
564 4600 810 4669 jnvaudo
830 4611 1160 4672 perseverat.
1188 4601 1324 4669 Quid
1353 4611 1535 4656 autem
1562 4603 1634 4657 sit
1667 4602 1850 4658 dicere
1879 4591 1930 4651 D
1961 4601 2087 4655 tiam
2117 4602 2412 4670 sequendo,
2445 4610 2589 4656 recte
2610 4601 2810 4656 dicitur
2833 4600 3029 4657 fecisse
3045 4599 3200 4668 juxta
3223 4599 3404 4658 omnia
3429 4613 3549 4670 qua

267 4695 534 4748 nobiscum
579 4695 742 4758 Dens,
782 4696 1018 4751 Joannes
1042 4696 1380 4766 Evangelista
1423 4697 1688 4759 declarat,
1719 4699 1845 4767 quia

259 4784 528 4854 'l’crbum,
573 4790 787 4860 inquit,
825 4806 949 4844 coro
988 4791 1215 4858 factum,
1249 4800 1296 4846 et
1326 4791 1576 4846 habitavit
1617 4792 1671 4846 in
1703 4792 1850 4848 nobis

266 4877 440 4949 (Jonn.
477 4896 520 4942 ι,
556 4879 666 4953 14).
705 4880 831 4936 Inde
862 4879 1106 4952 profecto
1150 4881 1280 4936 illud
1337 4883 1548 4936 Bamch
1598 4882 1848 4952 expletur

264 4979 347 5023 vat
368 4971 604 5036 ciuium,
634 4972 778 5042 quod
808 4972 860 5026 in
895 4981 1036 5026 terra
1070 4973 1218 5027 visus
1245 4973 1336 5034 sit,
1370 4982 1573 5028 etcum
1611 4973 1847 5028 homini-

263 5062 358 5116 bus
407 5074 772 5120 conversatus
797 5063 952 5135 (Bar.
984 5080 1067 5128 ιιι,
1097 5065 1208 5137 58).
1257 5065 1394 5132 Quia
1447 5065 1590 5118 idem
1627 5065 1848 5119 Emma-

263 5157 383 5209 nuel
419 5157 566 5211 Deus
588 5167 642 5211 et
676 5157 838 5212 homo
881 5158 1040 5212 simul
1069 5158 1122 5212 in
1148 5169 1252 5212 una
1283 5157 1583 5228 eademque
1623 5173 1855 5228 persona

264 5246 652 5318 intelligendus
695 5250 1132 5304 commendatur.
1186 5247 1324 5304 Hinc
1379 5258 1464 5304 est
1507 5249 1668 5320 plane
1712 5250 1858 5320 quod

264 5341 422 5394 modo
471 5355 581 5395 non
631 5341 947 5410 genitricem
999 5341 1236 5396 hominis
1276 5341 1522 5405 Mariam,
1572 5357 1758 5396 verum
1804 5349 1860 5396 et

262 5434 517 5496 οευτόπον,
546 5433 600 5487 id
625 5442 708 5488 est
732 5433 821 5489 Dei
845 5433 1186 5506 genitricem,
1211 5448 1335 5488 cum
1357 5433 1639 5488 catholicis
1663 5435 1852 5488 ortho-

261 5526 417 5583 εἰσείς
455 5527 771 5600 plenissime
797 5530 1139 5584 conﬁtemur.
1175 5526 1328 5582 Hunc
1358 5527 1524 5599 igitur
1561 5528 1728 5583 Deum
1757 5541 1852 5582 no-

237 5619 474 5676 biscum
509 5619 798 5692 dignanter
826 5621 1100 5676 credimus
1131 5619 1443 5676 adfuturum
1462 5659 1477 5684 ,
1507 5620 1649 5675 sicut
1684 5629 1770 5674 est
1799 5619 1850 5672 in

263 5713 549 5782 puophctia
578 5713 869 5784 signatum,
896 5722 950 5768 et
971 5729 1068 5784 per
1089 5713 1495 5784 Evangelistam
1528 5714 1734 5768 eisdem
1773 5721 1855 5767 te-

263 5805 540 5874 stimoniis
567 5815 890 5876 reseratum.
924 5805 1094 5874 Quem
1146 5806 1266 5860 ideo
1295 5806 1577 5861 nobiscum
1605 5805 1853 5860 habitare

1959 4695 2061 4749 sibi
2087 4696 2154 4750 ab
2174 4694 2365 4765 angelo
2387 4695 2601 4750 fuerant
2627 4696 2913 4766 imperata.
2947 4696 3045 4754 Ubi
3071 4695 3365 4754 notandum
3388 4694 3534 4766 quod

1961 4791 2049 4844 hic
2092 4790 2316 4854 angelus
2346 4789 2557 4844 Domini
2603 4789 2724 4844 ideo
2748 4805 2872 4843 cum
2902 4789 3272 4845 additamento
3301 4787 3538 4858 ponitur,

1960 4898 2028 4936 ne
2056 4881 2283 4952 quilibet
2313 4881 2584 4948 malignus
2610 4880 2835 4951 angelus
2860 4879 3029 4936 fuisse
3053 4889 3278 4950 putetur
3306 4895 3322 4932 :
3351 4887 3408 4932 et
3433 4874 3548 4930 nul-

1961 4973 2044 5026 lus
2069 4980 2325 5042 appareat
2355 4971 2505 5028 locus
2525 4971 2844 5036 mentiendi,
2873 4987 2982 5042 quo
3006 4973 3186 5028 divina
3215 4977 3550 5041 peraguntur

1962 5063 2220 5134 tirynteria
2241 5101 2256 5126 ,
2299 5071 2354 5116 et
2397 5062 2712 5134 angelorum
2748 5062 3096 5120 celebrantur
3121 5076 3348 5120 summa:
3381 5061 3546 5116 devo-

1963 5155 2125 5210 tionis
2160 5155 2445 5224 obsequia.
3622 5227 3628 5235 .

2033 5246 2101 5300 Et
2130 5247 2348 5318 accepit,
2382 5247 2576 5318 inquit,
2605 5247 2882 5318 conjugem
2901 5263 3072 5309 suam,
3100 5255 3148 5300 et
3177 5261 3281 5304 non
3307 5246 3550 5316 cognovit

1959 5358 2096 5408 non,
2127 5345 2294 5401 donec
2321 5349 2516 5416 peperit
2552 5343 2724 5413 litium
2753 5359 2908 5400 suum
2932 5341 3362 5413 primogenitum.
3407 5339 3552 5398 Eous

1963 5436 2220 5506 praefatus
2243 5436 2446 5492 Christi
2489 5436 2838 5494 adversarius
2861 5432 3134 5504 superﬂuo
3179 5433 3364 5492 labore
3386 5434 3550 5490 desu-

1963 5531 2088 5594 dat,
2123 5529 2734 5600 cognoscendi‘vcrlutm
2765 5528 3110 5598 praetendens
3139 5529 3312 5598 magis
3341 5527 3409 5586 ad
3439 5527 3552 5584 coi-

1965 5630 2076 5674 tum
2105 5636 2265 5688 quam
2294 5621 2362 5674 ad
2385 5619 2669 5676 scientiam
2697 5618 3062 5678 referendum.
3090 5618 3256 5687 Quasi
3285 5621 3388 5676 hoc
3409 5619 3557 5690 quis-

1965 5729 2129 5784 quam
2162 5724 2410 5769 nostrum
2450 5712 2579 5766 velit
2615 5727 2845 5783 negare,
2880 5721 2940 5768 ut
2969 5730 3038 5770 ex
3087 5716 3194 5771 hoc
3222 5714 3395 5786 possit
3423 5727 3554 5772 cou-

1966 5807 2160 5871 ticere,
2194 5806 2340 5874 quod
2385 5805 2558 5860 donec
2607 5814 2820 5864 certum
2853 5816 3062 5878 tempus
3110 5805 3396 5880 signiticet.
3435 5803 3554 5888 Quo
