4032 6358
552 329 651 385 H9

1371 332 1427 385 S.
1469 330 1829 387 PASCHASII
1868 330 2216 388 RADBERTI
2257 333 2549 389 ABBATIS
2584 335 3036 393 CORBEIENSIS

3716 340 3815 396 120

513 445 517 448 ’
545 444 829 516 rotupleto,
858 442 989 518 quia
1014 461 1121 503 non
1147 446 1508 519 cognoscebat
1534 462 1675 512 eam,
1708 447 1880 502 donec
1913 448 2124 519 peperit
2151 451 2197 512 Α
2227 449 2402 505 dierat
2431 467 2666 523 namque
2700 461 2966 524 pastores,
2996 463 3053 509 et
3078 455 3328 526 angelum
3358 456 3455 513 Dei
3478 459 3560 514 eis
3581 472 3816 531 cvange-

543 538 715 595 ﬁlium
744 555 925 607 suum,
953 539 1209 597 conﬁciat
1227 553 1345 595 eam
1368 540 1628 596 continuo
1651 540 1943 612 cognitam,
1970 542 2124 612 cujus

542 634 905 705 cognitionem
934 650 1059 691 cum
1101 648 1195 699 ca,
1228 648 1297 688 ne
1345 633 1518 689 coiret
1545 643 1704 690 antea
1726 676 1740 699 ,
1787 634 1881 689 ﬁlii
1915 644 2123 690 tantum

541 724 801 781 uativitas
826 724 1125 781 differebat.
1157 724 1239 779 Ad
1266 726 1409 795 quod
1438 724 1680 781 breviter
1706 728 2121 795 respondentes,

541 818 880 887 cognoscebat
905 818 1150 884 verbum,
1185 802 1473 889 dupliciter
1496 819 1549 873 in
1589 818 1888 889 Scripturis
1918 820 2122 875 sanctis

540 924 642 964 nos
685 908 983 981 intelligere
1021 909 1360 980 proﬁtemur.
1408 908 1667 966 Refertur
1696 912 1840 966 enim
1887 927 2029 982 smpe
2056 912 2123 967 ad

540 1002 856 1066 scientiam,
889 1011 951 1056 ut
985 1003 1243 1072 estquod
1274 1017 1408 1072 puer
1434 1000 1590 1057 Iesus
1613 1003 1876 1059 remansit
1905 1004 1958 1057 in
1992 1003 2119 1058 llic-

534 1092 790 1159 rusalem,
819 1102 1001 1149 etnon
1026 1103 1395 1164 cognoverunt
1417 1103 1670 1165 parentes
1695 1095 1832 1164 ejus.
1864 1095 2121 1157 Refertur

533 1190 589 1240 et
615 1184 682 1239 ad
708 1185 932 1251 coitum,
964 1184 1114 1239 velut
1151 1185 1267 1255 ipse
1294 1185 1441 1240 nullo
1470 1185 1748 1241 dubitante
1788 1187 1892 1242 hoc
1922 1188 1973 1241 in
2000 1186 2119 1242 loco

531 1285 761 1331 conatur
810 1276 1110 1333 adstruere.
1162 1277 1547 1333 Verumtamen
1598 1279 1955 1348 quorumdam
2007 1288 2119 1334 tra-

530 1364 663 1423 ditio
687 1366 871 1433 habet,
903 1368 1047 1437 quod
1072 1365 1271 1439 Josepb
1296 1384 1401 1424 non
1434 1370 1671 1439 potuerit
1696 1371 1748 1426 in
1777 1370 1970 1426 faciem
1999 1373 2116 1442 ejus

529 1458 860 1528 prospicere,
915 1474 1078 1530 quam
1129 1459 1364 1532 Spiritus
1408 1471 1630 1517 sanctus
1660 1471 1719 1518 ut
1765 1464 2111 1535 conciperet,

524 1550 742 1620 penitus
803 1553 1230 1623 adimpleverat;
1300 1564 1358 1609 et
1428 1557 1600 1612 virtus
1667 1557 1969 1624 Altissimi,
2045 1575 2112 1615 ne

524 1650 807 1712 pateretur
844 1643 1088 1700 libidinis
1146 1655 1360 1712 iustum,
1406 1648 1668 1704 divinitus
1728 1649 2102 1706 obumbrabat.

2227 541 2419 600 lizasse
2465 543 2717 616 gaudium
2763 561 3032 618 magnum,
3080 548 3222 616 quod
3251 547 3357 604 erit
3400 551 3547 607 omni
3589 552 3813 624 populo,

2230 636 2389 709 Ι,ιᾷ
2417 639 2561 709 quia,
2610 638 2806 709 inquit,
2834 650 2988 694 natus
3023 648 3098 694 est
3152 641 3291 695 vobis
3340 641 3493 698 hodie
3541 642 3812 712 Saluator,

2225 731 2315 802 qui
2333 741 2405 785 est
2428 731 2665 786 Christus
2686 732 2942 788 Dominus
2959 733 3014 787 in
3037 734 3244 788 civitate
3260 733 3432 790 Dauid
3449 736 3600 809 (Luc.
3617 755 3677 803 ll,
3696 740 3810 807 Hi;

2225 842 2433 883 necnon
2465 839 2521 884 et
2547 844 2667 885 cum
2693 845 2760 884 eo
2788 828 2972 884 laudes
2998 832 3272 886 exercitus
3290 832 3410 887 coeli
3434 834 3809 892 concinuisse:

2224 918 2406 974 Gloria
2433 922 2488 975 in
2508 920 2721 975 excelsis
2749 921 2873 983 Deo,
2937 937 3001 976 ac
3054 923 3256 993 reliqua
3313 940 3433 993 qum
3487 936 3807 996 sequuntur.

2221 1010 2479 1068 Audierat
2514 1022 2569 1067 et
2608 1012 2939 1079 Simeonem,
2970 1013 3113 1068 inter
3137 1014 3417 1085 amplexus
3437 1018 3646 1087 parvuli
3670 1036 3812 1090 prte—

2220 1103 2489 1159 dicantem
2516 1123 2528 1158 :
2559 1102 2716 1158 Nunc
2739 1105 2980 1169 dimittis,
3005 1103 3246 1170 Domine,
3269 1122 3470 1161 servum
3516 1118 3682 1172 tuum,
3732 1126 3812 1164 se-

2220 1197 2449 1251 cundum
2487 1197 2695 1253 verbum
2722 1207 2890 1262 tuum,
2919 1198 2973 1250 in
3020 1215 3165 1269 pace,
3215 1200 3339 1270 quia
3378 1199 3615 1255 riderunt
3664 1203 3812 1259 oculi

2219 1289 2320 1343 mei
2341 1288 2573 1343 salutare
2587 1299 2734 1344 tuum
2760 1289 2902 1361 (Ibid
2910 1331 2946 1354 .,
2965 1289 3077 1363 29).
3103 1292 3362 1347 Audierat
3382 1300 3437 1348 et
3453 1291 3662 1348 Annam
3679 1308 3810 1362 pro-

2218 1380 2536 1450 pbetissam,
2591 1398 2779 1454 magos
2800 1391 2961 1452 atque
2985 1383 3193 1438 stellam
3241 1385 3477 1451 viderat;
3521 1394 3613 1439 aut
3661 1401 3804 1439 nun-

2215 1472 2344 1540 quid
2369 1488 2464 1543 per
2492 1475 2709 1528 eosnlcm
2738 1472 3001 1528 Herodem
3048 1473 3318 1529 turbatum
3355 1490 3461 1529 non
3514 1475 3807 1530 audierat?

2213 1561 2404 1618 Nonne
2441 1564 2756 1620 Betblebem
2782 1578 2847 1621 ex
2889 1566 3143 1620 vaticinio
3171 1566 3261 1621 ubi
3314 1565 3560 1622 Christus
3611 1583 3805 1623 uasce~

2213 1661 2385 1720 retur,
2417 1669 2447 1709 a
2474 1655 2807 1726 principibus
2844 1657 3185 1712 sacerdotum
3222 1657 3553 1728 designatam
3582 1672 3797 1728 coguo‘

528 1732 685 1803 113
717 1734 782 1788 Et
812 1735 953 1801 ideo,
985 1745 1044 1792 ut
1070 1737 1276 1805 volunt,
1306 1754 1412 1794 non
1440 1740 1800 1808 cognoscebat
1827 1756 1947 1795 eam
1973 1740 2108 1796 facie
2136 1814 2170 1818 _
2211 1744 2399 1800 verat?
2423 1744 2575 1813 Quod
2597 1747 2642 1801 si
2668 1746 2782 1802 haec
2811 1747 2990 1801 omnia
3021 1747 3361 1818 impudenter
3388 1748 3666 1818 ignorasse
3706 1752 3801 1803 as-

519 1840 683 1892 quam
737 1826 1000 1897 virginem
1058 1830 1497 1901 desponsavcrat,
1549 1834 1720 1890 donec
1780 1844 2104 1891 vacuaretur
2135 1814 2181 1876 Β
2210 1839 2433 1905 seritur,
2456 1841 2584 1911 quid
2618 1848 2703 1895 est
2732 1840 2875 1910 quod
2900 1841 3077 1896 Lucas
3098 1814 3290 1906 refert,
3319 1814 3443 1911 quia
3468 1814 3632 1896 Pater
3679 1842 3800 1912 ejus

498 1922 741 1984 'ulcrus;
765 1920 889 1989 quia
918 1921 1139 1977 nimiam
1170 1924 1242 1979 ob
1285 1926 1641 1981 reverentiam
1687 1926 1836 1981 claro
1881 1937 2105 1998 aspectu
2208 1940 2256 1986 et
2279 1941 2447 1987 mater
2467 1934 2717 1987 mirantes
2736 1944 2883 1988 erant
2913 1949 3067 2004 super
3080 1933 3161 1988 his
3183 1948 3300 2004 qua:
3320 1932 3628 1989 dicebantur
3643 1932 3710 1987 de
3736 1951 3797 1987 eo

518 2008 836 2076 nequiverat
866 2010 1083 2067 intueri.
1127 2010 1398 2086 Religiosa
1451 2017 1666 2086 quidem
1696 2027 1753 2073 et
1776 2019 1931 2089 plena
1987 2023 2102 2091 pie-

517 2105 630 2154 tate
657 2101 964 2157 traditionis
1001 2105 1249 2159 assertio.
1275 2105 1381 2161 Sed
1420 2108 1525 2163 hoc
1568 2110 1634 2164 de
1678 2112 1967 2167 concubitu
2020 2114 2103 2169 di-

502 2202 687 2265 ctum,
717 2194 861 2265 quod
889 2210 995 2250 non
1025 2196 1217 2252 coierit
1243 2213 1363 2252 cum
1396 2213 1482 2262 ea,
1511 2200 1678 2255 donec
1727 2204 1936 2272 peperit
1994 2205 2104 2273 pri-

514 2283 843 2353 mogenitum
880 2302 1057 2353 suum,
1089 2287 1386 2360 intelligere
1426 2290 1647 2347 minime
1692 2292 2046 2349 formidamus
2082 2313 2095 2350 :

2210 2022 2373 2093 (Ibid.
2384 2064 2400 2089 ,
2415 2023 2526 2096 55).
2538 2023 2688 2081 Unde
2700 2039 2830 2095 ergo
2843 2024 3197 2088 mirabantur,
3215 2024 3261 2079 si
3276 2039 3379 2079 non
3396 2026 3798 2093 cognoverant?

2206 2127 2574 2189 cognoverant
2594 2127 2774 2175 autem
2800 2118 3012 2188 utique;
3041 2124 3097 2172 et
3119 2118 3242 2172 ideo
3257 2117 3398 2187 quod
3417 2117 3512 2172 Dei
3532 2117 3793 2188 templum

2204 2216 2257 2262 et
2286 2209 2469 2264 sedem
2500 2211 2672 2266 sancti
2696 2209 2949 2281 Spiritus,
2969 2225 3033 2264 ac
3052 2218 3282 2264 matrem
3307 2208 3693 2265 Dominiausus
3722 2209 3796 2264 sit

2204 2300 2429 2367 violare,
2474 2301 2626 2357 nelas
2671 2311 2756 2357 est
2803 2303 3042 2358 credere.
3100 2301 3406 2357 Praesertim
3450 2316 3571 2355 cum
3610 2299 3792 2357 Lucas

513 2376 637 2443 quia
662 2378 825 2433 donec
851 2387 945 2435 aut
970 2397 1151 2453 usque,
1175 2398 1559 2453 nonnunquam
1581 2386 1634 2440 in
1652 2384 1948 2457 Scripturis
1976 2406 2102 2443 san-
2205 2393 2286 2465 (ιι,
2314 2393 2402 2465 19)
2429 2395 2576 2449 dicat
2598 2393 2741 2465 quod
2769 2394 2937 2449 Maria
2977 2392 3385 2450 conservaverit
3412 2392 3593 2448 omnia
3620 2390 3789 2448 verba

512 2470 634 2534 clis,
662 2488 803 2541 swpc
832 2482 1043 2529 certum
1093 2483 1321 2546 tempus,
1387 2492 1531 2548 saepe
1577 2478 1848 2535 inﬁnitum
1893 2481 2099 2553 signiﬁ-
2202 2484 2317 2540 haec
2341 2486 2628 2540 conferens
2665 2486 2720 2541 in
2756 2485 2919 2542 corde
2964 2501 3082 2551 suo,
3142 2495 3202 2540 ut
3255 2484 3464 2540 videret
3512 2484 3790 2555 quomodo

510 2571 656 2617 cant.
686 2562 822 2620 Hiuc
840 2568 1040 2636 quippe
1060 2578 1145 2623 est
1167 2569 1310 2638 quod
1334 2569 1476 2625 Deus
1503 2570 1807 2643 quibusque
1861 2573 2098 2645 loquitur
2198 2586 2395 2634 cuncta
2425 2579 2619 2634 divina:
2645 2577 2780 2650 legis
2808 2580 3062 2652 mysteria
3100 2578 3226 2634 huic
3252 2587 3594 2634 sacramento
3649 2592 3788 2634 con-

508 2668 606 2722 per
642 2657 959 2725 prophetam
985 2675 998 2710 :
1029 2657 1143 2729 Ego
1162 2676 1301 2726 sum,
1323 2677 1416 2731 ego
1435 2678 1576 2728 sum,
1596 2672 1645 2717 et
1674 2664 1838 2720 donec
1855 2682 2095 2722 senesca-
2198 2679 2474 2737 gruerent.
2507 2671 2715 2741 Quippe
2744 2671 2880 2725 satis
2930 2671 3155 2739 impium
3206 2678 3293 2726 est
3347 2671 3588 2742 cogitare
3616 2670 3682 2726 de
3718 2686 3785 2725 ea

508 2746 574 2799 tis
596 2763 690 2817 ego
716 2764 851 2803 sum.
888 2749 1026 2817 Quid
1065 2760 1149 2806 est
1197 2753 1340 2821 quod
1384 2754 1537 2820 dicit,
1579 2755 1753 2812 donec
1800 2760 2096 2815 sencscatis
2197 2760 2341 2831 quod
2368 2777 2603 2830 unquam
2633 2761 2808 2816 coitus
2856 2758 3154 2815 colluvione
3203 2760 3442 2831 potuerit
3495 2760 3782 2815 maculari.

507 2852 607 2908 ego
650 2840 816 2894 sum?
857 2840 1111 2912 Nunquid
1148 2854 1431 2915 postquam
1478 2848 1758 2903 senuerint
1809 2848 1906 2913 illi,
1953 2850 2094 2907 Deus
2194 2850 2333 2907 Nam
2356 2853 2685 2919 etsi,donec,
2710 2867 2924 2923 semper
2954 2852 3153 2922 ubique
3188 2852 3325 2908 finiti
3368 2860 3513 2908 esset
3571 2863 3784 2922 tempo-

508 2931 597 2997 qui
629 2939 865 2987 aeternus
893 2935 1125 2990 est’esse
1154 2936 1391 2992 desinet?
1440 2938 1506 2993 Et
1529 2938 1780 2996 Salvator
1817 2940 1873 2996 in
1917 2941 2093 2998 Evan-

507 3023 647 3094 gelio
679 3043 693 3080 :
726 3023 884 3092 Ecce,
936 3027 1127 3098 inquit,
1168 3030 1427 3086 vobiscum
1468 3050 1585 3087 sum
1632 3035 1869 3089 omnibus
1909 3035 2090 3092 diebus

508 3132 670 3185 usque
696 3118 765 3170 ad
791 3121 1285 3177 consummationem
1304 3123 1485 3178 δίναιιί
1516 3123 1598 3195 (Μ
1601 3126 1731 3181 atth.
1756 3142 1951 3193 xxvm,
1973 3128 2086 3197 20).

510 3210 652 3282 Ergo
679 3223 800 3282 post
823 3218 1343 3273 consummationem
1392 3219 1593 3285 saeculi,
1641 3236 1748 3276 non
1803 3221 1908 3276 erit
1945 3223 2089 3278 Deus

506 3316 630 3355 cum
655 3302 767 3358 suis
788 3304 1067 3374 apostolis,
1117 3316 1210 3361 aut
1253 3323 1375 3362 cum
1428 3309 1632 3363 sanctis
1690 3311 1820 3374 suis,
1873 3313 2088 3382 quando

505 3394 611 3450 crit
641 3393 781 3450 Deus
801 3397 981 3451 omnia
1010 3398 1064 3452 in
1102 3398 1390 3454 omnibus?
1436 3398 1503 3453 Et
1554 3398 1684 3454 illud
1730 3400 1973 3471 Apostoli
2020 3418 2084 3459 ex

503 3505 735 3562 persona
759 3490 851 3546 ﬁlii
879 3510 892 3546 :
920 3490 1072 3559 Quod
1094 3502 1330 3564 oporteat
1351 3509 1468 3548 eum
1491 3509 1727 3563 regnare,
1747 3494 1910 3549 donec
1929 3507 2087 3567 ponat

500 3584 738 3638 inimicos
763 3602 886 3640 suos
904 3586 999 3640 sub
1017 3585 1233 3656 pedibus
1255 3585 1364 3639 suis
1407 3584 1456 3655 (Ι
1494 3583 1614 3640 Cor.
1644 3601 1735 3653 xv,
1777 3587 1889 3657 25).
1940 3588 2089 3645 Nun-

502 3682 630 3751 quid
662 3684 846 3739 tandiu
875 3694 1198 3755 regnaturus
1224 3695 1326 3749 est,
1357 3686 1527 3742 donec
1558 3686 1766 3744 inimici
1792 3686 2088 3757 subjiciun-

504 3782 592 3830 tur
612 3776 1129 3849 ei?autpostquam
1178 3776 1255 3832 illi
1308 3775 1536 3847 subjecti
1584 3777 1807 3845 fuerint,
1861 3780 2085 3835 desistet

503 3871 765 3941 regnare?
791 3869 904 3925 Tali
933 3871 1095 3943 igitur
1123 3860 1656 3941 locutionis’genere
1698 3879 1856 3926 utens
1910 3871 2086 3925 Evan-

501 3962 712 4031 gelista,
746 3963 988 4034 profecto
1036 3961 1203 4020 voluit
1242 3958 1497 4018 intimare
1541 3960 1769 4017 Mariam
1810 3977 1920 4016 non
1965 3976 2083 4017 esse

500 4055 768 4124 cognitam
799 4071 829 4109 a
860 4055 976 4110 viro
1006 4070 1105 4111 suo
1130 4070 1302 4126 usque
1330 4055 1398 4110 ad
1428 4062 1664 4125 partum.
1691 4052 1828 4121 Quia
1858 4054 1957 4107 sub
1980 4054 2083 4108 boc

503 4155 741 4217 tempore
764 4148 935 4220 magis
958 4146 1269 4203 scandalum
1295 4153 1511 4216 poterat
1536 4146 1706 4201 etiam
1735 4145 2082 4200 credentibus

498 4239 753 4307 suboriri,
793 4240 988 4310 quippe
1008 4240 1134 4309 quia
1165 4239 1230 4295 de
1258 4253 1454 4308 sponsa
1507 4252 1693 4293 coram
1738 4236 1910 4293 oculis
1963 4235 2080 4291 fru-

498 4342 618 4389 ctus
641 4332 962 4406 cognitionis
982 4332 1100 4403 ejus
1128 4329 1451 4387 cernebatur
1468 4330 1524 4385 in
1552 4329 1780 4400 prolem.
1813 4328 1921 4385 Sed
1941 4343 2079 4400 quo-

498 4426 640 4480 niam
674 4435 802 4480 tunc
826 4438 953 4479 vere
986 4438 1047 4479 se
1068 4424 1354 4490 abstinuit,
1377 4439 1501 4479 cum
1526 4424 1593 4480 de
1610 4422 1858 4492 iussione
1902 4422 2079 4480 adhuc

2195 2944 2294 3010 ris,
2322 2944 2469 2999 nullo
2516 2945 2678 3001 modo
2708 2944 2797 3000 bic
2825 2959 2949 2999 cum
2991 2944 3201 2999 sinebat
3251 2944 3411 3009 ratio,
3460 2944 3785 3015 prohibente

2194 3036 2311 3109 lege
2341 3038 2542 3103 divina,
2572 3038 2782 3092 finitum
2813 3037 3056 3107 intelligi.
3100 3038 3371 3109 Alioquin,
3418 3038 3462 3093 si
3510 3055 3634 3093 mox
3658 3050 3786 3109 post

2193 3139 2407 3202 partum
2438 3146 2558 3187 eam
2594 3130 2797 3202 cogitet
2823 3130 3019 3201 aliquis
3046 3132 3381 3202 cognovisse,
3430 3131 3575 3186 nuﬁo
3605 3132 3782 3186 inter-

2197 3226 2446 3281 veniente
2497 3224 2834 3297 purgationis
2886 3240 2996 3281 sute
3040 3234 3299 3296 tempore,
3350 3227 3442 3282 ubi
3488 3227 3591 3281 erit
3633 3227 3784 3297 quod

2192 3326 2394 3388 septem
2419 3317 2630 3384 diebus,
2652 3316 2805 3387 juxta
2840 3316 3012 3388 legem
3058 3318 3414 3387 separationis
3463 3327 3780 3383 mensuum,

2190 3407 2379 3463 debuit
2403 3408 2678 3463 immunda
2697 3409 2906 3474 sedere,
2934 3420 2989 3464 et
3015 3409 3234 3479 triginta
3269 3409 3441 3466 tribus
3487 3411 3676 3466 diebus
3723 3412 3778 3468 iu

2190 3500 2452 3571 sanguine
2479 3515 2614 3569 puro
2656 3515 3002 3570 permanens,
3060 3516 3220 3555 omne
3271 3511 3519 3556 sanctum
3558 3503 3781 3558 interim

2192 3605 2296 3644 non
2329 3590 2585 3661 tangere?
2621 3587 2717 3646 Vel
2744 3590 2984 3661 nunquid
3013 3606 3132 3645 eam
3162 3592 3348 3669 statim
3384 3590 3581 3663 Joseplt
3626 3593 3783 3648 iuva-

2188 3684 2259 3739 sit
2288 3683 2427 3739 inter
2464 3684 2732 3754 prteconia
2758 3683 3092 3756 angelorum,
3120 3685 3209 3740 ubi
3240 3686 3420 3741 nullus
3447 3693 3568 3742 erat
3619 3686 3782 3742 locus

2188 3780 2243 3834 in
2272 3779 2610 3834 diversorio?
2636 3777 2863 3835 Constat
2908 3793 3039 3849 ergo
3090 3779 3265 3835 modis
3305 3780 3574 3846 omnibus,
3630 3786 3781 3851 quod

2187 3871 2365 3926 nullus
2391 3870 2554 3926 fuerit
2584 3872 2895 3942 nuptiarum
2920 3870 3070 3928 locus
3096 3871 3236 3928 inter
3255 3880 3479 3944 angusta
3510 3874 3780 3944 praesepia

2179 3964 2569 4034 jumentorum.
2609 3962 2988 4033 Nequejustus
3015 3964 3343 4020 scriberetur
3368 3965 3421 4020 in
3453 3963 3778 4034 Evangelio,

2186 4056 2231 4111 si
2261 4065 2412 4111 tanto
2442 4055 2705 4112 insaniret
2732 4055 3023 4127 voluptatis
3053 4070 3257 4123 amore,
3299 4064 3361 4112 ut
3406 4071 3526 4112 eam
3577 4057 3777 4114 saltem

2185 4154 2462 4216 appeteret
2486 4145 2708 4211 violare,
2740 4146 2901 4217 quam
2932 4145 3115 4202 multis
3158 4146 3560 4218 Scripturarum
3585 4146 3780 4215 ﬁguris

2182 4238 2563 4309 praasignatam
2593 4237 2799 4310 legerat
2824 4238 2877 4294 in
2897 4248 3220 4311 perpetuum
3253 4238 3518 4310 virginem
3555 4254 3783 4311 perma-

2182 4345 2330 4386 nere.

2254 4422 2323 4478 Et
2348 4424 2567 4496 peperit,
2626 4424 2819 4495 inquit,
2873 4423 3045 4494 ﬁlium
3088 4441 3240 4480 suum
3293 4425 3717 4497 primogenitum.

496 4525 706 4587 poterat
755 4515 1014 4582 dubitari,
1070 4515 1241 4571 multo
1293 4516 1466 4588 magis
1514 4514 1921 4587 intelligendum
1973 4524 2074 4581 est,
2107 4518 2604 4617 I)Primogenitum
2626 4527 2829 4583 autem,
2887 4533 2994 4574 non
3044 4532 3168 4575 eum
3214 4533 3375 4590 quem
3426 4519 3622 4575 fratres
3678 4536 3774 4575 sc-

493 4610 636 4678 quod
668 4616 790 4679 post
806 4617 1024 4677 partum
1043 4622 1164 4662 eam
1185 4622 1294 4663 non
1325 4608 1668 4680 cognoverit;
1698 4607 1914 4681 quando
1938 4606 2074 4678 jam,

495 4699 680 4757 multis
706 4700 1013 4757 divinarum
1038 4715 1221 4757 rerum
1268 4700 1480 4758 indiciis
1521 4701 1664 4758 Deus
1690 4703 1829 4758 idem
1854 4703 1946 4772 qui
1977 4717 2074 4757 na-

493 4792 684 4858 scitur,
715 4799 877 4862 atque
903 4793 1068 4849 homo
1118 4791 1213 4847 Dei
1240 4791 1407 4848 Filius
1455 4792 1780 4849 declaratur.
1831 4793 1984 4861 Quod
2030 4792 2078 4848 si

494 4883 789 4956 quaerimus
809 4899 907 4941 cur
929 4883 1128 4956 Josepb
1149 4899 1324 4957 usque
1359 4885 1425 4941 ad
1463 4894 1651 4958 partus
1697 4886 1839 4943 diem
1880 4902 1938 4942 se
1985 4886 2079 4942 ab-

492 4976 745 5034 stinuerit
774 4991 807 5032 a
833 4977 1139 5044 concubitu,
1190 4977 1332 5032 haud
1375 4976 1593 5034 dubiant
1651 4978 1782 5050 quin
1829 4976 2078 5047 angelum

493 5068 764 5125 dicentem
785 5067 1052 5133 audierat,
1074 5067 1204 5123 illud
1238 5069 1293 5123 in
1322 5084 1387 5125 ea
1414 5077 1617 5136 natum,
1666 5071 1809 5141 quod
1840 5070 1907 5125 de
1955 5068 2077 5139 Spi-

495 5158 603 5215 ritu
633 5166 824 5214 sancto
846 5167 1010 5215 esset.
1035 5157 1143 5215 Sed
1163 5159 1322 5215 simul
1353 5174 1474 5217 cum
1497 5161 1601 5217 hoc
1624 5162 1790 5216 verbo
1818 5175 2076 5232 percepe-

494 5258 606 5304 rat:
629 5247 708 5304 Ne
729 5251 913 5306 timeas
939 5252 1171 5322 accipere
1192 5251 1423 5307 Mariam
1451 5253 1724 5324 conjugem
1743 5263 1909 5306 tuam.
1934 5253 2075 5322 Ergo

493 5342 585 5398 ubi
628 5343 959 5413 prohibitum
1010 5353 1098 5402 est
1142 5361 1212 5403 ne
1251 5345 1610 5418 derelinquat,
1659 5361 1725 5402 ne
1773 5344 2074 5400 adulteram

492 5435 745 5502 aestimet,
784 5444 1013 5507 putasne
1042 5452 1074 5492 a
1108 5453 1400 5511 congressu
1437 5438 1678 5509 conjugis
1709 5436 1871 5492 fuerit
1915 5450 2073 5506 sepa-

492 5537 666 5596 ratus,
694 5545 803 5600 quo
839 5546 908 5587 ne
932 5540 1220 5603 separetur
1244 5533 1427 5603 magis
1444 5539 1532 5588 est
1549 5531 1890 5587 admonitus?
1929 5530 2072 5602 Ergo

491 5621 583 5690 qui
613 5630 812 5679 tantam
841 5638 964 5681 cam
991 5626 1297 5681 crediderat
1326 5633 1386 5680 ut
1437 5638 1663 5680 uxorem
1695 5638 1802 5678 non
1851 5623 2076 5678 auderet

490 5716 777 5788 attingere,
805 5735 927 5776 cum
952 5727 1097 5775 esset
1113 5720 1198 5774 vir
1213 5718 1415 5788 justus,
1436 5725 1492 5772 et
1517 5716 1730 5772 audiret
1752 5714 1847 5770 Dei
1877 5713 2073 5768 Filium

490 5812 546 5868 in
574 5817 746 5879 utero,
770 5810 859 5867 hic
891 5811 956 5866 de
978 5810 1121 5866 coitu
1151 5807 1390 5881 Virginis
1428 5809 1605 5880 potuit
1643 5806 1914 5879 cogitare?
1960 5805 2003 5871 A
2023 5811 2060 5874 ῖ-

2181 4619 2420 4683 quantur
2443 4611 2596 4675 dicit,
2623 4610 2719 4666 sed
2743 4626 2866 4666 eum
2892 4625 3055 4681 quem
3074 4610 3254 4668 nullus
3278 4611 3579 4668 antecedat.
3611 4612 3779 4671 Unde.

2182 4703 2395 4758 videtur
2420 4702 2600 4773 potius
2625 4701 2958 4772 unigenitum
2986 4703 3090 4758 dici
3119 4703 3390 4770 debuisse,
3443 4719 3606 4774 quam
3646 4708 3775 4775 pri-

2183 4793 2535 4865 mogenitum,
2561 4791 2718 4863 juxta
2741 4793 2883 4863 quod
2912 4793 3200 4849 saeculares
3232 4793 3429 4851 littera:
3449 4795 3518 4850 de
3545 4809 3613 4850 eo
3655 4795 3773 4852 dici

2182 4884 2379 4940 debere
2444 4898 2606 4954 quem
2661 4883 2859 4938 fratres
2907 4892 3205 4954 sequantur
3252 4882 3410 4957 115
3459 4884 3769 4941 insinuant:

2183 4974 2308 5042 nisi,
2340 4974 2483 5046 quod
2518 4974 2717 5030 idioma
2746 4982 2831 5030 est
2852 4983 3160 5031 sanctarum
3195 4973 3775 5046 Scripturarum,sau-

2178 5069 2443 5126 ctiﬁcatos
2478 5069 2726 5134 Domino,
2766 5068 2852 5123 vel
2895 5084 3054 5124 omne
3102 5070 3246 5140 quod
3300 5069 3475 5140 aperit
3518 5070 3768 5139 vulvam,

2177 5164 2564 5237 primogenitos
2589 5162 2867 5234 appellari.
2892 5163 3098 5219 Idcirco
3121 5162 3271 5218 illum
3292 5177 3623 5219 conservans
3645 5172 3771 5219 tex-

2178 5265 2289 5311 tum
2319 5254 2618 5328 Evangelii,
2649 5254 2836 5310 maluit
2864 5256 3280 5326 primogenitum
3319 5271 3486 5326 quam
3508 5255 3771 5326 unigeni-

2178 5354 2291 5402 tum
2318 5347 2513 5403 dicere.
2539 5344 2674 5401 Nam
2700 5353 2755 5400 et
2790 5345 2916 5401 alibi
2946 5345 3117 5418 (Rom.
3145 5361 3263 5412 VIII,
3289 5344 3383 5417 ‘29)
3409 5346 3521 5415 ipse
3546 5345 3768 5417 primo-

2176 5438 2390 5507 genitus
2419 5437 2471 5492 in
2499 5436 2896 5493 resurrectione
2920 5453 2988 5493 ex
3025 5437 3210 5492 multis
3241 5435 3522 5503 fratribus,
3575 5437 3769 5508 appel-

2174 5530 2350 5595 latur;
2381 5539 2601 5600 propter
2622 5529 2782 5599 quod,
2821 5529 2946 5599 quia
2975 5543 3143 5601 genus
3166 5528 3438 5598 colligitur
3473 5529 3527 5583 in
3551 5529 3764 5599 specie,

2176 5620 2422 5692 quamvis
2444 5620 2749 5690 unigenitus
2776 5635 2871 5689 per
2898 5628 3165 5685 naturam,
3189 5620 3311 5675 ideo
3362 5618 3771 5691 pritnogeuitus

2177 5723 2233 5770 et
2258 5713 2345 5769 bic
2382 5714 2566 5769 debuit
2592 5713 2722 5777 dici,
2753 5721 2813 5767 ut
2835 5721 2979 5769 esset
3008 5712 3286 5780 indicium,
3310 5715 3453 5784 quod
3477 5713 3586 5784 jam
3607 5715 3659 5771 iu
3690 5732 3771 5773 eo

2178 5814 2233 5860 ct
2266 5804 2356 5868 alii
2383 5820 2543 5877 quam
2573 5805 2727 5861 multi
2760 5803 2953 5861 fratres
2978 5804 3369 5875 colligebautur
3386 5821 3484 5881 per
3498 5807 3739 5885 gratiam
