4032 6358
216 344 297 399 lii
1011 338 1376 397 EXPOSITIO
1412 338 1482 395 IN
1522 334 1956 394 MATTUA'IUM.
2002 367 2066 379 ——
2096 337 2227 394 LIB.
2266 336 2330 403 ll,
2372 336 2526 394 CAP.
2569 337 2630 393 il.

3354 340 3458 395 12%

208 459 256 515 in
284 457 464 519 Veteri
491 472 709 528 quoque
740 455 1105 521 Testamento,
1129 456 1233 512 illis
1261 457 1617 529 primogenita
1638 469 1772 512 con-
1801 457 1849 517 Α
1876 453 1930 509 in
1960 462 2187 525 utraque
2215 453 2517 510 substantia
2547 454 2942 527 significantius
2973 457 3293 532 Unigenitns
3321 476 3460 534 pra:-

206 554 486 616 donantur,
515 550 606 619 qui
652 548 749 603 Dei
778 548 950 619 gratia
979 547 1346 621 prmleguutur
1396 563 1627 619 quorum
1667 564 1775 603 non

205 662 262 701 ex
286 655 478 700 natura
504 643 757 713 dignitas,
779 641 874 696 sed
906 656 974 696 ex
1020 640 1196 712 gratia
1247 640 1497 696 meritum
1544 639 1779 696 antefer-

206 749 298 793 tur.
329 735 546 791 ldcirco
577 740 635 789 et
668 747 767 788 nos
795 732 1042 798 dicimus,
1085 731 1228 803 quod
1270 731 1659 802 primogenitus
1688 730 1779 786 hic

202 825 590 899 signiﬁcantius
627 822 905 890 scribitur,
944 830 1005 877 ut
1036 836 1135 892 per
1177 836 1300 876 eum
1344 836 1533 876 omnes
1574 820 1665 891 qui
1710 835 1779 875 ex

201 920 357 993 gratia
392 917 728 988 colliguntur
754 915 897 971 illico
932 915 1154 971 adunati
1195 915 1554 987 primogenita
1581 914 1637 970 in
1669 928 1780 971 cte-

200 1024 418 1080 leStibus
448 1021 711 1077 habeant.
735 1019 887 1075 Hanc
914 1020 1109 1092 quippe
1133 1020 1361 1091 figuram
1390 1019 1649 1091 gerebant
1669 1034 1782 1075 om-

201 1117 279 1169 nia
304 1113 396 1169 illa
420 1112 812 1184 primogenita,
849 1112 951 1169 sub
995 1111 1111 1183 lege
1158 1112 1386 1169 Domino
1439 1124 1778 1169 consecrata.

203 1208 344 1264 Unde
370 1215 428 1261 et
451 1206 520 1260 de
544 1203 632 1260 his
661 1204 922 1260 Dominus
947 1205 1013 1261 ad
1041 1206 1225 1262 Aaron
1260 1206 1423 1264 talem
1468 1206 1663 1279 legitur
1691 1208 1781 1264 de-

200 1300 374 1354 finisse
396 1296 762 1353 sententiam:
790 1295 975 1362 Omne,
1000 1297 1195 1368 inquit,
1226 1299 1367 1369 quod
1387 1300 1553 1369 aperit
1577 1299 1781 1354 vulvam

200 1393 257 1445 ab
279 1390 422 1445 omni
445 1406 605 1444 carne
622 1406 743 1461 qua
770 1390 989 1460 o/j’ertur
1009 1390 1256 1457 Domino,
1289 1392 1354 1445 ab
1375 1391 1582 1446 homine
1621 1408 1783 1461 usque

203 1483 264 1533 ad
290 1497 467 1549 pecus,
488 1497 605 1534 mea
632 1489 787 1534 erant
810 1482 1212 1549 tantummodo;
1234 1482 1582 1554 primogenita
1623 1500 1783 1554 pecu-

208 1574 328 1626 dum
352 1572 737 1626 immnndorum
757 1573 924 1644 pretio
947 1574 1197 1630 rediment
1230 1574 1428 1648 (Exod.
1462 1592 1647 1642 XXXIV,
1670 1576 1777 1649 l9).

216 1666 347 1721 Ecce
376 1666 500 1737 quid
527 1664 633 1721 sint
667 1665 1028 1737 primogenita
1056 1667 1271 1724 divinus
1293 1682 1474 1725 sermo
1496 1668 1738 1725 definivit
1765 1687 1778 1723 :

209 1756 383 1821 Omne,
439 1757 636 1828 inquit,
678 1756 819 1828 quod
848 1759 1012 1829 aperit
1042 1758 1265 1815 vulvam.
1304 1760 1558 1833 Alioquin
1602 1762 1658 1817 in
1695 1778 1781 1819 sa-

203 1856 506 1912 cerdotibus
543 1857 904 1929 primogenita
935 1872 1042 1914 non
1093 1859 1378 1927 debentur,
1424 1861 1663 1932 quandiu
1723 1872 1782 1919 et

204 1950 297 2004 alia
318 1951 369 2004 in
399 1950 553 2005 omni
576 1965 773 2021 genere
793 1952 942 2008 nasci
969 1966 1128 2024 posse
1153 1953 1464 2021 creduntur,
1521 1970 1591 2010 ne
1641 1955 1780 2012 forte

206 2057 298 2097 non
316 2042 704 2112 primogenita,
736 2043 832 2099 sed
859 2044 1135 2116 unigenita
1186 2046 1416 2103 Domino
1462 2062 1780 2106 consecren-

209 2142 300 2186 Iur.
327 2132 467 2200 Quia
497 2133 758 2188 nimirum
781 2134 827 2190 si
855 2135 935 2191 sic
953 2136 1325 2207 accipiendum
1354 2146 1499 2195 esset
1516 2149 1577 2196 ut
1603 2141 1776 2197 solum

206 2224 589 2296 primogenitus
618 2225 892 2282 diceretur
917 2228 965 2283 is
992 2244 1152 2300 quem
1178 2230 1375 2287 fratres
1397 2242 1776 2304 sequerentur,

208 2327 403 2388 poterat
434 2321 819 2377 excusationes
839 2322 1137 2380 obtendere
1163 2327 1557 2394 sacerdotibus,
1592 2328 1667 2385 ita
1697 2330 1780 2385 di-

208 2426 321 2467 crus
348 2430 362 2465 :
393 2411 539 2479 Quid
561 2427 649 2469 me
671 2413 724 2468 in
746 2415 912 2471 unius
934 2404 1140 2472 mensis.
1158 2416 1315 2485 juxta
1345 2419 1585 2476 debitum
1615 2424 1779 2479 strin-

209 2503 280 2571 gis
297 2503 551 2568 articulo,
586 2514 649 2559 ut
672 2504 924 2563 offerrem
960 2524 1029 2564 ex
1075 2508 1193 2582 lege
1231 2513 1650 2584 primogenitum
1690 2518 1779 2572 cui

208 2604 390 2663 fratres
433 2622 547 2665 non
589 2612 930 2679 sequuntur?
975 2611 1239 2684 Exspecta
1291 2616 1780 2689 pauliSper~donec

208 2701 464 2755 secundus
486 2710 771 2766 nascatur,
793 2702 921 2773 quia
947 2703 1166 2760 interim
1208 2706 1343 2763 nihil
1399 2709 1571 2765 debeo
1600 2725 1782 2767 sacer-

207 2792 324 2852 doti.
354 2793 461 2848 nisi
499 2792 667 2849 fuerit
699 2804 1014 2865 procreatus
1047 2810 1144 2865 per
1171 2812 1332 2868 quem
1384 2800 1431 2855 is
1475 2801 1567 2871 qui
1620 2811 1779 2858 natus

206 2894 279 2940 est
303 2887 533 2956 incipiat
558 2901 683 2943 esse
718 2887 1130 2959 primogenitus.
1156 2886 1290 2945 Nam
1321 2891 1388 2947 de
1434 2891 1603 2948 Maria
1650 2894 1781 2950 scri-

205 2988 340 3045 ptum
379 2988 467 3035 est
506 2981 653 3051 quod
684 2998 700 3034 :
732 2979 866 3034 Cum
887 2982 1073 3052 expleti
1109 2991 1280 3038 essent
1311 2984 1779 3057 dies'purgatiouis

202 3074 307 3143 ejus
321 3074 617 3128 secundum
637 3073 796 3144 legem
820 3072 1012 3144 Moysi,
1033 3076 1295 3131 dua-erunt
1316 3076 1461 3131 illam
1484 3078 1539 3133 in
1581 3078 1633 3133 Η
1638 3081 1778 3134 ieru-

201 3164 376 3231 salem,
397 3175 456 3219 at
478 3165 720 3220 sisterent
743 3181 861 3220 eum
882 3164 1129 3234 Domino,
1158 3168 1292 3223 sicut
1328 3169 1578 3239 scriptum
1612 3180 1685 3225 est
1728 3170 1779 3225 in

204 3256 470 3330 lege,quia
492 3275 647 3314 amite
686 3257 1034 3314 masculinum
1067 3261 1376 3331 adaperiens
1411 3262 1615 3319 vulvam
1651 3282 1777 3319 san-

203 3369 334 3415 (tum
352 3360 584 3419 Domino
606 3361 908 3426 vocabitur;
944 3371 991 3416 et
1020 3370 1077 3415 ut
1111 3362 1296 3419 darent
1339 3364 1555 3431 hostias,
1598 3382 1783 3421 secun-

202 3456 320 3509 dum
337 3456 478 3526 quod
502 3455 703 3509 dictum
723 3463 800 3509 est
834 3455 889 3509 in
918 3453 1027 3526 lege
1058 3454 1292 3522 Domini,
1350 3473 1449 3527 par
1495 3467 1781 3525 turturum,

202 3559 292 3602 aut
314 3549 442 3604 duos
462 3547 637 3619 pullos
655 3548 1017 3603 columbarum
1039 3547 1189 3621 (Luc.
1213 3566 1274 3613 ιι,
1293 3549 1407 3619 22).
1440 3550 1581 3623 Ergo
1602 3552 1646 3607 si
1674 3551 1787 3623 pri-

209 3642 532 3712 mogenitum
550 3649 843 3712 sequentes
872 3641 1098 3706 faciunt,
1122 3648 1178 3696 et
1197 3640 1312 3695 haec
1333 3641 1416 3697 lex
1462 3651 1670 3697 tantum
1719 3644 1788 3699 ad

207 3733 592 3805 primogenitus
621 3734 898 3804 pertinere
918 3732 1152 3797 videtur,
1178 3747 1283 3788 non
1317 3733 1502 3787 debuit
1532 3733 1649 3804 lege
1675 3733 1789 3804 pri-

208 3825 465 3897 mogeniti
494 3826 726 3891 censeri,
761 3825 848 3881 cui
888 3824 1125 3880 nondum
1152 3823 1347 3882 fratres
1392 3834 1786 3883 successerant.

214 3928 315 3983 Sed
347 3929 467 3984 ideo
494 3929 656 4001 116
685 3927 773 3984 hic
793 3936 941 3984 recte
965 3937 1177 3983 tenetur
1196 3927 1606 3999 primogenitus,
1664 3928 1789 3999 quia

216 4033 391 4075 omnes
419 4020 683 4091 unigeniti
713 4018 1055 4091 primogeniti
1084 4035 1204 4075 esse
1232 4030 1479 4092 possunt,
1527 4036 1634 4075 non
1696 4035 1791 4074 au-

218 4123 315 4166 tem
339 4128 530 4168 omnes
558 4112 1040 4185 primogenitijure
1069 4122 1275 4184 queunt
1297 4113 1556 4185 unigeniti
1581 4114 1787 4170 vocari.

218 4203 287 4257 Ex
319 4220 424 4273 quo
462 4204 739 4275 colligitur
764 4205 819 4259 in
848 4220 1081 4271 summa,
1112 4206 1533 4278 primogenitum
1560 4223 1682 4264 eum
1698 4223 1791 4263 vo-

216 4296 317 4350 cari
341 4297 544 4352 debere
579 4296 673 4366 qui
706 4296 916 4352 vulvam
942 4299 1116 4369 aperit
1141 4307 1197 4354 et
1225 4307 1350 4355 ante
1392 4314 1554 4370 quem
1590 4300 1791 4365 nullus,

216 4404 313 4444 non
352 4405 480 4446 eum
522 4397 734 4445 tantum
755 4405 914 4460 quem
949 4390 1147 4448 fratres
1172 4402 1490 4462 sequuntur.
1532 4393 1661 4451 Jure
1697 4395 1794 4465 igi-

215 4491 295 4537 tur
336 4482 594 4539 Christus
646 4481 1037 4554 primogenitus
1090 4484 1390 4555 appellatur
1443 4500 1509 4541 ex
1559 4487 1792 4560 virgine,

211 4577 329 4647 quia
380 4577 450 4633 ab
498 4574 657 4631 initio
693 4575 1087 4648 primogenitus
1142 4586 1226 4632 est
1264 4577 1429 4634 totius
1484 4588 1790 4647 creaturas;
1824 4575 1874 4636 D

211 4683 301 4724 nec
328 4684 441 4724 non
471 4675 531 4724 et
557 4667 615 4722 in
640 4666 910 4739 baptismo
934 4667 1345 4740 primogenitius
1368 4669 1605 4726 fidelium
1644 4680 1793 4729 recte

210 4781 453 4837 matur,
510 4770 604 4840 qui
641 4780 695 4825 et
746 4770 800 4825 in
854 4772 1253 4828 resurrectione
1296 4774 1686 4846 primogenitus
1722 4793 1793 4833 ex

212 4863 435 4918 mortuis
455 4860 825 4918 resurrexisse
850 4861 1067 4917 dicitur.
1110 4862 1427 4935 Uuigenitus
1457 4874 1637 4922 autem
1664 4882 1798 4923 nono

210 4972 484 5029 nunquam
507 4955 633 5013 ideo
662 4965 905 5021 vocatur,
936 4957 1065 5028 quia
1089 4958 1236 5014 solus
1262 4960 1555 5032 singularis
1585 4978 1648 5020 ac
1669 4978 1795 5034 pro-

208 5062 353 5130 prius
380 5069 467 5117 est
516 5058 685 5115 Filius
736 5059 855 5127 Dei,
900 5061 1042 5118 unde
1068 5071 1126 5118 et
1154 5064 1465 5136 unigenitus
1501 5075 1627 5139 apte
1655 5069 1800 5126 idem

207 5170 266 5208 ex
286 5154 465 5210 Maria
501 5154 789 5225 probatur,
836 5155 1084 5226 quamvis
1130 5157 1522 5231 primogenitus
1569 5161 1805 5233 appelle-

210 5262 311 5309 tur.
334 5254 397 5312 Si
426 5256 654 5328 quidem
677 5256 989 5329 unigenitus
1025 5259 1151 5328 quia
1201 5259 1348 5316 solus
1382 5261 1449 5318 de
1498 5262 1801 5321 substantia

210 5344 386 5403 Patris
412 5357 579 5403 natus
605 5357 693 5404 est
721 5347 911 5415 Filius,
937 5349 1079 5405 sicut
1101 5352 1170 5406 de
1193 5351 1360 5407 Maria
1395 5353 1685 5426 singularis
1735 5372 1800 5412 ac

211 5441 462 5510 proprius
491 5439 638 5495 idem
667 5449 753 5496 est
781 5441 1016 5497 hominis
1041 5441 1203 5499 filius.
1255 5443 1362 5501 Sed
1387 5446 1514 5516 quia
1548 5463 1649 5518 per
1696 5449 1801 5506 hoc

212 5540 483 5597 mediator
502 5538 603 5595 Dei
626 5548 684 5599 et
703 5540 984 5597 hominum
1007 5549 1092 5598 est
1114 5540 1313 5610 factus,
1333 5542 1457 5613 jure
1481 5546 1804 5620 primogeni-

211 5640 295 5688 tus
320 5648 389 5688 ex
415 5630 611 5686 multis
639 5631 960 5702 appellatus,
1001 5641 1267 5703 quatenus
1295 5636 1364 5692 ob
1391 5635 1495 5692 hoc
1538 5652 1637 5708 per
1683 5656 1805 5712 gra-

212 5726 337 5780 tiam
369 5724 578 5780 haheat
604 5723 804 5780 multos
827 5722 1046 5791 fratres,
1068 5741 1300 5795 quorum
1351 5724 1552 5798 ubique
1595 5730 1800 5801 prima-

215 5829 324 5874 tum
377 5827 584 5876 teneat.
624 5816 763 5897 Quia
814 5819 1106 5895 secundum
1159 5820 1547 5893 proprietatem
1593 5831 1804 5881 natura:

1880 548 2109 603 dicatur.

1950 636 2100 710 (Car.
2124 637 2211 711 ll.)
2234 639 2365 693 Cum
2385 657 2506 712 ergo
2530 650 2687 697 natus
2704 653 2835 699 esset
2876 645 3032 703 Jestts
3066 649 3124 703 in
3163 649 3458 708 Bethlehcnt

1880 727 1932 781 in
1953 728 2135 783 diebus
2188 727 2412 785 Herodis
2460 733 2613 803 regis.
2663 732 2906 800 Quatuor
2959 737 3049 793 hic
3092 754 3223 796 sane
3269 739 3463 799 funda-

1880 831 2062 877 menta
2083 823 2377 894 jaciuntur,
2426 826 2812 895 prophetarum
2860 831 3142 904 praesagiis
3184 834 3460 903 roborata,

1881 924 1940 967 ut
1966 912 2126 968 nullis
2151 914 2363 970 vacillet
2393 916 2620 987 ingeniis
2647 919 2839 975 domus
2886 937 3006 992 qua:
3052 939 3213 995 super
3251 937 3461 997 petram

1880 1004 2156 1061 fundatur.
2195 1007 2531 1064 Describitur
2557 1026 2789 1082 namque
2814 1015 3088 1079 nativitas,
3113 1016 3183 1073 de
3228 1035 3334 1091 qua
3382 1021 3464 1075 di-

1881 1111 2028 1155 ctum
2058 1099 2231 1155 fuerat
2260 1119 2273 1155 :
2308 1100 2451 1157 Puer
2470 1112 2624 1157 natus
2646 1113 2718 1158 est
2743 1105 2910 1171 nobis,
2929 1116 2980 1161 et
3021 1108 3344 1176 ﬁlius‘datus
3388 1120 3463 1165 est

1884 1190 2029 1246 nobis
2069 1189 2203 1262 (Isa.
2239 1207 2318 1255 ιχ,
2347 1190 2423 1261 6).
2457 1191 2524 1247 Ει
2555 1193 2860 1249 declaratur
2894 1211 3120 1265 persona
3137 1214 3206 1255 ex
3225 1201 3461 1268 nomine,

1877 1279 2197 1351 jamdudum
2227 1280 2411 1337 multis
2455 1282 2507 1336 in
2558 1282 2692 1338 locis
2734 1285 3079 1357 prtesignata.
3135 1288 3465 1346 Monstratur

1883 1391 2097 1447 quoque
2125 1384 2179 1432 et
2205 1375 2355 1431 locus
2384 1391 2453 1432 ex
2490 1379 2773 1448 prophetia
2817 1389 3070 1437 ostensus
3102 1399 3116 1436 :
3148 1397 3248 1438 nec
3277 1399 3382 1438 non
3411 1392 3468 1439 et

1884 1479 2095 1541 tempus
2148 1486 2244 1540 per
2292 1469 2559 1526 Herodem
2589 1473 2835 1544 signatur
2879 1475 3154 1531 nascentis
3206 1476 3467 1547 astipula-

1886 1563 2031 1619 tione
2053 1563 2274 1619 circiter
2298 1564 2595 1620 evolutum.
2627 1563 2757 1631 Sed,
2783 1568 3139 1637 quamobrem
3170 1582 3265 1639 per
3288 1568 3462 1624 llero-

1884 1659 2005 1717 dem
2035 1658 2152 1729 ejus
2174 1659 2429 1715 nativitas
2457 1660 2574 1732 lege
2601 1661 3135 1734 chronograpborum
3186 1664 3463 1729 metiatur,

1883 1767 2003 1822 qua:
2034 1760 2146 1807 toto
2175 1752 2349 1808 fuerat
2378 1754 2509 1809 orbe
2533 1754 2897 1825 praedicanda,
2924 1772 3028 1813 non
3055 1759 3286 1814 absurde
3326 1774 3467 1830 qua:-

1811 1822 1857 1883 Β
1884 1845 2039 1901 ritur.
2076 1845 2385 1901 Prtesertim
2407 1861 2531 1902 cum
2557 1863 2657 1903 nec
2695 1863 2871 1904 annus
2904 1850 3056 1921 regni
3082 1850 3217 1922 ejus,
3272 1859 3330 1906 ut
3350 1867 3468 1908 mos

1881 1948 1964 1994 est
1990 1938 2457 2010 historiographis,
2489 1940 2705 2010 quando
2736 1940 2986 1997 Christus
3013 1952 3174 1998 natus
3202 1944 3293 2009 sit,
3316 1953 3468 2000 certo

1880 2047 1947 2087 ex
1983 2046 2209 2087 numero
2241 2031 2554 2103 pueligitur.
2613 2031 2879 2089 Praeterea
2913 2033 3160 2091 fortassis
3196 2034 3470 2091 videretur

1880 2121 2213 2194 evangelista
2254 2106 2457 2179 rectius
2494 2122 2711 2191 fecisse,
2744 2126 2788 2180 si
2819 2125 2886 2180 ad
2929 2133 3141 2197 tempus
3186 2127 3469 2199 designan-

1880 2217 2007 2273 dum
2052 2216 2349 2272 nativitatis
2399 2214 2602 2271 Cbristi
2657 2215 3012 2274 Octavianum
3065 2220 3366 2292 Angustum
3401 2221 3468 2276 ad

1880 2310 2118 2366 medium
2143 2319 2451 2378 evocasset;
2485 2311 2640 2381 cujus
2665 2321 2907 2382 potestas
2951 2322 3142 2370 evecta
3190 2329 3363 2385 usque
3400 2315 3467 2369 ad

1881 2401 2016 2457 fines
2035 2402 2185 2458 orbis
2208 2412 2496 2469 terrarum,
2538 2404 2701 2459 etiam
2738 2404 3003 2462 Herodem
3052 2407 3196 2464 hunc
3251 2417 3307 2463 et
3354 2424 3472 2464 om-

1882 2506 2004 2547 nem
2018 2491 2362 2548 Palaastinam
2376 2495 2708 2564 provinciam
2726 2496 2868 2552 inter
2881 2498 3085 2568 reliqua
3102 2506 3368 2554 terrarum
3386 2514 3471 2556 re-

1882 2600 1986 2656 gna
2000 2599 2096 2639 suo
2109 2583 2393 2640 claudebat
2409 2585 3078 2659 imperio,quadragesimo
3091 2590 3134 2645 si
3151 2590 3368 2660 quidem
3386 2604 3468 2647 re-

1881 2678 1969 2749 gni
1986 2678 2227 2749 Augusti,
2256 2677 2642 2748 quandoJesus
2652 2689 2811 2735 natus
2823 2690 2927 2745 est,
2944 2694 3105 2746 anno,
3135 2681 3311 2737 divina
3325 2682 3439 2738 ordi
3466 2715 3472 2723 -

1882 2771 2318 2841 nantepoteutia,
2347 2771 2652 2828 firmissima
2676 2773 2910 2844 primum
2925 2788 3029 2845 pax
3045 2773 3099 2829 in
3118 2775 3434 2830 omniterra

1883 2879 2003 2918 rum
2037 2864 2194 2934 117
2217 2873 2391 2935 parte,
2419 2864 2736 2921 mortalibus
2768 2866 3084 2925 famulatur.
3121 2868 3274 2925 Tunc
3306 2870 3469 2943 igitur

1882 2971 2074 3027 nempe
2102 2956 2204 3012 hoc
2231 2955 2434 3012 factum
2464 2958 2677 3029 legitur,
2706 2961 2921 3030 quando
2944 2960 3118 3030 angeli
3149 2959 3468 3017 cecinerunt

1883 3050 2226 3106 audientibus
2253 3050 2563 3107 hominibus
2587 3070 2601 3105 :
2634 3051 2819 3107 Gloria
2843 3052 2898 3107 in
2926 3053 3140 3109 excelsis
3169 3053 3299 3120 Deo,
3325 3065 3373 3110 et
3412 3056 3465 3110 in

1885 3154 2023 3199 terra
2080 3162 2185 3217 pax
2231 3145 2526 3200 hominibus
2576 3146 2725 3202 bona:
2778 3147 3056 3203 voluntatis
3084 3149 3236 3221 (Luc.
3286 3151 3463 3222 1,”).

1890 3236 2041 3294 Unde
2070 3237 2270 3308 liquido
2299 3247 2513 3294 constat
2537 3239 2662 3309 quia
2683 3254 2785 3310 pax
2816 3239 2920 3295 ista
2944 3257 3048 3295 non
3070 3241 3270 3297 virtute
3295 3242 3469 3297 Caesa-

1885 3328 1980 3394 ris,
2011 3328 2105 3384 sed
2145 3327 2346 3385 Christi
2398 3330 2595 3402 gratia,
2646 3330 3008 3402 componitur.
3058 3330 3211 3387 Adeo
3238 3341 3298 3387 ut
3325 3331 3465 3388 idem
3534 3402 3537 3405 _

1883 3420 2178 3491 Augustus,
2228 3422 2294 3476 ad
2347 3436 2507 3492 quem
2555 3437 2737 3478 rerum
2774 3438 2985 3477 summa
3008 3434 3378 3491 concurrerat,
3413 3426 3466 3482 in

1886 3512 2211 3570 consistorio
2254 3526 2314 3566 se
2363 3512 2637 3567 dominum
2686 3513 2944 3584 appellari
2999 3530 3109 3571 non
3154 3516 3227 3571 sit
3254 3531 3465 3588 passus.

1886 3604 1998 3658 imo
2026 3604 2153 3673 quia
2205 3619 2311 3657 non
2349 3618 2512 3657 ausus
2542 3611 2626 3657 est
2672 3603 2853 3658 divino
2897 3618 3181 3669 succensu,
3214 3619 3281 3659 eo
3327 3606 3470 3675 quod

1888 3711 2049 3752 verus
2086 3695 2344 3750 Dominus
2372 3696 2537 3751 totius
2568 3695 2789 3752 humani
2815 3697 3029 3765 generis
3053 3697 3197 3752 inter
3220 3698 3469 3754 homines

1888 3791 2231 3847 nascebatur.
2280 3789 2482 3847 Eodem
2526 3806 2740 3862 quoque
2785 3805 2927 3845 anno
2961 3789 3294 3863 singularum
3336 3806 3462 3863 pro-

1890 3885 2191 3940 vinciarum
2220 3884 2420 3955 ubique
2451 3884 2700 3940 homines
2744 3894 3036 3940 censentur
3058 3900 3126 3942 ex
3150 3885 3390 3953 nomine,
3419 3893 3475 3943 et

1895 3979 2089 4051 singuli
2123 3979 2236 4035 suis
2284 3979 2607 4050 profitentur
2634 3979 2689 4034 in
2724 3979 2889 4048 locis;
2924 3981 2998 4036 ita
3045 3991 3104 4036 ut
3144 3998 3334 4038 servus
3382 3983 3475 4054 qui

1892 4072 2168 4143 proprium
2218 4086 2325 4125 non
2352 4071 2582 4127 redisset
2623 4072 2689 4127 ad
2727 4070 3025 4140 dominum,
3064 4073 3188 4142 jure
3212 4074 3451 4146 plectere

1895 4172 1983 4218 tur
2011 4164 2064 4218 in
2097 4170 2348 4217 mortem.
2397 4162 2733 4218 Describitur
2761 4171 2940 4218 autem
2986 4163 3271 4220 universus
3303 4165 3474 4230 orbis,

1894 4255 2037 4326 quod
2068 4252 2243 4309 Lucas
2279 4252 2546 4320 meminit,
2593 4255 2950 4325 eumdemque
2993 4255 3261 4311 Caesarem
3289 4256 3470 4314 claris-

1895 4346 2031 4403 sima
2062 4345 2151 4415 illa
2191 4344 2456 4416 professio
2498 4354 2816 4403 cunctorum
2868 4346 3142 4403 hominum
3177 4349 3478 4421 principem

1898 4439 2215 4509 designavit.
2249 4438 2393 4493 Inter
2438 4454 2576 4509 quos
2622 4439 2877 4495 nimirum
2925 4438 3189 4508 Christus,
3237 4443 3329 4514 qui
3354 4445 3478 4499 uni-

1900 4546 2117 4587 versum
2165 4545 2338 4602 genus
2400 4531 2666 4598 condidit,
2717 4532 2948 4588 inveniri
2991 4542 3153 4605 atque
3209 4535 3479 4593 conscribi

1901 4626 2065 4680 homo
2104 4624 2244 4679 inter
2280 4623 2526 4680 homines
2569 4623 2819 4681 humanis
2865 4624 3072 4698 legibus
3117 4627 3316 4696 voluit;
3349 4644 3481 4701 qua-

1903 4724 2059 4771 tenus
2083 4729 2180 4786 per
2205 4714 2307 4771 hoc
2337 4728 2463 4770 suos
2487 4716 2855 4772 conscriberet
2896 4717 2951 4773 in
2994 4717 3294 4775 aeternitate
3322 4719 3486 4776 coale-

1903 4809 2003 4866 stis
2020 4808 2209 4881 patriae
2234 4809 2399 4877 cives,
2416 4826 2513 4882 per
2535 4811 2679 4883 quod
2705 4812 2844 4868 idem
2872 4812 3108 4871 humano
3132 4816 3379 4889 dignatus
3398 4825 3483 4875 est

1904 4902 2181 4973 subiacere
2201 4902 2447 4973 imperio.
2479 4902 2631 4973 Quod
2656 4921 2918 4976 nusquam
2940 4908 3156 4978 penitus
3174 4912 3242 4965 ab
3262 4910 3484 4968 exordio

1903 4993 2222 5064 cujusquam
2274 4995 2328 5049 in
2369 5010 2536 5066 regno
2582 4995 2703 5063 fuit,
2737 5005 2797 5052 ut
2840 4997 3036 5069 aliquis
3083 4999 3249 5056 totius
3296 5001 3480 5056 mundi

1906 5086 2174 5156 potiretur
2223 5086 2469 5157 imperio.
2526 5086 2676 5145 Unde
2731 5088 2857 5145 fidei
2911 5099 3109 5147 nostra;
3162 5093 3482 5164 inspectioni

1906 5175 2351 5233 manifestissime
2401 5187 2564 5250 patet,
2616 5181 2741 5251 quia
2804 5181 3062 5239 Dominus
3102 5193 3287 5240 noster
3327 5183 3484 5241 Jesus

1905 5269 2173 5337 Christus,
2202 5287 2326 5326 cum
2356 5273 2522 5339 venit,
2559 5274 2897 5344 potissimum
2918 5290 3108 5345 pacem
3133 5274 3255 5331 ideo
3284 5275 3486 5333 mundo

1908 5363 2157 5427 reddidit,
2188 5372 2247 5418 ut
2275 5364 2355 5419 sui
2400 5365 2784 5436 praedicatores
2810 5381 2907 5439 per
2933 5368 3122 5423 orbem
3149 5365 3373 5423 liberam
3402 5368 3485 5424 in-

1910 5454 2088 5509 trandi
2116 5455 2258 5509 viam
2298 5456 2579 5524 haberent,
2605 5466 2659 5514 et
2683 5474 2817 5529 pace
2839 5466 3056 5528 recepta
3085 5459 3318 5516 mundus
3341 5468 3488 5517 tran-

1906 5548 2103 5620 quillus
2137 5549 2362 5605 verbum
2390 5551 2793 5621 praedicationis
2834 5550 3157 5613 intenderet.
3210 5552 3348 5610 Hinc
3386 5554 3490 5626 igi-

1907 5649 1996 5696 tur
2032 5648 2138 5707 est,
2177 5642 2398 5712 quodin
2428 5657 2643 5697 onmem
2677 5650 2876 5697 terram
2908 5658 3075 5701 sonus
3121 5646 3486 5718 apostolorum

1906 5734 2086 5789 exisse
2114 5734 2511 5807 legitur(Rom.
2549 5733 2739 5805 x,18),
2770 5743 2825 5792 et
2855 5736 2908 5792 in
2958 5737 3092 5793 lines
3140 5739 3289 5795 orbis
3335 5748 3491 5795 terra

1909 5826 2131 5883 verbum
2162 5826 2558 5899 praedicationis
2583 5828 2889 5885 cucurrisse
2910 5837 3261 5891 monstratur.
3286 5831 3490 5922 Deind,
