4032 6358
612 286 715 344 183

603 415 766 472 paper
812 410 992 469 omnia
1025 412 1228 474 ideirco
1277 419 1480 480 factum
1533 431 1859 499 ostenditur,
1885 445 1945 491 ut
1973 436 2063 493 ille
2089 441 2184 496 ad-

602 496 818 554 venisse
849 500 1075 560 solidius
1113 507 1441 582 ﬁrmaretur,
1473 521 1586 588 qui,
1621 523 1760 579 sicut
1802 530 2019 598 quidam
2064 549 2181 589 mu-

600 589 776 648 ximus
804 604 960 664 poeta
990 597 1192 674 (γίνῃ.)
1223 607 1499 667 cecinerat
1532 631 1547 667 :

784 701 1166 790 l'laea't‘utnnregit
1183 719 1353 790 patriis
1378 721 1633 790 virtutibus
1654 727 1842 790 orbem.

1386 761 1633 775 -............
1655 761 1744 776 νη,

781 761 870 854 Lili-
902 761 1220 854 lie‘utttiitltil
1247 783 1474 854 accipiet,
1498 786 1722 854 divisque
1745 761 1932 854 τωρωι

777 825 1046 882 Permistos
1067 835 1246 888 heroas
1269 825 1321 892 et
1336 825 1451 905 riis-6
1461 825 1722 900 xiiii-Eii?

593 915 697 962 et:
1817 987 1826 993 .

776 1000 850 1051 Te
869 1002 997 1053 duce
1024 1009 1069 1058 si
1091 1023 1187 1072 qua
1208 1024 1409 1066 malent
1431 1017 1636 1091 sceleris
1658 1029 1864 1078 vesticia
1892 1037 2064 1104 nostri,

781 1063 920 1104 Irrita
947 1082 1184 1104 nnrnntnu
1209 1077 1394 1104 ...I.......
1423 1079 1637 1104 ο..----...ε,
1660 1099 1678 1104 -
1708 1097 1720 1104 .

779 1063 920 1116 Irrita
947 1063 1184 1132 perpetua
1207 1063 1408 1128 solvent
1423 1063 1886 1143 inﬁmiin}?

589 1157 724 1216 Tum
772 1163 936 1236 igitur
963 1185 1088 1228 vere
1117 1182 1258 1230 terra
1303 1181 1476 1237 soluta
1515 1195 1598 1240 est
1631 1189 1700 1243 ab
1724 1195 1870 1248 omni
1912 1197 2178 1266 bellorum

585 1249 897 1325 formidine,
939 1261 1085 1317 velut
1112 1265 1252 1320 idem
1278 1279 1524 1338 testatur,
1560 1283 1778 1347 quando

771 1346 879 1400 Jun
903 1364 1026 1405 nova
1043 1359 1314 1420 progenies
1335 1364 1461 1413 cado
1483 1346 1763 1422 demittitur
1783 1376 1905 1442 aito;

581 1433 670 1491 et:

767 1523 976 1590 Magnus
995 1529 1058 1589 ab
1082 1531 1278 1598 integro
1299 1540 1556 1594 oraclorum
1579 1550 1794 1600 nascitur
1814 1555 1963 1619 ordo;

582 1613 636 1668 el
658 1646 670 1658 .
766 1677 994 1759 .....Toto
1015 1691 1177 1748 surgit
1200 1703 1325 1751 gens
1341 1705 1487 1744 aurea
1514 1701 1710 1752 mundo.

580 1757 704 1813 llaec
761 1757 1013 1821 nimirum
1071 1781 1228 1840 poeta
1284 1792 1529 1837 sunmms
1593 1785 1890 1850 Octaviano
1939 1797 2170 1872 principi

577 1855 840 1923 scribens,
871 1863 996 1932 quia
1028 1863 1161 1924 levis
1181 1885 1303 1925 eum
1323 1874 1546 1944 spiritus
1574 1881 1737 1954 118
1761 1884 1982 1942 [laverat
2002 1906 2167 1956 aur-te,

576 1954 630 2001 et
663 1947 924 2022 Sibyllino
955 1961 1199 2016 carmine
1235 1961 1478 2023 divinum
1530 1947 1728 2043 aliquid
1782 1977 2033 2046 interius,
2066 1984 2168 2046 etsi

574 2039 810 2110 nescius,
838 2059 938 2099 suo
957 2055 1405 2118 praemonstrabat
1431 2039 1666 2130 eloquio.
1704 2064 1854 2122 Unde
1877 2068 2053 2140 inquit
2079 2090 2093 2128 :

760 2150 938 2206 Ultima
955 2157 1135 2212 Cumtei
1159 2165 1294 2216 venit
1311 2167 1409 2232 jam
1434 2174 1663 2229 carminis
1683 2185 1824 2239 atas,

573 2253 780 2311 scilicet
801 2261 1058 2334 quidquid
1083 2266 1210 2324 olim
1232 2273 1599 2340 prtedixerant
1617 2277 1857 2352 Sibyllae,
1882 2286 2026 2354 quod
2044 2285 2160 2354 jam

574 2354 744 2404 totum
773 2349 862 2402 illo
884 2351 936 2410 in
965 2363 1206 2428 tempore
1225 2363 1608 2434 compleretur.
1651 2349 1786 2437 Quia
1815 2349 1953 2430 sicut
1971 2393 2074 2431 suo
2098 2379 2151 2434 in

569 2433 688 2493 loco
707 2447 1116 2516 uumstrabitur,
1136 2452 1455 2514 mirabiliter
1483 2460 1626 2516 velut
1651 2467 1890 2534 organis,
1918 2470 2003 2524 his
2028 2488 2162 2530 usus

567 2539 651 2584 est
682 2530 917 2602 Spiritus
959 2539 1191 2608 divinus,
1225 2554 1283 2598 ut
1319 2561 1456 2618 pene
1485 2553 1662 2607 omnia
1687 2530 1810 2626 quas
1827 2530 1894 2614 de
1933 2561 2153 2622 Christo

566 2633 688 2678 sunt
705 2626 1016 2698 adimpleta,
1031 2648 1130 2689 suo
1143 2637 1379 2694 carmim
1397 2641 1556 2714 longe
1577 2655 1736 2704 antea
1763 2663 2152 2720 praenotarem.

565 2705 827 2771 Provecto
863 2719 1028 2790 igitur
1056 2725 1210 2794 apice
1240 2726 1467 2790 Romani
1490 2705 1851 2808 viiilperli,-UI
1891 2744 2150 2815 diximus,

571 2807 902 2877 evangelista
943 2817 1145 2872 rectius
1179 2834 1338 2892 agere
1368 2824 1662 2895 videretur,
1689 2831 1734 2886 si
1771 2849 1868 2903 per
1887 2851 2009 2892 eum
2034 2839 2154 2895 Sal-

566 2897 770 2952 vatoris
828 2902 1164 2962 nativitatem
1209 2912 1544 2986 astriberet,
1602 2897 1802 2993 ubique
1855 2930 2153 2995 praedican-

567 2985 689 3040 dam
731 2989 782 3043 in
809 2993 942 3050 orbe
985 3003 1278 3068 terrarum,
1305 3006 1396 3075 qui
1425 2985 1741 3072 notissimus
1777 2985 1878 3074 Sub
1919 3031 2151 3090 quatuor

562 3077 734 3148 plagis
761 3083 880 3139 caeli
911 3089 1161 3146 omnibus
1187 3092 1504 3156 habebatur.
1536 3101 1640 3158 Sed
1667 3107 1710 3160 si
1740 3077 2149 3170 consideranter

563 3167 913 3240 advertiatus,
954 3179 1210 3238 continuo
1251 3189 1468 3266 patebit
1517 3195 1659 3262 quod
1725 3213 1830 3256 non
1879 3199 2146 3261 Herodem
2177 3186 2222 3249 (ἶ

563 3263 772 3315 tantum
814 3262 936 3320 ideo
977 3262 1331 3340 posuerit,’ut
1359 3293 1456 3348 per
1482 3296 1604 3339 eum
1645 3293 1858 3358 tempus
1889 3293 2136 3349 nativita-

565 3347 633 3404 tis
679 3351 916 3410 bumano
962 3375 1112 3418 more
1156 3347 1502 3438 describeret,
1555 3377 1650 3430 sed
1699 3383 1878 3448 potius
1919 3394 1976 3438 ut
2021 3401 2146 3457 pro-

555 3441 738 3512 phetia
797 3442 966 3504 Iacob
1025 3456 1347 3523 patriarcha:
1404 3466 1618 3522 tandem
1670 3441 1934 3542 completa
1981 3441 2146 3550 signi-

557 3533 806 3592 ﬁcantius
861 3557 1278 3609 monstraretur.
1355 3553 1622 3628 Legamus
1688 3563 1870 3636 itaque
1920 3567 2140 3642 Just-plti

568 3623 668 3642 η.
784 3631 796 3642 .

554 3623 815 3696 Africani,
881 3647 1314 3715 eteterorumque
1369 3647 1645 3718 historias,
1697 3665 1751 3711 et
1803 3660 2136 3720 inveniemus

551 3720 794 3788 profecto
817 3725 958 3783 hunc
997 3729 1287 3802 Herodem,
1316 3741 1406 3808 qui
1440 3751 1566 3799 tmte
1595 3745 1646 3800 in
1679 3747 1861 3805 Judaea
1889 3770 2142 3824 regnasse

551 3813 826 3883 scribitur,
869 3836 974 3876 non
1021 3841 1140 3884 esse
1170 3845 1237 3884 ex
1273 3831 1566 3892 Judeurum
1613 3851 1792 3911 gente,
1845 3863 2020 3918 neque
2070 3854 2138 3908 ab

552 3904 632 3958 eis
677 3905 838 3963 ullam
869 3913 1087 3972 duxisse
1122 3923 1303 3977 carnis
1351 3928 1636 3999 originem,
1666 3951 1762 4004 pro
1807 3957 1914 4008 quo
1966 3944 2016 3996 in
2055 3946 2136 4000 eis

550 4005 699 4052 recte
729 3999 993 4061 dominari
1024 4009 1299 4068 debuisset
1332 4033 1344 4070 :
1384 4022 1476 4074 sed
1505 4037 1572 4076 ex
1603 4024 1920 4098 alienigenis
1951 4043 2132 4100 natus,

551 4093 874 4152 auctoritate
918 4101 1146 4175 Augusti
1176 4106 1424 4176 thsaris,
1469 4111 1618 4183 justo
1673 4093 2020 4189 Deivjutlicio,
2046 4142 2132 4182 re-

551 4195 656 4251 gno
699 4182 1004 4246 Judaeorutu
1053 4195 1250 4268 injuste
1297 4182 1626 4272 potiebatur.
1676 4182 1885 4267 Dictum
1937 4217 2136 4288 quippe

549 4269 725 4331 fuerat
755 4297 767 4332 :
801 4279 924 4336 Non
953 4284 1156 4356 deﬁciet
1183 4269 1422 4366 princeps
1451 4299 1516 4352 de
1543 4298 1580 4356 J
1585 4302 1708 4366 uda,
1745 4322 1908 4374 neque
1931 4269 2134 4367 dnxriie

545 4367 828 4437 femoribus
866 4374 1002 4446 ejus,
1051 4379 1216 4436 donec
1256 4387 1423 4444 veniat
1450 4391 1536 4444 cui
1565 4396 1847 4463 repositum
1871 4411 1944 4454 est
1975 4401 2127 4474 (Gen.

547 4477 694 4528 κως,
746 4465 854 4538 10).
902 4467 1052 4528 Unde
1087 4471 1201 4544 jam
1241 4491 1362 4534 eum
1396 4480 1641 4552 profecto
1689 4489 1900 4544 venisse
1944 4465 2128 4550 volens

545 4557 872 4629 evangelista
914 4561 1220 4635 insinuare,
1253 4570 1440 4628 maluit
1469 4573 1736 4632 Herodem
1767 4581 1834 4636 ob
1868 4588 2126 4656 temporis

553 4649 773 4718 seriem,
832 4669 992 4722 quam
1059 4657 1361 4732 Augustum
1411 4668 1721 4738 subtexere,
1776 4684 1835 4730 ut
1879 4693 1976 4746 per
2023 4679 2128 4736 hoc

544 4737 936 4809 plenitudinem
963 4748 1228 4807 adventus
1271 4753 1472 4815 Christi
1503 4774 1568 4814 ex
1597 4737 1896 4833 prophetia.
1917 4768 2127 4829 ﬁrmius

539 4830 873 4900 explanatet.
905 4836 1038 4907 Quia
1069 4839 1170 4898 nisi
1205 4845 1292 4901 hic
1319 4859 1467 4906 esset
1495 4852 1579 4906 cui
1599 4830 1780 4911 iuerat
1809 4861 2124 4932 repositum,

541 4925 763 4978 omnino
785 4927 1038 5000 princeps
1069 4931 1134 4988 de
1162 4933 1296 4990 Juda
1320 4979 1332 5000 ,
1366 4947 1423 4994 et
1449 4941 1554 4997 dux
1589 4945 1655 5000 de
1691 4925 1987 5010 femoribus
2008 4925 2126 5023 ejus

543 5014 852 5073 nullatenus
884 5017 1188 5080 defecisset.
1229 5025 1491 5086 Nimirum
1517 5037 1642 5103 quia
1685 5053 1854 5110 usque
1881 5046 1947 5099 ad
1980 5047 2121 5104 hunc

543 5101 742 5173 locum,
781 5107 981 5166 Christi
1029 5114 1279 5173 videlicet
1325 5130 1381 5176 et
1437 5125 1639 5196 templi,
1696 5135 2008 5193 sacerdotes
2052 5156 2119 5194 ex

537 5205 768 5268 utraque
787 5202 926 5258 tribu
947 5207 1214 5263 commisti
1241 5209 1547 5272 Judaeorum
1573 5224 1829 5292 regebant
1843 5229 2120 5298 populum.

539 5285 776 5354 Quorum
815 5299 1042 5354 extremi
1083 5299 1361 5374 llyrcauus
1390 5316 1443 5362 et
1480 5285 1960 5381 Aristobulum-lilii
1997 5323 2123 5380 Ale-

539 5380 730 5436 xandri
761 5390 1078 5456 sacerdotis,
1107 5395 1392 5464 pontiﬁces
1415 5404 1772 5473 exstiterunt;
1796 5411 1886 5481 qui
1915 5412 2120 5473 facibus

539 5475 783 5528 succensi
811 5481 1136 5552 cupiditatis,
1178 5489 1380 5559 regiam
1425 5492 1742 5556 all‘eetautcs
1780 5475 2117 5577 dignitatem,

546 5573 736 5620 contra
796 5583 854 5622 se
915 5571 1140 5632 invicem
1187 5580 1535 5643 dimicarunt.
1602 5589 1737 5646 Hinc
1791 5596 1978 5667 utique
2027 5617 2120 5656 oc-

537 5655 810 5712 easionem
860 5664 1162 5730 pnebentes
1205 5669 1482 5744 Romanis,
1531 5687 1592 5736 ut
1644 5681 1828 5740 itidem
1877 5685 2116 5748 Judteam

535 5737 796 5808 invadant
827 5750 1026 5810 hostes.
1069 5757 1306 5826 Quorum
1343 5737 1552 5845 primus
1609 5771 1916 5858 Pompeius,
1961 5793 2114 5860 capta

1396 308 1448 362 S.
1493 311 1854 372 PASCHASII
1895 319 2242 384 RADBERTI
2281 332 2573 394 ABBA’I'IS
2611 340 3064 408 CORBEIENSIS

3777 379 3873 434 ιξι

2207 447 2259 509 Α
2285 447 2439 514 urbe,
2473 461 2636 523 atque
2669 462 2866 531 templo
2913 481 3176 539 reserato,
3210 491 3378 548 usque
3422 484 3491 538 ad
3525 499 3712 545 sancta
3743 507 3873 550 san-

2287 548 2499 598 ctorum
2526 545 2672 603 velut
2702 559 2962 622 tyrannus
2983 565 3232 621 accessit.
3261 545 3628 633 Aristobulum
3651 598 3867 656 quoque

2287 629 2536 689 vinctum
2573 652 2758 696 secum
2804 645 3050 716 abduxit,
3100 663 3155 708 et
3200 661 3573 730 pontiﬁcatum
3619 629 3870 744 llj'rcdno

2287 725 2528 783 tradidit.
2571 728 2777 790 Deinde
2827 753 2960 795 vero
3006 725 3369 822 Antipatrum,
3399 725 3688 830 cujusdan:
3709 767 3874 843 119

2293 814 2600 843 A..-..I---:._.
2637 824 2704 843 ιιι-
2926 834 2938 843 .
2976 835 2998 843 -
3227 842 3232 843 ,

2284 814 2604 876 Ascalonita:
2635 824 2820 893 ﬁlium,
2850 834 2938 904 qui
2969 814 3150 895 fuerat
3185 842 3312 900 olim
3348 858 3404 903 ut
3432 814 3604 922 aiunt,
3635 814 3868 918 $4713.:

2285 913 2468 982 templi
2500 915 3221 994 Ascalouis,proeuratorem
3253 937 3550 1000 Palaestina:
3575 954 3874 1018 provinciae

2463 1004 2506 1018 ..
2568 1008 2580 1018 .
2646 1009 2684 1018 .-
2808 1016 2817 1018 ς

2280 997 2428 1056 fecit.
2463 1004 2614 1063 Unde
2644 1009 2882 1070 Herodes
2911 1018 3022 1084 hic,
3050 1026 3150 1079 sub
3179 1042 3287 1098 quo
3325 997 3866 1111 Christusrnascitur,

2284 1095 2443 1165 hujus
2477 1101 2747 1174 Antipatri
2778 1111 2923 1168 ﬁlius
2951 1117 3018 1169 ah
3065 1095 3318 1190 Hyrcano
3367 1125 3596 1187 Romam
3627 1095 3872 1195 directus

2279 1185 2336 1240 in
2401 1191 2648 1248 notitiam
2705 1195 2987 1259 Octaviani
3039 1185 3266 1282 Augusti
3317 1232 3380 1272 ac
3427 1232 3648 1278 senatus
3699 1230 3868 1284 venit.

2281 1276 2387 1334 Sed
2416 1294 2598 1352 postea
2648 1285 2900 1360 Hyrcano
2942 1308 3174 1367 mortuo,
3226 1307 3609 1384 destructoque
3651 1321 3873 1388 pontiﬁ-

2280 1383 2428 1438 catu,
2461 1377 2594 1432 nihil
2642 1383 2709 1436 ad
2741 1401 2864 1442 eum
2901 1394 3178 1460 pertinens
3207 1411 3393 1472 utpote
3437 1408 3476 1460 A
3508 1411 3706 1480 -lip:ttt'i
3762 1416 3866 1470 As-

2278 1465 2548 1534 calonitae,
2581 1481 2638 1528 et
2669 1478 2860 1534 matris
2907 1482 3156 1554 Cypridis
3199 1465 3448 1551 Arabiczn
3482 1465 3640 1562 ﬁlius.

2277 1561 2455 1616 manis
2500 1568 2858 1624 contraditum
2907 1577 3192 1634 undecimo
3244 1587 3394 1656 regni
3437 1589 3664 1661 Augusti
3719 1610 3869 1654 anno

2275 1651 2633 1724 principatum
2681 1658 2990 1720 Judteorum
3032 1651 3332 1744 aiienigrna
3387 1651 3642 1752 suscepit.
3694 1686 3865 1757 Cujus

2275 1755 2406 1796 sane
2451 1751 2731 1814 progenies
2776 1767 2874 1821 per
2907 1764 3296 1831 successiones,
3331 1778 3389 1823 ut
3445 1771 3740 1844 Scriptutze
3787 1779 3868 1834 fe.-

2279 1841 2424 1898 ruut,
2460 1838 2721 1909 tantisper
2749 1842 2888 1898 idem
2938 1865 3160 1920 regnum
3209 1859 3414 1925 tenuit;
3447 1872 3502 1916 et
3551 1838 3866 1925 sacerdotio

2273 1922 2324 1978 in
2357 1926 2554 1996 templo
2581 1930 2758 1988 nullus
2804 1941 3096 1996 secundum
3149 1944 3319 2015 legem
3359 1922 3637 2020 suscessit,
3683 1959 3866 2016 donec

2270 2016 2462 2072 civitas
2487 2037 2551 2075 ac
2583 2025 2840 2094 templum
2875 2045 3044 2102 usque
3069 2036 3136 2090 ad
3166 2038 3336 2095 solum
3373 2043 3547 2099 diruta
3579 2063 3682 2104 una
3723 2067 3857 2106 cum

2267 2111 2464 2181 populo
2491 2115 2777 2173 deleretur.
2807 2121 2863 2176 ln
2895 2121 2997 2180 hoc.
3039 2129 3236 2200 quippe
3277 2143 3520 2206 tempore
3547 2144 3711 2213 cmpit
3753 2145 3860 2199 ho-

2269 2201 2373 2259 tias
2393 2213 2449 2260 et
2499 2209 2850 2277 sacriﬁcium,
2884 2215 3036 2286 juxta
3067 2201 3650 2294 Danielem,deﬁcere:
3697 2244 3751 2289 et
3791 2237 3847 2292 in

2267 2297 2466 2368 templo
2501 2300 2831 2359 abomiuatio
2863 2309 3208 2370 desolationls
3253 2335 3375 2374 esse
3417 2321 3574 2388 (Dan.
3613 2342 3691 2391 rx,
3729 2328 3854 2400 27).

2263 2387 2342 2442 Ac
2373 2391 2626 2463 deinceps
2652 2411 2823 2466 usque
2850 2400 2916 2454 ad
2939 2410 3460 2467 consummationem
3495 2424 3550 2470 et
3577 2433 3750 2488 usque
3777 2424 3853 2476 ad

2263 2479 2448 2548 ﬁnem,
2474 2482 2630 2551 juxta
2673 2493 2919 2548 eumdem
2967 2499 3308 2567 prophetam,
3358 2505 3618 2562 desoiatio
3657 2525 3854 2581 perse-

2262 2583 2416 2631 verat
2444 2592 2459 2641 ;
2494 2577 2546 2632 in
2580 2587 2787 2642 tantum
2826 2595 2902 2648 ut,
2949 2587 3001 2643 in
3029 2589 3147 2646 loco
3172 2607 3281 2662 quo
3309 2597 3462 2666 prius
3505 2577 3765 2674 templum
3797 2616 3857 2662 et

2260 2666 2450 2739 religio
2481 2669 2602 2738 fuit,
2643 2672 2930 2734 Sarraceni
2958 2677 3144 2738 fanum
3175 2687 3402 2743 culturae
3431 2707 3544 2747 suae
3575 2666 3840 2765 habeant,

2260 2759 2312 2814 in
2359 2765 2576 2821 modum
2627 2770 2800 2824 sancti
2847 2773 3072 2844 ~templi,
3121 2777 3188 2831 ad
3237 2779 3666 2850 profanationem
3720 2804 3855 2844 san-

2257 2855 2474 2921 ctuarii,
2505 2859 2648 2928 quod
2687 2875 2781 2916 sua
2829 2861 3030 2934 lingua,
3084 2877 3142 2924 ut
3172 2871 3346 2938 aiunt,
3391 2874 3704 2935 Mischidam
3749 2897 3852 2938 vo-

2257 2954 2406 3000 cant.
2451 2947 2604 3004 Unde
2632 2960 2819 3010 contra
2869 2953 3084 3014 Judams
3127 2959 3256 3017 hinc
3301 2964 3424 3022 inde
3471 2974 3848 3030 contuendum

2255 3037 2443 3092 venire
2501 3044 2821 3100 sententias.
2875 3047 2976 3114 Qui
3027 3055 3277 3120 quamvis
3326 3056 3594 3129 lapideum
3645 3079 3848 3133 gerant

2255 3129 2516 3197 animum,
2549 3142 2724 3190 tamen
2748 3148 3058 3198 sanctarum
3085 3144 3490 3218 Scripturarum
3519 3160 3847 3228 auctoritas,

2255 3227 2311 3274 et
2331 3223 2670 3280 secularium
2697 3227 3000 3288 litterarum
3045 3238 3272 3308 paginas,
3301 3257 3406 3298 non
3435 3247 3615 3303 minus
3641 3262 3844 3308 contra

2251 3326 2345 3365 eos
2375 3313 2626 3376 clamant.
2666 3329 2723 3372 et
2752 3321 3055 3390 revincunt,
3096 3330 3238 3398 quod
3267 3333 3540 3392 obstinato
3564 3343 3837 3400 ctecitatis

2249 3399 2432 3458 animo
2485 3407 2878 3466 contradicunt.
2933 3411 3222 3474 Oratorum
3276 3423 3473 3494 quippe
3518 3441 3845 3500 argumenta

2249 3508 2454 3558 rerum,
2503 3513 2623 3566 qua:
2653 3515 2760 3555 non
2791 3503 2968 3561 minus
3013 3507 3064 3563 in
3111 3509 3400 3584 Evangelio
3425 3535 3586 3588 quam
3619 3523 3670 3578 in
3711 3542 3846 3596 pro-

2244 3586 2424 3660 phetis
2453 3589 2768 3662 interposita
2811 3595 3179 3670 inveniuntur,
3227 3606 3380 3676 plura
3416 3586 3560 3668 sunt.
3610 3614 3688 3671 Ex
3711 3586 3844 3686 qui-

2243 3679 2344 3735 bus
2367 3692 2569 3751 septem
2592 3687 2790 3744 sensim
2815 3689 2938 3748 hinc
2959 3693 3083 3750 inde
3110 3695 3309 3756 Christi
3332 3701 3395 3756 ad
3420 3702 3580 3762 ﬁdem
3605 3707 3841 3777 inserui,

2243 3787 2362 3841 quin
2393 3777 2552 3830 simul
2581 3795 2770 3836 omnes
2792 3783 2988 3840 artium
3028 3789 3319 3860 scriptores
3357 3803 3743 3866 tractaverunt,
3773 3814 3839 3859 et

2242 3865 2296 3921 in
2329 3873 2613 3940 pneceptis
2646 3876 2758 3932 suis
2779 3882 3052 3952 supposita
3087 3885 3437 3958 reliquerunt,
3475 3909 3574 3973 per
3601 3912 3722 3966 quae
3752 3915 3842 3956 re-

2242 3973 2359 4011 rmn
2386 3961 2526 4028 apud
2562 3979 2654 4018 eos
2681 3969 2858 4023 omnis
2883 3975 3114 4030 assertio
3143 3976 3392 4037 ﬁrmatur
3420 3961 3582 4054 atque
3608 3989 3838 4046 conﬁci-

2242 4059 2346 4106 tur.
2392 4053 2662 4121 Quaaritur
2689 4061 2831 4121 enim
2864 4066 2913 4118 in
2945 4071 3090 4124 omni
3126 4086 3410 4134 causarum
3437 4090 3604 4146 statu,
3629 4086 3748 4154 quis
3773 4098 3841 4142 et

2238 4143 2385 4214 quid,
2418 4161 2532 4210 cur,
2564 4149 2671 4213 ulti,
2705 4161 2759 4204 et
2804 4157 3034 4224 quando,
3084 4167 3541 4236 qucnmdmodum,
3575 4176 3837 4244 quibusve

2237 4233 2575 4292 adminiculis
2599 4255 2686 4295 res
2711 4240 2978 4308 iniciatur.
3009 4251 3140 4319 Quze
3165 4256 3320 4312 simul
3345 4233 3625 4333 Scriptura
3639 4282 3838 4335 quam-

2235 4322 2319 4377 vis
2359 4325 2613 4384 distincte
2637 4331 2867 4404 singula,
2918 4345 3135 4410 etquod
3184 4337 3356 4418 majus
3393 4322 3498 4418 est,
3537 4322 3841 4426 propheta-

2235 4432 2355 4472 rum
2385 4419 2616 4491 eloquiis
2643 4427 2918 4494 roborata,
2949 4443 3002 4487 et
3043 4439 3354 4508 angelorum
3389 4447 3615 4506 vocibus
3643 4450 3839 4508 decio-

2235 4518 2352 4564 rata
2388 4515 2542 4570 nobis
2567 4517 2618 4572 in
2660 4519 2876 4579 Christo
2905 4527 3162 4598 reddidit;
3191 4544 3461 4605 quatenus
3488 4556 3588 4598 nec
3620 4543 3840 4604 ludatis

2234 4601 2300 4654 ad
2336 4601 2493 4659 ﬁdem
2535 4608 2792 4666 miracula
2824 4614 3095 4686 deessent,
3122 4638 3218 4683 nec
3259 4625 3462 4690 Graecis
3489 4633 3844 4702 sapientibus

2233 4691 2300 4746 ad
2341 4700 2771 4764 persuadendum
2809 4705 2876 4762 de
2902 4709 3002 4765 hac
3038 4727 3192 4768 saera
3233 4719 3534 4788 nativitate,
3565 4726 3836 4785 crelendi

2231 4787 2445 4853 negotia
2487 4789 2664 4846 minus
2701 4793 2974 4854 adessent.
3024 4803 3154 4868 Quis
3197 4815 3376 4866 autem
3422 4813 3492 4868 sit
3537 4816 3628 4886 qtti
3652 4827 3828 4876 natus

2233 4885 2339 4939 est,
2391 4879 2621 4948 primum
2656 4885 2966 4956 requiratur
3019 4890 3183 4948 Isaias
3233 4901 3524 4969 propheta,
3573 4915 3628 4962 et
3672 4908 3836 4967 dicat

2233 4966 2375 5036 quod
2404 4970 2493 5040 qui
2524 4982 2682 5030 natus
2704 4987 2804 5040 est,
2835 4981 2903 5034 sit
2933 4986 3112 5055 magni
3143 4966 3354 5047 consilii
3382 4997 3624 5068 angelus,
3656 5002 3838 5076 120

2231 5059 2636 5132 appelleturque
2653 5067 2827 5124 Fortis
2843 5083 2898 5127 et
2916 5075 3246 5148 Dominator,
3263 5083 3422 5140 Pater
3434 5059 3596 5146 futuri
3613 5059 3834 5166 δωρειιῖ

2229 5157 2280 5203 et
2310 5151 2569 5224 Princeps
2602 5160 2751 5226 pacis
2777 5161 2909 5232 (Isu.
2947 5183 3020 5231 Ix,
3055 5168 3150 5238 6):
3185 5173 3272 5229 hic
3308 5174 3496 5244 Iesus,
3520 5198 3680 5257 quem
3720 5151 3838 5244 an:

2229 5241 2382 5311 gaius
2411 5243 2686 5312 signanter
2730 5255 3014 5310 annuntiat
3049 5257 3238 5317 Filium
3269 5241 3554 5333 Altissimi:
3590 5284 3644 5328 et
3689 5293 3833 5347 pro-

2229 5330 2514 5398 phetarum
2565 5335 2776 5407 eloquia
2832 5339 3070 5400 futurum
3120 5353 3402 5410 nominant
3451 5356 3830 5426 Salvatorezu.

2230 5418 2366 5487 Quid
2399 5433 2578 5478 autem
2607 5427 2696 5490 sit,
2731 5428 2870 5484 idem
2901 5435 3067 5489 etiam
3114 5449 3170 5493 et
3214 5439 3450 5501 Joannrs
3481 5454 3828 5523 evangelista

2227 5521 2477 5580 patenter
2515 5517 2770 5586 insinuat,
2814 5527 2957 5592 quod
2999 5527 3068 5582 In
3112 5533 3368 5606 principio
3428 5539 3654 5598 Verbum
3699 5564 3829 5606 erat

2227 5607 2369 5675 apud
2419 5608 2600 5677 Deum,
2628 5622 2673 5666 et
2723 5615 2866 5671 Deus
2905 5631 3017 5676 erat
3064 5621 3288 5683 Verbum
3313 5630 3494 5702 (Joun.
3539 5653 3578 5700 l,
3614 5639 3683 5710 i).
3741 5643 3832 5703 Ac

2227 5695 2418 5753 demde
2457 5703 2596 5767 quod
2637 5702 2858 5762 Verbum
2888 5727 3012 5766 cura
3040 5714 3238 5784 facsnm
3264 5731 3358 5785 est,
3393 5737 3440 5778 et
3463 5727 3720 5786 habituri!
3761 5738 3825 5792 in

2225 5791 2374 5851 nobis
2407 5792 2597 5866 (liud,
2629 5797 2737 5872 14).
2786 5801 2882 5866 Ubi
2917 5806 3161 5876 profecto
3193 5815 3410 5901 quidem
3441 5829 3497 5877 et
3533 5823 3820 5887 evidenter
