4032 6358
144 396 233 454 ηε

950 374 1312 435 EXPOSITIO
1348 375 1410 431 ΙΝ
1452 365 1891 428 ΗΑΤΊἮΕΗΜ.
1930 396 2002 409 -
2041 364 2170 421 LIB.
2214 363 2276 447 ll,
2320 356 2475 420 CAP.
2510 361 2575 418 ll.

3296 353 3395 409 126

144 527 214 575 est
245 522 544 571 ostensum.
580 506 693 561 Cur
718 511 899 558 autem
931 497 1167 561 venerit,
1208 493 1429 566 angelus
1473 489 1780 548 insinuatA
1810 497 1962 558 petua
1987 484 2169 553 (Joan.
2194 481 2402 555 vt,55).
2424 479 2484 537 in
2507 476 2821 535 Bethieliem
2836 490 2967 548 ergo
2987 473 3250 537 nascitur,
3273 485 3398 540 quia

146 607 378 684 populum
428 601 637 659 scilicet
689 611 847 653 suum
888 612 915 648 a
967 590 1204 663 peccatis
1261 602 1451 643 eorum
1496 583 1708 640 salvum

148 677 325 765 facere,
358 707 437 762 et,
482 703 546 747 ut
578 691 706 747 alibi
749 689 952 743 dictum
994 691 1100 749 est,
1148 681 1341 736 clausis
1395 677 1710 748 apertionem

147 794 413 851 ostendere
445 788 585 853 (Isa.
638 800 749 847 ut,
782 782 853 849 l).
886 779 1055 833 Porro
1102 774 1243 828 idem
1278 789 1293 826 :
1325 768 1423 824 Ubi
1481 765 1709 829 venerit,

148 887 361 942 Joannes
386 882 537 935 dicat
563 876 708 947 quod
730 875 784 927 in
806 888 901 925 sua
924 870 1080 932 venit,
1098 875 1152 922 et
1171 864 1434 934 propheta
1456 858 1715 914 describit

150 980 310 1033 dicens
339 989 354 1026 :
379 971 463 1037 Tu
495 967 818 1026 Betltlehem,
848 972 985 1015 terra
1008 957 1043 1011 .l
1049 957 1175 1021 uda,
1206 971 1308 1008 non
1330 969 1384 1007 es
1412 950 1629 1004 minima
1660 949 1713 1002 in

150 1065 448 1139 principibus
484 1061 637 1115 Iuda
666 1073 685 1110 :
711 1073 778 1112 ea:
807 1065 855 1108 te
883 1054 1020 1107 enim
1041 1050 1174 1105 exiet
1213 1047 1323 1102 dua:
1348 1046 1435 1116 qui
1460 1052 1600 1112 regat
1624 1058 1715 1111 po~

149 1130 305 1229 pulum
334 1168 512 1207 meum
547 1147 719 1204 Israel
743 1144 930 1218 (Mich.
954 1158 1010 1206 ν,
1042 1142 1122 1203 2).
1172 1139 1305 1197 Dux,
1342 1148 1583 1204 inquam,
1628 1130 1715 1184 cui

151 1225 422 1318 repositum
449 1250 592 1303 erat,
625 1254 785 1309 quem
828 1233 1011 1290 Daniel
1041 1231 1225 1300 utique
1254 1229 1493 1283 futui-um
1522 1225 1717 1295 prteri-

150 1315 304 1394 derat.
338 1333 573 1403 Quando
603 1347 731 1383 vero
761 1327 925 1389 venit,
958 1335 1087 1379 tunc
1107 1322 1291 1390 utique
1316 1318 1533 1388 quando
1554 1315 1720 1384 cmpit

151 1434 247 1487 dux
286 1430 354 1484 de
407 1427 548 1483 Iuda
603 1421 873 1483 deﬁcere,
914 1433 977 1472 ac
1024 1416 1274 1485 princeps
1312 1411 1379 1465 de
1427 1406 1722 1463 femoribus

153 1527 283 1595 citis,
310 1520 523 1593 quando
574 1516 717 1571 venit
762 1510 1034 1582 plenitudo
1065 1517 1366 1576 temporum
1403 1522 1414 1556 :
1451 1503 1503 1557 in
1532 1499 1722 1554 diebus

164 1589 359 1671 scilicet
385 1610 604 1665 Herodis
635 1606 801 1673 regis,
828 1603 918 1672 qui
942 1599 1050 1669 jam
1083 1598 1382 1667 alienigena
1413 1601 1599 1647 contra
1642 1589 1720 1643 Ie-

156 1723 269 1777 gem
304 1707 355 1759 in
395 1702 575 1758 1mm
612 1698 894 1769 regnabat.
944 1689 1406 1761 Quemadmodum
1448 1686 1613 1756 igitur
1654 1684 1727 1738 sit

154 1807 322 1859 natus,
373 1790 721 1846 manufestum
771 1784 915 1856 quod
959 1780 1302 1838 incliabilitcr
1344 1779 1409 1833 de
1464 1775 1724 1845 Virgine:

1813 594 1940 635 vera
1969 580 2161 635 domus
2187 577 2343 650 panis
2371 574 2484 631 sola
2504 572 2745 629 Ecclesia
2760 570 3195 627 Christianorum
3217 574 3399 619 osum.

1802 674 1976 737 ‘ditur,
2003 681 2155 728 extra
2183 687 2345 744 quam
2382 669 2538 741 panis
2566 666 2655 722 illc
2682 664 2919 721 caelestis
2956 678 3062 717 non
3106 660 3401 716 invenitur.

1815 769 1950 824 Hinc
1981 767 2146 839 igitur
2174 767 2227 821 in
2255 763 2518 835 praesepio
2547 760 2785 832 ponitur,
2828 756 2975 813 velut
2999 756 3210 826 piorum
3245 754 3405 807 uber-

1816 862 1987 917 rimus
2008 845 2374 931 iumentorum
2424 854 2580 909 cibus
2600 893 2616 918 ,
2653 852 2699 906 si
2734 865 2872 922 quos
2902 849 3040 903 forte
3072 846 3282 900 ratione
3309 856 3404 899 ca-

1814 964 1998 1011 rentes
2022 954 2335 1015 invenerat,
2375 947 2607 1003 refectos
2634 945 2890 1000 alimento
2912 939 3174 1013 spirituali
3203 937 3267 993 ad
3306 953 3404 992 an-

1817 1048 2043 1119 gelicam
2068 1044 2354 1102 sublimius
2376 1040 2606 1095 referret
2632 1037 2972 1109 dignitatem.
3015 1034 3088 1088 De
3113 1048 3222 1102 quo
3248 1028 3433 1084 nimiv

1817 1154 1936 1195 rum
1965 1135 2262 1192 nativitatis
2300 1134 2440 1199 loco,
2482 1132 2651 1187 latius
2693 1137 2817 1201 post
2860 1125 3138 1199 paululum
3181 1120 3412 1191 captica-

1818 1234 1870 1290 bi
1878 1242 1982 1289 tur.

1893 1326 2051 1387 Ecce,
2075 1325 2271 1395 inquit,
2317 1324 2464 1395 magi
2499 1323 2563 1376 ab
2602 1317 2816 1377 Oriente
2842 1322 3090 1372 venerunt
3115 1306 3416 1379 Hierosoly-

1819 1436 1962 1474 mam
1986 1419 2212 1472 dicentes
2234 1435 2253 1472 :
2294 1414 2395 1471 Ubi
2418 1426 2491 1469 est
2521 1415 2610 1485 qui
2644 1424 2798 1467 natus
2835 1419 2908 1463 est
2945 1424 3035 1461 rea:
3067 1399 3418 1459 Juda'oruin?

1822 1511 1879 1566 lu
1910 1511 2081 1581 magis
2108 1525 2238 1579 ergo
2278 1509 2397 1562 istis
2432 1506 2545 1574 jam
2586 1505 2719 1559 lizlcs
2749 1502 2988 1573 gentium
3010 1540 3024 1562 ,
3054 1496 3199 1552 velut
3230 1492 3420 1565 primi-

1826 1604 1933 1669 “LP,
1969 1603 2193 1657 Domino
2221 1608 2645 1663 consecrantur;
2672 1597 2764 1666 qui
2795 1609 2892 1665 per
2926 1592 3086 1646 iidem
3116 1588 3170 1643 in
3195 1586 3419 1644 Oriente

1825 1699 1976 1753 sidus
2013 1705 2316 1757 cernentes,
2372 1695 2691 1747 matutinum
2744 1687 2972 1749 stellam,
3019 1699 3139 1754 qua:
3172 1681 3423 1736 Christus

1828 1799 1931 1853 est,
1971 1788 2203 1843 feliciter
2252 1795 2380 1842 sunt
2421 1785 2613 1840 secuti.
2653 1782 2765 1837 Nisi
2796 1782 2942 1835 enim
2970 1774 3166 1831 lucifer
3195 1771 3422 1828 tttatuli-

153 1892 265 1960 quia
294 1903 484 1942 revera
511 1885 615 1939 iste
645 1882 836 1937 modus
864 1877 1117 1934 nascendi
1144 1890 1249 1929 non
1280 1881 1365 1927 est
1386 1878 1593 1925 natura:
1621 1869 1720 1922 hu-
1752 1933 1754 1937 η

1847 1896 1926 1934 IIIS
1952 1880 2186 1950 primum
2216 1892 2402 1932 eorum
2434 1875 2689 1931 cordibus
2727 1873 2998 1935 oriretur,
3039 1878 3379 1935 nequaquant
3404 1903 3421 1930 ,

156 1996 310 2036 name
345 1975 669 2048 fragilitatis
696 2014 711 2038 ,
740 1973 832 2027 sed
865 1971 1056 2026 divinae
1092 1965 1390 2035 maiestatis
1419 1963 1518 2018 fuit
1543 1962 1727 2032 digna-

158 2075 238 2126 tio.
265 2072 499 2129 Interea.
540 2068 737 2138 quibus
763 2061 1102 2118 adminiculis
1140 2059 1211 2114 sit
1237 2057 1461 2118 factum,
1490 2053 1730 2109 declarat

154 2166 354 2237 angelus
374 2164 447 2217 ad
474 2161 705 2216 Mariam
733 2173 853 2214 cum
884 2156 1013 2210 dicit
1040 2169 1054 2207 :
1083 2152 1235 2220 Quod
1262 2149 1490 2220 Spiritus
1516 2155 1728 2202 sumtus

153 2256 461 2326 superretiiet
491 2254 645 2315 inte,
668 2260 716 2304 et
743 2249 903 2303 virtus
951 2244 1205 2301 ditissimi
1248 2239 1572 2296 obumbrubit
1614 2238 1726 2291 tibi.

152 2350 308 2417 Atque
336 2346 474 2401 illud
503 2362 519 2397 :
572 2342 728 2409 Quod
755 2349 932 2394 nutum
960 2348 1033 2393 est
1058 2338 1112 2391 in
1133 2352 1196 2391 ea
1223 2335 1287 2393 de
1318 2332 1521 2403 Spiritu
1551 2340 1730 2384 sancto

152 2440 255 2509 fuit.
284 2438 352 2492 Et
377 2438 510 2506 quia
536 2441 804 2503 praecepta
830 2432 941 2485 lucc
966 2427 1403 2498 philosophorum
1420 2424 1487 2478 ad
1516 2438 1735 2492 persua-

152 2532 367 2586 dendum
438 2525 741 2582 incredulis
803 2524 1050 2578 videntur
1104 2520 1233 2589 ipsis
1278 2532 1398 2573 esse
1460 2530 1731 2586 congrua,

154 2625 334 2678 idcirco
372 2620 738 2693 apposuimus
779 2626 837 2671 ut
885 2615 1010 2671 hinc
1065 2613 1187 2668 inde
1235 2617 1478 2681 patescat
1520 2608 1735 2663 divinus

153 2730 314 2770 sermo
337 2712 573 2784 quantis
606 2708 847 2765 redoleat
877 2704 1249 2766 sacramentis,
1281 2701 1571 2771 quantisve
1597 2712 1734 2768 prm-

154 2809 372 2864 entineat
396 2804 647 2869 indiciis,
679 2810 734 2859 et
759 2798 1029 2871 praecellat
1062 2795 1404 2853 stecularium
1432 2792 1735 2847 litterarum

152 2902 383 2971 eloquiis.
428 2899 531 2953 Est
557 2898 706 2950 enim
740 2891 1074 2949 constantior
1108 2890 1161 2945 in
1191 2886 1440 2948 dicendo.
1468 2884 1738 2954 copiosior

157 2995 197 3045 iu
225 2993 465 3062 eloquio,
511 2986 836 3059 profundior
866 2987 916 3037 in
947 2997 1133 3046 sensu,
1166 2980 1220 3034 in
1252 2976 1527 3034 intellectu
1573 2974 1742 3030 subli-

156 3085 300 3148 mior,
358 3081 692 3136 luminosior
738 3078 791 3131 in
844 3083 1154 3146 prospectu,
1201 3071 1419 3131 suavior
1448 3068 1504 3124 in
1552 3076 1737 3137 gustu,

154 3179 339 3230 ωτιὶοιν
366 3178 422 3230 iu
449 3174 740 3246 prouisso,
775 3168 1103 3224 fructuosior
1145 3166 1199 3221 in
1226 3171 1511 3234 proventu.
1564 3162 1739 3229 Quam

1828 1970 1979 2027 stella
2024 1968 2244 2040 prrevia,
2285 1982 2466 2039 regem
2501 1964 2808 2021 Judzrorum
2844 1971 2951 2016 tam
2992 1964 3307 2013 constanter
3337 1954 3420 2007 iu-

1828 2063 2125 2133 quircrent.
2159 2059 2399 2115 Fuerunt
2440 2066 2620 2112 autem
2648 2095 2663 2116 ,
2715 2061 2774 2107 ιιι
2810 2054 2982 2117 aiunt,
3014 2051 3080 2104 de
3105 2061 3301 2119 genere
3330 2045 3429 2098 Ba-

1831 2154 1994 2215 laam.
2036 2165 2490 2221 successoresque
2520 2147 2907 2203 doctrinarum
2939 2142 3080 2214 ejus,
3121 2148 3176 2196 et
3213 2139 3335 2193 ideo
3359 2151 3425 2189 ex

1832 2246 2111 2316 prophetia
2144 2243 2288 2299 illius
2316 2241 2622 2297 evidentius
2650 2241 3056 2308 cognoverunt,
3085 2229 3230 2302 quod
3262 2228 3425 2281 etiam

1832 2338 1887 2392 in
1920 2338 2164 2392 doctrina
2199 2335 2441 2391 studiose
2488 2332 2811 2393 recolentes,
2850 2326 3085 2398 experiri
3134 2320 3426 2378 secundum

1833 2429 2170 2499 disciplinam
2228 2426 2397 2496 ipsius
2436 2424 2573 2479 artis
2624 2423 3043 2477 meditabantur.
3095 2414 3230 2470 liam
3282 2411 3427 2481 magi

1835 2519 1976 2574 idem
2006 2528 2132 2573 sunt
2163 2518 2254 2588 qui
2277 2524 2463 2586 postea
2500 2513 2870 2569 mathematici
2904 2518 3031 2563 sunt
3057 2506 3257 2570 vocati,
3291 2517 3427 2575 quo-

1837 2626 1955 2666 rutn
1978 2620 2061 2666 est
2092 2610 2143 2664 in
2168 2608 2339 2663 stellis
2366 2605 2705 2662 nascentium
2748 2602 2905 2672 122
2943 2609 3094 2654 ortus
3139 2596 3428 2666 inspicere,

1835 2710 1892 2757 et
1920 2718 1985 2756 ex
2040 2701 2269 2755 mathesi
2318 2713 2499 2753 rerum
2537 2698 2769 2768 probare
2796 2701 3043 2748 eventus.
3082 2688 3188 2745 Sed
3215 2689 3283 2743 de
3313 2687 3435 2742 istis

1840 2793 2012 2865 magis
2037 2791 2317 2847 fatendum
2344 2791 2526 2861 potius
2546 2789 2689 2860 quod
2717 2804 2780 2843 es
2825 2785 3105 2857 prophetia
3131 2822 3146 2849 ,
3177 2781 3261 2837 vel
3285 2789 3435 2836 certe

1841 2887 2044 2958 Spiritu
2075 2895 2266 2941 sancto
2294 2898 2393 2942 eos
2436 2883 2731 2947 excitante,
2771 2879 3123 2941 crediderint,
3147 2890 3311 2948 quant
3334 2874 3433 2929 ali-

1841 2995 1944 3049 qua
1994 2978 2197 3034 inimici
2240 2976 2430 3032 fraude
2460 2975 2782 3031 substitutos
2822 2973 2890 3028 ad
2937 2970 3097 3026 fidem
3127 2984 3267 3033 esse,
3297 2981 3435 3038 prte-

1842 3071 2182 3127 sertimcum
2239 3067 2591 3139 praeceptoris
2635 3079 2822 3120 eorum
2869 3062 3185 3116 vaticinium
3224 3058 3435 3113 cunctis

1846 3163 1898 3219 in
1922 3163 2133 3233 signum
2160 3168 2305 3215 esset
2326 3159 2522 3213 futurae
2555 3154 2952 3227 promissionis.
2979 3151 3216 3212 Orictur,
3242 3149 3435 3218 inquit,

156 3273 231 3338 qui
271 3238 750 3329 altius-cﬂotlerit,
781 3262 1014 3334 majores
1039 3259 1137 3314 sibi
1169 3260 1450 3317 thesauros
1482 3254 1737 3324 acquirit,
1766 3241 1813 3307 C
1843 3254 1993 3311 stella
2016 3271 2081 3311 ex
2100 3253 2285 3315 Iacob,
2324 3260 2372 3306 et
2394 3258 2666 3318 consurget
2692 3248 2848 3301 homo
2883 3244 2963 3299 vel
2983 3245 3126 3315 uirga
3152 3243 3219 3296 de
3248 3238 3438 3306 Israel,

155 3373 204 3415 et
235 3377 359 3431 qua:
397 3370 529 3415 sunt
574 3356 872 3421 indicilzilia
903 3351 1239 3413 mortalibus,
1277 3347 1454 3409 subito
1477 3361 1576 3416 per
1616 3360 1740 3416 gra-

153 3456 273 3509 tiam
328 3453 574 3525 Spiritus
609 3449 805 3506 ibi-dem
851 3444 1144 3505 adiurauit.
1202 3440 1519 3505 Betltichetn
1559 3447 1739 3494 autem

150 3546 318 3607 Judz,
357 3546 427 3601 ob
455 3542 863 3601 distinctionem
904 3538 1127 3595 alterius
1160 3534 1479 3595 Bethleltetn
1520 3531 1740 3595 dicitur,

152 3656 272 3708 qua:
294 3646 383 3693 est
408 3635 719 3698 intialiltea,
743 3633 796 3686 in
826 3632 965 3687 tribu
981 3628 1239 3693 Zabulou,
1263 3626 1364 3683 etsi
1394 3626 1446 3679 in
1473 3622 1745 3692 antiquio-

154 3730 307 3791 ribus
329 3726 728 3796 exemplaribus
752 3722 951 3781 Judaetc
970 3721 1275 3775 inveniatur
1300 3737 1313 3772 :
1337 3717 1463 3786 quia
1487 3714 1742 3770 nimirum

155 3820 334 3876 ludasa
355 3829 465 3873 tota
487 3818 571 3872 illa
595 3815 747 3888 regio
770 3815 953 3871 decent
969 3812 1207 3867 tribuum
1228 3806 1574 3878 intelligitur;
1607 3803 1745 3859 Juda

161 3927 306 3973 vero,
335 3910 446 3964 sola
505 3907 593 3961 illa
637 3906 811 3960 tribus
856 3904 1023 3957 David
1070 3916 1164 3971 per
1188 3901 1292 3955 hoc
1322 3898 1560 3968 apertius
1598 3894 1744 3950 desi-

158 4015 370 4074 gtlilttl'.
408 4001 567 4073 121
608 4000 699 4054 Est
746 4009 925 4052 autem
953 4010 1139 4051 earum
1182 4003 1413 4061 utraque
1459 3990 1513 4044 in
1541 3988 1746 4053 Iudaea,

160 4106 207 4149 ct
234 4096 359 4149 ideo
390 4095 479 4148 hic
501 4092 786 4163 legendum
820 4098 901 4143 est
937 4085 1109 4151 JuiL'c,
1139 4093 1198 4138 ut
1239 4082 1636 4154 significantius
1663 4079 1749 4139 illa

161 4187 498 4257 exprimatur
546 4182 745 4236 civitas
794 4178 960 4234 David
1003 4177 1058 4231 in
1104 4175 1246 4230 tribu
1296 4172 1472 4239 Juda,
1529 4172 1596 4227 de
1644 4186 1749 4241 qua

71 4336 77 4345 ,
159 4278 405 4339 Christus
435 4275 532 4330 diu
564 4270 880 4345 prepltetice
922 4267 1281 4340 repromissus
1313 4264 1748 4334 exspectabatur.

164 4371 298 4433 llxc,
329 4373 582 4440 inquam,
614 4376 700 4425 est
736 4365 926 4421 civitas
958 4361 1123 4417 David
1155 4362 1206 4415 in
1240 4367 1386 4415 sorte
1408 4357 1581 4423 tribus
1603 4355 1755 4415 ludit:

163 4464 209 4514 iu
248 4471 406 4519 sexto
434 4459 661 4530 quidem
692 4454 942 4517 utilliario
974 4452 1042 4507 ab
1084 4450 1225 4507 Elia
1266 4451 1391 4514 sita,
1419 4457 1608 4505 contra
1639 4462 1754 4513 nte—

165 4553 420 4606 ridianam
462 4548 700 4619 plagam,
743 4545 897 4616 juxta
923 4544 1061 4601 viam
1102 4557 1222 4612 qua:
1255 4541 1395 4615 ducit
1426 4538 1664 4595 Hebron.
1698 4539 1755 4599 lu

1845 3359 1892 3405 et
1948 3347 2198 3420 percutiet
2257 3345 2414 3400 duces
2474 3342 2663 3407 Moab,
2722 3339 3045 3410 vustabitquc
3077 3351 3254 3395 omnes
3298 3333 3439 3403 ﬁlios

1848 3442 1993 3508 Sella,
2043 3443 2243 3511 eritque
2272 3438 2514 3493 Idutnu'a
2562 3433 2817 3505 possessio
2875 3432 2990 3502 ejus
3047 3428 3238 3499 (Num.
3288 3440 3439 3491 μιν,
3498 3431 3514 3444 ‘

1852 3534 1936 3599 l7,
1967 3534 2076 3603 18).
2119 3532 2184 3587 Ει
2208 3538 2323 3600 post
2351 3527 2622 3599 paululum
2650 3544 2662 3578 :
2692 3524 2766 3578 Dc
2795 3522 2961 3583 Judn,
2988 3522 3179 3589 inquit,
3211 3519 3333 3581 erit,
3352 3516 3443 3586 qui

1846 3625 2143 3679 dominetur
2181 3632 2228 3676 et
2276 3619 2459 3690 perdat
2510 3616 2758 3687 reliquias
2805 3614 3032 3668 civitatis
3072 3610 3279 3683 '(lbid.,
3334 3608 3439 3678 l9).

1842 3717 1981 3784 Quae
2021 3715 2277 3769 nimirum
2319 3710 2527 3782 singula
2578 3724 2737 3763 nemo
2774 3706 2866 3777 qui
2897 3706 2963 3759 de
2994 3703 3212 3758 Christo
3237 3700 3445 3763 dubitet

1852 3806 2098 3878 intelligi.
2150 3805 2300 3862 Unde
2334 3814 2389 3858 et
2430 3802 2516 3857 isti
2543 3841 2557 3862 ,
2601 3799 2691 3856 tali
2717 3798 2892 3857 edocti
2937 3795 3233 3868 prarconio,
3264 3793 3443 3847 divina

1852 3899 2154 3970 inspirante
2199 3896 2395 3967 gratia,
2444 3893 2784 3953 nativitatem
2824 3890 3022 3946 summi
3054 3888 3206 3942 ducis
3253 3884 3449 3956 praedi-

1853 4004 2003 4059 cant,
2041 3993 2131 4064 qui
2161 3992 2397 4047 nondum
2429 3988 2604 4043 locum
2636 3986 2690 4041 in
2711 4000 2819 4055 quo
2841 3990 3159 4037 nasceretur
3189 3978 3445 4048 agnovim-

1854 4095 1995 4144 seut.
2043 4086 2317 4142 Noverunt
2373 4083 2535 4153 igitur
2581 4078 2724 4149 quod
2778 4093 2845 4132 ex
2898 4073 3154 4130 vaticinio
3204 4066 3449 4139 magistri

1855 4197 2017 4251 quem
2050 4180 2399 4236 sectabantur
2443 4180 2820 4245 perceperant,
2860 4179 2915 4224 et
2956 4166 3275 4238 ignorabant
3299 4163 3450 4233 peni-

1859 4268 1947 4332 tus
1971 4275 2145 4331 locum
2174 4286 2335 4340 quem
2372 4267 2497 4322 alibi
2525 4282 2622 4337 per
2637 4264 2955 4334 prophetam
2980 4260 3215 4330 Spiritus
3231 4265 3453 4313 sanctus

1858 4363 2191 4422 declarabat.
2241 4359 2379 4417 Hinc
2422 4371 2553 4413 sane
2610 4354 2670 4411 lit
2720 4355 2863 4408 inter
2907 4350 3123 4406 lodices
3158 4356 3214 4402 et
3263 4356 3455 4418 gentes

1862 4458 1997 4513 mira
2036 4452 2404 4510 doctrinarum
2448 4447 2684 4503 vicissim
2730 4442 3104 4500 commutatio.
3154 4439 3231 4494 Illi
3277 4439 3454 4492 locum

1865 4548 2157 4605 insinuant,
2198 4542 2289 4612 qui
2321 4548 2534 4609 tempus
2565 4538 2827 4592 adventus
2876 4531 3090 4589 Domini
3136 4547 3244 4587 non
3296 4543 3454 4584 reco-

163 4660 255 4714 qua
304 4644 575 4698 nimirum
618 4637 795 4701 adhuc
838 4637 998 4692 hodie
1033 4634 1337 4706 sepulcrum
1375 4630 1528 4688 Jcsse
1557 4646 1621 4689 ac
1654 4630 1754 4685 Da-

1866 4647 2150 4715 gnoscnnt.
2179 4637 2390 4716 Quippe
2424 4634 2549 4704 quia
2591 4633 2851 4703 scriptum
2888 4639 2972 4685 est
2997 4628 3139 4699 quod
3172 4625 3383 4686 Milvus,
3409 4634 3455 4678 et

167 4740 244 4792 vi!
277 4737 639 4793 ostrnditur:
681 4746 992 4803 quanquam
1035 4739 1090 4783 et
1128 4728 1257 4782 alibi
1290 4727 1431 4782 idem
1479 4726 1531 4781 in
1572 4724 1760 4780 Hieru-

168 4832 321 4885 salem
346 4828 604 4899 sepultus
627 4825 856 4895 legatur.
894 4820 1208 4877 Bethlchem
1233 4819 1429 4890 quippe
1451 4817 1638 4873 domus
1660 4833 1758 4887 pa-

170 4925 241 4979 nis
266 4927 692 4997 interpretatur,
730 4932 794 4971 ex
826 4931 932 4985 quo
960 4914 1213 4968 nimirum
1254 4911 1574 4982 [inesagium
1604 4911 1761 4965 indu-

170 5020 299 5071 citur
351 5016 694 5079 futurarum,
743 5010 884 5080 quod
921 5007 1120 5065 ibidem
1163 5004 1317 5074 panis
1351 5003 1524 5067 vivus,
1567 5002 1659 5073 qui
1694 5001 1759 5057 de

171 5111 298 5163 caelo
329 5104 625 5162 descendit
654 5103 722 5159 ad
764 5099 1115 5154 refectionem
1162 5111 1350 5151 eorum
1377 5094 1469 5166 qui
1501 5093 1759 5149 credituri

170 5211 338 5265 erant,
390 5198 730 5270 quandoque
780 5200 1115 5255 nasceretur.
1150 5187 1287 5242 Nam
1319 5196 1477 5242 antea
1529 5186 1765 5256 Ephrata

172 5289 596 5349 vocabatur,sed
619 5294 800 5357 postea
823 5290 1155 5340 commutato
1174 5278 1437 5334 vocabulo
1450 5276 1763 5332 Betlileliem

174 5380 571 5453 significantius
615 5376 947 5429 nominatur.
982 5370 1138 5433 Grrit
1163 5368 1306 5424 enim
1346 5368 1573 5436 figuram
1604 5366 1766 5420 totius

175 5472 424 5529 Ecclesiae
454 5513 470 5535 ,
535 5484 658 5540 qua:
713 5466 904 5520 domus
966 5463 1124 5533 panis
1171 5476 1274 5517 non
1324 5458 1768 5515 inconvenicuter

175 5568 400 5631 dicitur;
430 5568 487 5619 in
533 5579 638 5633 qua
671 5560 914 5630 quotidie
937 5558 1226 5615 credentes
1249 5553 1457 5610 caelesti
1485 5551 1768 5609 dulcvdine

169 5655 275 5723 jam
309 5659 402 5712 illo
434 5657 660 5711 aluntur
682 5653 805 5707 cibo
848 5649 1116 5720 angelico,
1165 5656 1219 5701 et
1262 5644 1600 5714 saginantur,
1642 5644 1765 5703 dum

178 5763 513 5825 pragustzmt
536 5763 759 5805 carnem
778 5762 842 5801 ac
853 5746 1166 5817 Sanguinem
1185 5740 1584 5812 Redemptoris.
1607 5737 1766 5808 Caro,

178 5843 369 5933 inquit,
402 5861 526 5900 mea
549 5858 697 5897 verus
725 5849 801 5906 est
831 5839 997 5907 rbus,
1021 5847 1067 5899 et
1107 5835 1320 5913 sanguis
1352 5851 1496 5899 uicus
1523 5850 1669 5901 verus
1694 5842 1769 5893 est

1866 4735 2109 4795 hirundo,
2144 4746 2207 4789 ac
2250 4727 2477 4790 ciconia,
2507 4724 2864 4781 custodierunt
2903 4732 3103 4789 tempus
3142 4736 3333 4775 suum:
3362 4733 3441 4788 po-

1866 4826 2020 4898 pulus
2049 4832 2220 4883 autem
2241 4821 2455 4879 Domini
2492 4836 2598 4875 non
2625 4817 2927 4875 custodierit
2948 4815 3213 4886 judicium
3234 4814 3328 4867 Dei
3351 4812 3457 4875 sui,

1868 4933 2030 4987 neque
2066 4926 2263 4983 tempus
2307 4912 2622 4969 uisitationis
2689 4908 2983 4981 cognouerit
3035 4907 3169 4979 (λεν.
3214 4921 3329 4966 vin,
3380 4904 3455 4972 7).

1866 5010 1959 5068 Isti
1991 5023 2115 5063 vero
2144 5023 2175 5061 θ
2211 5015 2402 5061 contra
2460 5014 2671 5074 tempus
2718 5001 3035 5073 praedicant,
3077 5000 3167 5069 qui
3204 4992 3458 5052 nascendi

1871 5106 2047 5161 locum
2077 5118 2142 5157 ei;
2175 5100 2456 5171 disciplina
2504 5099 2637 5155 artis
2660 5114 2770 5154 suae
2794 5103 3069 5167 nequeunt
3102 5090 3445 5160 comprehetr

1871 5199 2019 5254 dere.
2070 5195 2154 5251 Ab
2199 5193 2423 5255 Oriente
2470 5206 2684 5262 quoque
2732 5189 2951 5246 veniunt
2995 5183 3456 5253 Hierosolymam,

1875 5290 1999 5361 quia
2029 5289 2221 5344 civitas
2244 5284 2487 5342 altissimi
2539 5284 2632 5339 Dei
2674 5283 2780 5337 illa‘
2811 5283 2863 5338 in
2913 5289 3022 5336 toto
3067 5277 3303 5347 fulgebat
3327 5274 3460 5328 urbe

1879 5394 2169 5457 terrarum,
2195 5388 2254 5439 ut
2280 5395 2347 5435 ex
2376 5379 2511 5448 ipsa,
2536 5377 2680 5449 quod
2719 5377 2896 5432 minus
2918 5379 3075 5428 erant
3101 5368 3301 5432 edocti,
3328 5366 3462 5421 divi-

1874 5478 1959 5532 nis
1988 5475 2195 5546 legibus
2217 5472 2581 5545 erudirentur.

1950 5568 2056 5623 Sed
2091 5565 2359 5638 quomodo
2394 5563 2641 5617 venerint
2682 5574 2748 5613 cx
2780 5558 3018 5620 Oriente,
3047 5565 3314 5613 terrarum
3343 5566 3462 5621 spite

1881 5661 1953 5718 tia
1980 5659 2289 5729 longissima
2340 5657 2393 5712 in
2428 5664 2535 5710 tam
2566 5651 2743 5707 subito
2780 5657 3162 5720 peragrantes,
3195 5662 3299 5703 non
3334 5642 3466 5713 satis

1879 5763 2124 5827 apparet,
2159 5752 2259 5807 nisi
2303 5750 2440 5805 forte
2488 5757 2606 5817 post
2649 5760 2874 5808 annum,
2906 5752 2965 5799 ut
3004 5742 3222 5813 quidam
3255 5737 3467 5800 volunt.

1881 5848 2093 5923 venisse
2114 5845 2400 5905 credantur
2424 5880 2439 5907 .
2477 5840 2621 5914 quod
2651 5837 2866 5919 penitus
2909 5846 3058 5897 stare
3084 5835 3289 5907 nequit.
3329 5829 3462 5913 Quia
