4032 6358
617 329 721 384 127

1435 329 1492 384 S.
1523 328 1885 426 PASCHA'SH
1922 329 2270 389 RADBEHTI
2307 331 2600 388 ABBATIS
2638 329 3087 389 CORBEIENSIS

3821 337 3945 393 128

617 444 662 498 si
691 451 814 514 post
865 458 1065 498 annum
1107 457 1175 498 eo
1215 455 1385 513 usque
1425 443 1724 509 venissent,
1769 458 2109 515 nequaquam
2153 445 2208 500 in
2237 448 2289 508 Α
2315 444 2459 499 dicat
2509 441 2861 515 evangelista,
2910 441 3014 496 illis
3057 440 3126 497 ab
3158 439 3492 498 Hierusalem
3547 445 3892 502 exeuntibus
3921 492 3940 515 ,

617 535 899 608 prmsepio,
934 546 994 589 ut
1041 533 1389 606 Evangelium
1435 543 1640 603 narrat,
1689 536 1783 592 sed
1828 536 1940 606 jam
1993 551 2117 591 eum
2157 537 2213 593 in

617 623 911 698 Egyptum
940 625 1177 682 delatum
1197 641 1419 697 prorsus
1443 626 1797 683 invenissent.
1823 627 1940 694 Quo
1970 627 2212 697 profecto

616 728 766 791 patet
795 721 937 791 quod
967 720 1034 776 ad
1064 721 1439 776 duodecimum
1464 721 1716 776 venerint
1756 721 1916 786 diem,
1951 729 2006 776 et
2046 736 2111 776 eo
2139 721 2212 776 sit

616 813 976 870 Kalendarum
1015 814 1245 870 articulo
1273 831 1303 869 a
1336 814 1508 885 magis
1539 814 1592 868 in
1640 814 1906 885 praesepio
1929 813 2208 880 adoratus,

615 923 722 978 quo
754 916 941 979 postea
981 909 1037 962 in
1088 905 1323 961 Jordane
1377 908 1556 976 specie
1615 905 1876 961 columbae
1929 921 1960 960 a
2005 904 2211 975 Spiritu

614 1011 802 1058 sancto
861 1010 1177 1073 perunctus,
1209 1010 1265 1056 et
1313 1017 1446 1056 voce
1488 1010 1738 1073 paterna,
1783 1000 1886 1054 Hic
1929 1010 2003 1055 est
2035 998 2209 1054 Filius

595 1099 756 1150 ‘meus
798 1095 1040 1160 dilectus,
1075 1096 1143 1150 de
1189 1095 1327 1151 cmlo
1361 1096 1698 1150 testificatus.
1752 1095 2082 1149 Duodecimo
2114 1110 2210 1148 au-

611 1196 719 1241 tem
763 1185 852 1242 die
904 1187 1107 1243 idcirco
1156 1203 1249 1242 eos
1291 1187 1549 1258 possibile
1592 1197 1713 1257 apte
1747 1186 1988 1242 creditur
2007 1187 2211 1242 adven-

611 1287 777 1343 taSse,
811 1281 1068 1350 quoniam
1095 1281 1273 1334 omnis
1325 1279 1413 1333 illa
1444 1295 1571 1351 pars
1599 1279 1842 1334 anterior
1866 1281 2102 1350 regionis
2137 1277 2208 1332 ab

607 1367 944 1428 Hierusalem
972 1373 1095 1444 jure
1122 1371 1318 1428 Oriens
1360 1372 1679 1444 appellatur,
1734 1373 1873 1427 sicut
1901 1373 2064 1428 etiam
2093 1374 2207 1442 ipsa

607 1466 943 1520 consuetudo
972 1465 1222 1537 loquendi
1254 1467 1434 1531 docet,
1471 1475 1527 1522 et
1572 1466 1870 1522 auctoritas
1899 1465 2206 1523 divinarum

609 1556 1014 1628 Scripturarum
1062 1557 1245 1613 multis
1285 1557 1442 1629 123
1489 1559 1542 1613 in
1593 1558 1729 1613 locis
1777 1559 1852 1611 ita
1887 1559 2091 1627 debere
2119 1559 2204 1614 in-

610 1647 775 1720 tclligi
810 1649 1022 1718 probat.
1060 1648 1211 1704 Unde
1234 1648 1485 1704 Habacuc
1514 1648 1580 1703 de
1605 1650 1706 1704 hac
1751 1649 1866 1720 ipsa
1922 1651 2205 1708 nativitate

605 1741 1031 1815 gratulabundus
1057 1744 1227 1807 canit,
1269 1742 1454 1798 dicens
1489 1760 1500 1797 :
1533 1743 1672 1798 Deus
1715 1743 1780 1798 ab
1815 1745 2009 1799 Austro
2045 1747 2197 1800 venit.

2321 533 2480 608 124
2501 536 2646 607 quod
2671 535 2806 589 Ecce
2846 535 2998 591 stella
3018 551 3178 606 quam
3203 534 3438 589 viderant
3458 536 3514 590 in
3547 535 3779 602 Oriente,
3819 556 3942 593 an—

2314 627 2575 682 tecedebat
2609 643 2714 681 eos.
2764 626 2873 682 Nec
2912 625 3099 696 utique
3145 626 3524 682 demonstrans
3573 638 3757 684 utrum
3791 630 3943 701 ipsa

2312 722 2630 792 perduxerit
2657 737 2751 776 eos
2804 720 3257 793 Hierosolymam,
3309 731 3364 777 et
3391 723 3664 779 civitatem
3701 726 3936 796 regiam

2315 815 2580 869 intrantes
2608 815 2925 878 deseruerit,
2958 830 3026 869 an
3072 823 3304 879 tantum,
3353 825 3641 887 postquam
3673 817 3939 872 exierint

2314 908 2381 962 ab
2413 907 2766 974 Hierusalem,
2795 905 2984 962 eadem
3017 907 3130 978 ipsa
3166 907 3340 969 stella.
3376 924 3540 978 quam
3571 910 3830 964 viderant
3871 912 3935 967 in

2313 1002 2536 1059 Oriente
2585 1002 2770 1072 positi,
2809 1003 2914 1057 dux
2953 1019 3017 1057 ac
3047 1017 3230 1058 comes
3263 1003 3476 1057 itineris
3508 1018 3630 1059 esse
3656 1006 3930 1075 coeperit.

2311 1094 2496 1150 Potest
2521 1096 2720 1166 quippe
2763 1111 3085 1167 congruere,
3115 1097 3254 1150 sicut
3296 1097 3452 1151 multi
3479 1098 3766 1152 doctorum
3795 1107 3933 1152 tra-

2312 1189 2464 1249 dunt,
2493 1188 2637 1258 quod
2658 1202 2724 1242 ex
2749 1185 2975 1243 Oriente
2997 1204 3092 1243 eos
3115 1188 3544 1259 Hierosolymam
3570 1190 3929 1259 perduxerit.

2311 1278 2379 1334 Et
2406 1280 2532 1334 dum
2562 1280 2842 1350 requirunt
2880 1282 3177 1336 lmmanum
3212 1282 3370 1352 quasi
3393 1297 3460 1335 ex
3482 1281 3596 1352 lege
3622 1283 3928 1350 auxilium,

2311 1385 2436 1424 mox
2459 1370 2642 1425 divino
2667 1372 3055 1426 destituuntur.
3087 1371 3194 1426 Sed
3235 1373 3281 1426 si
3310 1372 3622 1439 diligentius
3648 1373 3928 1443 inspicia-

2312 1467 2418 1526 tur,
2465 1476 2808 1532 nequaquam
2847 1463 3128 1531 Evangelii
3173 1464 3371 1518 veritas
3415 1465 3647 1532 probare
3691 1465 3930 1519 videtur

2309 1553 2452 1624 quod
2483 1555 2548 1609 ad
2571 1553 2810 1610 Judaeam
2848 1571 2942 1610 cos
2981 1556 3068 1610 illa
3097 1556 3431 1626 perduxerit.
3463 1556 3577 1612 lmo
3604 1557 3658 1612 in
3682 1556 3926 1614 Oriente

2310 1654 2518 1702 tantum
2547 1662 2640 1702 eos
2663 1647 2873 1704 stellam
2909 1649 3112 1704 vidisse
3155 1649 3381 1715 fatetur,
3407 1664 3472 1704 ex
3505 1664 3609 1718 qua
3647 1650 3926 1706 nimirum

2308 1741 2622 1797 intellexere
2649 1751 2838 1797 natum
2868 1744 2922 1798 in
2943 1742 3150 1810 Judzea,
3177 1745 3245 1802 de
3264 1760 3372 1815 quo
3395 1744 3610 1799 Balaam
3643 1746 3925 1816 praedixe-

602 1834 787 1904 Itaque
800 1837 924 1906 quia
940 1837 1279 1903 Bethlehem,
1298 1839 1386 1894 ubi
1411 1837 1660 1894 Christus
1683 1847 1842 1894 natus
1863 1849 1966 1906 est,
1996 1840 2064 1895 ad
2091 1855 2202 1896 me-
2230 1820 2278 1880 Β
2306 1844 2412 1890 ι’ξιι-
2446 1835 2673 1905 Propter
2693 1836 2834 1906 quod
2866 1836 2940 1890 illi
2968 1838 3151 1891 Slalim
3184 1845 3242 1891 ul
3267 1837 3637 1908 conspiciunt,
3658 1836 3919 1895 Judmam

605 1927 870 1984 ridiauam
898 1930 1112 2002 plagam
1148 1931 1218 1986 ab
1247 1930 1584 1986 Hierusalem
1619 1941 1774 1988 sexto
1800 1931 1975 1988 ferme
2007 1932 2201 1987 millia-

603 2019 686 2074 rio
716 2021 818 2074 sita
849 2031 952 2087 est,
988 2023 1192 2078 idcirco
1228 2023 1296 2078 ab
1341 2023 1530 2078 eadem
1572 2033 1729 2093 parte
1772 2024 2011 2095 regionis
2054 2033 2202 2081 recte

601 2112 817 2168 venisse
864 2115 1082 2170 dicitur.
1128 2114 1370 2169 Fuerunt
1406 2130 1637 2185 namque
1680 2115 1790 2180 isti,
1823 2124 1881 2170 ut
1906 2116 2110 2182 ferunt,
2133 2116 2201 2173 de

603 2213 745 2259 terra
768 2204 1080 2272 Persarum,
1103 2207 1251 2262 velut
1272 2205 1546 2262 Juvencus
1578 2215 1764 2263 noster
1787 2209 1935 2264 canit
1962 2224 1978 2264 :

731 2306 958 2370 Tumque
980 2307 1124 2370 jubet
1148 2307 1328 2359 Persas
1354 2307 1634 2359 extendere
1661 2322 1882 2372 gressus,

603 2395 909 2464 specialiter
923 2405 1102 2452 tamen
1117 2396 1312 2464 Evilat,
1338 2396 1426 2452 ubi
1449 2397 1686 2454 abundat
1705 2414 1896 2453 aurum
1913 2401 2197 2471 Optimum,

605 2487 882 2543 habitasse
897 2488 1212 2543 creduntur.
1231 2487 1306 2544 De
1319 2489 1514 2559 quibus
1531 2489 1728 2545 lsaias:
1749 2489 1817 2544 In
1838 2501 2065 2564 tempore
2080 2493 2193 2561 illo,

607 2581 806 2650 inquit,
832 2581 1068 2652 defertur
1089 2599 1280 2637 munus
1315 2583 1540 2638 Domino
1585 2586 1906 2639 exercituum
1951 2604 1982 2640 α
2005 2588 2196 2658 populo

600 2675 805 2731 divulso
847 2687 894 2732 et
934 2677 1247 2743 dilacerata,
1300 2695 1333 2731 a
1379 2679 1572 2749 populo
1609 2681 1849 2746 terribili,
1888 2691 2004 2751 post
2043 2699 2196 2748 quem

598 2785 702 2823 non
733 2769 834 2839 fuit
857 2769 996 2825 alius
1020 2770 1156 2842 (lsa.
1195 2787 1352 2837 xvm,
1380 2771 1454 2842 7).
1484 2772 1598 2827 Hoc
1624 2781 1804 2828 autem
1826 2776 2192 2846 hyperbolice,

596 2873 816 2934 propter
847 2862 1135 2919 Persarum
1184 2865 1614 2922 robustissimam
1645 2876 1862 2939 gentem
1884 2910 1898 2933 ,
1929 2870 2096 2935 dicit;
2128 2872 2196 2926 ad

595 2953 750 3023 cujus
788 2964 915 3010 tunc
963 2955 1260 3026 potentiam
1310 2957 1489 3014 nullus
1538 2958 1622 3013 his
1678 2959 1730 3013 in
1775 2959 1906 3015 locis
1967 2961 2196 3031 populus

594 3056 960 3118 comparatur.
994 3047 1070 3102 De
1115 3049 1310 3118 quibus
1354 3050 1497 3121 magi
1534 3051 1836 3116 venientes,
1869 3052 1963 3108 Dei
1998 3063 2195 3125 agente

596 3149 750 3206 mutu,
778 3140 994 3196 Christo
1023 3155 1249 3197 munera
1295 3142 1619 3199 detulerunt.
1663 3144 1801 3200 Hinc
1830 3145 2026 3201 iterum
2076 3148 2193 3218 ipse

596 3231 798 3288 fatetur
837 3232 1064 3304 loquens
1095 3250 1110 3288 :
1145 3232 1335 3289 Omnes
1372 3236 1437 3291 de
1476 3235 1619 3291 Saba
1659 3239 1865 3292 venient
1908 3257 2099 3295 aurum
2145 3251 2194 3296 et

594 3327 714 3380 llius
754 3326 1043 3396 deferente:
1074 3367 1090 3392 ,
1152 3337 1200 3380 et
1257 3327 1468 3382 laudem
1532 3328 1760 3383 Domino
1817 3332 2192 3388 annuntiantes

506 3434 517 3442 ·
597 3418 750 3490 (Ιεα.
802 3436 892 3487 1.x,
930 3420 1016 3493 6).
1055 3419 1191 3489 Quia
1243 3421 1498 3476 nimirum
1549 3419 1690 3478 Saba
1725 3423 1830 3479 illis
1864 3424 1917 3478 in
1948 3427 2192 3494 partibus

596 3514 832 3570 Persidis
882 3515 1122 3584 regionis
1174 3511 1368 3569 fluvius
1417 3513 1680 3581 decurrit,
1712 3532 1780 3570 cx
1818 3533 1926 3587 quo
1958 3529 2068 3572 tata
2100 3518 2192 3573 illa

595 3607 764 3677 regio,
793 3606 1012 3677 proprio
1050 3603 1292 3673 ejusdem
1325 3617 1669 3677 nuncupatur
1691 3607 1952 3663 vocabulo
1977 3649 1992 3675 ,
2033 3606 2190 3678 juxta

589 3715 756 3770 quam
790 3697 990 3752 Arabia
1037 3697 1203 3768 jacet,
1249 3705 1304 3752 et
1345 3698 1575 3754 confinis
1624 3708 1706 3754 est
1751 3700 1985 3770 regionis
2025 3700 2188 3755 illius.

600 3793 754 3850 Unde
783 3803 837 3848 et
880 3791 1049 3845 David
1075 3809 1089 3845 :
1126 3789 1293 3857 Vivet,
1332 3791 1528 3861 inquit,
1560 3801 1608 3845 et
1651 3791 1864 3845 dabitur
1891 3794 1938 3845 ei
1965 3793 2029 3847 de
2059 3809 2189 3846 auro

594 3884 824 3940 Arabite.
863 3884 943 3938 Ac
985 3892 1107 3952 post
1140 3899 1350 3952 pauca:
1401 3882 1567 3952 Reges
1602 3883 1821 3938 Tltursis
1871 3895 1920 3940 et
1978 3885 2184 3948 insulte,

596 3993 813 4031 munera
848 3977 1086 4046 o/ferent,
1124 3993 1266 4045 reges
1306 3977 1542 4031 Arabum
1588 3987 1635 4031 et
1686 3977 1830 4033 Saba
1857 3978 1998 4033 dona
2021 3978 2192 4032 addu~

592 4077 708 4122 cent
733 4065 906 4139 (Psal.
936 4084 1084 4134 LXXI,
1115 4068 1200 4133 i0,
1253 4068 1365 4140 15).
1407 4069 1541 4123 Nam
1571 4080 1628 4124 et
1655 4070 1708 4124 in
1740 4070 1824 4124 his
1858 4069 2187 4141 regionibus,

595 4161 662 4216 ad
687 4161 1008 4215 orientalem
1037 4159 1248 4231 plagam
1278 4160 1793 4232 Hierosolymorum,
1823 4177 2012 4232 magos
2035 4177 2190 4232 reges

594 4254 892 4319 exstitisse,
924 4269 1080 4309 nemo
1122 4255 1214 4324 qui
1242 4253 1501 4310 historias
1533 4253 1662 4326 legit
1699 4255 2004 4326 gentilium,
2033 4255 2189 4328 igno-

598 4355 712 4411 rat;
755 4361 863 4415 quo
905 4346 1150 4417 profecto
1181 4361 1335 4418 reges
1357 4361 1453 4402 eos
1497 4345 1664 4402 fuisse
1692 4348 2001 4419 opinamur.
2029 4347 2186 4416 Quia,

596 4439 699 4492 etsi
731 4439 832 4492 tria
861 4454 1043 4494 rermn
1072 4455 1296 4496 munera
1340 4439 1597 4496 detulisse
1627 4440 1896 4510 leguntur,
1925 4457 2033 4497 non
2069 4442 2191 4497 ideo

2303 1937 2515 1998 petunt,
2542 1938 2597 1984 et
2639 1929 2916 1985 civitatem
2946 1931 3174 2001 regiam,
3203 1931 3294 1985 ubi
3319 1933 3435 2002 ejus
3471 1933 3824 1990 nativitatem
3850 1952 3922 1990 ex

2302 2020 2634 2092 propheticis
2677 2021 2911 2077 oraculis
2957 2023 3335 2088 crediderant,
3386 2039 3685 2095 agnoscere
3744 2027 3919 2080 devc-

2301 2116 2475 2170 niunt.
2517 2115 2614 2172 Ubi
2637 2132 2758 2172 cum
2783 2115 3097 2172 Bethlebem
3128 2131 3251 2172 eum
3299 2129 3490 2174 natum
3516 2134 3582 2175 ex
3611 2123 3919 2192 propheta-

2304 2225 2423 2263 rum
2450 2210 2776 2266 testimoniis
2804 2200 3216 2282 comperissent,
3242 2228 3368 2268 mox
3395 2213 3523 2270 illuc
3548 2217 3650 2270 iter
3669 2219 3916 2288 agressi,

2299 2317 2428 2358 ecce
2457 2303 2671 2359 stellam
2705 2319 2868 2376 quam
2899 2305 3146 2360 viderant
3171 2306 3226 2361 in
3255 2306 3478 2364 Oriente
3498 2311 3756 2378 pmeviam
3793 2327 3918 2366 cer-

2299 2405 2491 2454 nentes
2521 2405 2930 2470 recognoscunt.
2965 2398 3056 2455 Sic
3099 2414 3332 2472 namque
3365 2401 3532 2456 habes
3575 2402 3626 2456 in
3660 2403 3914 2475 Evange-

2300 2489 2372 2550 lio
2419 2490 2725 2546 dicentibus
2785 2491 3004 2562 magis:
3051 2489 3324 2560 Vidimus,
3372 2492 3644 2564 inquiunt,
3693 2494 3912 2549 stellam

2298 2582 2412 2651 ejus
2445 2583 2501 2636 in
2535 2582 2762 2638 Oriente.
2810 2584 2996 2655 Neque
3031 2585 3176 2640 enim
3225 2584 3466 2641 fatentur
3513 2589 3656 2658 quod
3701 2603 3803 2644 cos
3846 2589 3914 2641 ah

2297 2672 2522 2729 Oriente
2551 2673 2678 2729 illuc
2718 2676 3057 2745 perduxerit,
3089 2678 3182 2732 sed
3217 2687 3423 2734 tantum
3451 2698 3465 2734 :
3509 2677 3748 2735 Vidimus
3790 2683 3914 2736 stel-

2296 2763 2404 2819 lam
2433 2766 2547 2836 ejus
2573 2767 2627 2821 in
2652 2765 2886 2823 Oriente.
2929 2768 3031 2835 Qui
3065 2785 3189 2824 cum
3228 2771 3474 2841 profecto
3509 2775 3788 2830 audissent
3834 2795 3914 2831 re-

2296 2876 2431 2930 gem,
2459 2859 2731 2930 sequitur,
2763 2861 3024 2926 abierunt,
3065 2873 3112 2916 et
3145 2880 3262 2919 ecce
3296 2865 3448 2920 stella
3485 2883 3641 2937 quam
3663 2868 3910 2923 viderant

2296 2950 2352 3003 in
2375 2951 2588 3006 Oriente
2610 2953 2940 3008 antecedebat
2987 2970 3095 3009 eos.
3139 2956 3200 3010 Et
3248 2973 3426 3029 neque
3475 2959 3732 3015 scribitur
3760 2963 3911 3032 quod

2297 3042 2423 3097 alibi
2451 3057 2570 3098 eam
2593 3045 2869 3111 vidissent,
2913 3062 3090 3117 neque
3111 3051 3254 3119 quod
3277 3067 3461 3107 comes
3490 3054 3703 3109 itineris
3727 3067 3905 3111 esset.

2302 3135 2686 3194 Verumtamen
2723 3141 2825 3196 etsi
2868 3142 2940 3196 ita
2970 3145 3164 3213 possit,
3189 3161 3252 3202 ac
3282 3147 3325 3202 si
3351 3149 3688 3205 enucleatius
3715 3152 3912 3222 expla-

2300 3229 2441 3294 nari,
2490 3244 2595 3285 non
2641 3247 2764 3286 mox
2793 3233 2942 3302 prior
2974 3235 3332 3305 plurimorum
3387 3243 3656 3296 sententia
3685 3244 3910 3298 videtur

2297 3318 2610 3378 refellenda.
2657 3322 2814 3391 Quia,
2846 3327 2946 3381 etsi
2982 3343 3146 3385 cursu
3177 3331 3391 3388 itineris
3420 3334 3502 3388 sui
3530 3335 3763 3392 visibilis
3797 3353 3906 3393 non

2294 3415 2599 3483 pI'aBCCSSH,
2635 3424 2814 3472 tamen
2868 3419 3228 3478 illustratione
3268 3425 3398 3480 fidei
3449 3427 3594 3483 intus
3624 3428 3678 3482 in
3720 3431 3911 3484 animo

2294 3521 2479 3563 comes
2514 3507 2631 3563 fuit.
2659 3508 2813 3576 Quod
2856 3521 3036 3568 autem
3068 3515 3308 3572 sidereas
3348 3518 3466 3574 vias
3495 3535 3600 3574 non
3634 3524 3902 3586 tenuerit,

2296 3599 2604 3654 ostenditur
2625 3617 2692 3654 ex
2724 3601 2828 3656 hoc
2855 3603 2998 3672 quod
3032 3605 3252 3662 stetisse
3299 3624 3462 3678 supra
3501 3610 3591 3665 ubi
3623 3620 3742 3666 erat
3771 3627 3911 3682 puer

2295 3700 2570 3747 narratur.
2600 3692 2738 3760 Quia
2774 3695 2816 3750 si
2849 3695 2901 3749 in
2936 3711 3149 3752 summa
3193 3701 3317 3755 cmli
3347 3716 3472 3758 arce
3505 3703 3648 3758 inter
3675 3715 3910 3762 exteras

2294 3784 2396 3839 sita
2428 3794 2608 3852 esset,
2643 3787 2933 3858 unicuique
2958 3788 3141 3844 domui
3188 3793 3240 3847 in
3269 3795 3420 3848 omni
3457 3795 3547 3850 illa
3571 3779 3797 3853 civitate
3819 3816 3897 3854 su-

2295 3892 2391 3947 pra
2416 3879 2674 3934 verticem
2728 3889 2875 3936 stare
2915 3883 3210 3940 videretur.
3257 3885 3412 3944 Unde
3443 3896 3696 3958 patenter
3765 3892 3906 3947 iusi-

2295 3978 2429 4023 nuat
2467 3970 2694 4024 multum
2732 3987 2853 4026 eam
2895 3973 3077 4029 domui
3111 3978 3345 4033 vicinam
3375 3981 3427 4034 in
3454 3997 3558 4050 qua
3593 3998 3732 4052 puer
3761 3994 3907 4042 erat.

2293 4061 2532 4117 stetisse.
2557 4062 2847 4129 Caeterum,
2879 4067 2923 4120 si
2958 4068 3011 4121 in
3037 4067 3164 4123 οωιί
3196 4079 3385 4126 centro
3413 4071 3584 4128 locata
3615 4074 3905 4138 radiasset,

2296 4162 2356 4208 ut
2371 4154 2471 4225 ipsi
2489 4155 2552 4210 de
2571 4155 2794 4226 reliquis
2812 4160 3041 4228 probare
3053 4176 3341 4230 possumus
3356 4163 3539 4236 signis,
3563 4181 3738 4236 neque
3753 4167 3881 4222 vian
3893 4197 3909 4206 -

2299 4245 2445 4303 tibus
2472 4246 2577 4303 illis
2605 4248 2709 4304 iter
2732 4261 3083 4317 monstraret,
3118 4267 3294 4323 neque
3325 4255 3544 4310 domum
3569 4256 3623 4310 in
3641 4271 3749 4326 qua
3771 4273 3911 4327 puer

2294 4347 2414 4393 erat
2426 4339 2705 4410 signanter
2717 4343 3130 4412 cxprimeretJn
3145 4361 3253 4415 quo
3266 4347 3520 4401 nimirum
3537 4348 3720 4417 operis
3737 4363 3909 4418 nego-

2297 4432 2398 4499 tio,
2425 4443 2662 4504 quatuor
2683 4436 2844 4490 simul
2870 4437 3120 4494 videntur
3150 4455 3470 4511 congruere,
3488 4441 3700 4511 signum
3718 4442 3910 4496 videli‘

596 4549 742 4595 mox,
781 4548 849 4586 ex
889 4532 1180 4604 Evangelia
1242 4548 1349 4588 non
1402 4533 1634 4602 amplius
1671 4549 1835 4604 quam
1878 4543 1987 4588 tres
2022 4533 2192 4590 fuisse

2303 4531 2406 4589 cet,
2430 4539 2494 4578 ac
2519 4527 2822 4596 prophetia,
2848 4537 2902 4582 et
2923 4529 3318 4585 demonstratio
3335 4571 3352 4598 ,
3382 4541 3544 4602 atque
3569 4532 3747 4602 typica
3775 4532 3908 4589 Hie-

593 4624 875 4695 probatur.
915 4624 1022 4680 Sed
1070 4639 1138 4680 ex
1183 4624 1475 4680 traditione
1530 4625 1816 4695 majorum,
1868 4636 1927 4680 ut
1968 4643 2066 4697 per
2099 4642 2194 4684 eos

595 4716 834 4787 gentium
866 4716 1180 4784 multitudo,
1213 4733 1333 4788 quae
1362 4717 1427 4772 de
1467 4717 1639 4773 tribus
1668 4716 1781 4774 Noe
1822 4717 1949 4774 filiis
1977 4721 2193 4776 enasci-

597 4820 703 4874 tur,
734 4811 799 4864 ad
832 4811 997 4866 fidem
1045 4810 1252 4866 Christi
1292 4819 1518 4866 ventura
1561 4812 2004 4883 praesignaretur.
2049 4813 2196 4881 Quo-

597 4921 715 4960 rum
737 4905 865 4975 quia
916 4905 1134 4962 nomina
1161 4905 1325 4960 etiam
1361 4921 1392 4960 a
1430 4904 1848 4977 quamplurimis
1873 4905 2080 4962 viritim
2104 4922 2198 4963 ex-

595 4999 920 5070 primuntur,
985 5007 1162 5069 potest
1209 4997 1328 5053 ﬁeri
1379 5006 1456 5052 tot
1500 4997 1774 5068 principes
1823 4998 2103 5070 religionis
2133 5015 2198 5054 ac

596 5095 850 5165 potentiae
879 5094 1014 5148 tanti
1052 5091 1264 5146 itineris
1286 5091 1579 5156 exstitisse,
1619 5101 1673 5146 et
1701 5091 1837 5147 alios
1862 5093 2198 5164 quampluri-

596 5201 714 5241 mos
748 5185 802 5240 in
832 5201 928 5239 suo
954 5181 1236 5247 comitatu,
1276 5182 1418 5236 sicut
1466 5196 1585 5236 mos
1609 5190 1694 5237 est
1725 5197 2066 5252 magnorum,
2110 5199 2200 5238 so-

598 5277 711 5331 cios
742 5276 1017 5332 habuisse.
1047 5271 1302 5342 Alioquin
1339 5271 1553 5327 videtur
1598 5272 1814 5327 diflicile
1866 5282 1925 5328 ut
1955 5273 2053 5329 soli
2088 5283 2199 5332 tres

597 5367 843 5423 homines
903 5382 1000 5440 per
1055 5364 1258 5420 alienas
1308 5363 1617 5442 provincias
1682 5373 1892 5420 tantum
1952 5366 2200 5423 subirent

597 5461 895 5534 negotium,
927 5470 984 5517 et
1005 5475 1224 5517 omnem
1247 5458 1680 5532 Hierosolymam
1710 5474 1809 5515 suo
1832 5461 2022 5516 nuntio
2049 5476 2196 5516 com-

595 5565 900 5613 moverent.

672 5647 782 5705 Sed
832 5657 1015 5704 utrum
1069 5649 1223 5707 stella
1266 5665 1429 5721 quam
1461 5649 1712 5706 viderant
1767 5649 1821 5703 id
1863 5647 2087 5705 Oriente
2127 5649 2198 5704 sit

597 5752 740 5807 orta,
781 5759 849 5818 an
877 5742 1038 5798 etiam
1061 5757 1126 5797 eo
1154 5743 1317 5812 positi
1359 5742 1426 5798 ad
1471 5742 1821 5799 Occidentem
1857 5756 1976 5797 eam
2013 5749 2195 5797 natam

598 5837 1003 5907 conspexcriut,
1047 5836 1258 5891 videtur
1321 5835 1633 5908 ambiguum
1675 5854 1686 5890 :
1739 5836 2043 5918 praesertim
2075 5851 2197 5894 cum

2301 4615 2536 4671 rusalem
2569 4617 2726 4688 125
2756 4635 2912 4675 nova:
2933 4620 3036 4676 title
3057 4624 3256 4692 praevia
3278 4624 3513 4679 cmlestis
3535 4624 3904 4695 adingressio.

2303 4706 2533 4779 Signum
2563 4709 2607 4762 si
2636 4711 2851 4780 quidem
2899 4712 3059 4782 hujus
3097 4717 3345 4786 mysterii
3390 4715 3493 4771 fuit
3531 4716 3784 4772 columna
3818 4716 3905 4772 illa

2310 4802 2467 4874 ignea
2497 4819 2618 4873 qua:
2650 4805 3007 4862 antecedebat
3039 4809 3296 4879 populum
3323 4808 3420 4864 Dei
3471 4808 3904 4881 Hierosolymam
4000 4795 4001 4802 “

2301 4905 2600 4966 petentem,
2626 4912 2726 4967 per
2757 4915 2920 4969 quam
2951 4900 3185 4972 Spiritus
3206 4910 3430 4957 sanctus
3470 4902 3665 4956 ductor
3711 4916 3906 4958 eorum
4000 4899 4001 4902 “

2306 4988 2644 5059 designatur,
2667 4990 2761 5059 qui
2793 4992 2861 5045 ad
2899 4990 3178 5047 Christum
3205 4993 3452 5048 veniunt.
3485 4989 3641 5048 Unde
3681 4994 3906 5062 quidam

2311 5075 2576 5148 Spiritum
2609 5089 2857 5135 sanctum
2883 5097 2984 5153 per
3031 5083 3242 5138 stellam
3272 5084 3417 5138 velut
3445 5085 3500 5138 in
3534 5083 3787 5140 columba
3825 5087 3904 5140 vi-

2305 5186 2424 5225 sum
2451 5170 2620 5228 fuisse
2645 5181 2922 5239 astruu'nt,
2951 5175 3094 5244 quod
3147 5176 3368 5231 omnino
3413 5175 3767 5247 Evangelium
3797 5192 3904 5231 non

2307 5259 2572 5330 loquitur,
2629 5266 2807 5333 hcque
2841 5263 3120 5336 probabile
3174 5274 3268 5320 aut
3314 5265 3607 5320 verisimile
3649 5266 3901 5328 videtur;

2305 5368 2616 5424 quanquam
2646 5363 2701 5410 et
2747 5357 2862 5427 ipsa
2891 5357 3118 5426 ﬁguram
3149 5359 3380 5430 gesserit
3423 5357 3660 5430 Spiritus
3702 5359 3900 5423 sancti,

2307 5459 2404 5514 per
2420 5462 2581 5517 quem
2615 5447 2750 5504 fides
2782 5451 2836 5504 in
2867 5449 3030 5504 corde
3055 5451 3393 5504 credentium
3419 5450 3613 5506 radiat.
3659 5449 3904 5523 Prophe-
4000 5439 4001 5466 ξ

2307 5540 2394 5594 tite
2441 5541 2657 5611 quidem
2711 5541 2834 5609 fuit,
2886 5550 2945 5596 ut
2995 5542 3353 5613 praetulimus,
3393 5543 3726 5615 adimpletio,
3779 5545 3903 5617 quia

2306 5633 2513 5690 dictum
2565 5644 2684 5689 erat
2727 5649 2743 5689 ε
2792 5634 3007 5690 Orietur
3047 5635 3202 5691 stella
3249 5654 3314 5691 ex
3337 5635 3523 5700 Iacob,
3567 5645 3614 5692 et
3660 5648 3903 5709 exsurget

2306 5729 2460 5781 Immo
2504 5728 2559 5782 in
2613 5725 2804 5781 Israel.
2855 5727 2988 5784 Nam
3035 5729 3137 5786 etsi
3179 5730 3245 5786 de
3296 5728 3514 5786 Christo
3556 5729 3900 5801 simpliciter,

2310 5819 2524 5878 Orietur
2552 5819 2700 5877 stella
2721 5837 2785 5876 ea:
2806 5821 2993 5892 Iacob,
3024 5825 3194 5900 possit
3219 5823 3468 5896 intelligi,
3491 5823 3617 5896 quia
3642 5822 3734 5878 illa
3759 5823 3902 5882 velut
