4032 6358
181 332 280 388 129

1009 331 1483 390 EXPOSITIO-IN
1524 333 1963 394 MATTHA‘ZUM.
2001 367 2072 379 -—
2107 335 2236 392 LIB.
2279 337 2342 402 ll,
2375 336 2529 394 CAP.
2571 339 2638 394 ll.

3364 340 3467 395 130
3509 397 3512 402 .

177 447 240 501 de
277 445 426 502 uelo
472 445 723 500 innuitur
769 444 1068 513 exstitisse,
1124 447 1360 504 fatemur
1401 458 1583 506 tamen
1633 453 1776 522 quod
1803 459 1856 520 Α
1880 454 2026 510 enim
2048 468 2170 510 eum
2199 469 2299 510 suo
2327 453 2646 524 subjiciebat
2684 452 2934 526 imperio,
2960 454 3056 510 sed
3078 453 3168 526 pio
3195 453 3470 512 indicabat

177 539 242 593 ad
272 547 575 609 utrumque
603 537 802 594 referri
830 547 1007 610 quaeat
1038 557 1052 594 :
1079 541 1207 611 quia
1235 549 1289 596 et
1317 541 1585 610 Christus,
1617 543 1776 614 juxta

182 633 325 701 quod
350 631 600 687 Joannes
625 632 682 686 in
718 631 1044 703 Apocalypsi
1076 632 1235 702 (xxii,
1264 632 1356 705 16)
1393 649 1489 689 sua
1517 635 1774 708 loquitur,

176 726 325 782 stella
351 726 497 792 fuit;
536 735 594 781 et
620 727 678 781 in
719 741 806 792 ea,
834 742 959 798 quae
1007 727 1277 799 apparuit,
1335 726 1613 785 Christum
1656 746 1778 788 esse

177 827 552 874 monstratum
613 819 1061 875 manifestissime
1133 820 1486 892 approbatur.
1561 821 1776 879 Nullum

171 910 340 980 igitur
371 911 604 980 signum
627 913 1019 982 congruentius
1062 922 1280 985 poterat
1305 930 1570 987 apparere
1597 917 1665 972 ad
1695 917 1779 972 iu-

169 1003 481 1067 vitandum,
515 1019 687 1074 quam
723 1019 822 1074 per
841 1004 985 1075 quod
1006 1004 1140 1062 fides
1171 1007 1505 1063 credentium
1537 1010 1778 1065 radiaret

165 1093 218 1148 in
249 1095 563 1162 miraculo;
594 1105 653 1151 et
681 1111 809 1151 vera
838 1112 959 1166 quae
983 1095 1232 1155 Christus
1258 1110 1363 1166 est,
1393 1101 1548 1157 stella
1588 1118 1655 1157 ex
1688 1102 1779 1159 Ja-

159 1188 264 1241 cob
297 1189 739 1260 prmsignarctur
759 1204 828 1244 ex
849 1189 1094 1245 oraculo.
1115 1191 1213 1247 Cui
1238 1192 1486 1263 profecto
1512 1210 1641 1251 vera
1672 1196 1778 1253 ﬁde

157 1279 393 1337 Christo
406 1282 782 1352 obsequentes
803 1283 1152 1354 contigurati,
1180 1301 1280 1356 per
1306 1288 1536 1356 bocjam
1553 1290 1778 1362 jamque

165 1377 314 1431 velut
329 1378 510 1433 stella:
528 1379 817 1444 caelorum,
844 1388 1043 1436 aeterna
1059 1383 1418 1453 perpetuitate
1427 1385 1776 1454 collucentes,

172 1471 386 1526 virtute
418 1471 540 1542 spei
584 1472 635 1525 in
682 1473 1002 1528 cmlestibus
1045 1477 1419 1545 praesiderent.
1467 1479 1606 1546 Quid
1633 1481 1776 1535 enim

166 1565 398 1634 aptius,
432 1580 595 1634 quam
623 1582 711 1636 per
737 1566 955 1622 stellam
982 1568 1133 1634 ﬁdes,
1161 1585 1266 1640 qua
1299 1571 1409 1626 itur
1437 1572 1504 1626 ad
1539 1572 1773 1638 stellam,

166 1657 541 1722 ostenditur;
586 1668 642 1711 ut
683 1673 781 1727 per
811 1674 954 1724 eam,
987 1661 1113 1730 quia
1156 1661 1336 1717 lumen
1364 1664 1643 1734 proprium
1673 1681 1778 1720 non

162 1748 471 1812 habemus,
517 1749 774 1805 illustrati
816 1761 1076 1822 perpetua
1105 1750 1411 1810 aeternitate
1441 1755 1623 1812 lucere
1651 1772 1781 1827 pos-

1879 547 2160 618 obsequio.
2203 546 2436 603 Proinde
2464 556 2680 604 constat
2718 561 2839 603 eam
2887 562 2995 603 non
3041 561 3106 603 ex
3158 547 3263 603 illis
3296 547 3465 604 fuisse

1879 640 2072 706 stellis,
2111 655 2232 712 qua:
2255 641 2324 695 ab
2356 639 2512 696 initio
2541 639 2752 696 itineris
2775 639 3022 696 ordinem
3064 649 3422 694 servaverunt
3448 654 3463 693 :

1877 735 1974 790 sed
1996 749 2134 790 novo
2161 733 2394 805 Virginis
2420 743 2579 804 partu
2608 748 2806 790 novum
2833 733 2984 788 sidus
3008 731 3280 804 apparuit.
3312 731 3466 799 Quod

1879 827 2242 883 ministerium
2287 823 2446 881 ollicii
2487 826 2570 882 sui
2616 826 2784 882 etiam
2823 824 2956 896 ipsis
2983 823 3156 895 magis
3193 822 3470 879 Christum

1881 917 2272 990 quaerentibus,
2303 933 2426 973 cum
2475 928 2602 974 ante
2650 917 2846 972 faciem
2889 915 3130 987 praeiret,
3176 915 3466 978 exhibuit;

1881 1009 2053 1064 donec
2101 1024 2196 1064 eos
2225 1023 2396 1079 usque
2440 1007 2506 1062 ad
2540 1009 2716 1079 ipsum
2763 1007 2942 1064 locum
2978 1006 3068 1061 ubi
3106 1005 3200 1062 Dei
3233 1004 3467 1060 Verbum

1880 1101 2062 1158 infans
2078 1112 2220 1168 erat,
2247 1103 2538 1173 praeeundo
2568 1102 2909 1174 perduceret.
2936 1100 3038 1169 Qui
3063 1102 3280 1156 tandem
3305 1108 3474 1156 astro-

1880 1193 1989 1266 logi
2017 1195 2143 1265 quia
2170 1196 2572 1250 constituerunt
2621 1195 2901 1250 hominum
2933 1192 3268 1249 nascentium
3304 1192 3473 1248 fatum

1881 1284 1982 1338 sub
1997 1283 2187 1351 stellis,
2211 1283 2486 1355 praebeant
2499 1284 2738 1355 aliquam
2761 1283 3040 1340 stellarum
3057 1283 3278 1340 homine
3293 1283 3474 1353 aliquo

1883 1384 2013 1430 nato
2047 1392 2238 1432 cursus
2270 1377 2351 1432 sui
2384 1377 2628 1433 ordinem
2653 1377 2960 1448 reliquisse,
2979 1377 3247 1433 etadeum
3265 1376 3355 1448 qui
3385 1393 3479 1430 na-

1886 1481 1972 1527 tus
1998 1472 2162 1528 fuerit
2193 1475 2523 1545 porrexisse.
2563 1475 2698 1542 Quia
2734 1485 2936 1532 sortem
2975 1476 3171 1547 quippe
3202 1473 3479 1530 nascentis

1886 1573 2157 1647 astrorum
2187 1568 2376 1621 ordine
2406 1567 2563 1640 ligari
2603 1569 2898 1633 aestimant,
2929 1584 3037 1622 non
3079 1577 3350 1623 astrorum
3383 1581 3476 1620 or-

1885 1655 2067 1711 dinem
2093 1656 2162 1711 ab
2189 1657 2425 1714 hominis
2457 1658 2568 1713 nati
2600 1659 2686 1714 die
2712 1674 2870 1729 posse
2892 1658 3111 1714 mutari.
3144 1658 3298 1728 127
3334 1655 3476 1725 Qua-

1884 1760 2108 1820 pmpter
2144 1750 2187 1804 si
2215 1750 2369 1805 stella
2397 1751 2486 1805 illa
2526 1751 2593 1807 de
2623 1751 2707 1806 his
2731 1761 2847 1806 erat
2876 1765 2997 1821 quae
3043 1751 3098 1805 in
3130 1750 3270 1806 casio
3321 1764 3477 1820 pera-

164 1841 387 1897 simus?
458 1842 870 1901 Demonstratio
917 1847 1116 1916 quippe
1163 1847 1367 1904 Christi
1421 1850 1665 1921 profecto
1720 1853 1775 1907 in

1885 1849 2019 1913 gunt
2067 1841 2310 1897 ordinem
2358 1857 2535 1907 suum,
2592 1842 2861 1912 quomodo
2911 1849 3124 1913 poterat
3186 1841 3478 1896 decernere

161 1932 318 1987 stella
349 1931 484 1987 fuit.
519 1933 784 2004 Alioquin
827 1951 932 1990 non
966 1936 1252 1992 dicerent:
1287 1937 1387 1992 Ubi
1408 1951 1481 1994 est
1509 1941 1600 2011 qui
1625 1951 1779 1996 natus

161 2036 236 2079 est
285 2042 384 2079 rea:
435 2024 808 2082 Iudaeorum?
863 2029 1086 2084 vidimus
1131 2032 1271 2085 enim
1325 2032 1531 2087 stellam
1580 2034 1694 2104 ejus
1724 2035 1782 2088 in

162 2118 414 2185 Oriente,
441 2129 494 2174 et
524 2121 769 2176 venimus
789 2121 1014 2176 adorare
1043 2140 1184 2178 eum.
1213 2123 1296 2179 Ad
1325 2140 1485 2195 quem
1515 2126 1607 2197 qui
1652 2143 1782 2198 per-

159 2212 402 2278 venerit,
448 2221 509 2267 et
555 2213 840 2284 ingressus
868 2213 1032 2269 fuerit
1060 2215 1398 2272 Hierusalem
1431 2217 1578 2273 illam
1609 2219 1778 2276 cmic-

157 2313 317 2369 stern,
400 2305 818 2359 monstrabitur
882 2305 934 2361 ei
1001 2307 1262 2363 continuo
1305 2307 1557 2364 Christus
1620 2310 1776 2366 stella

156 2396 440 2450 matutina
482 2395 651 2465 juxta
695 2398 1023 2467 promissum
1053 2396 1299 2465 Joannis,
1348 2409 1405 2454 et
1452 2401 1574 2456 ideo
1617 2418 1782 2474 supra

154 2503 398 2558 puerum
437 2498 598 2544 recte
635 2490 854 2545 stetisse
882 2490 1099 2554 dicitur,
1129 2492 1254 2560 quia
1289 2492 1430 2546 idem
1470 2502 1781 2548 sanctorum

155 2579 387 2635 claritas
408 2581 800 2652 approbatur:
830 2596 992 2651 quam
1010 2582 1100 2651 qui
1131 2585 1498 2654 conspexerit,
1528 2584 1784 2654 gaudebit

157 2671 347 2741 utique
381 2671 600 2742 gaudio
624 2687 824 2743 magno
849 2671 1025 2738 valde,
1056 2683 1111 2729 et
1137 2674 1371 2730 adorare
1410 2682 1536 2729 ante
1563 2690 1784 2745 conspe-

150 2771 306 2816 ctum
339 2763 450 2818 Dei
465 2779 585 2818 non
607 2764 858 2820 desistet.
887 2763 1024 2833 Quia
1043 2768 1261 2822 domum
1290 2768 1457 2824 semel
1482 2770 1778 2841 ingressus,

150 2864 364 2910 aeterna
397 2857 669 2911 satietate
698 2856 901 2913 Christi
932 2858 1086 2915 Latus
1111 2859 1327 2916 fruitur.

231 2946 346 3000 Sed
374 2947 736 3004 Hierusalem
766 2965 864 3004 cur
902 2949 1067 3007 iidem
1096 2953 1237 3022 magi
1264 2954 1589 3011 intraverint
1624 2965 1779 3014 tanto

157 3040 476 3107 praviante
504 3041 738 3106 lumine,
784 3057 889 3096 non
936 3043 1034 3098 abs
1086 3060 1144 3100 re
1192 3045 1394 3101 factum
1423 3047 1775 3104 crediderim.

165 3127 359 3187 Primo
391 3140 460 3188 ut
501 3132 678 3188 Judaei
710 3134 871 3206 126
896 3135 1173 3191 Christum
1205 3154 1313 3194 non
1339 3140 1626 3196 credentes
1649 3157 1779 3211 pro-

1889 1933 2016 2004 quid
2047 1941 2210 1987 natus
2255 1931 2506 1989 Christus
2531 1941 2751 1988 acturus
2782 1944 2921 2000 erat,
2954 1949 3074 2004 quae
3103 1941 3233 1988 nato
3259 1931 3477 1987 Christo

1888 2025 2072 2080 divino
2095 2023 2250 2094 jussu
2304 2042 2464 2096 passa
2511 2035 2597 2083 est
2641 2027 2948 2096 relinquere
2976 2027 3118 2098 quod
3165 2026 3391 2098 agebat?
3421 2024 3478 2080 Si

1887 2127 2091 2184 autem,
2121 2127 2180 2172 ut
2226 2119 2560 2188 probabilius
2605 2120 2871 2186 creditur,
2899 2119 2966 2173 ad
2994 2118 3476 2174 demonstrandum

1884 2211 2159 2266 Christum
2183 2228 2303 2281 quae
2335 2229 2439 2268 non
2469 2222 2588 2268 erat
2638 2221 2829 2268 exorta
2872 2219 2976 2278 est,
3009 2227 3114 2266 non
3171 2210 3292 2266 ideo
3319 2209 3480 2264 Chri-

1887 2310 2006 2359 stus
2039 2315 2197 2359 natus
2219 2315 2302 2359 est
2328 2305 2453 2376 quia
2487 2305 2575 2360 illa
2598 2307 2830 2372 exstitit,
2859 2306 2951 2362 sed
2987 2305 3107 2360 ideo
3130 2303 3218 2359 illa
3261 2303 3473 2360 exstitit

1887 2393 2011 2464 quia
2042 2394 2288 2450 Christus
2312 2404 2470 2450 natus
2498 2405 2598 2451 est.
2646 2395 2762 2466 lpsc
2806 2396 3003 2467 quippe
3032 2395 3128 2461 illi,
3169 2403 3225 2449 et
3259 2407 3362 2449 non
3389 2393 3477 2448 illa

1887 2486 2105 2542 Christo
2133 2489 2390 2543 nascendi
2419 2504 2640 2544 causam
2665 2489 2863 2543 attulit.
2888 2487 3073 2558 Neque
3093 2487 3217 2558 quia
3244 2487 3480 2541 cessavit

1889 2579 1942 2632 in
1974 2579 2272 2649 primordio
2299 2594 2496 2636 novam
2540 2579 2796 2649 deinceps
2852 2579 3091 2634 condere
3142 2586 3475 2640 creaturam,

1889 2673 2011 2730 ideo
2036 2690 2135 2745 per
2167 2676 2268 2730 hoc
2291 2690 2490 2730 novum
2517 2683 2601 2729 est
2632 2673 2849 2745 aliquod
2881 2674 3278 2745 appellandum.
3313 2671 3471 2740 Quia,

1886 2767 1989 2822 etsi
2016 2767 2253 2821 nondum
2277 2777 2392 2822 erat
2420 2783 2539 2838 qum
2568 2767 2710 2822 facta
2734 2776 2818 2823 est
2857 2769 2913 2822 in
2955 2767 3156 2833 subito,
3203 2776 3360 2822 erant
3389 2775 3472 2821 ta-

1889 2875 2013 2916 men
2038 2860 2244 2931 reliqua
2277 2869 2427 2916 astra
2470 2859 2780 2931 singulatim
2808 2859 3130 2930 composita,
3160 2859 3305 2914 inter
3350 2874 3471 2929 quae

1888 2952 1993 3008 ista
2020 2967 2162 3007 novo
2205 2961 2396 3007 exortu
2448 2953 2904 3009 manifestationis
2933 2952 3111 3008 ofﬁcio
3158 2952 3469 3022 deputatur.

1888 3045 2025 3101 Nam
2057 3047 2368 3117 pastoribus
2396 3046 2596 3117 angeli,
2628 3047 2803 3114 magis
2832 3061 2963 3101 vero
3009 3044 3162 3100 stella
3193 3043 3471 3099 Christum

1890 3139 2256 3199 demonstrat;
2299 3138 2545 3209 utrisque
2573 3145 2755 3192 tamen
2797 3137 3039 3210 loquitur
3083 3137 3264 3209 lingua
3308 3135 3476 3191 coelo-

169 3227 449 3294 genitum,
480 3244 512 3282 a
543 3230 722 3300 magis
750 3229 906 3301 longe
932 3232 1274 3288 venientibus
1305 3235 1607 3302 discerent;
1640 3246 1695 3293 et
1733 3239 1776 3293 si
1809 3239 1854 3304 C
1886 3246 2030 3296 rum,
2051 3227 2596 3300 qui.cessaveratjam
2620 3226 2843 3300 jamque
2863 3228 3042 3300 lingua
3067 3229 3474 3298 prophetarum.

175 3319 402 3374 credere
461 3320 804 3388 noluissent,
851 3322 1244 3380 inexcusabiles
1296 3327 1441 3381 omni
1499 3343 1564 3382 ex
1631 3337 1783 3398 parte

173 3412 574 3483 prophetarum
624 3415 857 3487 eloquiis
905 3418 1138 3473 convicti
1177 3428 1540 3475 remanerent.
1579 3421 1781 3477 Deinde

177 3513 238 3557 ut
261 3506 610 3573 sacerdotes,
636 3508 863 3576 Scribae,
889 3525 954 3566 ac
987 3511 1273 3579 Phariszei,
1299 3515 1389 3584 qui
1419 3513 1597 3569 locum
1642 3517 1783 3570 nati-

181 3598 376 3653 vitatis
443 3617 511 3655 ex
577 3603 864 3674 prophetia
918 3605 1298 3676 designabant,
1354 3607 1503 3663 velut
1574 3608 1782 3679 lapides

184 3690 433 3745 milliarii
469 3691 764 3750 immobiles
791 3708 1194 3766 permanentes,
1219 3715 1325 3754 non
1362 3715 1427 3755 ex
1452 3701 1778 3771 ignorantia,

189 3787 278 3841 sed
303 3787 374 3841 ob
403 3789 588 3842 cordis
613 3791 893 3857 duritiam,
926 3794 1068 3864 quod
1094 3795 1318 3851 credere
1348 3796 1640 3862 noluerint,
1685 3798 1781 3853 de-

165 3877 302 3934 bite
326 3879 736 3937 damnarentur.
767 3883 954 3940 Tertio
976 3901 1230 3957 namque,
1267 3896 1326 3942 ut
1362 3888 1634 3956 Christus,
1685 3890 1778 3960 qui

159 3985 292 4041 pax
337 3981 522 4025 nostra
550 3974 770 4041 dicitur,
808 3976 875 4032 de
905 3976 1262 4044 Hierusalem,
1308 3996 1430 4051 qua:
1475 3982 1599 4036 visio
1633 3983 1778 4053 pacis

165 4063 597 4131 interpretatur,
621 4064 964 4121 manifestius
994 4066 1130 4123 Isaia
1153 4068 1371 4126 dicente
1400 4070 1774 4126 nuntiaretur:

169 4155 324 4221 Quia
354 4156 422 4208 de
460 4153 588 4210 Sion
616 4158 773 4212 exibit
805 4157 890 4213 lea:
913 4168 961 4213 et
1004 4160 1215 4214 verbum
1245 4160 1460 4215 Domini
1489 4162 1554 4217 de
1584 4161 1779 4218 Hieru-

171 4247 349 4300 salem
392 4245 540 4316 (Isa.
567 4264 628 4313 ιι,
663 4249 742 4320 ὅ),
771 4265 838 4306 ac
866 4252 909 4306 si
936 4252 1143 4307 diceret
1179 4251 1583 4324 prtedicahitur.
1625 4253 1778 4310 Unde

173 4337 444 4392 nimirum
469 4337 670 4396 Judwis
699 4342 1031 4412 pastoribus,
1058 4355 1314 4414 tanquam
1356 4360 1422 4400 ex
1450 4345 1567 4415 lege
1613 4345 1779 4401 ratio-

176 4430 290 4485 nali
321 4430 490 4484 aﬂatu
516 4435 964 4505 promptioribus,
997 4437 1222 4508 angelus
1261 4438 1535 4494 Christum
1566 4455 1776 4493 annun-

179 4526 305 4578 tiat.
329 4525 456 4579 lstis
479 4541 608 4581 vero
631 4528 824 4599 magis,
857 4538 1116 4600 tanquam
1146 4530 1474 4598 inﬁdelibus,
1516 4532 1660 4588 Dens
1703 4534 1776 4588 si-

1887 3322 2064 3393 Atque
2090 3338 2186 3392 per
2225 3323 2348 3388 hoc,
2377 3321 2622 3392 utrisque
2649 3321 2773 3377 cmli
2799 3330 3058 3376 enarrant
3083 3319 3309 3392 gloriam
3344 3319 3474 3382 Dei;

1888 3423 1948 3468 ut
1975 3414 2027 3468 hi
2054 3414 2146 3484 qui
2174 3428 2341 3484 pr0pe
2363 3429 2428 3467 ac
2450 3413 2539 3483 qui
2568 3413 2726 3484 longe
2764 3423 2942 3479 erant,
2974 3412 3136 3467 simul
3165 3413 3288 3468 coeli
3331 3412 3478 3467 cives

1886 3505 2098 3560 flerent.
2125 3504 2265 3572 Quid
2292 3520 2421 3576 ergo
2441 3513 2524 3559 est
2553 3505 2696 3575 quod
2729 3513 2807 3559 tot
2837 3520 2992 3574 reges
3020 3513 3178 3559 antea
3215 3503 3270 3556 in
3291 3501 3474 3556 Judaea

1886 3596 2021 3660 nati,
2053 3611 2214 3664 nemo
2243 3605 2420 3650 tamen
2449 3597 2518 3651 ab
2547 3595 2866 3667 alienigenis
2910 3596 3218 3650 adorandus
3244 3594 3474 3664 requiri-

1887 3698 1994 3753 tur,
2019 3688 2318 3759 praesertim
2366 3704 2489 3744 cum
2525 3687 2814 3754 Herodem,
2867 3703 3028 3758 quem
3070 3687 3337 3749 adierant,
3376 3699 3476 3740 nec

1885 3781 2154 3838 adorent?
2178 3781 2302 3852 quia
2329 3781 2431 3836 etsi
2479 3789 2799 3852 regnantem
2837 3779 3140 3846 inveniunt,
3185 3779 3349 3834 alium
3376 3777 3474 3834 Ju-

1885 3877 2122 3932 daeorum
2156 3891 2359 3948 regem,
2382 3876 2519 3931 duce
2544 3875 2612 3930 de
2634 3874 2767 3946 ipsis
2797 3873 3103 3941 deficiente,
3133 3875 3247 3945 jam
3286 3879 3472 3928 natum

1885 3969 2211 4041 intelligunt.

1954 4073 2026 4128 Et
2084 4074 2344 4139 venimus,
2396 4073 2688 4144 inquiunt,
2733 4072 2959 4128 adorare
3005 4086 3142 4126 eum.
3207 4069 3470 4137 Adorare,

1883 4181 2044 4237 quem
2096 4167 2265 4223 Deum
2312 4166 2461 4223 stella
2514 4165 2807 4222 famulante
2851 4163 3172 4235 intelligunt.
3219 4163 3471 4232 Alioquin

1884 4261 2173 4325 Herodem,
2216 4274 2374 4329 quem
2405 4259 2553 4330 regio
2588 4259 2734 4314 cultu
2777 4256 3101 4312 renitentem
3143 4254 3461 4317 cernebant,

1881 4353 2118 4423 primum
2149 4352 2450 4406 debuerant
2481 4350 2729 4405 adorare.
2763 4349 2869 4404 Sed
2901 4348 3026 4420 quia
3057 4345 3315 4403 divinitus
3347 4359 3469 4415 age-

1881 4442 2102 4505 bantur,
2133 4450 2192 4496 ιιι
2228 4442 2486 4496 latentem
2523 4443 2688 4496 Deum
2724 4440 2777 4494 in
2827 4439 3002 4503 cunis,
3036 4437 3121 4492 vel
3165 4437 3307 4491 inter
3333 4451 3471 4506 pra:-

1882 4537 2030 4606 sepia
2060 4535 2387 4606 vagientem,
2419 4534 2486 4588 ad
2515 4533 2851 4589 adorandum
2905 4531 3269 4601 requirerent,
3327 4529 3470 4583 hunc

180 4619 308 4687 guis
340 4616 611 4688 loquitur;
651 4621 776 4690 quia
827 4623 998 4693 signa,
1046 4624 1186 4679 sicut
1216 4625 1292 4678 ait
1322 4626 1630 4695 Apostolus,
1669 4644 1772 4681 non
1800 4633 1852 4693 Ι)
1880 4646 1980 4686 nec
2016 4645 2201 4702 regem
2231 4627 2532 4694 intendunt,
2559 4641 2660 4682 nec
2706 4643 2830 4681 eum
2855 4633 3201 4686 venerantur,
3235 4637 3336 4677 nec
3366 4620 3464 4675 ali-

185 4708 445 4776 fidelibus,
498 4713 588 4765 sed
626 4714 927 4782 inﬁdelibus
975 4728 1096 4770 sunt
1130 4719 1257 4772 data
1284 4717 1334 4789 (I
1367 4717 1488 4774 Cor.
1519 4722 1764 4792 le,‘22).

187 4800 441 4871 Utrisque
475 4810 652 4858 tamen
677 4805 742 4860 de
769 4806 912 4861 caelo
943 4818 1245 4876 reseratur,
1288 4824 1348 4865 ut
1393 4812 1460 4866 ad
1485 4812 1766 4869 cmleslem

186 4893 425 4948 cmlestia
450 4892 563 4960 jam
585 4895 833 4953 caelestes
858 4902 1132 4956 credendo
1162 4917 1344 4958 rermu
1387 4906 1652 4976 prtcsagia
1677 4907 1769 4961 flr-

184 4986 321 5040 mius
349 4986 660 5043 invitarent.
694 4990 888 5076 Fertur
931 5002 1139 5062 autem,
1169 5003 1228 5050 ut
1273 4996 1406 5063 dixi,
1447 4999 1562 5054 haec
1611 5000 1767 5054 stella

188 5079 422 5134 sidereas
454 5080 570 5136 vias
592 5097 696 5138 non
739 5085 999 5154 tenuisse,
1029 5090 1156 5159 quia
1199 5091 1520 5162 quantisper
1548 5091 1772 5148 inferius

187 5174 316 5237 ibat,
344 5174 449 5229 etsi
483 5177 729 5248 superior
753 5179 938 5236 volatu
973 5183 1152 5238 avium
1191 5184 1468 5256 paulisper
1502 5187 1763 5257 parebat;

184 5267 309 5336 quia
353 5265 504 5320 illum
534 5273 989 5338 pramonstrabat
1019 5290 1088 5330 ex
1123 5275 1338 5342 itinere,
1365 5276 1456 5346 qui
1485 5277 1644 5348 paulo
1671 5279 1773 5334 mi-

185 5374 287 5414 nus
329 5359 393 5415 ab
427 5361 631 5432 angelis
660 5363 713 5419 in
748 5381 914 5422 carne
943 5368 1266 5435 minoratus,
1298 5369 1568 5425 excelsior
1593 5382 1770 5427 tamen

185 5453 383 5508 sanctis
400 5455 652 5510 omnibus
675 5466 867 5513 natura
888 5468 943 5514 et
959 5463 1134 5532 gratia
1157 5463 1566 5532 praecmincbat.
1584 5463 1771 5535 Itaque

183 5548 332 5604 stella
352 5549 466 5612 illa,
505 5561 562 5603 ut
592 5551 744 5607 aiunt
764 5556 1158 5624 mathematici,
1204 5557 1289 5613 vel
1318 5557 1765 5625 Priscillianistae,

182 5659 341 5713 quam
390 5643 534 5714 magi
557 5645 828 5715 viderant,
858 5664 965 5705 non
1005 5649 1070 5704 ad
1119 5650 1396 5706 decretum
1424 5667 1490 5707 ex
1540 5651 1769 5708 mathesi

184 5735 394 5791 Christo
448 5738 741 5793 secundum
791 5754 1013 5796 carnem
1064 5742 1476 5809 dominabatur,
1546 5743 1641 5798 sed
1705 5744 1770 5798 ad

60 5849 108 6185 Ἰ
207 5827 548 5883 testimonium
600 5829 650 5885 ei
702 5839 762 5884 ut
807 5845 907 5887 sua
949 5841 1197 5889 creatura
1242 5833 1624 5892 famulabatur.
1663 5834 1770 5891 Nec

1876 4725 2005 4796 quid
2036 4739 2160 4778 eum
2209 4737 2330 4779 esse
2382 4728 2715 4792 computant.
2765 4719 2883 4786 Quo
2932 4733 3065 4773 sane
3097 4713 3468 4787 inspirationis

1877 4817 2073 4873 all'ectu
2106 4825 2161 4872 et
2213 4815 2342 4870 illud
2378 4823 2591 4885 gestum
2645 4813 2898 4878 dixerim,
2944 4811 3088 4882 quod
3141 4809 3472 4866 Octavianus

1875 4915 2172 4980 Augustus,
2237 4923 2304 4962 eo
2352 4915 2597 4976 tempore
2654 4921 2761 4976 quo
2812 4913 2986 4959 totum
3043 4903 3144 4960 sibi
3201 4900 3470 4958 subditum

1877 5012 2040 5071 atque
2078 4999 2380 5070 subjectum
2408 5006 2756 5068 persenserat
2793 4996 2999 5059 orbem,
3033 5005 3195 5066 atque
3237 4993 3467 5065 populus

1882 5095 2168 5150 universus
2205 5093 2260 5148 in
2289 5092 2572 5158 concione,
2612 5089 2756 5162 quod
2805 5105 2970 5160 supra
3006 5085 3250 5152 memini,
3287 5083 3466 5138 domi-

1880 5205 2009 5244 num
2038 5203 2164 5244 eum
2201 5186 2370 5241 totius
2404 5193 2562 5243 terra:
2610 5182 2847 5238 voluerit
2896 5179 3216 5242 acclamare,
3269 5191 3472 5245 nequa-

1878 5299 2040 5354 quam
2089 5297 2287 5354 passus
2336 5290 2455 5338 est:
2486 5279 2580 5334 sed
2607 5277 2840 5350 legibus
2869 5276 2973 5330 hoc
2997 5268 3296 5344 prohibuit,
3327 5267 3470 5338 quod

1877 5377 2057 5433 nullus
2080 5391 2319 5446 unquam
2347 5389 2535 5446 regum
2562 5380 2686 5428 ante
2717 5369 2912 5426 fecisse
2941 5367 3154 5438 legitur.
3186 5362 3324 5419 Hinc
3346 5376 3474 5434 proo

1879 5468 2020 5524 fecto
2070 5474 2219 5540 patet
2281 5467 2408 5538 quia
2455 5465 2536 5521 vis
2587 5463 2791 5527 divina,
2840 5475 2961 5532 qua:
2996 5458 3131 5513 istos
3161 5455 3469 5512 devotionis

1875 5559 2023 5615 intus
2053 5560 2250 5630 agebat
2279 5557 2496 5623 all‘ectu,
2543 5556 2660 5628 ipsa
2697 5553 2840 5608 hunc
2874 5547 3118 5606 cohibuit
3147 5548 3469 5620 principem,

1875 5665 1944 5706 ne
1972 5649 2073 5705 sibi
2109 5648 2455 5720 applauderet
2485 5645 2744 5710 indebita,
2770 5640 2914 5713 quod
2946 5648 3226 5711 potentatu
3245 5637 3471 5695 alterius

1875 5751 2024 5799 totus
2062 5751 2336 5799 terrarum
2371 5740 2534 5811 128
2576 5736 2726 5793 orbis
2755 5736 2857 5792 sub
2896 5736 3210 5792 monarchia
3241 5733 3468 5789 Romani

1877 5837 2090 5906 imperii
2132 5834 2486 5892 subdebatur.
2539 5829 2646 5888 Sed
2701 5830 2998 5900 corybanta
3056 5825 3316 5894 Herodes,
3373 5839 3470 5879 aus
