4032 6358
609 366 705 424 131

1418 370 1477 426 S.
1519 348 1877 427 PASCHASII
1912 350 2264 428 RADBERT!
2298 359 2591 429 ABBATIS
2627 367 3079 432 CORBEIENSIS

3775 376 3891 442 151
3956 378 3961 385 ’

608 486 763 541 diens
792 484 956 540 alium
988 500 1149 555 quam
1187 498 1244 540 se
1287 481 1595 541 Judmorum
1654 504 1831 557 regem
1883 488 2181 557 requirere,
2217 478 2263 548 Ᾱ
2290 489 2515 554 veniret,
2543 488 2748 545 faceret
2788 492 2929 562 quoi
2973 502 3157 563 postea
3205 510 3264 550 se
3294 496 3430 551 velle
3475 496 3745 565 insinuat;
3792 501 3886 556 sin

610 578 860 634 turbatus
917 577 1132 643 dicitur,
1189 586 1240 632 et
1289 578 1466 632 omnis
1500 578 1868 652 Hierosolyma
1905 596 2025 636 cum
2078 580 2185 635 illo.

608 669 928 725 Moliehatur
955 669 1121 727 enim,
1151 684 1272 722 eum
1302 678 1446 723 esset
1474 669 1770 742 alienigena
1816 674 2062 742 ignobilis
2101 694 2188 747 ge-

607 777 753 823 nere,
787 760 1055 831 legitimus
1083 758 1392 816 Judwormn
1410 774 1502 816 rex
1520 760 1712 818 videri.
1748 764 1899 821 Unde
1925 770 1978 820 et
2001 784 2188 824 omnes

606 854 840 917 codices,
873 856 1008 908 teste
1034 850 1290 925 Josepho,
1322 855 1520 924 quibus
1540 852 1847 910 Judaeornm
1873 857 2186 931 genealogia

606 950 907 1010 texebatur,
933 945 1055 1009 igne
1084 956 1455 1013 erentaverat,
1491 964 1557 1004 ne
1586 960 1836 1005 notarent
1866 956 2011 1017 eum,
2059 952 2188 1008 reti-

601 1040 793 1102 cendo,
840 1039 1152 1109 ignobilem,
1178 1050 1231 1095 et
1270 1042 1538 1111 prosapia:
1567 1043 1812 1098 ordinem
1844 1046 2015 1100 tribus
2035 1046 2186 1101 Judae

598 1129 959 1186 clarissimum
1009 1134 1476 1188 commendarent.
1528 1133 1831 1192 Estimans
1894 1148 1952 1193 se
2002 1138 2185 1210 itaque

598 1222 833 1278 nobilem
864 1222 1035 1280 videri
1078 1241 1253 1291 posse,
1292 1226 1338 1281 si
1384 1228 1545 1283 mullis
1573 1246 1743 1287 sacra:
1777 1229 2073 1300 Scriptum:
2105 1232 2184 1286 fa—

598 1319 779 1374 scibus
808 1326 1164 1390 premeretur.

669 1429 822 1486 Unde
852 1446 1038 1486 verum
1110 1430 1352 1501 profecto
1396 1442 1631 1499 constat,
1684 1420 1827 1505 quod
1889 1435 2182 1491 Africanus

596 1520 794 1585 innuit,
827 1522 953 1591 quia
992 1519 1208 1576 luerunt
1240 1523 1337 1577 viri
1373 1524 1600 1579 studiosi
1630 1541 1695 1579 ex
1725 1522 1946 1590 Jndteis,
1976 1528 2068 1598 qui
2101 1527 2181 1581 die

595 1610 863 1667 cebantur
917 1610 1127 1667 Heriles
1196 1622 1414 1681 propter
1465 1616 1923 1685 propinquitatem
1974 1617 2181 1673 scilicet

592 1702 805 1775 generis
860 1694 1082 1769 Christi,
1110 1715 1373 1776 erantque
1405 1706 1670 1773 Natzuraei,
1703 1710 1792 1779 qui
1836 1727 1934 1782 per
1962 1727 2178 1767 omnem

591 1796 866 1864 regionem
904 1797 1592 1861 circumeuntes,ordinem
1632 1803 1955 1872 supradicta:
1977 1819 2174 1872 genea-

588 1885 743 1957 logta'.
771 1876 996 1953 Christi,
1028 1890 1223 1958 partim
1269 1893 1599 1956 memoriter,
1632 1896 1828 1963 partim
1860 1912 1923 1949 ex
1952 1894 2169 1950 Diermu

588 1981 744 2037 libris
779 1999 916 2053 quos
959 1984 1123 2048 domi,
1150 2000 1273 2039 cum
1325 1985 1762 2051 incenderentur,
1812 2004 1879 2043 ex
1933 1990 2173 2045 arehivis

590 2076 773 2145 templi
818 2076 1144 2138 habuerant.
1193 2078 1391 2149 partim
1445 2094 1572 2135 vero
1614 2080 1681 2135 ab
1722 2081 1837 2136 avis
1877 2092 1931 2137 et
1957 2085 2171 2153 proavis

587 2167 935 2225 narrantibus
984 2170 1297 2233 retinentes,
1347 2170 1543 2224 litteris
1591 2173 1884 2226 secundum)
1926 2170 2170 2230 ordinem

587 2238 996 2316 mandaverunt.
1026 2260 1233 2328 Quibus
1269 2263 1522 2317 omnibus
1550 2266 1927 2333 perscrutatis,
1958 2281 2019 2320 ea
2058 2283 2171 2322 ma-

585 2352 730 2408 xime
758 2369 878 2423 quze
908 2355 960 2408 in
1011 2354 1215 2408 eisdem
1253 2355 1514 2420 archivis,
1539 2365 1632 2409 aut
1666 2356 1829 2411 aliubi
1886 2357 2024 2413 infra
2068 2360 2168 2413 im-

583 2445 934 2515 penetrabilis
966 2445 1206 2502 locorum
1237 2448 1415 2501 abdita
1446 2459 1572 2501 sunt
1594 2458 1829 2511 servata,
1875 2464 1939 2505 ex
1974 2452 2172 2522 quibus

583 2547 770 2607 nostra
796 2539 1102 2594 divinorum
1132 2541 1424 2595 auctoritas
1452 2541 1711 2596 librorum
1742 2542 2021 2598 derivatur
2045 2545 2173 2601 hinc

585 2632 717 2699 inde
743 2645 805 2688 ut
825 2633 1027 2690 veritas
1058 2634 1473 2706 Evangeliorum
1501 2635 1805 2692 evidentius
1836 2637 2165 2693 declaretur.

655 2755 854 2829 Regem
895 2766 1079 2812 autem
1123 2758 1392 2814 Herodem
1451 2758 1572 2814 ideo
1624 2760 1886 2823 nominat,
1918 2762 2169 2831 quamvis

585 2856 817 2916 nequeat
843 2846 969 2915 jure
1017 2864 1111 2903 rex
1153 2850 1356 2912 vocari,
1384 2849 1475 2918 qui
1506 2851 1750 2920 proprios
1779 2852 1950 2908 nescit
1990 2863 2169 2910 motus

585 2941 783 2995 mentis
838 2955 1048 3013 regere,
1104 2952 1161 2996 ut
1202 2958 1267 2996 ex
1320 2943 1607 2999 collatione
1655 2946 1797 3016 regis
1833 2944 2165 3012 Jutbeorum,

584 3046 745 3101 quem
773 3033 913 3104 magi
954 3040 1261 3103 Quaerenti-3
1299 3036 1521 3105 cupiunt
1550 3038 1800 3102 adorare,
1835 3039 1933 3094 iste
1971 3039 2169 3094 intellio

583 3133 742 3194 gatur
768 3134 1082 3189 extraneos,
1136 3127 1263 3195 quia
1297 3128 1544 3196 proprius
1585 3127 1697 3196 jam
1753 3129 2050 3185 defecerat.
2099 3131 2167 3186 Et

584 3217 876 3270 limandum
906 3216 1048 3286 quod
1079 3219 1255 3273 omnis
1291 3220 1381 3288 qui
1428 3219 1530 3275 sibi
1562 3221 1630 3274 ob
1676 3220 2016 3276 insolentiam
2046 3224 2162 3278 vin-
2191 3208 2237 3271 C

585 3300 732 3361 dicat
780 3307 1077 3362 indebitum
1123 3310 1503 3380 principatum,
1568 3320 1622 3366 et
1669 3312 1853 3367 multis
1918 3326 2166 3371 movetur

585 3397 1005 3467 suspicionibus,
1053 3399 1127 3454 ita
1172 3410 1233 3455 ut
1259 3418 1357 3472 per
1406 3400 1558 3458 nefas
1598 3403 1779 3473 pravis
1818 3420 2164 3477 argumento-

583 3504 701 3544 rum
754 3487 1034 3547 fraudibus
1085 3493 1217 3548 velit
1266 3494 1477 3550 cunctis
1527 3495 1751 3550 obviare
1795 3497 2042 3563 negotiis,
2095 3513 2165 3553 ne

580 3581 806 3651 digniori
836 3598 896 3639 se
923 3583 1097 3640 locum
1117 3586 1313 3640 tribuat
1342 3587 1577 3657 regendi,
1602 3590 1745 3659 quod
1776 3588 1915 3645 idem
1946 3591 2163 3661 indigne

582 3682 771 3729 tenere
795 3677 1086 3747 probatur;
1126 3679 1319 3734 similis
1362 3690 1445 3735 est
1489 3681 1613 3737 huic
1656 3685 1888 3740 scelesto
1937 3685 2159 3753 Herodi,

580 3766 693 3835 qui.
725 3767 837 3821 suis
862 3768 1212 3836 cupiditatum
1245 3770 1400 3834 dolis,
1451 3789 1548 3842 per
1606 3774 1772 3828 multa
1808 3779 2159 3845 parvulorum

579 3857 868 3913 homicidia
885 3860 937 3914 di
946 3861 1067 3915 vino
1084 3863 1358 3929 peccando
1383 3866 1653 3922 contraire
1675 3869 1901 3922 tentavit
1920 3870 2156 3926 decreto.

579 3945 732 4003 Urde
761 3964 883 4004 mox
916 3952 1162 4007 turbatus
1185 3953 1362 4022 plures
1391 3970 1610 4009 suorum
1647 3958 1904 4013 habuisse
1935 3962 2160 4031 compli-

578 4054 670 4094 ces
709 4040 991 4107 scribitur,
1022 4042 1074 4097 in
1123 4053 1332 4100 tanturn
1363 4054 1422 4100 ιιι
1473 4063 1620 4102 more
1655 4048 1820 4119 vulgi,
1852 4049 1944 4105 Dei
1990 4067 2160 4119 quon-

578 4131 701 4185 dum
724 4131 951 4200 populus
972 4133 1041 4187 ob
1087 4132 1289 4191 favoris
1343 4136 1574 4206 gratiam
1624 4138 1871 4193 turbatus
1926 4140 2156 4207 dicatur,

576 4222 762 4278 dolens
790 4225 1171 4293 repromissum
1193 4227 1306 4297 jam
1324 4228 1538 4284 coalitus
1563 4230 1874 4285 advenisse.
1895 4230 1940 4288 Ο
1962 4234 2158 4289 misera

577 4311 884 4383 fragilitatis
912 4317 1160 4373 humana:
1188 4320 1456 4373 conditio!
1501 4337 1622 4390 quae
1672 4337 1812 4392 Stepe
1863 4324 2158 4394 plurimum

575 4406 653 4460 eis
681 4406 821 4462 favet
854 4410 1070 4479 injuste,
1106 4412 1266 4483 129
1311 4428 1449 4482 quos
1485 4414 1578 4468 Dei
1620 4413 1770 4483 justo
1793 4416 1997 4483 judicio
2034 4434 2156 4473 cru-

574 4497 723 4553 deles
762 4502 995 4556 sustinet
1018 4518 1399 4573 oppressores;
1440 4520 1538 4559 nec
1581 4505 1648 4560 iis
1685 4508 1873 4561 metuit
1926 4508 2153 4574 adulari,

579 4602 715 4656 quos
743 4588 833 4644 Dei
869 4590 921 4644 in
952 4571 1125 4646 semet
1156 4594 1393 4661 quotidie
1418 4594 1676 4649 voluntati
1716 4597 1980 4666 conspicit
2008 4571 2154 4653 relu;
2185 4571 2235 4631 Ι)

550 4679 732 4745 ~ctari.
756 4678 882 4735 lude
904 4683 1159 4738 nimirum
1189 4685 1314 4739 illud
1338 4685 1643 4741 Salomonis
1667 4703 1851 4741 verum
1870 4690 2150 4757 probatur,

574 4770 728 4835 Quod
771 4789 859 4826 rex
898 4774 1126 4843 iujustus
1180 4792 1355 4830 omnes
1387 4777 1654 4831 ministros
1705 4777 1910 4831 habebit
1965 4779 2045 4848 im,
2074 4782 2152 4836 ios

573 4861 754 4930 (Prov.
796 4879 945 4927 χχιχ,
997 4866 1099 4935 12).
1132 4864 1405 4921 Turbatus
1432 4877 1609 4923 autem
1648 4870 1734 4922 hic
1764 4868 1905 4923 forte
1944 4872 2156 4930 duabus

571 4969 634 5008 ex
666 4959 847 5011 causis
889 4958 1107 5023 dicitur,
1164 4960 1245 5014 vel
1285 4961 1409 5029 quia
1435 4962 1658 5016 exitium
1696 4963 1844 5030 regni
1874 4966 1953 5017 sui
1985 4966 2152 5033 perti-

572 5051 873 5117 mescebat;
906 5062 959 5107 et
1006 5053 1126 5107 ideo
1177 5055 1297 5110 (εωιί
1332 5055 1474 5125 [iege
1537 5068 1661 5110 nan
1718 5075 1810 5112 rex
1842 5070 1998 5115 terzte
2032 5071 2151 5115 tur-

572 5145 732 5199 batur
764 5164 777 5198 :
818 5146 899 5200 vel
933 5147 1057 5217 quia
1082 5156 1187 5201 tam
1216 5150 1395 5204 Caesar
1416 5151 1692 5220 Augustus
1730 5168 1893 5223 quam
1930 5162 2153 5209 senatus

572 5235 928 5290 decreverant
953 5253 1018 5290 ne
1045 5240 1166 5307 quis
1200 5256 1289 5294 rex
1320 5250 1415 5294 aut
1443 5242 1572 5295 deus
1599 5242 1716 5297 sine
1752 5243 1990 5314 ipsorum
2022 5260 2153 5299 con-

570 5322 692 5378 silio
719 5326 1008 5381 diceretur.
1045 5329 1246 5384 Idcirco
1281 5332 1506 5387 forsitan
1538 5334 1721 5388 audito
1755 5335 2147 5404 regisnomine,

570 5415 751 5473 furore
783 5429 1049 5487 movetur,
1082 5439 1147 5478 ne
1176 5425 1227 5478 in
1262 5441 1340 5489 se,
1366 5427 1410 5480 si
1442 5426 1714 5497 vulgatum
1748 5437 1891 5481 esset
1931 5435 2151 5481 senatus

571 5506 782 5563 decreta
808 5511 1054 5577 violasse,
1075 5514 1400 5571 discriminis
1429 5517 1695 5572 sententia
1722 5525 2042 5571 verteretur.

640 5626 973 5702 Congregans
1008 5646 1183 5689 autem
1236 5653 1413 5691 omnes
1449 5620 1708 5709 principes
1742 5637 2073 5693 sacerdotum
2102 5649 2152 5694 et

569 5718 771 5775 scribas
806 5724 1005 5794 populi,
1046 5728 1416 5782 sciscitabatur
1457 5728 1523 5781 ab
1552 5729 1626 5782 eis
1675 5730 1763 5782 ubi
1790 5728 2027 5784 Christus
2056 5748 2154 5785 naa

571 5823 815 5890 staretur.
864 5816 1201 5890 Diligentiam
1245 5820 1565 5888 inquirentis
1606 5821 1858 5883 ostendit,
1911 5831 1966 5875 ut
2000 5823 2041 5877 si
2072 5824 2151 5877 in—

2296 592 2475 637 autem
2505 593 2559 639 ut
2591 584 2634 639 si
2662 584 2728 639 ad
2778 587 3023 642 notitiam
3049 587 3278 660 Augusti
3311 589 3561 655 Caesaris,
3601 592 3681 647 vel
3720 609 3891 649 sena-

2296 682 2381 730 tus
2408 678 2730 747 quandoque
2758 677 2984 733 relatum
3016 688 3159 736 esset
3185 723 3198 745 ,
3242 697 3337 738 sua
3378 695 3733 741 excusaretur
3759 688 3891 742 dili-

2292 766 2472 835 gentia
2497 807 2511 832 ,
2558 777 2752 822 cuncta
2785 784 2905 839 qua:
2940 778 3188 841 potuerat
3238 773 3354 829 zelo
3400 775 3625 830 Romani
3666 777 3889 848 imperii

2290 857 2583 928 peregisse.
2608 858 2757 913 Alias
2783 869 2961 915 autem
2993 863 3062 917 ob
3091 862 3226 933 legis
3252 865 3500 933 peritiam
3524 908 3539 933 ,
3570 876 3627 922 nt
3666 873 3894 926 cautius

2244 986 2259 1003 .
2290 962 2384 1003 eos
2413 950 2746 1020 exploraret,
2797 952 2842 1006 si
2882 966 2974 1007 rex
3011 969 3198 1009 eorum
3229 970 3295 1009 ex
3350 956 3464 1028 lege
3510 962 3891 1029 repromissus

2290 1041 2473 1097 tristes
2518 1042 2877 1113 gaudentesve
2930 1045 3152 1101 faceret.
3195 1047 3469 1104 Christum
3519 1060 3698 1105 autem
3756 1053 3891 1110 ideo

2289 1136 2561 1201 nominat,
2610 1136 2733 1205 uitia
2761 1138 3017 1193 didicerat
3046 1154 3110 1193 ex
3142 1144 3291 1194 more
3330 1142 3521 1210 patriae
3561 1141 3886 1199 Iudaeorum

2288 1245 2443 1300 reges
2471 1236 2659 1285 omnes
2680 1232 2753 1285 ab
2786 1232 3039 1287 unctione
3068 1233 3297 1288 christos
3329 1236 3529 1289 vocari.

2357 1324 2422 1375 Αι
2445 1321 2523 1375 illi
2547 1323 2791 1377 dixerunt
2810 1338 2829 1375 :
2856 1324 2922 1378 1η
2956 1324 3249 1380 Bethlehem
3271 1325 3431 1380 Iuda,-
3445 1345 3464 1393 ;
3487 1330 3565 1383 sic
3584 1331 3723 1384 enim
3744 1332 3891 1386 scri-

2283 1422 2429 1485 ptum
2458 1424 2531 1467 est
2553 1428 2646 1483 per
2663 1415 3001 1485 prophetam:
3024 1414 3089 1470 Et
3113 1427 3190 1482 tu,
3207 1418 3526 1483 Belhlehem,
3544 1431 3684 1475 terra
3704 1422 3886 1488 Iuda,

2285 1521 2609 1576 nequaquam
2633 1507 2852 1560 minima
2878 1518 2933 1562 es
2961 1509 3015 1562 in
3039 1510 3357 1579 principibus
3378 1510 3543 1574 Iuda,
3579 1529 3645 1567 ea:
3664 1523 3714 1567 te
3733 1516 3888 1570 enim

2220 1614 2225 1619 '
2284 1602 2418 1656 exist
2451 1602 2563 1658 dna:
2589 1604 2679 1673 qui
2703 1617 2837 1675 reget
2879 1605 3130 1677 populum
3160 1625 3329 1663 meum
3356 1608 3544 1664 Israel.
3591 1611 3745 1678 Quod
3804 1622 3886 1668 te.

2283 1692 2593 1747 stimonium
2624 1694 2885 1748 duntaxat
2933 1712 3030 1752 nec
3073 1696 3354 1759 Hebraico,
3387 1716 3486 1755 nec
3508 1700 3883 1773 Septuaginta

2282 1782 2668 1852 interpretibus
2718 1788 3042 1852 convenire,
3105 1791 3261 1844 nobis
3310 1807 3523 1861 quoque
3568 1796 3886 1851 tacentibus

2277 1880 2684 1949 comprobatur.
2720 1880 2874 1936 Unde
2913 1883 3131 1951 quidam
3163 1885 3556 1941 calumniantes
3590 1888 3787 1944 dicunt
3827 1892 3885 1946 iu

2275 1969 2525 2023 omnibus
2558 1985 2698 2041 pene
2748 1972 3105 2039 testimoniis,
3137 1991 3256 2045 quae
3301 1986 3591 2033 sumuntur
3642 1995 3711 2034 ex
3775 1982 3888 2036 γε.

2276 2059 2377 2114 teri
2410 2060 2762 2115 Testamento
2786 2103 2800 2125 ,
2851 2062 3155 2129 hujusmodi
3203 2080 3458 2120 resonare
3485 2081 3759 2129 errorem,
3820 2078 3885 2125 ut

2275 2160 2369 2207 aut
2398 2154 2533 2208 ordo
2565 2155 2849 2210 verborum
2879 2165 3136 2223 mutetur,
3190 2167 3282 2212 aut
3309 2174 3584 2224 sensuum,
3611 2164 3751 2217 adeo
3778 2179 3880 2217 us-

2275 2258 2382 2314 que
2413 2253 2470 2298 ut
2515 2245 2818 2300 intellectus
2842 2247 3110 2302 interdum
3155 2249 3403 2304 diversus
3431 2252 3694 2307 videatur.
3726 2255 3884 2325 Apo—

2275 2334 2396 2389 stoli
2420 2377 2435 2399 ,
2463 2337 2750 2407 inquiunt,
2782 2337 2863 2393 vel
2909 2339 3253 2409 evangelista:
3284 2356 3388 2395 non
3428 2357 3489 2399 ex
3527 2342 3682 2398 libris
3710 2347 3881 2400 testi-

2276 2428 2455 2481 monia
2487 2430 2893 2499 decerpserunt,
2927 2432 3020 2486 sed
3069 2434 3344 2487 memoriae
3388 2436 3694 2502 credentes,
3746 2454 3883 2508 qua:

2275 2533 2658 2588 nonnunquam
2699 2519 2928 2582 fallitur,
2983 2524 3253 2578 contraria
3307 2526 3572 2582 interdum
3620 2531 3879 2599 protule-

2277 2620 2420 2665 runt.
2449 2611 2612 2678 Quasi
2638 2627 2702 2667 ex
2746 2613 2960 2684 ingenio
2994 2624 3200 2670 tantum
3241 2619 3376 2672 artis
3413 2620 3522 2673 sint
3568 2620 3768 2683 locuti.
3819 2634 3877 2679 et

2276 2718 2382 2757 non
2424 2703 2595 2773 magis
2629 2704 2808 2758 divina
2856 2705 3156 2775 inspirante
3195 2709 3389 2779 gratia,
3424 2724 3521 2781 per
3563 2711 3876 2784 Spiritum,

2273 2809 2371 2863 per
2391 2810 2551 2865 quem
2591 2794 2718 2850 olim
2750 2795 3047 2867 Scriptum
3082 2808 3207 2854 sunt
3235 2802 3415 2865 editae,
3443 2818 3549 2858 non
3570 2808 3880 2864 contraria:

2273 2888 2486 2955 quidem
2507 2929 2521 2951 ,
2552 2889 2645 2942 sed
2667 2887 2818 2957 juxta
2848 2891 2991 2959 quod
3033 2903 3392 2961 opportunum
3418 2895 3627 2961 fuerat,
3654 2908 3875 2969 mystec

2274 2977 2352 3030 ria
2386 2978 2672 3032 inserendo
2698 2979 3037 3049 eloquiorum
3087 2982 3181 3037 Dei
3225 2986 3530 3041 testimonia
3582 3000 3876 3045 reserave-

2274 3068 2400 3122 rint.
2458 3067 2556 3123 Hic
2606 3079 2781 3126 tamen
2826 3072 3157 3128 arbitramur
3205 3077 3420 3131 beatum
3468 3080 3876 3151 evangelistam

2272 3157 2584 3215 Scribarum
2613 3171 2668 3216 et
2699 3162 3089 3220 Pharisaeorum
3113 3182 3339 3237 arguere
3374 3169 3668 3241 ignaviam,
3699 3183 3878 3242 atque

2269 3250 2413 3305 circa
2456 3252 2761 3308 divinarum
2802 3253 3206 3326 Scripturarum
3246 3274 3432 3315 eorum
3476 3262 3876 3334 negligentiam

2271 3342 2431 3413 130
2461 3354 2667 3409 notare,
2707 3357 2764 3401 et
2812 3347 2929 3402 ideo
2955 3348 3035 3403 sic
3064 3350 3335 3418 posuisse,
3374 3361 3432 3405 ut
3452 3354 3521 3408 ab
3543 3354 3625 3407 eis
3651 3353 3875 3411 dictum

2266 3445 2367 3490 est.
2413 3436 2513 3503 Qui
2543 3447 2721 3494 tamen
2764 3441 2867 3496 etsi
2894 3453 3193 3511 arguuntur
3214 3446 3482 3511 socordia,
3506 3461 3704 3503 sensus
3730 3463 3877 3518 quoa

2267 3527 2554 3583 dummodo
2595 3532 2891 3587 restituunt
2920 3535 3227 3590 veritatem.
3262 3537 3394 3593 Nam
3427 3539 3479 3594 in
3511 3539 3742 3597 Hebraeo
3782 3545 3877 3599 sic

2265 3620 2458 3675 habet:
2481 3620 2543 3675 Et
2570 3622 2962 3686 tu,Bethlehcm
2988 3626 3241 3698 Ephrem,
3257 3630 3507 3698 paruulus
3535 3649 3589 3688 es
3614 3634 3670 3686 ia
3696 3634 3876 3689 milli-

2266 3712 2359 3767 bus
2383 3710 2548 3775 Juda,
2575 3731 2638 3768 ex
2663 3726 2711 3769 te
2754 3717 2882 3770 mihi
2905 3719 3199 3786 egredietur
3226 3722 3316 3784 qui
3356 3723 3420 3775 sit
3458 3723 3763 3779 dominator
3809 3728 3875 3782 in

2265 3804 2470 3868 Israel;
2493 3815 2540 3859 et
2572 3824 2810 3875 egressus
2841 3810 2955 3875 ejus
2991 3810 3054 3864 ab
3094 3813 3243 3866 initio
3266 3831 3297 3866 a
3326 3813 3510 3870 diebus
3542 3817 3875 3877 Meruitatis

2264 3896 2450 3963 (Mich.
2468 3898 2612 3968 v.2).
2638 3898 2802 3953 Etest
2822 3918 3041 3957 sensus:
3065 3919 3403 3974 nequaquam
3430 3916 3484 3961 tu
3509 3906 3869 3978 Bethlehem,

2263 3986 2316 4041 id
2347 3997 2431 4043 est
2472 3988 2740 4057 prrata,
2772 3994 3076 4061 quantitate
3108 4011 3204 4050 seu
3260 4013 3489 4053 numero
3532 4000 3752 4056 minima
3802 4020 3873 4062 es

2263 4078 2406 4132 inter
2447 4095 2635 4135 omnes
2678 4082 2926 4139 civitates
2970 4084 3152 4151 ludas,
3201 4103 3321 4156 qua:
3365 4091 3533 4146 tantis
3570 4093 3872 4151 civitatum

2261 4170 2499 4225 millibus
2543 4185 2886 4243 comparata,
2940 4179 3026 4232 vix
3072 4194 3270 4248 parvus
3309 4192 3370 4237 es
3412 4182 3637 4238 viculus.
3688 4185 3775 4239 Ac
3820 4188 3872 4243 si

2262 4261 2465 4317 diceret
2486 4283 2510 4319 τ
2548 4265 2896 4337 Nequaquam
2932 4272 3151 4326 minima
3173 4289 3255 4337 es,
3278 4276 3402 4343 quia
3433 4290 3499 4330 es
3529 4285 3582 4331 te
3622 4292 3875 4349 magnus

2261 4357 2571 4423 egredietur
2600 4360 2883 4427 Christus,
2925 4364 3016 4433 qui
3063 4365 3169 4418 erit
3208 4365 3392 4434 utique
3440 4366 3748 4421 dominator
3813 4373 3871 4425 iu

2262 4447 2446 4503 Israel.
2486 4448 2670 4521 Neque
2696 4462 2854 4521 putes
2876 4470 2997 4508 eum
3025 4455 3092 4509 de
3118 4470 3313 4525 genere
3342 4465 3551 4511 tantum
3582 4472 3705 4512 esse
3741 4458 3865 4514 Da-

2263 4540 2387 4605 vid,
2429 4542 2515 4595 cui
2559 4544 2785 4613 promisi
2827 4546 3012 4600 dicens
3050 4564 3063 4600 :
3115 4548 3189 4601 lle
3216 4540 3615 4617 fiuctu'rentris
3641 4552 3723 4604 tui
3752 4570 3873 4622 po-

2263 4648 2385 4684 nam
2411 4621 2566 4702 super
2593 4634 2766 4687 sedem
2795 4650 2999 4701 meam;
3042 4638 3239 4709 quippe
3265 4641 3389 4708 quia
3420 4642 3601 4697 Carnis
3630 4657 3870 4700 assum-

2261 4723 2373 4791 ptio
2425 4740 2529 4779 nou
2581 4726 2801 4794 impedit
2846 4727 3203 4783 divinitatem.
3259 4730 3394 4785 Nam
3432 4747 3682 4802 egressus
3734 4717 3888 4805 ejus.

2261 4829 2328 4869 es
2356 4829 2474 4870 mea
2497 4826 2710 4872 constat
2737 4819 3037 4873 substantia
3059 4860 3074 4884 ,
3110 4830 3266 4876 natus
3296 4839 3325 4875 a
3356 4824 3546 4879 diebus
3571 4828 3868 4881 teter-uita-

2263 4908 2352 4968 tis,
2381 4908 2536 4977 juxta
2567 4911 2709 4978 quod
2752 4910 2805 4964 in
2832 4910 3098 4981 principio
3121 4923 3241 4966 erat
3267 4913 3501 4969 Verbum
3531 4925 3586 4969 et
3608 4917 3867 4974 Verbum

2262 5009 2379 5052 erat
2408 5000 2548 5068 apud
2581 4999 2766 5063 Deum,
2804 5010 2859 5055 ct
2882 5002 3023 5057 Deus
3051 5016 3171 5057 erat
3202 5003 3457 5060 Verbum.
3493 5004 3678 5075 Neque
3700 5010 3868 5065 enim

2260 5091 2506 5145 conditor
2549 5100 2848 5162 temporum
2896 5104 3109 5150 tenetur
3155 5098 3255 5153 sub
3296 5092 3565 5167 tempore,
3599 5103 3871 5166 quamvis

2264 5182 2403 5236 Deus
2429 5183 2590 5236 homo
2622 5183 2797 5238 factus
2828 5196 3085 5242 nascatur
3123 5204 3189 5244 ex
3218 5197 3478 5257 tempore.
3520 5190 3655 5243 Ecce
3681 5206 3868 5257 quam

2259 5274 2479 5330 evidens
2510 5278 2874 5332 testimonium
2908 5295 3013 5335 non
3053 5281 3225 5335 solmu
3250 5292 3437 5337 contra
3477 5280 3726 5343 Judatos,
3759 5297 3869 5337 ve-

2261 5380 2379 5418 rum
2397 5367 2562 5420 etiam
2589 5377 2642 5421 et
2665 5377 2850 5422 contra
2877 5386 2972 5425 eos
2997 5371 3088 5440 qui
3113 5373 3582 5427 dicuntllhristum
3605 5371 3655 5423 in
3680 5386 3869 5431 carne

2256 5470 2451 5524 purum
2488 5458 2756 5512 liciniuem
2791 5458 2974 5514 fuisse.
3013 5462 3278 5516 therum
3302 5464 3446 5532 quod
3490 5464 3545 5516 in
3593 5460 3860 5531 Hebraeo,

2255 5556 2301 5599 el
2330 5557 2386 5600 tu
2410 5546 2957 5620 Belhlehemliphrata
2983 5553 3256 5615 scribitur,
3274 5563 3330 5607 et
3354 5568 3459 5608 non
3486 5553 3653 5617 Juda,
3684 5556 3866 5610 mali-

2257 5638 2330 5692 tia
2359 5637 2665 5695 Judteorum
2687 5651 2870 5712 postea
2894 5643 3135 5698 creditur
3156 5655 3569 5710 commutatum,
3594 5658 3661 5699 ne
3685 5644 3865 5704 Chri-

2255 5742 2373 5786 stus
2403 5732 2471 5787 de
2496 5732 2638 5787 tribu
2671 5732 2808 5788 Juda
2840 5743 2995 5791 ortus
3036 5735 3297 5791 videatur.
3349 5737 3458 5793 Sed
3503 5735 3577 5791 illi
3623 5739 3866 5806 quando

2255 5822 2481 5876 necdum
2527 5824 2591 5878 de
2634 5823 2849 5878 Christo
2883 5826 3053 5880 livore
3097 5829 3482 5895 movebantur,
3521 5827 3858 5911 simplicius.
