4072 6362
207 363 330 420 135

1055 351 1420 419 ειιιυοειτιο
1455 361 1524 418 ιιι
1563 358 2004 434 ιιΑιντιιιειιιι.
2045 395 2110 406 -
2149 365 2278 421 Lm.
2319 365 2387 432 ll,
2424 365 2582 422 car.
2621 367 2685 422 ii.

3410 374 3510 432 I34

205 491 258 534 et
283 489 350 531 tu
369 473 669 532 Rethlehem
691 474 838 530 Iuda
855 474 1371 547 ctferunt,quamvis
1395 479 1446 532 in
1472 478 1693 547 reliquis
1718 493 1813 533 ne-
1841 485 1889 544 Α
1916 479 2003 533 ubi
2045 479 2156 544 ira,
2206 481 2277 535 ibi
2321 483 2724 549 misericordia;
2776 483 2867 538 ubi
2909 499 3073 552 grave
3113 485 3300 558 jugum
3345 507 3512 562 super

205 571 495 641 gligentiie
516 579 827 640 arguantur,
863 569 1006 638 quod
1033 579 1215 639 postea
1245 571 1298 624 in
1323 585 1511 625 eorum
1537 571 1815 626 codicibus

207 667 447 721 iiiiiiiinc
471 666 763 734 reperitur.
797 665 1036 735 Ephrata
1065 665 1264 735 quippe
1306 681 1336 720 a
1369 665 1718 736 Septuaginta
1750 665 1812 719 li-

205 762 391 832 quido
438 768 653 815 constat
711 759 951 813 additum
999 759 1160 812 aliam
1209 759 1280 814 ob
1325 760 1812 830 significationem,

205 855 366 923 quod
391 853 578 906 multis
603 853 656 906 in
696 851 830 906 locis
854 867 948 905 eos
977 850 1171 905 fecisse
1210 851 1455 920 legimus.
1501 849 1606 904 Nos
1634 858 1814 903 tamen

207 957 370 1002 recte
415 947 621 1000 interea
667 961 954 1016 possumus
996 945 1226 1013 probare
1267 960 1333 998 ex
1359 945 1542 998 divina
1581 944 1815 997 aut-tori-

210 1050 353 1104 tate,
387 1039 708 1094 Bcthlelicm
743 1040 794 1092 in
843 1039 985 1094 tribu
1013 1037 1148 1093 Jnda
1180 1039 1402 1092 omnino
1424 1053 1563 1094 esse.
1595 1037 1816 1109 Legitur

205 1135 365 1188 enim
405 1134 456 1187 in
491 1132 627 1186 libro
653 1129 902 1186 Judicuni
932 1132 1064 1196 (xvii
1081 1172 1094 1192 ,
1119 1131 1179 1202 7)
1202 1131 1344 1200 quod
1371 1130 1534 1184 fuerit
1557 1131 1638 1184 vir
1663 1129 1815 1184 Levi-

207 1239 297 1283 tes
339 1225 596 1281 habitans
632 1227 683 1280 in
737 1225 1000 1280 lateribus
1031 1226 1220 1278 donius
1265 1223 1550 1293 Ephraim,
1581 1231 1634 1278 et
1662 1239 1815 1277 acce-

203 1321 289 1391 pit
315 1319 422 1374 sibi
453 1318 734 1372 mulierem
761 1317 1116 1370 concubinam
1142 1316 1209 1369 de
1223 1314 1534 1368 Bethlcliein
1560 1314 1716 1378 .luda,
1735 1323 1816 1368 at-

204 1427 319 1481 que
354 1414 516 1464 toties
542 1411 608 1464 de
650 1409 861 1478 reliquo
886 1408 1072 1462 eodem
1101 1408 1392 1476 replicatur
1413 1406 1646 1460 nomine.
1679 1405 1812 1460 Nam
1863 1449 1866 1454 .

202 1513 264 1558 ct
286 1504 452 1573 juxta
469 1501 847 1570 Septuaginta,
865 1499 1109 1568 quamvis
1131 1499 1215 1553 hic
1232 1498 1485 1559 dixerint,
1502 1507 1548 1550 et
1566 1509 1642 1560 tu,
1655 1496 1815 1551 Belli-

205 1595 409 1652 lehcm,
441 1595 622 1647 domas
656 1589 917 1660 Ephrata,
952 1591 1004 1644 in
1026 1587 1149 1644 Jcsu
1177 1588 1318 1643 Nave
1352 1598 1550 1654 tamen,
1598 1590 1688 1642 tibi
1720 1590 1814 1642 tri-

205 1687 318 1741 bus
345 1685 517 1750 Iudae,
558 1687 721 1739 urbes
764 1693 926 1754 atque
973 1682 1168 1754 oppida
1206 1681 1602 1746 describuntur,
1649 1683 1810 1736 etiam

205 1779 358 1833 hanc
391 1777 710 1846 inscriptam
736 1775 963 1846 legimus
990 1792 1003 1827 :
1041 1773 1222 1836 'I'lieto,
1251 1773 1444 1841 inquit,
1475 1782 1524 1824 et
1555 1772 1808 1841 ICpIirata,

203 1869 326 1924 Ιηιό
355 1879 456 1934 est,
481 1867 804 1932 Bethleliem,
838 1865 1016 1937 Fagor
1042 1865 1179 1934 (Jos.
1209 1867 1319 1934 xv),
1353 1881 1414 1919 ac
1447 1865 1668 1934 reliquie
1693 1880 1812 1934 quae
1843 1852 1888 1910 Β

203 1973 522 2032 Sequuntur
560 1963 810 2016 civitates
858 1961 1126 2014 undecim.
1175 1958 1328 2025 Quod
1359 1959 1572 2028 penitus
1617 1973 1716 2014 nec
1758 1959 1809 2012 in

204 2057 450 2112 lict-ineo
478 2073 576 2111 nec
600 2057 746 2127 apud
771 2055 933 2108 alium
955 2054 1250 2123 quemlibet
1291 2053 1637 2121 interpretem
1667 2052 1812 2106 inve-

205 2153 393 2205 nitur.
420 2149 612 2204 Sedet
646 2163 862 2201 omnem
899 2144 1159 2199 familiam
1205 2144 1394 2197 donius
1442 2142 1594 2213 131
1646 2142 1810 2196 David

209 2241 371 2296 hanc.
400 2251 546 2294 sorte
572 2239 898 2294 haereditatis
934 2238 1202 2300 tenuisse,
1248 2236 1520 2305 neinoqui
1553 2236 1806 2306 ambigat.

204 2335 400 2402 Quam
429 2331 672 2403 profecto
699 2333 911 2386 domum
953 2332 1018 2385 de
1051 2330 1190 2383 tribu
1225 2327 1362 2384 Jttd-a
1388 2369 1403 2394 ,
1443 2337 1494 2382 et
1535 2328 1588 2381 in
1620 2328 1809 2381 eadem

203 2425 528 2481 funiculum
581 2424 937 2495 possessionis
1001 2421 1304 2493 percepisse
1363 2435 1554 2474 omnes
1601 2418 1810 2489 paginae

201 2499 414 2571 divina:
452 2503 844 2570 distributionis
878 2512 1188 2584 loquuntur.
1237 2511 1500 2566 Caeterum
1541 2508 1681 2578 quod
1714 2508 1812 2563 Se-

200 2610 520 2680 ptuaginta,
548 2619 595 2662 et
640 2619 696 2660 tu
736 2605 1268 2671 Bethleliem,domiis
1319 2603 1578 2674 h‘pltrata,
1627 2603 1812 2658 dicunt

193 2700 292 2770 jnx
304 2711 359 2754 ta
389 2701 585 2754 librum
603 2699 877 2754 Geneseos
900 2698 972 2752 ob
991 2699 1276 2752 veritatem
1302 2697 1398 2761 rei,
1424 2696 1546 2765 quia
1582 2696 1694 2764 ipsa
1727 2700 1813 2748 est

203 2794 556 2857 Dethlcheni,
587 2793 676 2846 tibi
704 2803 920 2847 mortua
954 2791 1268 2862 perhibetur
1291 2789 1488 2845 llachel
1519 2799 1575 2844 et
1602 2788 1810 2858 sepulta

201 2886 252 2940 iii
307 2887 404 2940 via
455 2884 730 2956 Eplirata,
782 2886 872 2955 qui
927 2893 1045 2948 est,
1103 2885 1297 2955 inquit,
1339 2883 1670 2938 Bethlehcni.
1703 2882 1809 2938 Sed

199 2978 452 3046 Epitrata
489 2978 770 3046 antiquius
806 2977 1120 3039 vocabatur,
1151 2986 1204 3028 et
1229 2986 1415 3046 postea
1449 2986 1670 3046 prepter
1696 2990 1808 3046 my-

197 3071 408 3123 sticum
458 3069 827 3138 intelligentia:
855 3075 1255 3123 sacramentum
1287 3067 1682 3138 significantius
1711 3069 1808 3120 iiii-

197 3168 473 3212 nititatur.
507 3159 638 3212 Nam
667 3159 927 3229 prrata,
953 3159 1185 3228 furorem
1214 3159 1364 3222 vidit,
1397 3160 1801 3228 interpretatur.

1921 572 2058 628 filios
2082 573 2251 628 Adam
2279 589 2308 628 a
2343 575 2428 629 die
2454 575 2755 630 nativitatis
2791 591 2982 632 eorum
3003 619 3018 643 ,
3048 579 3118 633 ibi
3143 580 3342 636 Christi
3373 598 3513 638 unus

1919 662 2037 716 leve
2081 674 2136 718 et
2167 680 2334 718 suave
2373 664 2562 736 jtigtini
2591 683 2606 730 ;
2636 675 2690 720 et
2710 683 2830 738 quae
2857 678 2974 722 erat
3000 669 3256 740 Eplirata,
3286 673 3398 741 ipsa
3424 683 3512 730 est

1918 759 2248 815 Bethleheni.
2267 761 2322 815 In
2349 762 2510 816 domo
2534 763 2696 833 igitur
2717 761 2918 818 furoris
2945 773 3104 820 natus
3126 775 3210 820 est
3224 766 3509 825 Christus:

1918 861 1972 906 et
2018 853 2137 908 ideo
2161 853 2272 922 jam
2303 870 2409 909 non
2448 857 2640 910 donius
2676 856 2896 920 furoris,
2947 857 3046 914 sed
3093 860 3284 916 donius
3331 863 3508 932 panis,

1920 944 2043 1011 quia
2092 960 2288 1014 panem
2332 946 2399 1000 de
2448 946 2586 1001 caelo
2633 948 2938 1003 venientem
2981 952 3251 1022 suscepit,
3297 953 3513 1011 felicius

1922 1035 2078 1105 132
2104 1045 2344 1090 vocatur.
2375 1037 2693 1108 Quanquam
2724 1050 2776 1092 et
2799 1040 3032 1110 Ephrata
3049 1046 3298 1100 eumdem
3327 1047 3511 1102 videa-

1919 1137 2006 1181 tur
2031 1144 2247 1183 sensum
2275 1130 2604 1201 significare,
2630 1132 2864 1202 Eplirata
2891 1151 3120 1205 namque
3149 1137 3404 1208 frugifera
3429 1140 3510 1194 di-

1918 1220 2057 1274 citur
2081 1238 2093 1273 :
2127 1223 2250 1291 quia
2275 1222 2326 1276 in
2351 1225 2603 1292 praesenti
2637 1226 2744 1278 vita
2769 1227 3010 1295 profecto
3037 1230 3292 1284 excoleris
3319 1249 3505 1302 agrum

1919 1311 2009 1365 ubi
2044 1311 2296 1367 Christus
2322 1313 2576 1380 elllornit,
2618 1315 2740 1370 vita:
2769 1316 2950 1387 fruges
2977 1321 3043 1372 ad
3073 1320 3324 1376 horreum
3355 1323 3508 1380 inde-

1917 1405 2158 1460 sinenter
2199 1407 2344 1461 ferre
2388 1409 2605 1479 satagit.
2660 1407 2937 1478 Siquidem
2991 1413 3080 1467 hic
3125 1412 3398 1486 frugifera,
3451 1427 3510 1471 ut

1918 1496 2012 1562 ibi,
2043 1513 2166 1552 cum
2216 1499 2556 1554 manifestata
2603 1501 2766 1556 fuerit
2815 1503 2983 1574 gloria
3011 1505 3245 1572 Christi,
3283 1510 3511 1565 satietur

1916 1604 1983 1642 ex
2010 1591 2165 1658 adipe
2193 1591 2481 1656 frumenti,
2523 1603 2578 1648 et
2604 1595 2869 1664 repleatur
2906 1599 3055 1651 omni
3107 1599 3362 1655 felicitate
3390 1616 3512 1672 per-

1917 1691 2098 1748 petua.
2135 1680 2197 1734 Et
2239 1684 2532 1737 notandum
2579 1683 2718 1741 forte
2747 1688 2887 1755 quod
2919 1689 3050 1744 satis
3081 1689 3164 1744 illi
3207 1703 3510 1762 congruant

1919 1774 2210 1828 intellectui
2243 1778 2362 1831 dna:
2389 1777 2506 1831 istae
2533 1779 2692 1834 unius
2720 1782 2953 1836 nominis
2983 1783 3462 1853 interpretationes
3491 1827 3506 1852 ,

1917 1883 1980 1919 ex
2006 1883 2112 1935 quo
2149 1867 2282 1923 bene
2311 1867 2581 1940 Propheta
2604 1888 2827 1937 canens,
2857 1875 2968 1928 ait:
2999 1875 3099 1940 Qui
3129 1877 3405 1942 seminam,
3424 1879 3477 1932 in
3504 1909 3510 1922 -

1917 1958 2053 2024 quit,
2085 1959 2138 2012 in
2161 1957 2442 2030 laci-ginis,
2471 1960 2526 2015 in
2566 1964 2760 2031 gaudio
2800 1975 3020 2029 nictent;
3059 1977 3236 2022 euntes
3282 1969 3424 2022 ibant
3461 1980 3509 2024 et

1919 2052 2116 2118 ﬂebant
2141 2061 2410 2120 portantes
2452 2056 2654 2107 semina
2695 2073 2790 2108 sua
2817 2053 2990 2126 (Psal.
3050 2074 3212 2122 cxxv,
3244 2059 3320 2130 t5).
3353 2059 3512 2116 Flrre

1917 2141 2085 2210 igitur
2119 2157 2225 2196 non
2261 2153 2440 2197 cessat
2472 2144 2564 2198 Dei
2593 2144 2835 2200 Ecclesia
2866 2147 2992 2200 dum
3016 2159 3100 2202 est
3135 2150 3187 2204 in
3239 2150 3322 2204 via
3345 2191 3358 2215 ,
3403 2152 3510 2207 etsi

1915 2233 2122 2302 sepulta
2145 2233 2358 2288 dicatur
2391 2253 2418 2288 a
2446 2236 2630 2290 mundi
2665 2235 2935 2292 illecebris
2961 2279 2974 2302 ,
3005 2239 3128 2308 quia
3167 2240 3404 2295 furorem
3434 2242 3512 2296 vi-

1917 2325 2010 2379 dct
2043 2320 2254 2379 venturi
2277 2325 2509 2395 jiidicis;
2537 2329 2678 2382 unde
2702 2329 3014 2386 exclamans
3047 2332 3177 2386 dicit
3210 2351 3224 2387 :
3257 2332 3503 2400 Domine,-

1917 2433 1978 2471 ne
1999 2418 2052 2470 in
2079 2417 2260 2485 furore
2289 2427 2378 2472 tuo
2403 2435 2596 2488 arguas
2619 2437 2701 2474 me
2735 2417 2908 2492 (Psal.
2938 2438 3011 2487 vr,
3049 2423 3120 2494 l).
3163 2424 3296 2478 Cum
3326 2435 3508 2480 autem

1914 2510 2044 2564 dicit
2070 2528 2082 2564 :
2111 2510 2214 2576 Qui
2235 2512 2492 2565 seminam
2520 2514 2574 2567 in
2603 2512 2873 2584 lacrymis,
2899 2517 3088 2569 edocet
3119 2517 3262 2586 quod
3289 2533 3354 2570 ex
3381 2532 3510 2585 pro-

1914 2600 2036 2669 prio
2063 2600 2249 2655 labore
2281 2601 2536 2669 frugifera
2561 2602 2684 2668 jure
2714 2612 2958 2658 vocetur.
2982 2604 3189 2674 Quippe
3218 2607 3342 2674 quia
3374 2622 3508 2674 quo-

1916 2691 2045 2746 tidie
2070 2691 2209 2745 intra
2239 2705 2442 2755 aream,
2473 2708 2636 2762 quam
2660 2693 2912 2747 Christus
2932 2695 3234 2749 ventdabro
3260 2711 3358 2750 suo
3387 2711 3506 2765 per-

1913 2785 2229 2850 ιιιιιιιιιιιὶιίι,
2278 2787 2528 2842 universa
2580 2787 2840 2842 virtutum
2887 2803 3050 2859 opera
3097 2797 3396 2860 congregat
3447 2799 3504 2845 et

1915 2878 2177 2932 recondit.
2225 2878 2302 2932 Eo
2333 2879 2516 2948 itaque
2557 2879 2782 2933 decebat
2823 2888 2882 2934 ut
2911 2879 3161 2935 Christus
3192 2892 3505 2937 nasceretur

1913 2969 1965 3023 in
1997 2969 2116 3025 loco
2139 2970 2230 3039 qui
2285 2970 2450 3025 totius
2479 2971 2734 3026 Ecrlesite
2783 2971 3008 3040 figurant
3040 2983 3312 3044 gestaret,
3343 2983 3508 3045 atque

1911 3074 1975 3114 ex
2006 3061 2222 3114 nomine
2256 3061 2533 3116 Christum
2565 3061 2696 3118 inibi
2727 3063 2938 3118 cunctis
2983 3065 3240 3133 pabulum
3276 3067 3504 3121 creden-

1914 3152 2057 3206 tibus
2087 3150 2398 3208 aifuturunt
2433 3155 2713 3219 innueret;
2739 3158 2958 3224 quando
2983 3159 3198 3226 quidem
3226 3169 3376 3213 extra
3407 3159 3503 3215 Dei

197 3253 358 3319 Quod
393 3263 643 3321 patenter
673 3253 900 3308 Herodis
936 3261 1318 3322 prannonstrat
1348 3253 1644 3316 insaniam;
1678 3253 1803 3320 quia
1833 3227 1878 3288 ο
1912 3242 2228 3308 Εεοιεείξιιην
2280 3261 2387 3300 Ιιοιι
2439 3246 2540 3300 IIiSi
2586 3247 2775 3302 mortis
2805 3247 2983 3302 inedia
3025 3250 3318 3306 crudeliter
3363 3250 3505 3307 fame

197 3345 328 3398 dum
358 3345 639 3398 Christum
665 3343 910 3412 quaesivit
937 3343 1226 3413 perimere,
1269 3342 1488 3398 delusus
1523 3353 1606 3398 est
1633 3359 1662 3397 a
1695 3360 1805 3398 nia-

195 3439 280 3508 gis
304 3457 319 3492 :
350 3440 497 3491 unde
523 3439 694 3491 iratus
721 3436 896 3500 valde,
925 3435 1145 3490 mittens
1169 3435 1367 3490 occidit
1391 3449 1581 3489 omnes
1605 3451 1804 3505 pueros

197 3532 252 3585 in
279 3530 627 3584 Bcthlchcni.
654 3528 770 3596 Qua
789 3530 854 3582 de
877 3544 1036 3582 causa
1067 3536 1212 3581 recte
1241 3527 1472 3596 furorem
1502 3527 1806 3590 videns,an-

200 3624 440 3692 tiqiiittis
468 3634 550 3676 est
576 3621 862 3690 appellata.
904 3620 1009 3675 Sed
1030 3619 1144 3688 jam
1194 3635 1352 3673 nemo
1382 3620 1599 3684 timeat,
1642 3635 1802 3675 neuio

196 3717 440 3777 dubitet,
473 3730 628 3768 nemo
655 3716 924 3782 deeperet,
953 3713 1076 3782 quia
1113 3712 1328 3781 requies
1359 3711 1445 3765 illa
1473 3728 1634 3780 quant
1658 3727 1802 3781 qua:-

199 3809 366 3860 rebat
424 3805 610 3864 David,
643 3805 828 3858 audita
856 3813 938 3857 est
985 3806 1036 3857 in
1081 3803 1338 3872 Ephrata,
1382 3804 1598 3857 inventa
1630 3814 1712 3859 est
1747 3805 1800 3859 in

197 3899 426 3967 campis
468 3897 642 3962 silvai,
692 3905 747 3950 et
791 3896 982 3950 donius
1032 3896 1265 3965 furorem
1323 3895 1498 3950 videas
1537 3893 1676 3949 facta
1720 3904 1806 3950 est

196 3993 408 4045 domus
440 3991 607 4059 panis.
638 3988 793 4045 Unde
830 3998 883 4042 ct
933 3987 1158 4050 Rachel,
1211 3989 1432 4056 ligurain
1466 4003 1661 4058 gerens
1695 3988 1802 4042 Ec-

196 4089 415 4149 clesian,
464 4088 662 4142 ibidem
711 4086 918 4155 sepulta
969 4085 1188 4156 legitur,
1234 4092 1291 4136 tit
1341 4083 1394 4136 in
1445 4084 1632 4137 eodem
1684 4083 1803 4139 loco

194 4186 363 4257 plena
419 4177 633 4253 requies
679 4182 796 4252 ejus
832 4182 1097 4250 signetur,
1145 4178 1232 4231 ubi
1257 4177 1507 4232 Christus
1548 4177 1701 4246 panis
1727 4177 1804 4229 vi-

195 4293 324 4340 vus,
357 4276 452 4344 qui
503 4275 568 4327 de
618 4273 757 4328 curio
786 4272 1083 4331 descendit,
1114 4270 1352 4339 quotidie
1397 4284 1463 4324 ex
1505 4279 1626 4323 ortu
1665 4285 1802 4324 novo

196 4370 318 4423 sine
349 4365 568 4420 defectu
601 4374 864 4419 versatur.
897 4361 1439 4430 Comprehenderunt
1471 4374 1593 4413 eum
1621 4359 1802 4427 itaque

195 4459 424 4513 dolores
450 4455 802 4526 parturientis
830 4463 1120 4522 antequam
1165 4459 1483 4505 nasceretur
1511 4449 1758 4504 Christus
1782 4488 1800 4515 ,

195 4565 250 4611 et
290 4555 422 4608 ideo
447 4552 679 4621 furorem
719 4549 898 4604 videas
928 4559 1054 4602 ante
1097 4547 1292 4600 merito
1331 4554 1684 4626 nuncupatur.
1720 4542 1804 4596 Vi-

1910 3335 2206 3407 inipietatis
2239 3337 2375 3392 tilios
2410 3339 2558 3409 regni
2591 3339 2750 3409 hujus
2775 3349 2969 3394 vastat.

1981 3427 2127 3484 Tum:
2159 3429 2396 3484 Herodes
2426 3436 2563 3485 clam
2595 3432 2790 3486 vocatis
2833 3433 3030 3503 magis,
3059 3435 3337 3504 diligenter
3359 3437 3503 3490 didi-

1907 3521 1976 3574 cit
2021 3521 2087 3574 ali
2138 3522 2211 3576 eis
2263 3533 2463 3591 tempus
2521 3523 2686 3576 stella:
2724 3541 2843 3592 quw
2896 3525 3160 3592 apparuit.
3214 3524 3503 3595 Diligentia

1907 3613 2010 3667 doli
2040 3624 2123 3668 est
2149 3631 2211 3670 ac
2239 3616 2473 3680 fraudis,
2508 3616 2730 3685 cupiens
2756 3615 3061 3684 explorare,
3080 3618 3203 3686 quia
3228 3617 3402 3674 locum
3435 3634 3504 3675 ex

1905 3706 2187 3775 proiihetia
2218 3707 2500 3772 didicerat,
2531 3709 2749 3776 quando
2781 3717 3118 3764 nasceretur.
3151 3711 3218 3764 Et
3246 3712 3364 3766 ideo
3392 3712 3501 3783 pol-

1906 3798 2082 3853 licitus
2113 3808 2196 3854 est
2235 3801 2483 3864 adorare,
2540 3787 2607 3854 ne
2660 3801 2945 3870 quisquam
2976 3803 3302 3868 adverteret,
3353 3807 3497 3874 quod

1904 3905 1967 3944 ex
1998 3891 2308 3961 conjectura
2335 3900 2521 3960 postea
2548 3892 2848 3961 colligitur,
2879 3893 3005 3962 quid
3057 3895 3238 3949 animo
3287 3895 3499 3952 celaba-

1908 3990 2011 4036 ttir.
2053 3981 2155 4048 Qui
2185 3982 2438 4035 nimirum
2483 3982 2620 4036 t-lani
2649 3983 2853 4037 vocatis
2901 3983 3072 4052 magis
3099 3985 3328 4039 contulit
3373 4002 3496 4041 cum

1903 4073 2003 4135 eis,
2025 4090 2090 4128 ne
2114 4073 2254 4127 forte
2272 4073 2476 4128 Scriba:
2504 4091 2568 4128 ac
2597 4074 2879 4138 Pharisaei,
2904 4077 3056 4145 quasi
3075 4091 3142 4131 ex
3165 4075 3256 4130 Dei
3278 4077 3499 4133 oraculo

1905 4165 2289 4234 repromissum
2308 4166 2614 4220 occulerent
2638 4207 2652 4230 ,
2684 4167 2726 4221 si
2745 4166 2925 4237 aliquo
2941 4167 3351 4238 significationis
3367 4177 3498 4226 nutu

1904 4259 2370 4329 deprehenderent
2400 4273 2524 4313 eum
2551 4275 2608 4313 se
2634 4259 2769 4314 Velle
2801 4262 3087 4329 perimere.
3134 4259 3322 4331 Neque
3351 4261 3504 4316 enini'

1903 4349 2176 4402 :cstimare
2221 4358 2468 4418 poterat,
2502 4349 2643 4417 quod
2684 4359 2876 4402 contra
2913 4349 3004 4403 Dei
3048 4351 3314 4418 proitiissa
3349 4360 3498 4404 tanto

1906 4439 2208 4493 insanirent
2251 4437 2404 4503 odio,
2455 4447 2513 4490 tit
2558 4453 2662 4491 non
2696 4437 2894 4492 vellent
2946 4440 3221 4508 suscipere
3251 4455 3374 4495 cum
3403 4441 3497 4511 qui

1903 4529 2127 4583 vocibus
2152 4530 2534 4598 prophetarinii
2567 4528 2783 4598 proprio
2808 4545 2871 4582 ex
2897 4545 3091 4598 genere
3115 4529 3287 4584 fuerat
3313 4545 3498 4601 repro-

195 4647 369 4699 ηυιηη
403 4601 568 4714 igitur
598 4643 857 4704 furorem,
891 4656 956 4694 ρο
999 4641 1140 4708 (μιαί
1173 4647 1391 4708 parere;
1439 4621 1793 4705 ιη’ίεμιίιηιυιη,
1832 4601 1880 4661 D
1909 4622 2127 4676 missus.
2166 4621 2314 4674 inde
2347 4619 2484 4674 clam
2519 4623 2725 4674 mentis
2763 4624 2964 4693 magis,
2995 4623 3184 4676 didicit
3210 4625 3278 4677 ab
3307 4623 3386 4678 eis
3418 4625 3498 4678 di-

195 4748 248 4791 ct
279 4737 497 4808 jngitcr
533 4735 750 4789 dolores
777 4733 1104 4802 conciperet,
1136 4740 1191 4784 et
1239 4729 1528 4798 injustitias
1573 4728 1798 4782 allluen-

201 4831 310 4883 tius
357 4827 676 4896 parttiriret.
719 4824 908 4878 Nullus
938 4823 1080 4876 enim
1115 4815 1283 4892 magis
1310 4819 1460 4873 dolor
1485 4834 1647 4887 quant
1674 4833 1799 4888 pec-

197 4923 306 4975 cati
337 4919 568 4980 vulnus,
606 4917 694 4970 ubi
747 4916 797 4969 in
836 4913 1162 4968 conscientia
1216 4909 1349 4964 nihil
1394 4920 1480 4964 est
1525 4909 1796 4973 validum,

200 5014 336 5068 nihil
401 5025 592 5064 sanum
619 5051 632 5071 ,
666 5008 761 5062 sed
813 5007 991 5060 omnia
1019 5003 1344 5058 IIltBI‘Ol‘iiIllS
1393 5000 1708 5064 abundant,
1741 5009 1797 5055 et

201 5105 543 5160 discruciant
588 5101 855 5155 infelicem
885 5098 1118 5152 animam
1151 5095 1386 5165 pondere
1431 5102 1797 5163 peccatorum.

203 5198 342 5251 Ilinc
405 5209 537 5249 sane
595 5192 762 5247 David
813 5190 1152 5245 miseriarum
1210 5203 1430 5240 suarum
1473 5185 1802 5254 perhorrens

205 5293 435 5344 vulnera
471 5308 484 5341 :
521 5283 781 5339 Turbatus
807 5293 899 5346 est,
938 5283 1130 5350 inquit,
1160 5299 1191 5332 ιι
1215 5279 1392 5349 furore
1412 5277 1594 5330 oculus
1632 5293 1797 5340 meus,

203 5381 491 5435 inrctcravi
524 5380 657 5432 inter
682 5392 858 5430 omnes
879 5375 1117 5427 inimicos
1143 5387 1279 5424 meos
1306 5366 1475 5438 (Paul.
1502 5383 1572 5426 Vl,
1595 5368 1670 5438 8).
1701 5366 1800 5420 Cui

205 5477 470 5529 iiiiniruiii
530 5471 792 5527 catt-italis
848 5468 1014 5522 furori
1065 5468 1243 5520 omnis
1288 5463 1604 5531 sul~jaccbat
1653 5463 1801 5517 natio

204 5570 476 5639 gentium,
526 5567 634 5619 into
659 5577 818 5618 omne
867 5562 1162 5616 humanum
1206 5574 1408 5627 gentis,-
1437 5556 1562 5624 quia
1608 5570 1798 5610 omnes

204 5675 429 5715 eramus
459 5657 552 5713 filii
578 5658 692 5711 ine.
720 5655 826 5710 Sed
852 5655 1058 5725 gratias
1083 5666 1306 5720 agamus
1325 5648 1565 5719 largitori
1590 5655 1800 5713 nostro,

205 5756 358 5824 quia,
395 5760 458 5807 ut
476 5752 610 5816 dixi,
633 5763 761 5805 ecce
788 5753 878 5803 uni
903 5749 1094 5802 domus
1134 5745 1368 5800 furorem
1400 5742 1632 5796 videntis
1656 5751 1796 5809 erat,

207 5843 350 5914 facta
385 5854 471 5904 est
513 5847 705 5901 domus
750 5841 935 5913 panis;
986 5839 1074 5894 ubi
1124 5837 1437 5899 crudelitas,
1485 5835 1554 5888 ibi
1594 5835 1802 5903 pietas;

1905 4713 2138 4783 ligenter
2169 4721 2378 4782 tempus
2407 4713 2592 4766 SlCiliE‘.
2626 4713 2730 4780 Sed
2763 4730 2948 4768 revera
2975 4716 3102 4784 quid
3125 4715 3193 4768 de
3221 4716 3332 4786 ipsa
3361 4716 3496 4768 didi-

1904 4805 2059 4869 cerit,
2089 4806 2304 4874 quando
2325 4845 2339 4868 ,
2364 4813 2414 4857 et
2448 4803 2566 4870 tibi,
2599 4805 2680 4857 vel
2713 4807 2982 4874 quomodo
3017 4806 3359 4876 apparuerit,
3388 4820 3492 4857 non

1904 4899 2036 4952 satis
2063 4897 2233 4952 claret
2264 4898 2555 4967 responsis.
2583 4895 2648 4950 Et
2681 4898 2798 4951 ideo
2830 4899 2917 4951 alii
2941 4899 3046 4952 alia
3082 4899 3371 4968 tingentes,
3406 4909 3502 4947 vc-'

1904 4991 2025 5054 lint,
2059 4990 2266 5054 nolint,
2300 4999 2468 5043 totum
2503 4989 2613 5045 Deo
2652 4991 2904 5060 possibile
2943 4993 3307 5060 reliquerunt,
3341 4989 3496 5057 quil-

1904 5081 2030 5152 quid
2061 5080 2432 5132 ditlicilbnittin
2463 5079 2770 5134 hominibus
2788 5081 3014 5136 videtur.
3043 5080 3248 5132 Interea
3279 5077 3498 5130 mittens

1901 5189 1996 5228 eos
2017 5172 2289 5226 Bethleem
2318 5173 2451 5226 dixit
2479 5192 2490 5226 :
2523 5173 2550 5226 Ι
2556 5185 2603 5228 te
2629 5185 2674 5228 et
2710 5175 2955 5246 inquirite
2980 5173 3250 5242 diligenter
3277 5169 3342 5222 de
3368 5185 3494 5239 pue-

1904 5281 2060 5330 ro,ac
2091 5267 2380 5318 renuntiate
2411 5265 2560 5330 iiii/ii,
2588 5276 2711 5319 utet
2747 5282 2837 5337 ego
3051 5264 3251 5316 veniens
3276 5259 3502 5312 adorem‘

1901 5374 2037 5410 eunt.
2067 5357 2295 5410 Simulat
2326 5375 2384 5411 se
2413 5373 2540 5428 ergo
2569 5357 2795 5412 adorare
2833 5374 2989 5428 queui
3016 5369 3209 5409 neeum
3232 5353 3489 5424 disponit,

1902 5448 2295 5518 utl‘iersttadeat
2323 5447 2419 5510 eis,
2457 5449 2570 5502 sine
2594 5449 2698 5502 ulla
2729 5449 2933 5502 fraudis
2955 5446 3282 5516 suspicione,
3306 5448 3376 5502 ob
3407 5445 3490 5499 fa-

1906 5543 2052 5597 voris
2071 5543 2297 5614 gratiam
2330 5543 2431 5596 sibi
2469 5543 2800 5596 renuntiare.

1980 5646 2049 5700 Et
2074 5663 2190 5700 ecce
2226 5646 2399 5710 stella,
2423 5663 2580 5714 quant
2609 5643 2843 5698 ciderant
2873 5643 2928 5698 in
2965 5642 3196 5711 Oriente,
3221 5645 3493 5699 antecede-

1909 5740 1991 5793 bat
2013 5755 2098 5793 eos
2125 5737 2288 5794 donec
2309 5739 2504 5792 veniret
2537 5751 2695 5806 supra
2719 5735 2808 5789 ubi
2836 5747 2947 5791 erat
2977 5755 3124 5808 puer.
3158 5737 3493 5792 Deseriinliir

1910 5843 2086 5887 autem
2129 5830 2367 5885 Jlltlﬂ‘ﬂm
2405 5827 2629 5899 ingrcssi
2665 5828 2832 5884 stella:
2864 5830 3082 5895 indicio,
3113 5839 3170 5884 tit
3203 5825 3490 5896 ουιιιιιιειιυέ
