4032 6358
560 364 663 420 155

1376 360 1436 415 S.
1477 358 1841 418 PASCHASII
1879 358 2228 416 RADBERTI
2265 356 2564 416 ABBATIS
2600 357 3057 416 CORBEIENSIS

3732 346 3847 416 ise

559 483 745 529 rentur
784 487 850 529 ex
879 471 997 542 lege
1025 480 1244 544 propter
1282 469 1408 527 fidei
1447 483 1787 529 sacramenta
1831 472 2141 546 diligentius
2166 474 2219 536 Α
2243 471 2298 528 in
2313 471 2605 528 virtutibus
2622 472 2899 538 vivere,et
2919 472 3091 527 beatze
3113 471 3241 527 vita:
3261 479 3416 527 actus
3440 470 3644 528 habere
3658 471 3844 529 adhuc

557 565 835 637 requirere
862 564 999 619 tanti
1038 562 1183 634 regis
1220 562 1591 630 nativitatem;
1646 573 1913 635 quatenus
1940 574 1995 621 et
2041 565 2143 638 ipsi

558 658 867 715 sacerdotes
895 673 927 712 a
950 656 1123 728 magis
1151 656 1474 728 interrogati
1497 657 1587 712 ubi
1612 656 1863 714 Christus
1893 673 2147 715 nascere.

561 765 665 817 tur,
692 754 760 809 de
799 751 1034 807 adventu
1065 751 1183 822 ejus
1222 750 1618 806 inexcusabiles
1650 759 1851 806 essent.
1904 751 1976 808 Ut
2017 752 2143 823 quia

560 845 807 903 socordia
867 843 1290 917 premebantur,
1353 858 1422 899 ne
1467 842 1852 916 prophetarum
1892 844 2145 900 vaticinia

562 940 922 1005 intenderent,
960 955 990 993 a
1016 937 1266 1010 gentibus
1290 938 1626 1007 prtcmoniti,
1674 937 1865 994 saltem
1903 938 2144 995 debitum

558 1030 819 1103 exemplis
862 1030 1069 1085 invitati
1097 1030 1462 1086 venerationis
1507 1028 1830 1100 obsequium
1878 1031 2146 1087 credendo

559 1122 951 1195 impenderent,
996 1123 1088 1194 qui
1120 1121 1280 1193 primi
1318 1138 1386 1177 cx
1409 1122 1666 1178 vaticinia
1712 1124 1779 1179 ad
1810 1124 2145 1180 adorandum

555 1217 795 1274 velocius
840 1218 1031 1273 venire
1083 1218 1403 1274 debuerant.
1454 1218 1830 1275 Provocantur
1874 1218 2020 1274 enim
2077 1216 2144 1271 ad

559 1307 742 1374 fidem,
785 1308 927 1364 sicut
952 1308 1215 1380 scriptum
1261 1319 1384 1375 est,
1425 1310 1477 1365 in
1517 1311 1599 1367 eis
1626 1310 1715 1381 qui
1744 1325 1852 1365 non
1880 1317 2036 1364 erant
2078 1324 2145 1364 ex

558 1401 756 1472 populo
787 1401 905 1466 Dei,
935 1410 991 1456 et
1025 1401 1313 1457 irritantur
1338 1402 1503 1458 stulta
1532 1403 1585 1458 in
1614 1413 1774 1474 gente
1813 1403 1881 1457 ad
1925 1401 2148 1458 aemula-

559 1492 760 1549 tionem
799 1501 855 1548 ut
884 1509 950 1549 ex
986 1501 1218 1565 utroque
1245 1496 1479 1550 convicti
1507 1495 1907 1551 inexcusabiles
1936 1502 2141 1550 essent.

561 1584 669 1641 Sed
717 1586 840 1657 ipsi,
875 1595 1129 1658 tanquam
1161 1587 1331 1644 Jacob
1364 1589 1501 1645 filios
1545 1589 1890 1654 benedicens,
1937 1588 2145 1646 obfusis

558 1679 803 1734 caecitate
827 1678 998 1735 oculis
1019 1679 1342 1751 caligahant,
1360 1682 1484 1752 quia
1502 1690 1824 1753 praesentem
1846 1682 2019 1737 lucem
2038 1697 2143 1736 non

557 1768 927 1837 intuebantur,
954 1773 1110 1843 cujus
1141 1773 1308 1828 etiam
1350 1772 1527 1829 locum
1572 1774 1872 1829 nativitatis
1907 1790 1974 1829 ex
2024 1791 2145 1845 ιιι-ος

2248 564 2304 620 in
2354 564 2513 621 istius
2554 563 2799 635 corporis
2842 562 2989 618 vita?
3027 562 3179 619 Sicut
3214 579 3247 620 e
3292 563 3574 619 contrario
3599 602 3617 629 ,
3665 572 3850 621 morte

2247 661 2407 728 mori,
2433 662 2561 733 quid
2589 668 2673 717 est
2717 658 2901 725 aliud,
2958 675 3122 731 quam
3153 674 3254 731 pro
3305 659 3452 714 vitiis
3498 665 3557 715 et
3604 658 3850 731 peccatis

2248 762 2421 810 morte
2464 752 2687 825 puniri?
2717 751 2789 808 Ut
2824 750 2913 806 ille
2957 752 3048 822 qui
3079 766 3240 821 posse
3281 749 3536 817 habebat,
3565 750 3614 805 si
3660 748 3847 816 vellet,

2249 859 2357 899 non
2381 843 2555 899 solmn
2590 857 2699 899 non
2730 842 2890 908 mori,
2918 857 3107 898 verum
3138 843 3304 899 etiam
3345 841 3647 898 obediendo
3665 856 3849 911 quan-

2247 937 2424 1008 doque
2444 952 2542 1007 per
2561 937 2731 993 Deum
2755 934 3080 991 immortalis
3122 934 3348 1001 haberi;
3381 933 3538 989 fleret
3564 932 3621 988 in
3647 947 3851 1005 pecca-

2250 1031 2320 1088 tis
2346 1030 2627 1089 moriendo
2650 1027 2917 1093 mortalis,
2955 1037 3035 1093 et,
3063 1026 3108 1084 si
3136 1040 3244 1082 non
3282 1024 3661 1089 redimeretur,
3685 1023 3851 1079 dein-

2248 1142 2395 1197 ceps,
2423 1134 2545 1196 post
2570 1132 2803 1180 mortem
2825 1122 3030 1188 carnis,
3055 1122 3125 1177 ob
3153 1128 3385 1176 mortem
3416 1118 3612 1174 animae
3636 1126 3852 1174 aeterna

2249 1227 2424 1275 morte
2444 1217 2706 1273 victurus.
2738 1214 2877 1270 Hinc
2906 1214 3070 1285 igitur
3098 1212 3345 1285 profecto
3363 1220 3533 1283 patet,
3561 1211 3616 1267 in
3644 1210 3854 1266 divinis

2249 1311 2449 1366 litteris
2496 1309 2635 1365 nihil
2681 1323 3113 1380 supervacuum,
3161 1307 3276 1373 sed,
3305 1307 3445 1361 mira
3496 1304 3855 1361 distinctione
3953 1298 3960 1305 ’

2248 1402 2561 1467 verborum,
2591 1407 2716 1456 sunt
2745 1399 2931 1455 omnia
2954 1399 3232 1472 mysteriis
3276 1397 3497 1464 referta,
3523 1405 3579 1451 et
3607 1395 3851 1452 mirabili

2249 1494 2445 1549 decore
2490 1493 2741 1549 sensibus
2788 1493 3021 1547 variata.
3076 1492 3226 1548 Unde
3273 1492 3466 1547 beatus
3506 1491 3852 1562 evangelista

2250 1588 2435 1644 volens
2472 1587 2606 1644 illud
2634 1587 2854 1645 unicum
2883 1596 2937 1643 et
2984 1586 3302 1643 admirabile
3330 1585 3589 1658 gaudium
3617 1585 3850 1640 creden-

2252 1682 2396 1736 tibus
2446 1680 2693 1746 innuere,
2725 1681 2991 1752 prmmisit
3030 1696 3221 1737 eorum
3269 1679 3538 1753 gaudendi
3585 1679 3854 1750 magiste-

2250 1772 2415 1839 rium,
2440 1772 2764 1844 lactandique
2790 1789 3016 1838 munus,
3041 1773 3147 1829 ﬁde
3177 1788 3300 1828 cum
3327 1773 3502 1845 gratia
3530 1771 3854 1826 desideran-

556 1862 736 1931 phetia
786 1862 949 1918 veluti
1014 1864 1182 1934 digito
1236 1864 1395 1937 longe
1456 1866 1619 1936 positi
1673 1866 2139 1923 demonstrabant.
2177 1861 2219 1920 Β
2249 1873 2333 1919 ter
2356 1865 2725 1935 quaerentibus
2770 1866 2825 1920 in
2872 1865 3299 1923 corde.ca:litus
3326 1865 3604 1921 ditiusum.
3637 1864 3708 1920 Et
3732 1882 3852 1922 non

554 1952 727 2007 Aliter
753 1963 952 2021 autem,
1001 1955 1327 2011 deseruntur
1357 1959 1497 2029 magi
1530 1959 1713 2013 divino
1738 1960 1950 2015 viantes
1995 1962 2145 2015 auxi:

554 2044 629 2100 lio
660 2046 785 2101 dum
815 2048 1098 2118 requirunt
1136 2049 1431 2105 humanum
1467 2069 1480 2105 :
1512 2060 1572 2106 ut
1595 2067 1663 2107 ex
1691 2053 1798 2107 hoc
1833 2062 2016 2124 pateat
2045 2069 2143 2110 nos

556 2151 669 2191 non
701 2137 901 2193 debere
926 2178 941 2203 ,
984 2154 1121 2209 quos
1150 2138 1285 2195 fides
1309 2149 1365 2196 et
1408 2140 1608 2197 Christi
1651 2144 1823 2214 gratia
1874 2143 2139 2209 illustrat,

554 2229 851 2285 humanum
878 2228 1126 2296 docendi,
1159 2229 1452 2287 dubietatis
1482 2232 1683 2299 animo,
1729 2234 2007 2303 requirere
2031 2232 2143 2288 suf-

555 2320 803 2393 fragium.
831 2320 1015 2394 Neque
1043 2324 1188 2378 enim
1224 2322 1484 2380 debuerat
1508 2325 1721 2397 signum
1748 2326 1996 2381 miraculi
2030 2342 2143 2380 ma-

553 2412 636 2483 gis
673 2422 929 2483 tanquam
969 2412 1275 2470 inlidelibus
1305 2424 1605 2484 ostensum,
1634 2417 1835 2473 eisdem
1882 2433 2141 2489 apparere

554 2504 689 2577 legis
715 2506 1049 2573 doctoribus,
1087 2523 1224 2577 quos
1267 2510 1655 2580 prophetarum
1688 2509 1924 2580 eloquia,
1964 2522 2018 2566 et
2047 2527 2142 2582 pa-

551 2597 913 2654 triarcharum
965 2600 1247 2670 praesagia,
1298 2608 1459 2670 atque
1488 2603 1780 2671 ﬁgurarum
1832 2603 2137 2674 aenigmata,

550 2687 698 2744 velut
727 2688 1076 2756 domesticos,
1109 2706 1215 2746 non
1244 2691 1404 2747 modo
1450 2691 1516 2746 ad
1549 2692 1733 2758 fidem,
1760 2707 1945 2748 verum
1974 2695 2137 2749 etiam

553 2781 621 2835 ad
661 2782 941 2837 scientiam
972 2783 1363 2853 promissorum
1391 2783 1685 2854 plurimum
1718 2786 2133 2854 prtestruebant.

554 2873 708 2931 Unde
760 2876 1058 2932 timendum
1092 2884 1178 2931 est
1226 2875 1294 2931 de
1342 2875 1426 2932 his
1456 2892 1576 2947 qua:
1606 2878 1659 2932 in
1703 2878 1902 2933 divinis
1943 2878 2137 2934 litteris

551 2968 855 3035 habentur,
888 2967 935 3023 si
981 2982 1138 3023 mens
1162 2967 1302 3023 male
1337 2967 1529 3024 devota
1567 2970 1870 3034 exstiterit,
1904 2970 2137 3025 inﬁdeli-

552 3060 680 3115 tatis
729 3060 870 3116 nodo
921 3061 1221 3127 incredula,
1276 3070 1369 3116 aut
1414 3061 1844 3135 subterfugiendi
1888 3064 2138 3120 examine

552 3154 808 3222 subdola,
841 3172 908 3213 ne
939 3172 1177 3228 unquam
1213 3155 1337 3211 ullis
1366 3156 1643 3229 signorum
1669 3157 1932 3229 prodigiis
1960 3156 2135 3213 valeat

2247 1958 2419 2014 solum
2476 1958 2674 2031 gaudio
2723 1959 2972 2031 gavisos,
3005 1959 3102 2015 sed
3143 1974 3340 2029 magno
3391 1958 3576 2029 utique
3621 1958 3853 2030 gaudio,

2246 2065 2354 2120 quo
2381 2050 2585 2106 nullum
2616 2060 2700 2107 est
2724 2051 2930 2121 majus;
2978 2060 3145 2122 atque
3176 2052 3230 2106 in
3262 2050 3380 2122 ipso
3409 2066 3606 2120 magno
3642 2050 3853 2123 gaudio

2245 2155 2339 2195 eos
2365 2139 2519 2195 valde
2542 2141 2779 2212 gavisos.
2815 2141 2952 2209 Quia
2981 2149 3162 2212 potest
3185 2140 3241 2196 in
3268 2156 3374 2196 uno
3399 2141 3701 2210 eodemque
3724 2157 3851 2196 ma-

2246 2248 2351 2303 gno
2371 2232 2569 2303 gaudio
2593 2272 2608 2298 ,
2660 2233 2796 2288 alius
2816 2233 2958 2304 plus,
2991 2234 3132 2289 alios
3163 2233 3341 2287 minus
3382 2233 3640 2304 gaudere.
3666 2232 3855 2289 Porro

2245 2323 2333 2379 isti
2361 2339 2595 2394 quorum
2618 2324 2800 2396 specie
2828 2339 2998 2396 genus
3018 2325 3446 2397 praesagiebatur
3470 2325 3849 2392 credentium,

2244 2417 2415 2489 gavisi
2455 2425 2672 2473 suntex
2709 2417 2800 2473 illo
2845 2433 3041 2490 magno
3085 2418 3284 2489 gaudio
3304 2418 3494 2485 valde,
3524 2420 3652 2490 quia
3701 2420 3849 2475 certi

2244 2509 2372 2565 facti
2401 2518 2528 2564 sunt
2555 2510 2622 2566 de
2649 2509 2899 2575 obtentu,
2922 2506 3106 2566 ﬁdeles
3146 2511 3213 2565 de
3240 2520 3527 2581 preventu,
3558 2511 3736 2567 devoti
3768 2526 3848 2568 ex

2243 2601 2460 2667 affectu,
2489 2602 2744 2657 ardentes
2784 2602 3012 2656 interius
3061 2602 3128 2656 de
3179 2602 3466 2672 inspirata.
3501 2600 3608 2657 SeJ
3633 2610 3689 2657 et
3714 2618 3848 2657 Illa-

2238 2704 2402 2765 gnum‘
2434 2694 2687 2765 gaudium
2712 2694 2819 2749 dici
2846 2703 3046 2765 potest,
3068 2696 3140 2752 ob
3162 2694 3565 2753 distinctionem
3605 2696 3846 2755 alterius

2239 2786 2452 2855 gaudii;
2481 2786 2606 2855 quia
2647 2795 2732 2841 est
2758 2796 2814 2841 et
2864 2785 3112 2841 intimum
3141 2788 3432 2859 gaudium,
3461 2803 3570 2859 quo
3610 2789 3845 2858 proprie

2240 2879 2413 2950 magis
2443 2880 2641 2951 gestire
2661 2868 2913 2945 dicimur,
2936 2881 3039 2935 etsi
3071 2895 3137 2936 eo
3163 2881 3408 2947 abusive,
3424 2891 3572 2937 recte
3592 2883 3847 2954 gaudere

2238 2969 2471 3025 dicatur.
2509 2971 2659 3027 Unde
2684 2987 2783 3042 per
2831 2971 3212 3040 Salomouem,
3263 2975 3561 3030 secundum
3599 2973 3847 3045 Septua-

2239 3062 2387 3134 ginta
2420 3079 2433 3115 :
2456 3061 2729 3117 La'tantur
2754 3062 2911 3135 135
2939 3080 3060 3119 cum
3084 3064 3220 3120 male
3260 3065 3495 3134 fecerint,
3521 3076 3569 3119 et
3600 3066 3842 3135 gaudent

2239 3156 2293 3209 in
2323 3155 2475 3209 rebus
2501 3155 2737 3226 pessimis
2760 3152 2946 3226 (Prov.
2970 3171 3033 3222 ιι,
3063 3155 3174 3229 li).
3197 3152 3295 3212 Est
3320 3157 3501 3226 itaque
3520 3166 3574 3212 et
3593 3157 3843 3214 medium

551 3246 787 3301 invitari.
814 3247 950 3314 Quia
976 3248 1021 3303 si
1049 3249 1266 3320 Moysen
1302 3258 1357 3304 et
1378 3250 1672 3320 prophetas
1697 3265 1804 3305 non
1834 3249 2130 3313 audierint,
2159 3239 2205 3302 C
2237 3246 2379 3310 vitae,
2408 3246 2623 3317 quoties
2649 3247 2718 3301 de
2742 3247 2899 3303 bonis
2932 3247 3145 3303 Domini
3180 3248 3565 3319 temporalibus
3592 3249 3845 3321 gaudere

550 3354 724 3409 neque
752 3340 797 3395 si
821 3340 943 3410 quis
966 3355 1031 3397 ex
1061 3341 1289 3396 mortuis
1320 3341 1704 3406 resurrexerit,
1724 3340 1967 3395 credent.
1993 3339 2130 3410 Magi

549 3438 729 3485 autem
759 3432 975 3488 tandem
1006 3433 1301 3487 comitante
1350 3432 1505 3489 stella
1540 3432 1916 3503 pervenientes
1942 3431 2011 3487 ad
2051 3430 2131 3487 lo-

548 3539 690 3589 cum,
709 3532 871 3596 atque
899 3523 1192 3581 famulante
1212 3526 1464 3596 desuper,
1488 3525 1577 3581 ubi
1607 3533 1726 3581 erat
1753 3539 1907 3595 puer,
1930 3524 2130 3592 sidere,

547 3614 614 3669 ad
640 3631 799 3687 quem
828 3633 922 3673 eos
957 3634 1022 3673 ex
1054 3617 1277 3675 Oriente
1314 3617 1664 3690 perduxerat.

534 3766 547 3781 κ
636 3728 815 3789 Gavisi
863 3745 982 3788 sunt
1034 3735 1230 3805 gaudio
1288 3750 1477 3805 magno
1526 3735 1696 3790 valde.
1753 3733 1895 3791 Usus
1948 3735 2131 3805 itaque

545 3823 950 3894 Scripturarum
984 3840 1211 3895 puerum
1258 3841 1381 3881 eum
1424 3825 1546 3882 ideo
1592 3826 1906 3897 frequenter
1952 3828 2130 3881 nomi-

544 3930 677 3969 nare
704 3913 934 3981 videtur,
963 3923 1025 3969 ut
1052 3930 1175 3970 eum
1220 3931 1581 3987 recognoscas
1622 3917 1686 3972 de
1729 3933 1837 3987 quo
1868 3918 2129 3987 prepheta

544 4008 692 4063 cauit
720 4024 734 4062 :
771 4005 916 4063 Puer
941 4018 1097 4063 natus
1121 4019 1195 4063 est
1239 4009 1405 4073 nobis,
1434 4020 1481 4063 et
1506 4009 1650 4079 ﬁlius
1692 4009 1847 4064 datus
1876 4019 1948 4063 est
1983 4009 2129 4063 nobis

536 4104 681 4178 '(Isa.
707 4123 783 4172 ix,
803 4105 879 4179 6).
909 4103 1014 4162 Sed
1042 4105 1088 4161 si
1115 4105 1169 4160 in
1199 4105 1395 4161 litteris
1420 4104 1618 4160 divinis
1642 4103 1775 4159 nihil
1801 4102 2128 4174 superﬂuum

550 4196 709 4272 134
746 4213 867 4254 esse
904 4198 1169 4263 creditur,
1200 4213 1375 4268 neque
1414 4213 1554 4253 unus
1588 4213 1723 4268 apex
1769 4197 1854 4253 vel
1898 4198 2007 4253 iota
2036 4213 2129 4253 va-

542 4296 633 4343 cat
657 4304 687 4342 a
716 4289 995 4360 mysterio,
1012 4296 1190 4343 textus
1220 4288 1308 4342 hic
1329 4287 1731 4358 Scripturarum
1763 4290 2125 4360 quaestionem

542 4384 755 4439 videtur
782 4381 976 4439 alferre
1017 4400 1030 4438 :
1058 4399 1181 4438 cum
1210 4398 1370 4438 nemo
1417 4381 1520 4436 nisi
1552 4381 1748 4453 gaudio
1776 4383 1947 4452 possit
1990 4399 2127 4454 gau-

541 4475 704 4541 dere,
733 4475 875 4531 sicut
921 4490 1025 4530 nec
1074 4474 1177 4529 nisi
1229 4473 1339 4527 vita
1374 4472 1577 4535 vivere,
1618 4480 1672 4527 et
1726 4480 1902 4528 morte
1947 4474 2123 4537 mori;

540 4567 842 4638 prmscrtim
878 4583 1001 4624 cum
1027 4584 1135 4624 non
1160 4607 1174 4634 ,
1203 4565 1396 4639 gaudio
1437 4565 1603 4637 gavisi
1630 4575 1774 4631 sunt,
1808 4565 2127 4636 simpliciter

540 4670 865 4727 annotatur,
912 4660 1008 4717 sed
1050 4660 1215 4716 etiam
1263 4674 1459 4732 magno
1514 4658 1671 4713 valde
1704 4658 2122 4728 “super-additum

539 4750 867 4807 cumulatur.
890 4749 1025 4807 Nam
1053 4752 1280 4823 legimus
1311 4752 1364 4820 in
1393 4749 1590 4808 Genesi
1626 4750 1693 4804 ad
1714 4750 1882 4805 Adam
1922 4751 2124 4805 dixisse

539 4841 828 4899 Dominum
869 4861 885 4898 :
921 4841 986 4896 In
1018 4857 1325 4913 quacunque
1368 4841 1452 4894 die
1480 4841 1763 4894 comederis
1784 4840 1848 4894 de
1877 4840 2016 4911 ligno
2043 4841 2126 4894 di-

538 4936 851 5007 gnoscentiw
903 4934 1022 4988 boni
1062 4951 1123 4987 ac
1173 4921 1323 4997 ntali,
1366 4942 1530 4985 morte
1577 4931 1817 4985 morieris
1861 4929 2014 4999 (Cen.
2061 4945 2121 4996 ιι,

537 5024 650 5097 '17).
674 5026 743 5082 Et
779 5042 876 5098 per
900 5024 1282 5081 Ezechielem:
1315 5022 1518 5093 Impius
1543 5065 1558 5089 ,
1610 5023 1821 5092 inquit,
1869 5024 1917 5077 si
1964 5024 2125 5095 egerit

537 5120 890 5189 penitentiam
937 5118 1003 5173 ab
1054 5116 1293 5172 omnibus
1321 5116 1544 5186 peccatis
1583 5116 1692 5168 suis
1725 5131 1841 5183 qua:
1880 5125 2122 5185 operatus

537 5221 634 5275 est,
664 5221 711 5265 et
734 5210 912 5280 fecerit
926 5200 1194 5280 judicium
1222 5218 1271 5262 et
1295 5208 1584 5278 justitiam,
1610 5210 1714 5261 vita
1746 5207 1903 5272 viret,
1947 5217 1993 5261 et
2018 5222 2123 5260 non

554 5303 789 5356 morietur
814 5301 1029 5372 (Ezech.
1063 5316 1213 5366 xvm,
1237 5299 1349 5367 28).
1382 5296 1665 5370 Nunquam
1690 5294 1873 5368 itaque
1892 5297 2120 5352 dixerim

539 5390 841 5460 hujusmodi
892 5392 1190 5447 locutiones
1220 5390 1619 5461 Scripturarum
1666 5401 1976 5445 sanctarum
2029 5401 2120 5442 su-

527 5493 831 5556 pervacuas
866 5500 1007 5539 esse.
1051 5484 1210 5553 Quia,
1236 5484 1377 5541 sicut
1404 5484 1567 5540 morti
1607 5500 1769 5553 quam
1814 5496 1957 5550 saepe
1982 5479 2121 5533 vivi-

538 5581 647 5634 tur,
679 5580 733 5627 et
764 5571 906 5630 vitae.
932 5582 989 5626 ut
1035 5587 1165 5627 usus
1216 5570 1624 5641 Scripturarum
1674 5568 1963 5639 approbat,
2009 5565 2119 5620 fre-

533 5673 765 5737 quenter
791 5666 1052 5733 moritur;
1107 5666 1185 5722 sic
1209 5675 1264 5720 et
1292 5664 1486 5743 gaudio
1515 5660 1756 5743 profecto
1781 5658 1979 5731 gaudet
2023 5658 2121 5713 ali-

537 5755 679 5827 quis,
708 5756 922 5826 quando
957 5765 1177 5829 propter
1225 5742 1403 5811 Deum'
1444 5754 1586 5824 quod
1626 5742 1711 5807 ost
1748 5763 1933 5806 verum
1984 5765 2117 5823 gau-

538 5846 709 5911 dium,
736 5852 949 5919 gaudet.
980 5849 1115 5905 Nam
1147 5852 1257 5904 vita
1290 5850 1471 5904 vivere
1492 5845 1622 5918 quid
1642 5853 1727 5902 est
1755 5842 1901 5899 aliud
1953 5857 2116 5907 quam

2235 3338 2463 3409 papulas
2513 3340 2829 3411 perhibetur
2859 3358 2874 3395 :
2902 3341 3183 3413 quoniam,
3229 3344 3276 3398 si
3328 3344 3395 3397 ad
3436 3344 3627 3399 eadem
3676 3345 3841 3401 "bona

2239 3430 2491 3496 refertur,
2537 3430 2781 3487 infimum
2828 3447 2951 3487 esse
3000 3433 3371 3500 convincitur;
3407 3435 3489 3490 sin
3536 3444 3720 3491 autent
3756 3437 3841 3491 ad

2236 3522 2404 3577 Deum
2435 3522 2527 3593 qui
2559 3520 2707 3578 dedit
2735 3522 2824 3577 illa
2849 3562 2867 3590 ,
2910 3522 3103 3579 saltem
3151 3523 3352 3593 aliquid
3385 3540 3505 3579 esse
3545 3526 3844 3595 cognosci-

2236 3622 2342 3680 tur,
2367 3614 2585 3685 quando
2612 3630 2710 3685 per
2730 3632 2795 3670 ea
2825 3617 3130 3687 gaudendo,
3171 3617 3385 3673 animus
3422 3619 3490 3673 ad
3516 3617 3645 3673 illud
3670 3634 3838 3674 sum-

2234 3724 2381 3762 mum
2408 3718 2464 3764 et
2497 3710 2938 3765 incommutabile
2969 3711 3168 3766 bonum
3187 3751 3201 3777 ,
3226 3711 3271 3766 si
3296 3726 3402 3767 non
3434 3726 3533 3781 per
3555 3726 3613 3766 se
3643 3710 3842 3766 colen-

2233 3798 2384 3864 dum,
2407 3816 2619 3855 sursum
2642 3801 2890 3872 erigitur.
2929 3800 3178 3873 Magnum
3217 3816 3347 3858 vero
3390 3803 3643 3873 gaudium
3676 3811 3841 3858 recte

2233 3908 2340 3947 nou
2370 3891 2534 3947 aliubi
2559 3908 2720 3963 quam
2751 3892 2803 3946 iu
2828 3893 2998 3949 Deum
3020 3902 3239 3964 propter
3261 3894 3497 3964 scipsum
3534 3893 3835 3962 accipitur.

2233 3983 2308 4038 De
2338 3998 2444 4052 quo
2468 3984 2594 4053 quia
2620 3985 2870 4054 primitiae
2897 3986 3138 4055 gentium
3160 3993 3314 4039 erant
3340 3984 3393 4038 hi
3420 3984 3582 4053 magi,
3609 3982 3831 4055 perfusi

2230 4074 2438 4130 visione
2468 4075 2807 4142 humilitatis,
2856 4085 3101 4146 suscepta
3148 4076 3255 4132 fide
3283 4076 3461 4131 devoti
3490 4075 3654 4130 Deum
3687 4076 3836 4132 ado-

2232 4175 2508 4232 raverunt,
2539 4178 2595 4223 et
2618 4168 2854 4240 religiosi
2885 4184 2982 4240 pro
3011 4177 3139 4224 voto
3167 4168 3403 4224 fideliter
3442 4167 3668 4223 Domino
3704 4184 3839 4224 mu-

2230 4279 2361 4318 nera
2394 4262 2727 4318 obtulerunt.
2762 4261 2875 4317 Hoc
2902 4263 3066 4333 igitur
3107 4260 3304 4333 gaudio
3333 4259 3524 4316 beatus
3548 4257 3787 4316 Joannes
3816 4304 3834 4327 ,

2230 4357 2438 4413 amicus
2491 4356 2700 4427 sponsi,
2747 4356 2981 4426 gaudere
3030 4370 3092 4409 se
3134 4354 3400 4424 perbibet.
3449 4352 3589 4419 Stat,
3622 4354 3835 4424 inquit,

2229 4451 2451 4514 amicus,
2479 4458 2525 4503 et
2544 4448 2739 4519 gaudio
2769 4447 2957 4518 gaudet
2992 4456 3202 4516 propter
3243 4462 3415 4502 uocem
3465 4446 3666 4517 sponsi,
3694 4449 3837 4517 quia

2231 4543 2430 4596 amicus
2470 4542 2582 4611 ejus
2634 4549 2709 4595 est
2740 4538 2923 4610 (Joau.
2957 4555 3038 4604 ιιι,
3070 4539 3181 4611 29).
3225 4539 3299 4594 lta
3347 4538 3611 4609 siquidem
3643 4546 3699 4594 et
3731 4540 3835 4598 isti

2153 4606 2203 4665 Ῑ)
2237 4634 2337 4687 tidc
2373 4606 2656 4702 iustificati
2689 4606 2886 4703 gaudio
2910 4606 3150 4703 gaudent.
3171 4606 3655 4703 magno,vpropter
3682 4632 3836 4687 cha-

2235 4727 2410 4780 ritatis
2440 4725 2690 4780 ardorem
2740 4723 2844 4779 laeti
2891 4725 3208 4796 gaudentes,
3249 4724 3375 4794 quia
3403 4724 3471 4779 de
3496 4723 3733 4778 inimicis
3760 4740 3836 4781 se

2235 4817 2475 4890 profecto
2509 4818 2714 4873 amicos
2751 4833 2850 4887 per
2879 4819 3373 4874 reconciliationem
3405 4816 3584 4873 factos
3620 4818 3836 4875 intelli-

2232 4921 2379 4983 gunt.
2416 4910 2569 4967 Unde
2588 4910 2841 4965 nimirum
2867 4910 2979 4966 suis
3002 4912 3205 4982 apertis
3227 4909 3495 4966 thesauris
3517 4910 3567 4964 ei
3591 4925 3833 4967 munera

2232 5009 2490 5067 obtulisse
2514 5049 2527 5073 ,
2571 5015 2626 5063 ct
2666 5006 3008 5075 procidentcs
3042 5005 3266 5061 devotos
3307 5002 3620 5060 adoravisse
3667 5001 3836 5059 Scri-

2225 5112 2383 5175 ptura
2412 5107 2660 5157 testatur.
2693 5099 2810 5166 Quo
2839 5097 3000 5162 facto,
3046 5114 3299 5169 magnum
3321 5095 3595 5168 religionis
3615 5105 3834 5152 nostra:

2227 5202 2630 5249 sacramentum
2669 5190 2946 5261 aperitur,
3000 5198 3059 5243 ut
3113 5190 3216 5245 (ide
3273 5189 3471 5260 praevia
3529 5188 3834 5246 thesauros

2227 5294 2443 5342 nostros
2470 5286 2522 5340 in
2549 5284 2635 5339 via
2675 5283 2897 5338 minime
2924 5283 3256 5353 pandamus,
3297 5282 3471 5338 donec
3499 5280 3829 5351 transpOsiti

2229 5380 2570 5435 inimicorum
2616 5376 2857 5440 insidias,
2884 5374 3057 5445 gratia
3092 5373 3420 5439 illustrante,
3443 5372 3541 5428 soli
3582 5370 3830 5428 Domino

2228 5471 2428 5537 devoti,
2457 5485 2524 5525 ex
2555 5468 2848 5526 reconditis
2888 5475 3220 5523 secretorum
3265 5464 3506 5520 cordium
3539 5462 3832 5519 thesauris

2225 5579 2450 5620 munera
2478 5563 2789 5619 oﬂeramus.
2835 5562 2911 5617 De
2939 5575 3048 5631 quo
3078 5559 3335 5613 nimirum
3383 5557 3513 5613 alibi
3554 5556 3828 5613 thesauro

2224 5666 2372 5713 recte
2419 5655 2617 5711 dicitur
2662 5672 2676 5709 :
2717 5653 3015 5709 Thesaurus
3052 5650 3416 5708 desiderabilis
3454 5648 3726 5722 requiescit
3757 5648 3832 5705 in

2225 5766 2314 5804 ore
2348 5748 2614 5819 sapientis.
2648 5746 2801 5802 Unde
2838 5746 2968 5815 quia
2997 5746 3259 5801 Ezechias
3286 5745 3500 5800 incaute
3526 5743 3829 5798 thesauros

2225 5858 2353 5900 suos
2389 5842 2707 5911 alienigenis
2752 5841 3034 5898 universos
3063 5839 3319 5911 prodidit,
3348 5839 3529 5895 divina
3560 5834 3823 5908 percelli-
