4072 6362
235 293 337 350 ιδτ

1051 287 1419 347 EXPOSITIO
1455 288 1523 346 IN
1564 287 2003 347 ΜΑττιιΑιυΜ.
2045 321 2116 332 -
2151 291 2280 348 LIB.
2320 289 2385 357 ιι,
2425 291 2578 347 CAP.
2620 289 2678 344 ιι.
2735 253 2738 255 Α

3394 287 3500 350 138

231 415 318 462 tur
355 400 662 464 sententia.
699 406 757 455 et
777 398 924 468 justo
961 397 1058 455 Dei
1094 400 1298 471 judicio
1323 402 1380 458 in
1420 403 1655 474 posteris
1677 419 1812 458 conc
1839 407 1891 466 Α
1916 412 2206 476 antequam
2260 404 2622 461 deliberarent
2647 443 2664 470 ,
2733 418 3052 476 responsum
3097 415 3182 462 est
3227 407 3328 464 eis.
3389 405 3498 465 Ubi

230 500 530 554 damnatur.
565 491 822 547 Veterum
850 490 998 546 enim
1025 491 1247 550 traditio
1274 503 1362 550 est
1409 494 1555 564 quod
1581 494 1812 552 Partho-

233 607 351 647 rum
387 604 452 644 ac
481 586 768 642 Persarum
817 597 971 654 reges
997 584 1178 640 nullus
1224 586 1340 642 sine
1379 585 1693 642 muneribus
1721 600 1817 640 va-

230 699 362 740 cuus
389 677 671 736 adorabat.
724 675 929 732 Idcirco
968 675 1104 732 istos
1150 677 1302 732 aiunt
1332 677 1609 733 vicinitate
1638 677 1819 734 conci-

230 773 370 826 vium
402 775 653 824 assuetos
679 781 904 821 munera
929 765 1210 821 obtulisse.
1244 765 1351 822 Sed
1395 782 1496 822 nos
1539 765 1720 821 divina
1751 783 1818 822 ex

230 861 584 931 inspiratione
634 857 804 929 magis
844 855 1048 912 factum
1087 857 1418 924 astruimus,
1451 867 1512 912 ut
1537 859 1592 913 in
1639 858 1819 929 specie

230 955 395 1009 totius
441 951 660 1024 generis
699 948 919 1004 caeleste
967 947 1229 1019 refulgeat
1273 948 1650 1020 magisterium
1674 989 1689 1015 ,
1719 962 1819 1018 pro

227 1061 336 1118 quo
377 1045 660 1117 signanter
706 1042 808 1096 tria
858 1040 1120 1097 obtulisse
1175 1040 1320 1097 dona
1366 1052 1649 1099 narratum
1672 1048 1818 1114 ,cre-

229 1140 425 1196 dimus.

321 1234 526 1286 Aurum
573 1229 846 1296 videlicet,
888 1229 1008 1284 thus
1043 1237 1092 1282 et
1127 1229 1420 1299 myrrham.
1473 1229 1578 1286 Per
1625 1243 1820 1284 aurum

228 1328 448 1398 quippe,
479 1323 624 1395 quod
646 1323 882 1377 maxime
922 1336 1110 1392 regum
1139 1331 1223 1378 est
1245 1329 1644 1386 ornamentum,
1677 1322 1822 1392 regis

229 1419 462 1488 insignia
511 1416 891 1471 declarantes:
921 1429 1018 1484 per
1041 1415 1168 1469 thus
1193 1430 1345 1480 vero,
1367 1415 1493 1485 quia
1534 1414 1586 1469 in
1619 1414 1822 1470 sacriﬁ-

231 1515 334 1569 eiis
380 1511 677 1582 antiquitus
725 1511 1044 1580 ponebatur,
1075 1525 1199 1566 eum
1246 1517 1600 1575 venerantes,
1651 1509 1819 1565 Deum

235 1604 530 1676 intelligere
575 1601 886 1658 fatebantur
928 1621 942 1656 :
973 1616 1072 1671 per
1103 1601 1401 1672 myrrham,
1432 1616 1538 1671 qua
1581 1610 1822 1657 mortuo-

235 1711 356 1752 rum
385 1709 611 1764 corpora
637 1693 843 1763 passim
868 1691 1282 1756 condiebantur,
1305 1706 1430 1747 eum
1459 1693 1642 1747 testati
1671 1701 1819 1758 sunt,

1917 511 2107 552 eorum
2157 497 2340 552 sobria
2383 496 2630 566 signatur
2665 495 3045 552 sollicitudinis
3094 513 3248 564 cura,
3297 507 3355 554 et
3400 514 3499 556 no—

1918 588 2002 644 bis
2050 586 2330 644 evidenter
2391 587 2638 643 innuitur
2701 588 2846 658 quod
2907 589 3052 645 Deus
3102 603 3319 661 semper
3380 591 3502 648 ubi-

1919 695 2026 751 que
2096 695 2336 751 prresens
2409 681 2562 737 adest
2613 679 2765 737 cordi
2817 679 3024 738 noStro.
3072 681 3459 739 Verumtamen
3485 724 3503 749 ,

1924 770 2080 843 137
2122 771 2248 842 quia
2269 771 2410 828 sicut
2435 771 2644 844 Moyses
2670 772 2807 828 nihil
2827 773 3015 830 dicens
3034 775 3104 830 ad
3128 773 3300 829 Deum
3321 783 3506 830 mente

1919 863 2227 918 clamabat:
2253 863 2334 919 sic
2360 871 2416 919 et
2444 863 2534 919 isti
2563 873 2804 920 tacentes
2839 863 2930 934 pio
2959 863 3260 920 devotionis
3284 863 3504 932 aﬂ‘ectu,

1921 953 2133 1010 solliciti
2181 953 2588 1024 interrogabant
2623 955 2753 1024 quid
2788 955 2967 1010 divina
2989 955 3208 1025 juberet
3233 954 3503 1018 voluntas.

1921 1059 1991 1100 ne
2018 1058 2129 1099 suae
2157 1044 2480 1100 temeritatis
2513 1045 2725 1116 ignavia
2771 1045 3046 1116 quidpiam
3077 1061 3108 1101 a
3134 1045 3230 1102 Dei
3255 1047 3504 1116 omnipo-

1923 1135 2086 1191 tentis
2130 1135 2416 1191 libramine
2457 1129 2755 1191 deviaren't.
2805 1135 3003 1192 Forma
3031 1136 3198 1208 igitur
3229 1137 3287 1192 in
3330 1139 3514 1208 specie
3561 1207 3569 1218 τ

1922 1226 2132 1282 cunctis
2187 1227 2517 1298 imprimitur
2565 1227 2936 1294 credentibus,
2987 1243 3149 1298 quam
3201 1229 3393 1286 devote
3441 1229 3513 1285 ad

1923 1318 2094 1374 Deum
2132 1319 2372 1386 veniant,
2403 1328 2478 1386 et,
2514 1327 2803 1390 postquam
2835 1321 3104 1387 venerint,
3131 1330 3194 1377 ut
3226 1321 3514 1377 intendant

1924 1363 2094 1374 νη...
2145 1363 2372 1386 .ν.......-,
2404 1363 2478 1386 ω,
2553 1363 2636 1375 ν...
2680 1363 2803 1375 .......
2847 1363 3104 1387 .ν..ν.....,
3135 1363 3194 1377 ...
3228 1363 3514 1377 ...πυππ-

1924 1411 2052 1481 quid
2082 1411 2224 1467 Deus
2261 1411 2470 1480 jubeat.
2515 1363 2742 1469 lScilicet
2781 1429 2851 1470 ne
2882 1413 3108 1470 redeant
3152 1414 3221 1470 ad
3255 1431 3380 1472 eum
3423 1415 3513 1472 cui

1924 1503 2461 1571 abrenuntiaverunt,
2509 1520 2685 1576 neque
2731 1506 2986 1562 vitiorum
3035 1517 3284 1579 repetant
3327 1508 3518 1576 calles,

1925 1595 2020 1649 sed
2040 1607 2138 1664 per
2157 1592 2315 1648 aliam
2332 1594 2497 1661 viam,
2525 1595 2579 1650 id
2598 1603 2704 1662 est,
2723 1596 2982 1652 virtutum
3004 1598 3228 1654 semitas
3254 1600 3519 1671 sectanda

1925 1683 1994 1738 ad
2038 1683 2544 1756 patriamparadisi
2589 1687 2792 1742 cursim
2841 1687 3192 1744 redeant:ut
3246 1689 3340 1760 qui
3387 1704 3520 1745 cono

232 1785 381 1842 velut
401 1802 468 1842 ex
499 1784 787 1856 pmgio’
826 1783 1142 1838 humanitus
1176 1783 1523 1838 moriturum.
1551 1783 1630 1838 Ex
1846 1766 1892 1826 B
1921 1777 2207 1832 temnendo
2233 1778 2546 1842 cecidimus,
2576 1779 2877 1837 obediendo
2923 1788 2980 1836 et
3029 1781 3353 1838 abstinendo
3399 1783 3520 1838 vias

231 1895 362 1951 quo,
385 1879 528 1949 quod
551 1878 596 1932 si
618 1875 731 1946 jam
757 1885 886 1932 tunc
909 1889 1042 1932 voce
1069 1876 1214 1932 edita
1233 1875 1564 1947 loqueretur,
1588 1886 1823 1947 poterat,

232 1983 293 2028 ut
323 1972 451 2027 alibi
493 1972 607 2042 ipse
648 1970 871 2036 fatetur,
915 1969 1128 2036 dicere,
1169 1971 1315 2042 quod
1352 1970 1421 2025 ad
1457 1971 1826 2040 sepeliendum

233 2083 361 2124 eum
397 2066 672 2122 fecissent.
721 2063 852 2118 Jure
895 2063 1062 2135 igitur
1103 2063 1369 2134 quaeritur
1403 2072 1584 2118 utrum
1630 2062 1828 2136 singuli

240 2155 478 2227 singula,
508 2173 575 2210 an
622 2154 782 2211 simul
810 2169 1002 2210 omnes
1032 2154 1136 2208 tria
1179 2154 1294 2210 haec
1326 2154 1448 2209 :vel
1479 2163 1649 2222 certe,
1685 2155 1830 2225 quod

243 2246 422 2315 magis
450 2245 719 2301 fatendum
739 2253 842 2310 est,
871 2254 1053 2300 utrum
1079 2260 1267 2300 eorum
1291 2245 1664 2316 unusquisque
1687 2245 1830 2302 forte

239 2337 361 2392 hac
407 2338 508 2392 tria
552 2337 748 2407 pariter
791 2336 1098 2392 obtulisset.
1142 2337 1258 2392 Hoc
1291 2338 1436 2392 enim
1481 2338 1662 2408 potius
1695 2353 1830 2394 con-

232 2427 384 2500 gruit
413 2429 468 2482 in
491 2427 770 2500 mysterio.
793 2427 931 2496 Quia
959 2443 1122 2483 nemo
1141 2427 1488 2485 Christianus
1511 2439 1660 2486 recte
1690 2430 1825 2486 dici-

232 2529 347 2586 tur,
375 2521 482 2576 nisi
515 2520 608 2592 qui
631 2535 758 2575 eum
799 2521 998 2590 ubique
1041 2519 1212 2575 Deum
1256 2536 1488 2594 regnare
1528 2521 1751 2590 fatetur,
1775 2531 1833 2580 et

230 2625 334 2683 pro
376 2611 550 2666 salute
578 2611 800 2666 humani
841 2610 1056 2682 generis
1084 2609 1255 2666 Deum
1302 2611 1576 2668 hominem
1604 2611 1829 2680 factum,

230 2703 356 2759 sine
383 2702 636 2773 ambiguo
658 2708 931 2756 mortuum
955 2700 1266 2757 conﬁtetur.
1296 2701 1434 2757 Nam
1459 2702 1552 2758 isti
1579 2711 1832 2758 constan-

233 2800 316 2847 ter
355 2807 539 2863 regem
578 2789 887 2846 Judzeorum
916 2790 1057 2847 inter
1080 2792 1304 2848 eosdem
1333 2792 1570 2857 Judieos,
1597 2801 1655 2848 et
1691 2793 1833 2864 apud

231 2886 416 2955 ipsum
449 2883 718 2938 Herodem
762 2897 942 2954 regem
970 2885 1282 2954 requirunt;
1328 2893 1384 2939 et
1425 2884 1549 2940 ideo
1577 2886 1626 2939 ei
1656 2883 1831 2940 fideli-

233 2983 344 3041 ter,
373 2982 433 3030 ut
460 2975 780 3044 praedictum
805 2972 1004 3040 fuerat,
1029 2974 1084 3028 in
1119 2975 1315 3044 spiritu
1341 2990 1534 3034 aurum
1561 2975 1830 3032 deferunt.

231 3065 518 3121 Noverunt
567 3081 693 3120 eum
732 3065 900 3120 Deum
952 3064 1152 3134 ubique
1205 3063 1459 3119 omnibus
1511 3063 1630 3119 sine
1685 3072 1832 3120 metu

1926 1869 2051 1924 vitm
2089 1871 2577 1942 apprehendamus.
2627 1871 2696 1928 Et
2744 1873 3036 1930 notandum
3079 1875 3222 1945 quod
3271 1892 3380 1931 non
3425 1891 3525 1948 per

1927 1961 2198 2042 angelum,
2227 1962 2306 2017 uti
2331 1963 2401 2017 ad
2433 1961 2656 2035 Ioseph,
2684 1965 2800 2021 haec
2830 1967 3086 2036 reponsio
3111 1966 3254 2023 facta
3284 1967 3516 2024 dicitur:

1929 2050 2024 2106 sed
2054 2054 2366 2107 sanctorum
2393 2051 2614 2108 Patrum
2657 2054 2876 2111 traditio
2918 2065 3003 2112 est
3031 2057 3099 2112 ab
3145 2057 3262 2128 ipso
3295 2057 3526 2116 Domino

1929 2141 2190 2198 divinitus
2217 2143 2452 2200 imbutos
2485 2144 2690 2211 fuisse;
2724 2147 2854 2216 quia
2898 2149 3170 2205 neminem
3199 2148 3366 2206 alium
3393 2166 3525 2206 con-

1929 2241 2037 2288 stat
2057 2233 2200 2289 viam
2216 2226 2572 2306 regressionis
2597 2237 2665 2292 ad
2690 2238 2922 2307 patriam
2948 2255 3176 2310 usquam
3203 2241 3524 2309 instituisse,

1930 2332 2128 2393 praeter
2155 2340 2276 2380 eum
2298 2327 2389 2395 qui
2419 2341 2479 2382 se
2499 2327 2642 2382 viam
2675 2329 2906 2398 prmbuit
2951 2330 3292 2397 imitabilem,
3338 2341 3397 2387 ut
3429 2348 3530 2404 per

1932 2417 2108 2487 ipsum
2135 2417 2203 2471 ad
2235 2418 2410 2486 ipsum
2452 2419 2736 2474 tendentes
2761 2421 3085 2491 quandoque
3115 2423 3346 2493 patriam
3372 2440 3527 2496 repe-

1933 2515 2134 2563 tamus.
2168 2507 2308 2564 llinc
2341 2509 2540 2580 quippe
2567 2509 2778 2580 aitipse
2805 2511 2872 2566 de
2899 2527 2978 2577 se,
3011 2513 3194 2568 dicens
3224 2531 3238 2568 :
3269 2514 3385 2585 Ego
3405 2531 3526 2570 sum

1933 2601 2041 2666 via,
2080 2601 2271 2656 veritas
2307 2611 2355 2656 et
2399 2602 2503 2656 vita
2533 2601 2716 2673 (Joan.
2759 2617 2873 2669 xxv,
2905 2605 2980 2672 6).
3043 2603 3146 2659 Per
3180 2620 3342 2675 quam
3379 2607 3526 2662 viam

1935 2690 2166 2761 quisque
2193 2691 2491 2762 gradiendo
2517 2692 2635 2746 sine
2663 2704 2848 2748 errore
2896 2693 3115 2760 incedit,
3165 2703 3227 2750 ut
3259 2695 3328 2750 ad
3356 2696 3524 2752 vitam

1937 2779 2166 2837 festinus
2206 2782 2489 2840 veritatem
2521 2783 2798 2853 sequendo
2846 2784 3200 2856 ingrediatur.
3232 2785 3351 2842 Non
3384 2789 3530 2843 enim

1939 2872 2350 2942 alloquitur'eos
2371 2889 2506 2944 puer
2525 2875 2580 2929 in
2600 2876 2863 2947 praesepio
2887 2877 3095 2948 positus
3115 2893 3249 2935 voce
3267 2881 3531 2945 humana,

1939 2968 2174 3023 nondum
2204 2967 2440 3033 adultus,
2468 2984 2539 3024 ne
2564 2978 2755 3025 contra
2783 2978 3033 3026 naturam
3060 2981 3260 3028 nostra:
3285 2974 3530 3030 humani-

1943 3061 2070 3114 tatis
2119 3062 2350 3131 agendo,
2383 3076 2442 3116 se
2485 3063 2688 3132 passim
2733 3064 3030 3136 detegeret.
3084 3065 3191 3122 Sed
3238 3069 3422 3122 omnia
3454 3070 3532 3124 sic

233 3158 468 3214 humani
523 3156 734 3214 timoris
789 3132 1081 3212 veraciter—
1110 3155 1534 3226 praedicandum.
1590 3155 1658 3211 Et
1712 3156 1836 3212 ideo
1864 3132 1910 3197 (ἶ
1942 3164 2230 3226 temperat,
2268 3165 2330 3210 ut
2358 3155 2532 3212 latens
2573 3157 2828 3214 divinitas
2865 3132 2966 3228 per
3000 3158 3164 3216 fidem
3207 3160 3264 3216 in
3309 3162 3531 3218 homine

235 3256 570 3305 venerantes
599 3248 790 3304 dicunt
813 3248 958 3318 quod
986 3249 1218 3302 venimus
1241 3249 1468 3303 adorare
1492 3264 1634 3303 eum.
1663 3248 1840 3321 Atque

237 3341 426 3398 thuris
453 3342 738 3397 incensum
784 3340 984 3406 ferunt,
1015 3341 1158 3412 quod
1193 3341 1368 3397 solum
1409 3341 1651 3412 quotidie
1696 3341 1838 3396 infra

234 3441 438 3492 sancta
468 3441 781 3489 sanctorum
807 3447 965 3488 mane
1009 3448 1074 3488 ac
1108 3433 1320 3503 vesperi
1365 3433 1544 3488 eidem
1593 3449 1660 3489 ex
1702 3448 1840 3504 prae-

237 3536 409 3599 cepto
451 3530 694 3584 funditus
739 3530 1107 3584 cremabatur.
1159 3528 1445 3584 Hominem
1494 3545 1712 3600 quoque
1761 3531 1840 3585 fa-

237 3629 398 3676 ctum
452 3619 666 3675 caelitus
697 3620 946 3691 inspirati
988 3621 1155 3676 Deum
1188 3619 1515 3691 intelligunt,
1563 3621 1840 3676 eumdem-

237 3726 354 3782 que
398 3726 528 3766 sane
570 3710 916 3766 moriturum.
947 3710 1016 3766 Et
1062 3711 1182 3766 ideo
1223 3709 1482 3765 ardenter
1513 3710 1835 3780 requirunt:

239 3800 349 3857 Ubi
380 3811 458 3856 est
490 3801 579 3871 qui
606 3811 761 3856 natus
783 3803 898 3856 est?
921 3802 1098 3872 Atque
1122 3803 1178 3856 in
1199 3801 1530 3871 sepulturam
1560 3800 1610 3856 ei
1639 3816 1706 3855 ex
1739 3801 1843 3857 fide

241 3908 460 3948 munus
485 3893 914 3950 mortiﬁcationis
945 3895 1222 3964 myrrham
1264 3893 1518 3950 videlicet
1553 3893 1730 3949 devoti
1761 3893 1842 3949 of-

237 3984 458 4040 ferunt.
485 3984 619 4051 Quia
651 3985 1024 4054 unusquisque
1053 3993 1179 4040 tunc
1212 3983 1490 4040 Christum
1516 3992 1666 4040 recte
1703 4001 1840 4040 con-

240 4077 360 4144 dit,
409 4092 536 4133 cum
579 4091 704 4134 eum
741 4078 796 4132 in
837 4092 1003 4132 carne
1035 4092 1257 4149 passum
1303 4078 1740 4150 quandoquidem
1785 4081 1841 4136 in

239 4171 434 4242 seipse
462 4171 822 4226 mortificatus
859 4169 1128 4226 veraciter
1169 4171 1471 4242 profitetur.
1506 4170 1662 4228 Unde
1699 4171 1840 4242 Apo-

239 4263 465 4319 stolus:
499 4259 700 4316 Hormi
742 4261 880 4316 enim
918 4262 1063 4327 estis,
1098 4269 1146 4315 et
1171 4261 1276 4316 vita
1317 4269 1490 4316 vestra
1535 4261 1842 4316 abscondita

239 4365 320 4410 est
345 4370 473 4408 cum
501 4351 609 4407 Deo
636 4352 693 4406 in
723 4350 864 4406 caelis
899 4350 1035 4418 (Col.
1071 4367 1154 4416 ut,
1182 4351 1259 4423 5).
1301 4350 1510 4420 Quippe
1551 4351 1677 4421 quia
1713 4350 1844 4406 offe-

241 4447 427 4502 renda
451 4453 579 4500 sunt
607 4457 834 4499 munera
857 4453 1046 4499 nostra
1075 4441 1342 4498 Salvatori
1361 4441 1586 4515 iugiter.
1621 4443 1678 4498 ln
1708 4459 1842 4500 auro

1945 3246 2035 3302 illo
2065 3248 2532 3317 deprehendatur;
2565 3264 2634 3304 ne
2666 3249 2903 3321 cuipiam
2929 3259 3223 3321 antequam
3258 3261 3534 3323 oporteret

1945 3339 2248 3396 inconsulte
2291 3329 2650 3396 revel'aretur.
2687 3340 2827 3408 Quia
2872 3342 3134 3397 nimirum
3168 3353 3225 3399 et
3264 3343 3399 3400 fides
3438 3361 3533 3399 nu-

1945 3433 2158 3489 trienda
2187 3441 2308 3489 erat
2350 3432 2419 3488 ad
2449 3433 2768 3503 praemium,
2799 3443 2854 3490 et
2890 3434 2976 3488 via
3017 3434 3384 3490 doctrinarum
3422 3434 3536 3504 ejus

1943 3526 2144 3596 ubique
2193 3524 2544 3596 sequentibus
2594 3527 2985 3595 prosternenda
3036 3528 3105 3581 ad
3159 3529 3535 3598 gradiendum.

1944 3616 2202 3686 Alioquin
2226 3632 2335 3672 non
2351 3632 2480 3670 vere
2515 3617 2845 3686 suscepisset
2869 3616 3239 3673 inﬁrmitatem
3267 3628 3538 3688 nostram,

1945 3709 1991 3762 si
2020 3723 2125 3763 non
2155 3722 2256 3778 per
2278 3722 2498 3764 omnem
2525 3716 2738 3764 aetatem
2765 3709 3030 3779 temporis
3065 3711 3301 3765 humana
3331 3713 3538 3768 crevis-

1945 3807 2029 3854 set
2044 3801 2410 3870 provectione,
2441 3808 2495 3855 et
2521 3798 2840 3856 et'ﬁcientias
2857 3801 2994 3868 inse
3011 3800 3289 3872 qualitatis
3315 3813 3536 3871 nostrae,

1947 3897 2145 3960 prmter
2194 3905 2314 3960 qua:
2362 3889 2542 3945 divina
2589 3890 2789 3944 virtute
2839 3891 3140 3948 mirabilius
3183 3895 3534 3963 operabatur,

1947 3983 2170 4037 minime
2216 3979 2562 4049 praetulisset.
2594 3980 2746 4037 Unde
2791 3991 2942 4038 recte
2982 3982 3160 4038 Lucas
3205 3985 3536 4058 evangelista

1946 4084 2196 4140 testatur,
2212 4075 2354 4145 qudd
2369 4073 2516 4130 Puer
2534 4075 2570 4130 Ι
2573 4092 2691 4131 esus
2710 4078 3016 4146 proﬁciebat
3037 4087 3192 4134 (etate
3210 4088 3260 4134 et
3281 4082 3542 4152 sapientia

1945 4185 2124 4224 coram
2166 4167 2278 4223 Deo
2314 4177 2364 4222 et
2391 4168 2688 4223 hominibus
2731 4167 2881 4237 (Luc.
2936 4185 2998 4237 ιι,
3043 4169 3166 4244 52);
3220 4179 3281 4226 ut
3323 4187 3542 4228 omnem

1946 4267 2262 4331 provectum
2293 4269 2404 4314 tam
2437 4260 2683 4330 corporis
2707 4276 2871 4331 quam
2902 4261 3099 4318 animae
3129 4262 3460 4334 designaret,
3485 4275 3542 4321 et

1945 4363 2161 4407 onmem
2206 4350 2598 4420 plenitudinem
2627 4351 2984 4408 humanitatis
3033 4353 3087 4408 in
3114 4368 3180 4409 eo
3206 4369 3327 4410 esse
3357 4366 3541 4413 osten-

1947 4443 2119 4498 deret.
2151 4442 2301 4498 Unde
2331 4457 2429 4513 per
2453 4441 2633 4498 omnia
2684 4443 2930 4514 pueritiae
2975 4459 3088 4500 suae
3117 4453 3329 4516 tempus
3355 4449 3543 4504 debuit

242 4536 467 4593 scilicet
509 4535 796 4605 purissima
848 4535 1157 4590 divinarum
1218 4548 1401 4590 rerum
1464 4535 1688 4591 scientia
1715 4567 1749 4602 ,-
1785 4536 1842 4590 in
1869 4517 1920 4576 Ῑ)
1945 4535 2256 4601 observare,
2309 4549 2419 4604 quo
2463 4534 2700 4591 maxime
2745 4544 3021 4607 assumpta
3046 4535 3313 4609 fragilitas
3355 4541 3538 4596 carnis

199 4683 208 4698 ,
244 4628 420 4685 thure
443 4627 620 4683 oratio
647 4627 814 4698 jugis,
855 4625 940 4680 vel
968 4625 1316 4696 compunctio
1357 4635 1547 4682 recta:
1578 4643 1742 4698 porro
1786 4627 1842 4682 in

247 4717 481 4791 myrrha
503 4725 566 4771 ut
592 4715 952 4787 pratulimus,
995 4724 1108 4770 tam
1133 4715 1472 4772 voluntatum
1497 4733 1658 4787 quam
1682 4719 1845 4773 vitio-

249 4827 380 4866 rum
428 4809 720 4874 abdicatio,
751 4817 912 4878 atque
943 4823 1074 4863 vera
1111 4808 1458 4864 mortiﬁcatio
1486 4811 1667 4866 carnis
1710 4825 1849 4880 pra:—

249 4900 478 4958 libanda
520 4899 631 4956 Deo
676 4901 942 4973 signatur.
1001 4900 1132 4967 Qua:
1186 4915 1410 4956 munera
1455 4915 1525 4956 ex
1577 4901 1850 4957 thesauris

249 4993 432 5050 animi
475 4993 602 5065 jure
652 4992 928 5048 recondita
971 4991 1340 5064 proferuntur,
1373 5008 1494 5048 cum
1533 4994 1699 5049 corde
1735 5009 1851 5049 cre-

251 5086 410 5140 ditur
448 5084 518 5140 ad
553 5082 854 5154 justitiam,
893 5098 988 5140 ore
1032 5093 1214 5139 autem
1253 5082 1523 5140 confessio
1569 5084 1632 5139 ﬁt
1661 5085 1731 5140 ad
1763 5099 1850 5140 sa-

157 5159 166 5172 ’
252 5177 455 5233 lutem.

331 5268 408 5324 Et
445 5285 695 5342 responso
723 5277 930 5340 accepto
961 5268 1014 5322 in
1054 5267 1271 5334 somnis,
1295 5283 1356 5322 ne
1388 5267 1616 5321 redirent
1642 5267 1714 5320 ad
1743 5264 1852 5320 He-

259 5358 467 5426 rodem,
485 5376 581 5431 per
606 5359 770 5413 aliam
790 5359 927 5413 viam
951 5359 1141 5413 reversi
1164 5367 1285 5412 sunt
1311 5359 1366 5412 in
1392 5356 1653 5427 regionem
1677 5372 1849 5412 suam.

259 5449 571 5524 Responso,
595 5449 795 5528 inquit,
829 5458 1074 5519 accepto,
1099 5463 1222 5504 cum
1253 5463 1346 5504 eos
1377 5447 1738 5518 nequicquam
1768 5447 1854 5501 in-

261 5554 577 5618 terrogasse
621 5544 870 5616 legimus.
906 5543 1013 5600 Sed
1042 5542 1216 5599 claret
1265 5542 1514 5598 veritatis
1557 5541 1851 5606 indicium,

257 5638 412 5711 quod
473 5637 586 5695 illis
639 5637 1001 5712 cogitantibus
1024 5677 1040 5704 ,
1101 5644 1286 5693 utrum
1337 5635 1518 5693 redire
1559 5636 1628 5692 ad
1677 5634 1851 5692 Hero-

260 5732 390 5788 dem
443 5745 617 5788 necne
683 5730 972 5797 deberent;
1031 5730 1177 5802 quod
1239 5731 1309 5786 ad
1350 5744 1538 5786 eorum
1580 5729 1848 5802 cogitata,

754 5813 1026 5889 ΡΑἱΊιοι.
1073 5824 1268 5891 CXX.

1946 4627 2271 4700 esplicatur,
2302 4634 2358 4682 et
2384 4627 2663 4682 humilitas
2692 4627 3125 4697 longanimitatis
3172 4646 3285 4687 suae
3323 4631 3540 4689 indiciis

1949 4719 2382 4776 commendatur.
2429 4717 2554 4772 Fuit
2583 4718 2748 4788 igitur
2793 4719 2847 4773 in
2891 4734 2957 4775 eo
3003 4719 3161 4790 plena
3205 4721 3540 4788 humanitas,

1950 4812 2090 4868 sicut
2136 4818 2192 4866 et
2235 4809 2391 4880 plena
2429 4809 2623 4880 gratia,
2673 4817 2836 4879 atque
2877 4810 3035 4881 plena
3077 4812 3295 4868 veritas.
3327 4813 3542 4883 Exquo

1951 4899 2188 4956 Joannes
2227 4899 2557 4970 evangelista
2586 4917 2598 4952 :
2633 4897 2896 4969 Vidimus,
2932 4901 3129 4973 inquit,
3152 4902 3374 4975 gloriam
3399 4903 3537 4972 ejus,

1951 4994 2176 5066 gloriam
2200 4993 2353 5065 quasi
2373 4993 2628 5064 unigeniti
2670 4994 2831 5065 138
2870 5013 2904 5050 a
2937 4993 3100 5051 Patre
3118 4995 3327 5066 plenum
3351 4996 3540 5068 gratia:

1952 5093 2001 5140 et
2032 5084 2260 5138 veritatis
2286 5081 2466 5155 (Joan.
2499 5100 2538 5149 ι,
2573 5082 2683 5154 14).
2725 5084 2879 5152 Quod
2922 5094 3100 5141 autem
3132 5083 3366 5140 Verbum
3410 5099 3540 5142 caro

1955 5176 2158 5232 factum
2181 5187 2286 5240 est,
2317 5175 2532 5246 plenum
2554 5177 2798 5232 veritatis
2824 5175 2943 5232 fuit.
2973 5175 3185 5232 Veritas
3204 5177 3401 5247 quippe
3422 5177 3538 5248 ipse

1956 5269 2266 5342 unigenitus
2313 5276 2397 5323 est
2439 5268 2536 5323 Dei
2565 5267 2757 5336 Filius,
2803 5285 2909 5323 non
2939 5268 3128 5338 gratia,
3182 5268 3276 5322 sed
3323 5277 3536 5325 natura.

1957 5358 2090 5427 Quae
2118 5358 2292 5430 gratia
2318 5358 2556 5429 suscepit
2581 5357 2856 5414 hominem
2885 5356 3102 5428 quando
3138 5368 3433 5430 conceptus
3457 5369 3543 5416 est

1959 5451 2026 5506 de
2053 5449 2257 5522 Spiritu
2288 5457 2496 5505 sancto.
2528 5449 2701 5504 Tanta
2738 5449 3005 5520 siquidem
3040 5448 3250 5504 unitate
3273 5465 3538 5520 personae,

1959 5553 2020 5600 ut
2046 5543 2188 5600 idem
2219 5544 2332 5613 ipse
2354 5543 2426 5598 sit
2451 5542 2688 5598 hominis
2712 5541 2876 5604 ﬁlius,
2906 5541 2999 5610 qui
3027 5541 3122 5597 Dei
3152 5540 3320 5599 Filius
3351 5545 3542 5600 unicus

1957 5644 2122 5706 atque
2149 5634 2458 5706 unigenitus
2503 5631 2847 5703 praadicatur.
2893 5631 2951 5688 In
2988 5649 3098 5705 quo
3140 5635 3396 5691 nimirum
3427 5637 3542 5706 ipso

1957 5742 2068 5785 uno
2098 5727 2208 5784 Da)
2233 5737 2289 5784 et
2319 5725 2536 5781 homine
2563 5723 2719 5793 plena
2749 5724 2923 5794 gratia
2954 5726 3326 5788 humanitatis.
3357 5726 3542 5796 plena-

3112 5833 3143 5864 ἃ
