4032 6358
563 328 669 385 ιδθ

1376 321 1433 376 S.
1474 319 1826 379 PASCHASII
1868 317 2220 375 RADBERTI‘
2255 318 2543 374 ABBATIS
2581 317 3030 375 COBBEIENSIS

3727 313 3832 374 MO

479 478 487 498 ι
558 460 665 517 que
690 443 989 497 divinitatis
1025 441 1236 496 Veritas
1265 438 1530 494 catholice
1553 438 1880 508 prmdicatur
1922 447 1976 492 et
2005 437 2134 492 coli-
2163 434 2420 499 Amariw
2473 435 2618 506 (Isa.
2673 450 2786 497 VIII,
2831 434 2934 504 4)..
2974 434 3039 488 Et
3085 434 3187 488 hac
3238 431 3437 502 quippe
3485 429 3613 502 fuga
3659 430 3833 490 Isaias

477 537 489 594 ,ἱ
558 547 665 592 tur.
698 533 824 588 Hmc
855 534 1018 603 igitur
1059 532 1334 602 plenitudo
1368 531 1664 586 divinitatis
1701 531 1754 586 in
1795 531 1973 601 seipsa
2022 530 2134 600 ple—

473 638 481 660 τ
557 624 856 680 nitudinem
888 623 1051 677 habet
1078 622 1285 693 gratim,
1317 637 1437 692 qum
1480 630 1564 677 est
1591 630 1704 677 tota
1739 621 2052 676 humanitas
2082 621 2135 675 in

473 731 478 746 ε
558 715 837 772 divinitate
889 730 984 769 sua
1029 733 1042 768 :
1083 723 1137 769 et
1192 713 1464 784 plenitudo
1516 713 1704 785 gratim
1760 713 1814 768 in
1865 728 1926 769 se
1974 712 2139 768 habet

557 822 773 864 omnem
800 806 1184 878 plenitudinem
1207 807 1466 873 veritatis,
1495 822 1612 876 qum
1636 816 1720 862 est
1745 813 1857 862 tota
1885 806 2138 862 divinitas

557 900 612 956 in
661 900 996 956 humanitate
1044 914 1159 953 sua.
1217 897 1295 953 lta
1326 906 1385 952 ut
1413 898 1690 969 plenitudo
1718 898 1967 954 veritatis
1997 898 2051 952 in
2079 912 2137 952 se

555 993 752 1048 habeat
783 992 1020 1063 perfecte
1037 990 1426 1060 plenitudinem
1447 990 1654 1061 gratim,
1678 998 1839 1059 atque
1862 989 2138 1059 plenitudo

554 1085 742 1155 gratia:
784 1084 838 1138 in
869 1099 927 1138 se
969 1081 1163 1137 habeat
1200 1081 1586 1151 plenitudinem
1634 1081 1897 1136 veritatis.
1937 1080 2029 1136 Sic
2054 1089 2139 1136 est

553 1175 718 1246 igitur
763 1190 792 1229 a
839 1174 1120 1228 divinitate
1154 1173 1430 1244 plenitudo
1473 1174 1826 1229 humanitatis
1861 1182 2135 1244 suscepta,

552 1266 628 1321 ita
659 1276 716 1321 ut
741 1267 795 1319 in
821 1266 1154 1322 humanitate
1179 1264 1298 1334 ejus
1319 1266 1494 1320 omnis
1519 1266 1792 1336 plenitudo
1813 1266 2134 1330 divinitatis,

554 1358 786 1414 sicutait
809 1358 1098 1428 Apostolus
1123 1356 1260 1430 (Col.
1290 1375 1350 1422 ιι,
1380 1359 1457 1429 9),
1485 1360 1840 1429 corporaliter
1863 1360 2138 1415 habitasse

555 1462 700 1510 recte
729 1450 1001 1506 credatur.
1030 1451 1108 1506 Ac
1136 1466 1234 1522 per
1255 1451 1354 1506 hoc
1375 1452 1556 1506 omnia
1589 1453 1922 1508 incrementa
1947 1453 2138 1508 huma-

551 1540 758 1604 nitatis,
791 1550 898 1596 tam
945 1543 1187 1612 corporis
1222 1557 1383 1610 quam
1431 1542 1627 1597 animm
1657 1541 1872 1597 fuerant
1907 1544 2137 1598 creden-

551 1633 691 1687 tibus
710 1633 1031 1688 exhibenda.
1062 1631 1213 1687 Sicut
1233 1642 1288 1687 et
1311 1632 1464 1701 plena
1496 1632 1753 1688 divinitas
1777 1634 1827 1687 in
1855 1650 1942 1698 eo,
1974 1644 2136 1704 atque

547 1726 720 1796 gratia
761 1739 826 1780 ex
860 1726 1012 1780 initio
1062 1725 1432 1795 conceptionis
1481 1726 1811 1795 corporalier
1860 1728 2135 1782 habitasse

546 1816 806 1885 paulatim
839 1815 1090 1872 omnibus
1118 1815 1295 1871 fuerat
1321 1817 1490 1888 signis
1531 1826 1692 1886 atque
1719 1817 2010 1872 virtutibus
2045 1817 2132 1872 de.
2162 1809 2213 1871 Β

547 1908 803 1963 claranda
829 1926 842 1960 :
867 1917 927 1962 ut
951 1907 1086 1963 fides
1107 1923 1205 1978 per
1230 1909 1460 1980 gratiam
1493 1908 1759 1963 libertatis
1785 1908 2014 1963 arbitrio
2049 1926 2139 1964 su-

546 1997 764 2053 blimius
788 1997 853 2051 ad
879 1999 1099 2066 prmmia
1125 1999 1459 2069 capessenda
1487 1998 1808 2054 nutriretur.
1842 1998 1978 2054 Hinc
2008 2015 2139 2054 sane

547 2089 655 2144 illis
689 2089 1080 2154 remeantibus,

619 2179 756 2236 Ecce
784 2181 1012 2252 Angelus
1036 2180 1248 2236 Domini
1291 2185 1347 2236 in
1375 2183 1569 2236 somnis
1593 2181 1788 2252 Ioseph
1827 2199 2009 2236 rursus
2043 2199 2139 2252 ap-

548 2274 722 2344 paruit
746 2274 962 2328 dicens:
987 2271 1154 2344 Surge
1175 2283 1221 2328 et
1248 2275 1422 2343 accipe
1438 2289 1657 2344 puerum
1687 2283 1734 2327 et
1759 2283 1976 2327 matrem
1999 2273 2133 2342 ejus,

544 2376 592 2420 et
633 2366 755 2436 fuge
800 2366 856 2420 in
903 2364 1216 2437 Egyptum,
1267 2376 1315 2420 et
1363 2376 1471 2421 esto
1514 2367 1585 2420 ibi
1627 2366 1753 2420 dum
1798 2366 1973 2420 dicam
2022 2364 2133 2419 tibi.

544 2455 590 2512 Ο
618 2472 782 2527 quam
818 2455 1122 2511 inauditum
1162 2457 1439 2523 nuntium,
1473 2465 1528 2510 et
1564 2455 1889 2526 profundum
1923 2457 2136 2510 humili-

547 2550 671 2604 tatis
712 2550 1016 2620 negotium!
1067 2549 1137 2604 Ut
1177 2549 1244 2604 de
1275 2565 1383 2619 quo
1423 2550 1622 2604 dudum
1655 2549 1926 2619 Propheta
1963 2549 2136 2603 fidelis

545 2643 816 2698 cecinerat
838 2659 850 2695 :
871 2642 1114 2706 Domine,
1138 2642 1400 2711 refugium
1429 2650 1485 2694 tu
1512 2641 1684 2710 factus
1706 2659 1758 2696 es
1784 2642 1930 2696 nobis
1960 2640 2130 2712 (Psal.

544 2753 768 2802 Lxxxtx,
792 2737 868 2806 l),
902 2745 976 2801 et,
1018 2735 1160 2790 Deus
1191 2745 1365 2789 noster
1396 2735 1656 2806 refugium
1687 2744 1735 2788 et
1761 2736 1926 2789 virtus
1958 2733 2130 2804 (Psal.

546 2845 670 2892 xcv,
697 2828 772 2898 1),
817 2827 1108 2898 ᾸΕςΥριιιιιι
1140 2829 1254 2896 ipse
1283 2843 1380 2898 per
1410 2826 1591 2898 fugam
1629 2835 1941 2898 asportatus
1972 2827 2135 2880 intra-

547 2930 646 2975 ret.
681 2918 1032 2988 Nequaquam
1069 2918 1232 2989 igitur
1259 2927 1415 2974 vacat
1441 2933 1471 2971 a
1498 2919 1776 2989 mysterio,
1810 2914 1953 2988 quod
1988 2915 2133 2972 refu-

546 3009 691 3079 gium
746 3008 1001 3080 fugiendo
1045 3009 1183 3078 petit
1209 3008 1533 3080 Aigyptum;
1571 3011 1714 3079 quod
1753 3011 1946 3074 virtus,
1978 3010 2134 3078 quasi

546 3100 738 3155 timore
762 3099 1029 3169 perculsa,
1056 3100 1270 3154 videtur
1299 3098 1598 3163 infirmari;
1641 3103 1783 3170 quod
1815 3110 2132 3156 cunctorum

543 3193 853 3262 praesidium
899 3192 1098 3264 migrat
1135 3193 1200 3246 ad
1231 3201 1521 3248 extraneos
1549 3209 1646 3263 per
1679 3192 1857 3264 fugam
1893 3193 2128 3262 elapsus.

547 3285 728 3350 Forte,
775 3285 914 3340 sicut
950 3293 1112 3339 natus
1150 3293 1232 3338 est
1273 3293 1332 3338 ut
1375 3293 1685 3354 corruptam
1737 3285 2134 3354 redintegraret

546 3388 832 3444 naturam,
883 3380 962 3434 sic
1009 3394 1262 3449 quoque,
1317 3387 1375 3432 ut
1425 3376 1643 3448 fugaces
1699 3377 1812 3430 suis
1855 3385 2134 3431 revocaret

544 3473 826 3542 exemplis,
854 3471 1082 3542 aufugit.
1116 3470 1488 3540 Prmcepturus
1519 3483 1752 3539 namque
1779 3477 1897 3523 erat
1925 3486 1940 3521 :
1967 3466 2025 3523 Si
2045 3485 2131 3523 vos

543 3567 797 3637 persecuti
851 3565 1044 3635 fuerint
1094 3566 1147 3618 in
1191 3580 1298 3617 una
1349 3564 1592 3626 civitate,
1645 3562 1811 3632 fugite
1859 3564 1912 3616 in
1968 3562 2131 3615 aliam

486 3719 490 3722 η
545 3656 761 3726 (Matth.
795 3673 848 3722 χ,
873 3655 990 3724 25).
1030 3654 1210 3719 Unde,
1243 3654 1287 3708 si
1333 3652 1595 3708 fortitudo
1629 3667 1688 3708 se
1722 3651 2018 3708 differendo
2050 3668 2133 3706 re-

545 3756 725 3801 servat
762 3746 828 3800 ad
855 3746 1095 3814 potiores
1126 3745 1383 3798 virtutum
1421 3759 1643 3814 agones,
1676 3753 1730 3798 et
1757 3746 2130 3800 universorum

545 3838 791 3894 defensio
828 3836 1274 3906 subterfugiendo
1307 3837 1539 3892 declinat
1577 3837 1643 3890 ad
1683 3845 1993 3897 extraneos,
2025 3851 2132 3889 non

546 3929 708 3983 debet
752 3930 988 3982 humana
1037 3926 1304 3997 fragilitas
1367 3927 1656 3982 temeraria
1715 3926 2023 3994 procaciter
2069 3926 2133 3980 de

542 4023 744 4078 virtute
773 4036 870 4077 sua
903 4021 1064 4093 139
1091 4037 1444 4092 prmsumere,
1489 4022 1584 4076 sed
1614 4035 1829 4091 semper
1872 4021 1923 4073 in
1962 4019 2134 4073 omni-

543 4117 665 4179 bus,
693 4114 838 4186 quod
873 4113 1198 4169 fructuosius
1223 4114 1312 4179 sit,
1338 4112 1752 4184 diligentissime
1778 4120 2129 4180 pertractare.

542 4207 677 4263 Nam
717 4210 858 4264 Deus
907 4207 1051 4276 quod
1106 4206 1242 4276 fugit
1291 4206 1590 4269 hominem,
1635 4203 1959 4258 sacramenti
2012 4200 2132 4265 fuit,

549 4319 657 4358 non
686 4303 919 4358 timoris.
949 4301 1085 4370 Quia
1121 4316 1281 4356 nemo
1307 4299 1578 4356 occultum
1608 4297 1817 4369 patitur
1846 4296 1982 4350 inire
2011 4311 2139 4350 con-

549 4395 776 4462 ﬂictum,
801 4398 893 4466 qui
923 4412 1079 4452 suum
1105 4396 1320 4452 smculis
1347 4395 1459 4449 vult
1491 4394 1748 4449 mandare
1779 4393 2132 4462 triumphum,

551 4499 713 4559 atque
765 4490 1073 4560 exemplum
1121 4489 1393 4559 pugnandi
1453 4487 1688 4558 posteris
1736 4485 2130 4555 derelinquere.

543 4580 733 4650 Neque
761 4582 904 4635 enim
936 4590 1164 4636 mortem
1198 4581 1355 4652 fugit,
1386 4582 1475 4650 qui
1506 4581 1643 4634 mori
1670 4589 1909 4634 venerat.
1948 4579 2134 4650 Neque

544 4674 810 4730 humanas
840 4674 1063 4728 insidias
1090 4674 1328 4742 expavit,
1359 4673 1449 4742 qui
1475 4681 1613 4726 totas
1637 4671 1834 4725 diaboli
1864 4673 2132 4727 versutias

544 4777 600 4820 et
639 4765 859 4818 fraudes
891 4775 1114 4818 venerat
1155 4765 1388 4834 aperire,
1422 4773 1476 4818 et
1503 4763 1816 4832 superando
1860 4765 2132 4832 potentius

547 4859 847 4911 revincere.
921 4854 1196 4920 Scriptum
1251 4855 1446 4925 quippe
1519 4863 1638 4908 erat
1687 4873 1698 4907 :
1752 4854 1872 4909 Non
1931 4857 2131 4910 occides

544 4963 738 5018 agnum
773 4949 828 5001 in
855 4945 987 5000 lacte
1015 4946 1195 5000 matris
1223 4963 1334 5000 sua'
1364 4946 1562 5017 (Exod.
1592 4963 1747 5012 mu,
1774 4948 1882 5018 l9).
1915 4947 1980 5002 Et
2009 4949 2130 5003 ideo

542 5041 816 5112 provisum
871 5055 939 5094 ne
987 5040 1141 5092 fieret
1179 5039 1232 5092 in
1262 5047 1506 5108 experto,
1553 5041 1693 5109 quod
1741 5041 1846 5100 diu.
1884 5041 2007 5095 licet
2037 5056 2127 5096 oc-

545 5134 710 5197 culte,
761 5132 1086 5204 perbibitum
1140 5130 1316 5186 fuerat
1366 5133 1418 5186 in
1467 5135 1744 5204 mysterio.
1814 5133 2129 5188 Moliebatur

545 5227 690 5282 enim
720 5224 947 5279 callidus
978 5239 1286 5293 persuasnr,
1317 5233 1376 5277 ut
1403 5223 1601 5279 Christi
1649 5235 1956 5295 susceptam
1987 5240 2126 5293 prm-

553 5321 753 5374 venirct
798 5319 1106 5383 infantiam,
1145 5328 1198 5373 et
1224 5319 1443 5374 virtutis
1485 5319 1600 5385 ejus
1643 5317 1963 5386 anticiparet
1999 5317 2126 5370 insi-

545 5411 689 5482 gnia.
737 5410 852 5465 iam
904 5410 1130 5465 forsitan
1180 5421 1424 5467 senserat
1454 5411 1697 5480 quaedam
1740 5409 2126 5480 prophetarum

549 5503 798 5558 vaticinia
832 5503 883 5556 in
913 5517 978 5558 eo
1004 5503 1306 5574 adimplcri.
1334 5504 1484 5558 Haud
1511 5503 1730 5580 dubium
1760 5502 1889 5572 quin
1921 5501 2128 5554 intelle-

550 5605 703 5653 xerat
736 5595 890 5664 juxta
933 5597 1060 5651 illud
1100 5599 1374 5668 prophetm
1405 5617 1416 5652 :
1453 5595 1769 5666 Priusquam
1805 5610 1935 5665 puer
1976 5595 2131 5647 sciret

551 5704 731 5742 meare
772 5697 970 5756 patrem
1015 5699 1104 5742 aut
1153 5701 1390 5752 matrem,
1446 5690 1742 5744 secundum
1776 5686 2132 5742 humanitatis

548 5779 852 5846 infantiam,
895 5783 1134 5835 virtutem
1175 5784 1432 5851 accepisse
1459 5781 1722 5840 Damasci,
1756 5790 1803 5832 et
1832 5777 1998 5849 spolia
2030 5777 2131 5833 Sa-

2158 4533 2213 4594 D

2240 528 2563 597 prmdixerat
2606 528 2792 584 dicens
2834 545 2846 581 :
2896 527 3031 581 Ecce
3073 525 3328 580 Dominus
3387 525 3630 579 ascendet
3671 543 3834 596 super

2242 623 2426 676 nubem
2472 621 2652 688 levem,
2701 635 2868 678 carne
2915 619 3170 676 videlicet
3214 619 3420 689 absque
3462 628 3687 689 peccato
3726 618 3838 673 cir—

2239 722 2562 779 cumtectus,
2601 724 2649 769 et
2688 713 3012 784 ingredietur
3033 710 3349 783 Egyptum,
3394 718 3444 765 et
3489 711 3840 765 movebuntur

2238 807 2522 862 simulacra
2545 807 2764 878 [Ἐρξιρεὶ
2803 824 2836 861 a
2875 805 3140 876 facieejus
3188 803 3333 876 (Isa.
3376 818 3504 869 XIX,
3547 803 3643 872 1),
3687 802 3840 872 quod

2240 901 2533 957 multorum
2576 899 2960 956 traditionibus
3004 899 3376 970 approbatur:
3403 897 3478 954 ita
3518 905 3577 952 ut
3613 897 3668 951 in
3698 912 3841 967 qua-

2241 996 2364 1050 dam
2417 997 2635 1052 civitate
2660 995 2945 1052 Frondosii
2994 995 3148 1051 ducis
3199 995 3379 1050 omnia
3434 994 3575 1050 idola
3619 994 3844 1065 penitus

2241 1087 2545 1142 corruerint
2587 1088 2639 1141 in
2673 1096 2896 1142 terram.
2944 1087 3012 1142 Et
3036 1087 3103 1142 de
3132 1088 3373 1157 quinque
3419 1087 3730 1143 civitatibus
3763 1085 3845 1141 lo-

2239 1179 2531 1248 quentibus
2576 1180 2756 1250 lingua
2795 1180 3054 1235 Chanaan
3098 1196 3288 1235 earum
3322 1197 3429 1234 una
3481 1189 3609 1236 tunc
3641 1187 3844 1234 vocata

2239 1277 2323 1324 est
2351 1269 2545 1325 civitas
2590 1271 2743 1336 solis,
2777 1271 2830 1325 in
2873 1287 2981 1341 qua
3031 1271 3238 1327 diutius
3287 1271 3490 1326 dicitur
3532 1271 3841 1325 habitasse.

2239 1361 2398 1428 Nam,
2428 1371 2487 1416 ut
2514 1363 2731 1432 quidam
2775 1372 3088 1433 supputant,
3119 1363 3188 1417 ab
3217 1364 3464 1433 ingressu
3488 1362 3708 1433 Λεπριί
3745 1377 3847 1417 us-

2239 1469 2344 1524 que
2388 1455 2454 1509 ad
2497 1455 2823 1525 principium
2888 1455 3036 1524 regni
3082 1455 3378 1520 Archelai,
3427 1463 3632 1524 septem
3681 1454 3849 1508 fuere

2241 1547 2390 1618 anni,
2418 1547 2617 1615 quibus
2647 1548 2701 1600 in
2725 1546 2960 1618 Egypto
2989 1546 3238 1603 Christus
3266 1548 3543 1603 delituisse
3568 1547 3845 1602 creditur.

2239 1639 2411 1704 Felix,
2465 1639 2708 1710 inquam,
2757 1642 2937 1710 regio,
2985 1657 3148 1710 quam
3187 1649 3340 1697 tanto
3387 1641 3619 1712 tempori
3656 1641 3851 1712 spatio

2239 1733 2319 1788 sol
2347 1733 2570 1804 justitim
2607 1750 2703 1789 sua
2742 1734 3031 1790 illustravit
3065 1736 3382 1806 prmsentia;
3419 1746 3480 1791 ut
3506 1751 3626 1806 qum
3661 1733 3849 1789 tantis

2241 1834 2359 1880 erat
2397 1825 2664 1880 idolorum
2706 1826 2958 1880 sordibus
3005 1826 3224 1897 polluta,
3261 1827 3418 1884 fieret
3441 1829 3660 1882 demum
3715 1835 3852 1882 tan-

2240 1933 2400 1986 quam
2432 1918 2624 1972 hortus
2679 1918 2917 1990 irriguus
2948 1919 3192 1974 doctrina
3221 1918 3449 1985 Cbristi,
3480 1929 3535 1975 et
3572 1928 3852 1991 tanquam

2239 2009 2524 2080 paradisus
2570 2011 2827 2077 Domini,
2895 2012 3106 2068 cmlesti
3177 2013 3459 2084 disciplina
3515 2013 3853 2070 clementius

2239 2104 2540 2159 adimbuta.
2596 2104 2745 2160 Unde
2789 2105 3046 2161 nimirum
3095 2114 3331 2173 constat,
3383 2106 3526 2177 quod
3578 2105 3855 2177 deinceps

2239 2210 2375 2266 pene
2406 2203 2516 2251 tota
2549 2195 2638 2250 illa
2669 2197 2818 2266 regio
2846 2198 2990 2254 facta
3020 2198 3092 2253 sit
3125 2197 3552 2263 monachorum,
3593 2213 3702 2252 non
3739 2197 3853 2251 mi—

2239 2304 2340 2343 nus
2363 2289 2679 2344 cmnobialis
2705 2304 2866 2360 quam
2899 2290 3304 2355 anachoretica,
3335 2290 3388 2344 in
3420 2290 3637 2344 modum
3678 2303 3854 2359 para-

2239 2383 2340 2437 disi
2380 2384 2779 2452 quodammodo
2809 2383 3048 2440 cmlestis
3076 2383 3360 2439 habitatio.
3395 2382 3527 2450 Quae
3554 2383 3646 2454 qui
3677 2397 3852 2438 nosse

2238 2474 2501 2541 voluerit,
2542 2475 2683 2546 legat
2708 2476 2859 2531 Vitas
2887 2475 3134 2542 Patrum,
3175 2484 3229 2531 et
3257 2474 3572 2532 collationes
3607 2490 3848 2540 eorum;

2239 2568 2372 2622 satis
2421 2569 2742 2638 abundeque
2791 2567 3020 2623 clarebit
3050 2565 3330 2622 Christum
3376 2581 3502 2624 non.
3527 2567 3624 2619 abs
3657 2581 3716 2618 re
3748 2566 3852 2619 de-

2238 2660 2512 2714 scendisse
2564 2660 2618 2713 in
2642 2658 2955 2730 Egyptum,
2985 2657 3096 2712 imo
3121 2657 3363 2727 genitum
3390 2670 3580 2711 eorum
3613 2654 3852 2709 audisse

2239 2749 2326 2818 qui
2357 2751 2692 2805 vexabantur
2717 2749 2948 2805 terrenis
2970 2746 3682 2817 operibus,etdescendisse
3707 2746 3854 2801 libeo

2239 2860 2361 2900 rare
2407 2861 2532 2911 eos;
2572 2855 2629 2900 ut
2672 2855 2877 2909 essent,
2916 2844 3201 2900 Pharaone
3252 2845 3566 2909 submerso,
3617 2842 3847 2896 liberati

2231 2937 2362 3008 jugo
2406 2939 2706 3004 servitutis,
2735 2939 2828 3010 qui
2863 2938 3030 2993 tantis
3085 2936 3529 2993 tribulationibus
3569 2943 3625 2990 et
3665 2948 3849 3004 angu-

2239 3031 2359 3085 stiis
2386 3033 2797 3100 premebantur.

2315 3123 2475 3197 140
2525 3123 2790 3179 Futurum
2840 3137 2912 3180 est
2961 3128 3116 3189 enim,
3163 3124 3339 3194 inquit
3383 3121 3754 3193 evangelista,
3792 3132 3852 3175 ut

2241 3213 2478 3268 Herodes
2504 3226 2708 3285 quasrat
2733 3233 2950 3285 puerum
2975 3217 3046 3270 ad
3065 3215 3387 3287 perdendum
3423 3230 3560 3268 eum.
3597 3211 3852 3284 Angelus

2239 3307 2380 3359 enim
2417 3306 2648 3370 Domini,
2699 3307 2841 3376 quod
2895 3293 3140 3361 Herodes
3189 3305 3373 3360 dolose
3428 3302 3739 3358 insidiando
3787 3318 3849 3358 se

2235 3397 2564 3466 promiserat
2611 3413 2734 3452 eum
2785 3398 3160 3461 adoraturum,
3207 3396 3404 3467 aperit,
3448 3404 3504 3450 et
3536 3403 3853 3465 prmmonet

2238 3505 2304 3544 ex
2334 3489 2558 3545 consilio
2589 3492 3091 3560 transportandum,
3123 3505 3282 3560 quem
3334 3487 3422 3543 ille
3466 3487 3851 3543 fraudulenter

2236 3581 2503 3634 tractabat
2532 3582 2596 3635 ad
2627 3583 3022 3652 perimendum.
3079 3583 3154 3638 Ex
3199 3596 3308 3652 quo
3357 3581 3598 3653 profecto
3639 3580 3846 3650 liquet,

2238 3674 2379 3742 quod
2409 3674 2628 3731 fraudes
2675 3686 2729 3730 et
2773 3677 3101 3743 simultates,
3147 3687 3308 3748 atque
3339 3691 3530 3731 omnes
3559 3674 3667 3730 doli
3697 3692 3848 3730 nun—

2237 3782 2399 3836 quam
2449 3767 2651 3823 lateant
2695 3769 2880 3824 oculos
2921 3769 3118 3824 divinm
3151 3767 3474 3839 majestatis.
3516 3766 3722 3822 ldcirco
3769 3768 3849 3821 vi-

2241 3874 2359 3912 rum
2393 3859 2716 3930 sanguinum
2745 3868 2800 3915 et
2829 3859 3072 3915 dolosum
3101 3859 3304 3930 passim
3333 3857 3596 3913 Dominus
3621 3857 3847 3912 abomi-

2239 3959 2420 4012 natur,
2461 3959 2514 4004 et
2559 3950 2610 4002 in
2659 3949 2917 4004 fasciculo
2956 3949 3152 4004 divinm
3191 3948 3413 4004 ultionis
3451 3947 3709 4002 involvit:
3734 3948 3846 4001 Ac-

2239 4043 2368 4112 cipe,
2408 4042 2600 4111 inquit,
2641 4059 2862 4112 puerum
2907 4053 2954 4096 et
2998 4052 3216 4097 matrem
3263 4043 3398 4112 ejus.
3441 4039 3580 4094 Hinc
3631 4039 3848 4112 Joseph

2239 4147 2344 4187 non
2375 4133 2527 4202 quasi
2565 4134 2812 4198 maritus,
2849 4134 2942 4189 sed
2967 4134 3114 4188 velut
3146 4132 3408 4188 nutritius
3445 4147 3507 4185 ac
3534 4139 3720 4185 custos
3761 4134 3847 4186 in-

2239 4225 2420 4279 fantiae
2465 4225 2764 4280 Salvatoris
2812 4226 2863 4280 in
2912 4226 3175 4281 comitatu
3212 4224 3556 4287 adsciscitur,
3597 4232 3653 4276 et
3692 4239 3848 4278 com-

2223 4316 2524 4371 mendatur
2549 4317 2597 4372 ei
2631 4318 2895 4372 servanda
2941 4317 3248 4389 virginitas.
3281 4315 3449 4370 Nocte
3492 4324 3675 4369 autem
3709 4315 3847 4372 ideo

2240 4405 2462 4472 tollitur,
2515 4417 2573 4460 ut
2621 4423 2720 4477 per
2759 4409 2860 4462 boc
2907 4407 3250 4462 commendet
3298 4405 3474 4476 qualis
3506 4404 3588 4459 vel
3624 4415 3842 4474 quanta

2239 4497 2410 4568 caligo
2451 4497 2787 4552 infidelitatis
2840 4507 3043 4552 terram
3094 4496 3334 4552 Judmam
3385 4495 3841 4552 obtenehrasset.

2239 4590 2372 4658 Quia
2404 4591 2658 4645 nimirum
2687 4592 2850 4647 corda
2875 4590 3184 4647 Judmorum
3212 4608 3316 4646 non
3351 4591 3495 4646 aliud
3529 4607 3694 4661 quam
3723 4607 3846 4647 cm—

2236 4681 2418 4736 citatis
2450 4698 2553 4734 nox
2595 4681 2894 4751 premebat.
2939 4681 3076 4736 Hinc
3115 4683 3278 4752 igitur
3318 4692 3478 4736 nocte
3508 4681 3662 4742 exiit,
3699 4682 3841 4750 quia

2236 4773 2448 4828 occulte
2498 4790 2596 4844 per
2639 4773 2820 4845 fugam
2873 4774 2938 4828 ad
2990 4773 3680 4845 illustrandamIEgyptum
3737 4774 3839 4828 de‘

2237 4867 2465 4922 scendit.
2504 4868 2636 4922 Cum
2669 4883 2796 4922 vero
2835 4867 2961 4922 hinc
2999 4869 3325 4932 reascendit,
3364 4884 3540 4938 neque
3571 4883 3703 4932 nox,
3738 4885 3842 4925 ne-

2236 4974 2340 5028 que
2367 4959 2481 5013 dies
2509 4960 2853 5014 describitur.

2306 5049 2372 5104 Ut
2394 5050 2787 5120 adimpleretur,
2808 5051 3002 5120 inquit,
3024 5052 3165 5123 quod
3187 5053 3382 5106 dictum
3409 5064 3481 5108 est
3503 5071 3533 5106 a
3559 5053 3795 5110 Domino
3815 5069 3837 5109 .'

2235 5141 2318 5194 Ex
2363 5141 2593 5210 .Egypto
2642 5143 2814 5195 vocavi
2859 5142 3030 5210 ﬁlium
3079 5159 3270 5197 meum.
3325 5144 3400 5197 De
3441 5144 3837 5214 adimpletione

2233 5229 2447 5298 quidem
2478 5232 2859 5298 prophetarum
2883 5230 2994 5299 jam
3025 5248 3187 5302 supra
3219 5236 3594 5289 tractavimus.
3629 5235 3740 5291 Sed
3776 5249 3837 5293 et

2233 5336 2376 5373 nunc
2422 5320 2541 5375 ideo
2581 5321 2780 5391 fugisse
2819 5323 3081 5387 dicimus,
3121 5333 3179 5378 ut
3219 5325 3352 5394 legis
3379 5327 3578 5380 veritas
3604 5338 3838 5382 consta-

2235 5422 2337 5477 ret,
2384 5413 2681 5482 prophetiae
2712 5414 2842 5468 fides
2869 5415 3108 5482 daretur,
3139 5416 3390 5472 Psalterii
3425 5417 3832 5480 testimonium,

2233 5505 2450 5573 quando
2477 5505 2645 5559 David
2668 5522 2830 5561 verus
2862 5505 2998 5577 fugit
3043 5496 3090 5561 a'
3108 5507 3248 5564 facie
3279 5508 3408 5564 Saul
3440 5510 3601 5580 regis,
3636 5509 3836 5563 firma-

2233 5604 2401 5649 retur.
2441 5594 2589 5650 Unde
2623 5605 2676 5650 et
2702 5597 2997 5653 Dominus:
3031 5598 3255 5654 Necesse
3298 5612 3408 5654 erat
3449 5599 3660 5672 impleri
3703 5618 3836 5671 qui:

2233 5690 2426 5756 scripta
2466 5699 2613 5742 erant
2653 5690 2708 5742 in
2748 5690 2855 5760 leg‘e
2898 5702 2946 5745 et
2986 5693 3249 5762 prophetis
3293 5705 3339 5748 et
3380 5693 3596 5764 psalmis
3639 5695 3706 5747 de
3743 5710 3837 5750 me

2234 5779 2386 5850 (Luc.
2423 5797 2572 5842 xxiv,
2597 5781 2706 5844 Mt.
2746 5782 2844 5838 Ubi
2879 5796 3056 5839 autem
3108 5787 3208 5840 hoc
3265 5788 3527 5856 scriptum
3571 5786 3663 5852 sit,
3711 5785 3837 5843 fre-
