  <div class='ocr_page' id='page_1' title='image "/cluster/home/n/w/nwhite01/storage/ocr_20150623/120/hvd.32044015466923/076.png"; bbox 0 0 4032 6358; ppageno 0'>
   <div class='ocr_carea' id='block_1_1' title="bbox 238 328 336 389">
    <p class='ocr_par' dir='ltr' id='par_1_1' title="bbox 238 328 336 389">
     <span class='ocr_line' id='line_1_1' title="bbox 238 328 336 389; baseline -0.01 0"><span class='ocrx_word' id='word_1_1' title='bbox 238 328 336 389; x_wconf 70' lang='lat' dir='ltr'><strong>ul</strong></span> 
     </span>
    </p>
   </div>
   <div class='ocr_carea' id='block_1_2' title="bbox 1060 317 2681 391">
    <p class='ocr_par' dir='ltr' id='par_1_2' title="bbox 1060 317 2681 391">
     <span class='ocr_line' id='line_1_2' title="bbox 1060 317 2681 391; baseline -0.001 -11"><span class='ocrx_word' id='word_1_2' title='bbox 1060 317 1424 382; x_wconf 78' lang='lat' dir='ltr'><strong>EXPOSITIO</strong></span> <span class='ocrx_word' id='word_1_3' title='bbox 1463 322 1529 380; x_wconf 83' lang='lat' dir='ltr'><strong>IN</strong></span> <span class='ocrx_word' id='word_1_4' title='bbox 1568 322 2005 382; x_wconf 65' lang='grc' dir='ltr'><strong>ΜΑΤἸἩΕΗΜ.</strong></span> <span class='ocrx_word' id='word_1_5' title='bbox 2047 353 2118 367; x_wconf 93' lang='grc'><strong><em>-</em></strong></span> <span class='ocrx_word' id='word_1_6' title='bbox 2156 324 2283 380; x_wconf 89' lang='lat' dir='ltr'><strong>LIB.</strong></span> <span class='ocrx_word' id='word_1_7' title='bbox 2326 324 2387 391; x_wconf 89' lang='lat' dir='ltr'><strong>ll,</strong></span> <span class='ocrx_word' id='word_1_8' title='bbox 2428 322 2581 381; x_wconf 80' lang='lat' dir='ltr'><strong>CAP.</strong></span> <span class='ocrx_word' id='word_1_9' title='bbox 2620 324 2681 379; x_wconf 92' lang='lat' dir='ltr'><strong>ll.</strong></span> 
     </span>
    </p>
   </div>
   <div class='ocr_carea' id='block_1_3' title="bbox 3403 330 3507 385">
    <p class='ocr_par' dir='ltr' id='par_1_3' title="bbox 3403 330 3507 385">
     <span class='ocr_line' id='line_1_3' title="bbox 3403 330 3507 385; baseline 0 -1"><span class='ocrx_word' id='word_1_10' title='bbox 3403 330 3507 385; x_wconf 70' lang='lat'><strong>“&#39;2</strong></span> 
     </span>
    </p>
   </div>
   <div class='ocr_carea' id='block_1_4' title="bbox 140 439 3513 518">
    <p class='ocr_par' dir='ltr' id='par_1_4' title="bbox 140 439 3513 518">
     <span class='ocr_line' id='line_1_4' title="bbox 140 439 3513 518; baseline 0.001 -20"><span class='ocrx_word' id='word_1_11' title='bbox 140 490 149 497; x_wconf 94' lang='lat'><strong>.</strong></span> <span class='ocrx_word' id='word_1_12' title='bbox 234 449 460 518; x_wconf 75' lang='lat' dir='ltr'><strong>quenter</strong></span> <span class='ocrx_word' id='word_1_13' title='bbox 523 439 774 497; x_wconf 87' lang='lat' dir='ltr'><strong>omnium</strong></span> <span class='ocrx_word' id='word_1_14' title='bbox 842 440 1202 509; x_wconf 73' lang='lat' dir='ltr'><strong>interpretum</strong></span> <span class='ocrx_word' id='word_1_15' title='bbox 1271 439 1607 495; x_wconf 88' lang='lat' dir='ltr'><strong>clarissimus</strong></span> <span class='ocrx_word' id='word_1_16' title='bbox 1659 447 1821 508; x_wconf 87' lang='lat' dir='ltr'><strong>atque</strong></span> <span class='ocrx_word' id='word_1_17' title='bbox 1849 440 1901 501; x_wconf 81' lang='grc' dir='ltr'>Α</span> <span class='ocrx_word' id='word_1_18' title='bbox 1924 449 2028 501; x_wconf 86' lang='lat' dir='ltr'><strong>ret,</strong></span> <span class='ocrx_word' id='word_1_19' title='bbox 2065 456 2132 495; x_wconf 90' lang='lat' dir='ltr'><strong>ne</strong></span> <span class='ocrx_word' id='word_1_20' title='bbox 2161 439 2482 496; x_wconf 88' lang='lat' dir='ltr'><strong>labereture</strong></span> <span class='ocrx_word' id='word_1_21' title='bbox 2509 441 2776 497; x_wconf 88' lang='lat' dir='ltr'><strong>manibus.</strong></span> <span class='ocrx_word' id='word_1_22' title='bbox 2802 441 2870 497; x_wconf 86' lang='lat' dir='ltr'><strong>Et</strong></span> <span class='ocrx_word' id='word_1_23' title='bbox 2889 442 3011 499; x_wconf 89' lang='lat' dir='ltr'><strong>ideo</strong></span> <span class='ocrx_word' id='word_1_24' title='bbox 3037 443 3284 500; x_wconf 76' lang='lat' dir='ltr'><strong>fortassis</strong></span> <span class='ocrx_word' id='word_1_25' title='bbox 3305 446 3513 501; x_wconf 86' lang='lat' dir='ltr'><strong>duobus</strong></span> 
     </span>
    </p>
   </div>
   <div class='ocr_carea' id='block_1_5' title="bbox 235 530 1830 602">
    <p class='ocr_par' dir='ltr' id='par_1_5' title="bbox 235 530 1830 602">
     <span class='ocr_line' id='line_1_5' title="bbox 235 530 1830 602; baseline -0.004 -11"><span class='ocrx_word' id='word_1_26' title='bbox 235 532 635 591; x_wconf 79' lang='lat' dir='ltr'><strong>eruditissimus</strong></span> <span class='ocrx_word' id='word_1_27' title='bbox 680 532 952 602; x_wconf 80' lang='lat' dir='ltr'><strong>interpres</strong></span> <span class='ocrx_word' id='word_1_28' title='bbox 1002 539 1187 585; x_wconf 87' lang='lat' dir='ltr'><strong>noster</strong></span> <span class='ocrx_word' id='word_1_29' title='bbox 1238 538 1491 598; x_wconf 82' lang='lat' dir='ltr'><strong>testatur,</strong></span> <span class='ocrx_word' id='word_1_30' title='bbox 1541 530 1695 600; x_wconf 82' lang='lat' dir='ltr'><strong>juxta</strong></span> <span class='ocrx_word' id='word_1_31' title='bbox 1727 530 1830 585; x_wconf 51' lang='lat' dir='ltr'><strong>lie.</strong></span> 
     </span>
    </p>
   </div>
   <div class='ocr_carea' id='block_1_6' title="bbox 237 622 1823 695">
    <p class='ocr_par' dir='ltr' id='par_1_6' title="bbox 237 622 1823 695">
     <span class='ocr_line' id='line_1_6' title="bbox 237 622 1823 695; baseline -0.002 -13"><span class='ocrx_word' id='word_1_32' title='bbox 237 626 471 683; x_wconf 87' lang='lat' dir='ltr'><strong>braicam</strong></span> <span class='ocrx_word' id='word_1_33' title='bbox 499 624 795 679; x_wconf 80' lang='lat' dir='ltr'><strong>veritatem</strong></span> <span class='ocrx_word' id='word_1_34' title='bbox 824 622 967 694; x_wconf 91' lang='lat' dir='ltr'><strong>quod</strong></span> <span class='ocrx_word' id='word_1_35' title='bbox 1024 624 1074 677; x_wconf 89' lang='lat' dir='ltr'><strong>in</strong></span> <span class='ocrx_word' id='word_1_36' title='bbox 1102 622 1243 679; x_wconf 87' lang='lat' dir='ltr'><strong>Osee</strong></span> <span class='ocrx_word' id='word_1_37' title='bbox 1287 624 1549 694; x_wconf 88' lang='lat' dir='ltr'><strong>scriptum</strong></span> <span class='ocrx_word' id='word_1_38' title='bbox 1596 624 1823 695; x_wconf 78' lang='lat' dir='ltr'><strong>legatur.</strong></span> 
     </span>
    </p>
   </div>
   <div class='ocr_carea' id='block_1_7' title="bbox 234 716 1828 788">
    <p class='ocr_par' dir='ltr' id='par_1_7' title="bbox 234 716 1828 788">
     <span class='ocr_line' id='line_1_7' title="bbox 234 716 1828 788; baseline -0.001 -14"><span class='ocrx_word' id='word_1_39' title='bbox 234 717 477 775; x_wconf 75' lang='lat' dir='ltr'><strong>Nonnulli</strong></span> <span class='ocrx_word' id='word_1_40' title='bbox 526 728 736 781; x_wconf 87' lang='lat' dir='ltr'><strong>tamen,</strong></span> <span class='ocrx_word' id='word_1_41' title='bbox 786 717 1053 772; x_wconf 89' lang='lat' dir='ltr'><strong>sicutnec</strong></span> <span class='ocrx_word' id='word_1_42' title='bbox 1103 716 1222 788; x_wconf 90' lang='lat' dir='ltr'><strong>ipse</strong></span> <span class='ocrx_word' id='word_1_43' title='bbox 1268 717 1533 788; x_wconf 85' lang='lat' dir='ltr'><strong>denegat,</strong></span> <span class='ocrx_word' id='word_1_44' title='bbox 1582 732 1648 773; x_wconf 83' lang='lat' dir='ltr'><strong>ex</strong></span> <span class='ocrx_word' id='word_1_45' title='bbox 1688 717 1828 773; x_wconf 89' lang='lat' dir='ltr'><strong>libro</strong></span> 
     </span>
    </p>
   </div>
   <div class='ocr_carea' id='block_1_8' title="bbox 233 806 1828 879">
    <p class='ocr_par' dir='ltr' id='par_1_8' title="bbox 233 806 1828 879">
     <span class='ocr_line' id='line_1_8' title="bbox 233 806 1828 879; baseline -0.001 -14"><span class='ocrx_word' id='word_1_46' title='bbox 233 809 614 875; x_wconf 77' lang='lat' dir='ltr'><strong>Numerorum,</strong></span> <span class='ocrx_word' id='word_1_47' title='bbox 644 808 860 863; x_wconf 82' lang='lat' dir='ltr'><strong>dicente</strong></span> <span class='ocrx_word' id='word_1_48' title='bbox 889 806 1132 872; x_wconf 80' lang='lat' dir='ltr'><strong>Balaam,</strong></span> <span class='ocrx_word' id='word_1_49' title='bbox 1166 807 1269 862; x_wconf 90' lang='lat' dir='ltr'><strong>hoc</strong></span> <span class='ocrx_word' id='word_1_50' title='bbox 1300 817 1573 879; x_wconf 90' lang='lat' dir='ltr'><strong>sumptum</strong></span> <span class='ocrx_word' id='word_1_51' title='bbox 1605 822 1828 864; x_wconf 72' lang='lat' dir='ltr'><strong>asseve~</strong></span> 
     </span>
    </p>
   </div>
   <div class='ocr_carea' id='block_1_9' title="bbox 235 898 1824 970">
    <p class='ocr_par' dir='ltr' id='par_1_9' title="bbox 235 898 1824 970">
     <span class='ocr_line' id='line_1_9' title="bbox 235 898 1824 970; baseline -0.001 -13"><span class='ocrx_word' id='word_1_52' title='bbox 235 910 368 957; x_wconf 85' lang='lat' dir='ltr'><strong>rant.</strong></span> <span class='ocrx_word' id='word_1_53' title='bbox 401 899 543 955; x_wconf 83' lang='lat' dir='ltr'><strong>Nam</strong></span> <span class='ocrx_word' id='word_1_54' title='bbox 593 908 649 955; x_wconf 91' lang='lat' dir='ltr'><strong>et</strong></span> <span class='ocrx_word' id='word_1_55' title='bbox 690 899 743 954; x_wconf 92' lang='lat' dir='ltr'><strong>in</strong></span> <span class='ocrx_word' id='word_1_56' title='bbox 774 898 1047 968; x_wconf 81' lang='lat' dir='ltr'><strong>aliquibus</strong></span> <span class='ocrx_word' id='word_1_57' title='bbox 1093 898 1372 955; x_wconf 82' lang='lat' dir='ltr'><strong>codicibus</strong></span> <span class='ocrx_word' id='word_1_58' title='bbox 1412 901 1824 970; x_wconf 87' lang='lat' dir='ltr'><strong>prophetarum,</strong></span> 
     </span>
    </p>
   </div>
   <div class='ocr_carea' id='block_1_10' title="bbox 237 993 1826 1065">
    <p class='ocr_par' dir='ltr' id='par_1_10' title="bbox 237 993 1826 1065">
     <span class='ocr_line' id='line_1_10' title="bbox 237 993 1826 1065; baseline 0 -15"><span class='ocrx_word' id='word_1_59' title='bbox 237 995 319 1050; x_wconf 70' lang='lat' dir='ltr'><strong>Es</strong></span> <span class='ocrx_word' id='word_1_60' title='bbox 336 993 573 1065; x_wconf 71' lang='lat' dir='ltr'><strong>£ggpto</strong></span> <span class='ocrx_word' id='word_1_61' title='bbox 603 994 782 1048; x_wconf 77' lang='lat' dir='ltr'><strong>uocari</strong></span> <span class='ocrx_word' id='word_1_62' title='bbox 804 993 945 1062; x_wconf 70' lang='lat' dir='ltr'><strong>ﬁlios</strong></span> <span class='ocrx_word' id='word_1_63' title='bbox 978 1010 1143 1059; x_wconf 79' lang='lat' dir='ltr'><strong>meos,</strong></span> <span class='ocrx_word' id='word_1_64' title='bbox 1176 1008 1315 1064; x_wconf 59' lang='lat' dir='ltr'><strong>sape</strong></span> <span class='ocrx_word' id='word_1_65' title='bbox 1362 994 1654 1061; x_wconf 82' lang='lat' dir='ltr'><strong>invenitur,</strong></span> <span class='ocrx_word' id='word_1_66' title='bbox 1681 995 1826 1065; x_wconf 88' lang='lat' dir='ltr'><strong>quod</strong></span> 
     </span>
    </p>
   </div>
   <div class='ocr_carea' id='block_1_11' title="bbox 238 1085 1827 1159">
    <p class='ocr_par' dir='ltr' id='par_1_11' title="bbox 238 1085 1827 1159">
     <span class='ocr_line' id='line_1_11' title="bbox 238 1085 1827 1159; baseline 0 -17"><span class='ocrx_word' id='word_1_67' title='bbox 238 1089 400 1159; x_wconf 85' lang='lat' dir='ltr'><strong>magis</strong></span> <span class='ocrx_word' id='word_1_68' title='bbox 425 1087 662 1142; x_wconf 89' lang='lat' dir='ltr'><strong>omnino</strong></span> <span class='ocrx_word' id='word_1_69' title='bbox 690 1086 816 1142; x_wconf 85' lang='lat' dir='ltr'><strong>ﬁliis</strong></span> <span class='ocrx_word' id='word_1_70' title='bbox 847 1085 1013 1141; x_wconf 86' lang='lat' dir='ltr'><strong>Israel</strong></span> <span class='ocrx_word' id='word_1_71' title='bbox 1049 1087 1119 1141; x_wconf 90' lang='lat' dir='ltr'><strong>de</strong></span> <span class='ocrx_word' id='word_1_72' title='bbox 1144 1085 1459 1157; x_wconf 82' lang='lat' dir='ltr'><strong>captivitate</strong></span> <span class='ocrx_word' id='word_1_73' title='bbox 1484 1087 1827 1143; x_wconf 87' lang='lat' dir='ltr'><strong>venientibus</strong></span> 
     </span>
    </p>
   </div>
   <div class='ocr_carea' id='block_1_12' title="bbox 236 1177 1828 1251">
    <p class='ocr_par' dir='ltr' id='par_1_12' title="bbox 236 1177 1828 1251">
     <span class='ocr_line' id='line_1_12' title="bbox 236 1177 1828 1251; baseline -0.002 -14"><span class='ocrx_word' id='word_1_74' title='bbox 236 1181 500 1237; x_wconf 73' lang='lat' dir='ltr'><strong>convenit.</strong></span> <span class='ocrx_word' id='word_1_75' title='bbox 550 1178 669 1235; x_wconf 87' lang='lat' dir='ltr'><strong>Sed</strong></span> <span class='ocrx_word' id='word_1_76' title='bbox 710 1194 809 1235; x_wconf 89' lang='lat' dir='ltr'><strong>nos</strong></span> <span class='ocrx_word' id='word_1_77' title='bbox 850 1179 1069 1234; x_wconf 89' lang='lat' dir='ltr'><strong>beatum</strong></span> <span class='ocrx_word' id='word_1_78' title='bbox 1104 1178 1487 1251; x_wconf 77' lang='lat' dir='ltr'><strong>evangelistam</strong></span> <span class='ocrx_word' id='word_1_79' title='bbox 1527 1187 1583 1234; x_wconf 91' lang='lat' dir='ltr'><strong>et</strong></span> <span class='ocrx_word' id='word_1_80' title='bbox 1610 1177 1828 1235; x_wconf 79' lang='lat' dir='ltr'><strong>Hebrai-</strong></span> 
     </span>
    </p>
   </div>
   <div class='ocr_carea' id='block_1_13' title="bbox 240 1271 1826 1343">
    <p class='ocr_par' dir='ltr' id='par_1_13' title="bbox 240 1271 1826 1343">
     <span class='ocr_line' id='line_1_13' title="bbox 240 1271 1826 1343; baseline 0 -15"><span class='ocrx_word' id='word_1_81' title='bbox 240 1287 351 1328; x_wconf 86' lang='lat' dir='ltr'><strong>eam</strong></span> <span class='ocrx_word' id='word_1_82' title='bbox 400 1274 696 1342; x_wconf 82' lang='lat' dir='ltr'><strong>sequimur</strong></span> <span class='ocrx_word' id='word_1_83' title='bbox 737 1273 1022 1327; x_wconf 79' lang='lat' dir='ltr'><strong>veritatem</strong></span> <span class='ocrx_word' id='word_1_84' title='bbox 1048 1313 1065 1339; x_wconf 93' lang='lat'><strong>,</strong></span> <span class='ocrx_word' id='word_1_85' title='bbox 1123 1272 1456 1343; x_wconf 83' lang='lat' dir='ltr'><strong>amplissime</strong></span> <span class='ocrx_word' id='word_1_86' title='bbox 1504 1271 1826 1328; x_wconf 84' lang='lat' dir='ltr'><strong>conﬁtentes</strong></span> 
     </span>
    </p>
   </div>
   <div class='ocr_carea' id='block_1_14' title="bbox 238 1363 1829 1436">
    <p class='ocr_par' dir='ltr' id='par_1_14' title="bbox 238 1363 1829 1436">
     <span class='ocr_line' id='line_1_14' title="bbox 238 1363 1829 1436; baseline 0 -18"><span class='ocrx_word' id='word_1_87' title='bbox 238 1366 373 1436; x_wconf 81' lang='lat' dir='ltr'><strong>quod</strong></span> <span class='ocrx_word' id='word_1_88' title='bbox 399 1365 470 1419; x_wconf 88' lang='lat' dir='ltr'><strong>de</strong></span> <span class='ocrx_word' id='word_1_89' title='bbox 502 1363 753 1429; x_wconf 85' lang='lat' dir='ltr'><strong>Christo,</strong></span> <span class='ocrx_word' id='word_1_90' title='bbox 779 1365 886 1420; x_wconf 85' lang='lat' dir='ltr'><strong>etsi</strong></span> <span class='ocrx_word' id='word_1_91' title='bbox 930 1364 1073 1419; x_wconf 90' lang='lat' dir='ltr'><strong>aliud</strong></span> <span class='ocrx_word' id='word_1_92' title='bbox 1121 1363 1412 1435; x_wconf 87' lang='lat' dir='ltr'><strong>signiﬁcet,</strong></span> <span class='ocrx_word' id='word_1_93' title='bbox 1459 1378 1528 1420; x_wconf 78' lang='lat' dir='ltr'><strong>ex</strong></span> <span class='ocrx_word' id='word_1_94' title='bbox 1563 1364 1829 1435; x_wconf 66' lang='lat' dir='ltr'><strong>praesagio</strong></span> 
     </span>
    </p>
   </div>
   <div class='ocr_carea' id='block_1_15' title="bbox 234 1455 1831 1528">
    <p class='ocr_par' dir='ltr' id='par_1_15' title="bbox 234 1455 1831 1528">
     <span class='ocr_line' id='line_1_15' title="bbox 234 1455 1831 1528; baseline 0.002 -17"><span class='ocrx_word' id='word_1_95' title='bbox 234 1457 617 1528; x_wconf 83' lang='lat' dir='ltr'><strong>prophetarum</strong></span> <span class='ocrx_word' id='word_1_96' title='bbox 645 1468 798 1513; x_wconf 88' lang='lat' dir='ltr'><strong>recte</strong></span> <span class='ocrx_word' id='word_1_97' title='bbox 820 1457 1090 1513; x_wconf 84' lang='lat' dir='ltr'><strong>credatur.</strong></span> <span class='ocrx_word' id='word_1_98' title='bbox 1123 1455 1511 1513; x_wconf 82' lang='lat' dir='ltr'><strong>Verumtamen</strong></span> <span class='ocrx_word' id='word_1_99' title='bbox 1541 1473 1608 1513; x_wconf 83' lang='lat' dir='ltr'><strong>ex</strong></span> <span class='ocrx_word' id='word_1_100' title='bbox 1631 1458 1831 1515; x_wconf 82' lang='lat' dir='ltr'><strong>Nume-</strong></span> 
     </span>
    </p>
   </div>
   <div class='ocr_carea' id='block_1_16' title="bbox 244 1547 1829 1619">
    <p class='ocr_par' dir='ltr' id='par_1_16' title="bbox 244 1547 1829 1619">
     <span class='ocr_line' id='line_1_16' title="bbox 244 1547 1829 1619; baseline 0.001 -17"><span class='ocrx_word' id='word_1_101' title='bbox 244 1548 321 1602; x_wconf 63' lang='grc' dir='ltr'><strong>ἠδ</strong></span> <span class='ocrx_word' id='word_1_102' title='bbox 362 1547 473 1603; x_wconf 88' lang='lat' dir='ltr'><strong>hoc</strong></span> <span class='ocrx_word' id='word_1_103' title='bbox 524 1556 799 1619; x_wconf 81' lang='lat' dir='ltr'><strong>sumptum</strong></span> <span class='ocrx_word' id='word_1_104' title='bbox 848 1562 970 1604; x_wconf 88' lang='lat' dir='ltr'><strong>esse</strong></span> <span class='ocrx_word' id='word_1_105' title='bbox 1008 1547 1253 1613; x_wconf 84' lang='lat' dir='ltr'><strong>videtur,</strong></span> <span class='ocrx_word' id='word_1_106' title='bbox 1297 1556 1354 1603; x_wconf 89' lang='lat' dir='ltr'><strong>et</strong></span> <span class='ocrx_word' id='word_1_107' title='bbox 1399 1556 1646 1605; x_wconf 85' lang='lat' dir='ltr'><strong>astruere</strong></span> <span class='ocrx_word' id='word_1_108' title='bbox 1685 1549 1829 1619; x_wconf 89' lang='lat' dir='ltr'><strong>quod</strong></span> 
     </span>
    </p>
   </div>
   <div class='ocr_carea' id='block_1_17' title="bbox 250 1636 1830 1711">
    <p class='ocr_par' dir='ltr' id='par_1_17' title="bbox 250 1636 1830 1711">
     <span class='ocr_line' id='line_1_17' title="bbox 250 1636 1830 1711; baseline 0.001 -16"><span class='ocrx_word' id='word_1_109' title='bbox 250 1640 456 1711; x_wconf 75' lang='lat' dir='ltr'><strong>legitur,</strong></span> <span class='ocrx_word' id='word_1_110' title='bbox 485 1643 621 1696; x_wconf 83' lang='lat' dir='ltr'><strong>sicut</strong></span> <span class='ocrx_word' id='word_1_111' title='bbox 658 1642 868 1697; x_wconf 89' lang='lat' dir='ltr'><strong>dictum</strong></span> <span class='ocrx_word' id='word_1_112' title='bbox 911 1636 1000 1698; x_wconf 76' lang='lat' dir='ltr'><strong>est</strong></span> <span class='ocrx_word' id='word_1_113' title='bbox 1046 1657 1077 1696; x_wconf 94' lang='lat' dir='ltr'><strong>a</strong></span> <span class='ocrx_word' id='word_1_114' title='bbox 1109 1641 1355 1698; x_wconf 88' lang='lat' dir='ltr'><strong>Domino.</strong></span> <span class='ocrx_word' id='word_1_115' title='bbox 1388 1641 1525 1709; x_wconf 85' lang='lat' dir='ltr'><strong>Quia</strong></span> <span class='ocrx_word' id='word_1_116' title='bbox 1555 1642 1601 1697; x_wconf 89' lang='lat' dir='ltr'><strong>si</strong></span> <span class='ocrx_word' id='word_1_117' title='bbox 1630 1642 1703 1698; x_wconf 88' lang='lat' dir='ltr'><strong>ab</strong></span> <span class='ocrx_word' id='word_1_118' title='bbox 1733 1641 1830 1697; x_wconf 89' lang='lat' dir='ltr'><strong>ali-</strong></span> 
     </span>
    </p>
   </div>
   <div class='ocr_carea' id='block_1_18' title="bbox 241 1734 1827 1807">
    <p class='ocr_par' dir='ltr' id='par_1_18' title="bbox 241 1734 1827 1807">
     <span class='ocr_line' id='line_1_18' title="bbox 241 1734 1827 1807; baseline 0.001 -20"><span class='ocrx_word' id='word_1_119' title='bbox 241 1748 337 1803; x_wconf 87' lang='lat' dir='ltr'><strong>qua</strong></span> <span class='ocrx_word' id='word_1_120' title='bbox 385 1744 702 1791; x_wconf 84' lang='lat' dir='ltr'><strong>sanctorum</strong></span> <span class='ocrx_word' id='word_1_121' title='bbox 756 1735 1178 1807; x_wconf 84' lang='lat' dir='ltr'><strong>prophetarum,</strong></span> <span class='ocrx_word' id='word_1_122' title='bbox 1238 1743 1299 1789; x_wconf 92' lang='lat' dir='ltr'><strong>ut</strong></span> <span class='ocrx_word' id='word_1_123' title='bbox 1353 1735 1538 1803; x_wconf 89' lang='lat' dir='ltr'><strong>aiunt,</strong></span> <span class='ocrx_word' id='word_1_124' title='bbox 1594 1734 1827 1790; x_wconf 87' lang='lat' dir='ltr'><strong>rolatum</strong></span> 
     </span>
    </p>
   </div>
   <div class='ocr_carea' id='block_1_19' title="bbox 1931 533 3509 608">
    <p class='ocr_par' dir='ltr' id='par_1_19' title="bbox 1931 533 3509 608">
     <span class='ocr_line' id='line_1_19' title="bbox 1931 533 3509 608; baseline 0.004 -22"><span class='ocrx_word' id='word_1_125' title='bbox 1931 546 2056 587; x_wconf 93' lang='lat' dir='ltr'><strong>eum</strong></span> <span class='ocrx_word' id='word_1_126' title='bbox 2085 541 2301 588; x_wconf 87' lang='lat' dir='ltr'><strong>constat</strong></span> <span class='ocrx_word' id='word_1_127' title='bbox 2350 533 2673 589; x_wconf 83' lang='lat' dir='ltr'><strong>sustinuisse</strong></span> <span class='ocrx_word' id='word_1_128' title='bbox 2704 535 2882 599; x_wconf 91' lang='lat' dir='ltr'><strong>annis,</strong></span> <span class='ocrx_word' id='word_1_129' title='bbox 2912 548 2979 590; x_wconf 87' lang='lat' dir='ltr'><strong>ne</strong></span> <span class='ocrx_word' id='word_1_130' title='bbox 3024 533 3165 590; x_wconf 87' lang='lat' dir='ltr'><strong>forte</strong></span> <span class='ocrx_word' id='word_1_131' title='bbox 3206 537 3509 608; x_wconf 85' lang='lat' dir='ltr'><strong>quibusque</strong></span> 
     </span>
    </p>
   </div>
   <div class='ocr_carea' id='block_1_20' title="bbox 1930 621 3513 697">
    <p class='ocr_par' dir='ltr' id='par_1_20' title="bbox 1930 621 3513 697">
     <span class='ocr_line' id='line_1_20' title="bbox 1930 621 3513 697; baseline 0.004 -19"><span class='ocrx_word' id='word_1_132' title='bbox 1930 621 2273 679; x_wconf 86' lang='lat' dir='ltr'><strong>delitesceret</strong></span> <span class='ocrx_word' id='word_1_133' title='bbox 2303 626 2657 696; x_wconf 86' lang='lat' dir='ltr'><strong>argumentis.</strong></span> <span class='ocrx_word' id='word_1_134' title='bbox 2715 624 2825 680; x_wconf 80' lang='lat' dir='ltr'><strong>Aut</strong></span> <span class='ocrx_word' id='word_1_135' title='bbox 2871 635 3021 682; x_wconf 89' lang='lat' dir='ltr'><strong>certe</strong></span> <span class='ocrx_word' id='word_1_136' title='bbox 3061 628 3153 697; x_wconf 89' lang='lat' dir='ltr'><strong>qui</strong></span> <span class='ocrx_word' id='word_1_137' title='bbox 3193 628 3344 684; x_wconf 89' lang='lat' dir='ltr'><strong>missi</strong></span> <span class='ocrx_word' id='word_1_138' title='bbox 3392 626 3513 684; x_wconf 86' lang='lat' dir='ltr'><strong>fue-</strong></span> 
     </span>
    </p>
   </div>
   <div class='ocr_carea' id='block_1_21' title="bbox 1930 715 3508 790">
    <p class='ocr_par' dir='ltr' id='par_1_21' title="bbox 1930 715 3508 790">
     <span class='ocr_line' id='line_1_21' title="bbox 1930 715 3508 790; baseline 0.006 -22"><span class='ocrx_word' id='word_1_139' title='bbox 1930 723 2073 781; x_wconf 88' lang='lat' dir='ltr'><strong>rant,</strong></span> <span class='ocrx_word' id='word_1_140' title='bbox 2128 715 2345 771; x_wconf 85' lang='lat' dir='ltr'><strong>tandem</strong></span> <span class='ocrx_word' id='word_1_141' title='bbox 2385 732 2662 772; x_wconf 87' lang='lat' dir='ltr'><strong>morarum</strong></span> <span class='ocrx_word' id='word_1_142' title='bbox 2705 718 2884 775; x_wconf 86' lang='lat' dir='ltr'><strong>causis</strong></span> <span class='ocrx_word' id='word_1_143' title='bbox 2917 720 3187 790; x_wconf 89' lang='lat' dir='ltr'><strong>explicitis</strong></span> <span class='ocrx_word' id='word_1_144' title='bbox 3238 721 3508 778; x_wconf 85' lang='lat' dir='ltr'><strong>interdum</strong></span> 
     </span>
    </p>
   </div>
   <div class='ocr_carea' id='block_1_22' title="bbox 1930 808 3515 884">
    <p class='ocr_par' dir='ltr' id='par_1_22' title="bbox 1930 808 3515 884">
     <span class='ocr_line' id='line_1_22' title="bbox 1930 808 3515 884; baseline 0.004 -22"><span class='ocrx_word' id='word_1_145' title='bbox 1930 808 2349 865; x_wconf 82' lang='lat' dir='ltr'><strong>renuntiassent.</strong></span> <span class='ocrx_word' id='word_1_146' title='bbox 2393 810 2501 866; x_wconf 83' lang='lat' dir='ltr'><strong>Sed</strong></span> <span class='ocrx_word' id='word_1_147' title='bbox 2535 811 2661 867; x_wconf 88' lang='lat' dir='ltr'><strong>dum</strong></span> <span class='ocrx_word' id='word_1_148' title='bbox 2690 825 2788 881; x_wconf 88' lang='lat' dir='ltr'><strong>pro</strong></span> <span class='ocrx_word' id='word_1_149' title='bbox 2825 820 2974 867; x_wconf 86' lang='lat' dir='ltr'><strong>certo</strong></span> <span class='ocrx_word' id='word_1_150' title='bbox 2999 828 3057 869; x_wconf 91' lang='lat' dir='ltr'><strong>se</strong></span> <span class='ocrx_word' id='word_1_151' title='bbox 3082 815 3346 884; x_wconf 63' lang='lat' dir='ltr'><strong>comperit</strong></span> <span class='ocrx_word' id='word_1_152' title='bbox 3366 814 3515 869; x_wconf 84' lang='lat' dir='ltr'><strong>delu-</strong></span> 
     </span>
    </p>
   </div>
   <div class='ocr_carea' id='block_1_23' title="bbox 1929 898 3518 974">
    <p class='ocr_par' dir='ltr' id='par_1_23' title="bbox 1929 898 3518 974">
     <span class='ocr_line' id='line_1_23' title="bbox 1929 898 3518 974; baseline 0.006 -22"><span class='ocrx_word' id='word_1_153' title='bbox 1929 912 2070 963; x_wconf 90' lang='lat' dir='ltr'><strong>sum,</strong></span> <span class='ocrx_word' id='word_1_154' title='bbox 2107 898 2266 971; x_wconf 67' lang='grc' dir='ltr'><strong>ιω</strong></span> <span class='ocrx_word' id='word_1_155' title='bbox 2295 900 2495 957; x_wconf 90' lang='lat' dir='ltr'><strong>occidit</strong></span> <span class='ocrx_word' id='word_1_156' title='bbox 2541 917 2975 973; x_wconf 87' lang='lat' dir='ltr'><strong>omnes.pueros</strong></span> <span class='ocrx_word' id='word_1_157' title='bbox 3000 904 3279 974; x_wconf 86' lang='lat' dir='ltr'><strong>quierant</strong></span> <span class='ocrx_word' id='word_1_158' title='bbox 3314 906 3367 959; x_wconf 90' lang='lat' dir='ltr'><strong>in</strong></span> <span class='ocrx_word' id='word_1_159' title='bbox 3416 905 3518 961; x_wconf 84' lang='lat' dir='ltr'><strong>Be-</strong></span> 
     </span>
    </p>
   </div>
   <div class='ocr_carea' id='block_1_24' title="bbox 1929 988 3510 1065">
    <p class='ocr_par' dir='ltr' id='par_1_24' title="bbox 1929 988 3510 1065">
     <span class='ocr_line' id='line_1_24' title="bbox 1929 988 3510 1065; baseline 0.005 -23"><span class='ocrx_word' id='word_1_160' title='bbox 1929 988 2189 1055; x_wconf 87' lang='lat' dir='ltr'><strong>thlehem,</strong></span> <span class='ocrx_word' id='word_1_161' title='bbox 2217 1000 2273 1045; x_wconf 90' lang='lat' dir='ltr'><strong>et</strong></span> <span class='ocrx_word' id='word_1_162' title='bbox 2296 992 2350 1046; x_wconf 91' lang='lat' dir='ltr'><strong>in</strong></span> <span class='ocrx_word' id='word_1_163' title='bbox 2375 994 2628 1049; x_wconf 90' lang='lat' dir='ltr'><strong>omnibus</strong></span> <span class='ocrx_word' id='word_1_164' title='bbox 2643 992 2840 1048; x_wconf 88' lang='lat' dir='ltr'><strong>ﬁnibus</strong></span> <span class='ocrx_word' id='word_1_165' title='bbox 2859 994 3017 1065; x_wconf 87' lang='lat' dir='ltr'><strong>ejusa</strong></span> <span class='ocrx_word' id='word_1_166' title='bbox 3048 996 3255 1051; x_wconf 89' lang='lat' dir='ltr'><strong>bimatu</strong></span> <span class='ocrx_word' id='word_1_167' title='bbox 3274 1005 3329 1051; x_wconf 89' lang='lat' dir='ltr'><strong>et</strong></span> <span class='ocrx_word' id='word_1_168' title='bbox 3353 995 3510 1051; x_wconf 85' lang='lat' dir='ltr'><strong>infra.</strong></span> 
     </span>
    </p>
   </div>
   <div class='ocr_carea' id='block_1_25' title="bbox 1926 1079 3514 1159">
    <p class='ocr_par' dir='ltr' id='par_1_25' title="bbox 1926 1079 3514 1159">
     <span class='ocr_line' id='line_1_25' title="bbox 1926 1079 3514 1159; baseline 0.006 -25"><span class='ocrx_word' id='word_1_169' title='bbox 1926 1080 1975 1134; x_wconf 82' lang='lat' dir='ltr'><strong>A</strong></span> <span class='ocrx_word' id='word_1_170' title='bbox 1994 1079 2198 1136; x_wconf 88' lang='lat' dir='ltr'><strong>bimatu</strong></span> <span class='ocrx_word' id='word_1_171' title='bbox 2222 1082 2446 1150; x_wconf 84' lang='lat' dir='ltr'><strong>scilicet,</strong></span> <span class='ocrx_word' id='word_1_172' title='bbox 2478 1099 2544 1139; x_wconf 82' lang='lat' dir='ltr'><strong>ex</strong></span> <span class='ocrx_word' id='word_1_173' title='bbox 2567 1099 2674 1155; x_wconf 90' lang='lat' dir='ltr'><strong>quo</strong></span> <span class='ocrx_word' id='word_1_174' title='bbox 2702 1093 2914 1140; x_wconf 90' lang='lat' dir='ltr'><strong>constat</strong></span> <span class='ocrx_word' id='word_1_175' title='bbox 2942 1086 3153 1143; x_wconf 85' lang='lat' dir='ltr'><strong>stellam</strong></span> <span class='ocrx_word' id='word_1_176' title='bbox 3176 1089 3514 1159; x_wconf 88' lang='lat' dir='ltr'><strong>apparuisse,</strong></span> 
     </span>
    </p>
   </div>
   <div class='ocr_carea' id='block_1_26' title="bbox 1929 1175 3518 1253">
    <p class='ocr_par' dir='ltr' id='par_1_26' title="bbox 1929 1175 3518 1253">
     <span class='ocr_line' id='line_1_26' title="bbox 1929 1175 3518 1253; baseline 0.007 -26"><span class='ocrx_word' id='word_1_177' title='bbox 1929 1189 2101 1242; x_wconf 87' lang='lat' dir='ltr'><strong>usque</strong></span> <span class='ocrx_word' id='word_1_178' title='bbox 2131 1175 2198 1230; x_wconf 91' lang='lat' dir='ltr'><strong>ad</strong></span> <span class='ocrx_word' id='word_1_179' title='bbox 2229 1192 2457 1246; x_wconf 90' lang='lat' dir='ltr'><strong>puerum</strong></span> <span class='ocrx_word' id='word_1_180' title='bbox 2506 1178 2665 1234; x_wconf 90' lang='lat' dir='ltr'><strong>unius</strong></span> <span class='ocrx_word' id='word_1_181' title='bbox 2696 1179 2891 1234; x_wconf 89' lang='lat' dir='ltr'><strong>noctis.</strong></span> <span class='ocrx_word' id='word_1_182' title='bbox 2953 1179 3314 1251; x_wconf 88' lang='lat' dir='ltr'><strong>Quoscunque</strong></span> <span class='ocrx_word' id='word_1_183' title='bbox 3352 1182 3518 1253; x_wconf 87' lang='lat' dir='ltr'><strong>igitur</strong></span> 
     </span>
    </p>
   </div>
   <div class='ocr_carea' id='block_1_27' title="bbox 1929 1261 3507 1339">
    <p class='ocr_par' dir='ltr' id='par_1_27' title="bbox 1929 1261 3507 1339">
     <span class='ocr_line' id='line_1_27' title="bbox 1929 1261 3507 1339; baseline 0.008 -23"><span class='ocrx_word' id='word_1_184' title='bbox 1929 1261 2090 1332; x_wconf 86' lang='lat' dir='ltr'><strong>hujus</strong></span> <span class='ocrx_word' id='word_1_185' title='bbox 2113 1267 2371 1335; x_wconf 89' lang='lat' dir='ltr'><strong>temporis</strong></span> <span class='ocrx_word' id='word_1_186' title='bbox 2397 1283 2691 1338; x_wconf 87' lang='lat' dir='ltr'><strong>puerorum</strong></span> <span class='ocrx_word' id='word_1_187' title='bbox 2724 1269 2933 1325; x_wconf 90' lang='lat' dir='ltr'><strong>lactans</strong></span> <span class='ocrx_word' id='word_1_188' title='bbox 2977 1271 3321 1327; x_wconf 86' lang='lat' dir='ltr'><strong>concluserat</strong></span> <span class='ocrx_word' id='word_1_189' title='bbox 3354 1284 3507 1339; x_wconf 82' lang='lat' dir='ltr'><strong>aetas,</strong></span> 
     </span>
    </p>
   </div>
   <div class='ocr_carea' id='block_1_28' title="bbox 1930 1354 3511 1430">
    <p class='ocr_par' dir='ltr' id='par_1_28' title="bbox 1930 1354 3511 1430">
     <span class='ocr_line' id='line_1_28' title="bbox 1930 1354 3511 1430; baseline 0.006 -22"><span class='ocrx_word' id='word_1_190' title='bbox 1930 1354 2132 1410; x_wconf 87' lang='lat' dir='ltr'><strong>idcirco</strong></span> <span class='ocrx_word' id='word_1_191' title='bbox 2169 1357 2405 1429; x_wconf 89' lang='lat' dir='ltr'><strong>jugulari</strong></span> <span class='ocrx_word' id='word_1_192' title='bbox 2450 1360 2729 1430; x_wconf 63' lang='lat' dir='ltr'><strong>praecepit,</strong></span> <span class='ocrx_word' id='word_1_193' title='bbox 2761 1368 2821 1415; x_wconf 92' lang='lat' dir='ltr'><strong>ut</strong></span> <span class='ocrx_word' id='word_1_194' title='bbox 2865 1362 2919 1416; x_wconf 89' lang='lat' dir='ltr'><strong>in</strong></span> <span class='ocrx_word' id='word_1_195' title='bbox 2945 1361 3091 1417; x_wconf 90' lang='lat' dir='ltr'><strong>nullo</strong></span> <span class='ocrx_word' id='word_1_196' title='bbox 3117 1377 3177 1417; x_wconf 90' lang='lat' dir='ltr'><strong>se</strong></span> <span class='ocrx_word' id='word_1_197' title='bbox 3200 1362 3511 1418; x_wconf 88' lang='lat' dir='ltr'><strong>dissimula-</strong></span> 
     </span>
    </p>
   </div>
   <div class='ocr_carea' id='block_1_29' title="bbox 1932 1447 3517 1523">
    <p class='ocr_par' dir='ltr' id='par_1_29' title="bbox 1932 1447 3517 1523">
     <span class='ocr_line' id='line_1_29' title="bbox 1932 1447 3517 1523; baseline 0.007 -22"><span class='ocrx_word' id='word_1_198' title='bbox 1932 1456 2016 1503; x_wconf 89' lang='lat' dir='ltr'><strong>ret</strong></span> <span class='ocrx_word' id='word_1_199' title='bbox 2030 1447 2074 1502; x_wconf 88' lang='lat' dir='ltr'><strong>si</strong></span> <span class='ocrx_word' id='word_1_200' title='bbox 2095 1458 2240 1505; x_wconf 87' lang='lat' dir='ltr'><strong>esset</strong></span> <span class='ocrx_word' id='word_1_201' title='bbox 2262 1452 2522 1522; x_wconf 87' lang='lat' dir='ltr'><strong>cujusque</strong></span> <span class='ocrx_word' id='word_1_202' title='bbox 2543 1453 2731 1523; x_wconf 82' lang='lat' dir='ltr'><strong>gratiae</strong></span> <span class='ocrx_word' id='word_1_203' title='bbox 2752 1452 2912 1517; x_wconf 90' lang='lat' dir='ltr'><strong>ﬁlius,</strong></span> <span class='ocrx_word' id='word_1_204' title='bbox 2938 1454 3042 1508; x_wconf 86' lang='lat' dir='ltr'><strong>nisi</strong></span> <span class='ocrx_word' id='word_1_205' title='bbox 3070 1455 3243 1511; x_wconf 90' lang='lat' dir='ltr'><strong>modis</strong></span> <span class='ocrx_word' id='word_1_206' title='bbox 3264 1455 3517 1517; x_wconf 77' lang='lat' dir='ltr'><strong>munibus</strong></span> 
     </span>
    </p>
   </div>
   <div class='ocr_carea' id='block_1_30' title="bbox 1932 1541 3512 1622">
    <p class='ocr_par' dir='ltr' id='par_1_30' title="bbox 1932 1541 3512 1622">
     <span class='ocr_line' id='line_1_30' title="bbox 1932 1541 3512 1622; baseline 0.008 -26"><span class='ocrx_word' id='word_1_207' title='bbox 1932 1541 2072 1597; x_wconf 89' lang='lat' dir='ltr'><strong>infra</strong></span> <span class='ocrx_word' id='word_1_208' title='bbox 2098 1543 2203 1615; x_wconf 77' lang='lat' dir='ltr'><strong>hoc</strong></span> <span class='ocrx_word' id='word_1_209' title='bbox 2229 1545 2462 1615; x_wconf 86' lang='lat' dir='ltr'><strong>spatium</strong></span> <span class='ocrx_word' id='word_1_210' title='bbox 2497 1549 2943 1619; x_wconf 87' lang='lat' dir='ltr'><strong>comprehensus,</strong></span> <span class='ocrx_word' id='word_1_211' title='bbox 2976 1550 3169 1607; x_wconf 88' lang='lat' dir='ltr'><strong>saltem</strong></span> <span class='ocrx_word' id='word_1_212' title='bbox 3218 1552 3362 1607; x_wconf 88' lang='lat' dir='ltr'><strong>inter</strong></span> <span class='ocrx_word' id='word_1_213' title='bbox 3389 1552 3512 1622; x_wconf 90' lang='lat' dir='ltr'><strong>plu-</strong></span> 
     </span>
    </p>
   </div>
   <div class='ocr_carea' id='block_1_31' title="bbox 1933 1636 3509 1711">
    <p class='ocr_par' dir='ltr' id='par_1_31' title="bbox 1933 1636 3509 1711">
     <span class='ocr_line' id='line_1_31' title="bbox 1933 1636 3509 1711; baseline 0.006 -21"><span class='ocrx_word' id='word_1_214' title='bbox 1933 1636 2100 1691; x_wconf 89' lang='lat' dir='ltr'><strong>rimos</strong></span> <span class='ocrx_word' id='word_1_215' title='bbox 2124 1646 2429 1694; x_wconf 84' lang='lat' dir='ltr'><strong>necaretur.</strong></span> <span class='ocrx_word' id='word_1_216' title='bbox 2467 1639 2669 1696; x_wconf 87' lang='lat' dir='ltr'><strong>Omnes</strong></span> <span class='ocrx_word' id='word_1_217' title='bbox 2700 1641 2864 1711; x_wconf 81' lang='lat' dir='ltr'><strong>igitur</strong></span> <span class='ocrx_word' id='word_1_218' title='bbox 2888 1643 3106 1709; x_wconf 89' lang='lat' dir='ltr'><strong>occidit,</strong></span> <span class='ocrx_word' id='word_1_219' title='bbox 3144 1652 3203 1699; x_wconf 90' lang='lat' dir='ltr'><strong>ut</strong></span> <span class='ocrx_word' id='word_1_220' title='bbox 3241 1660 3381 1700; x_wconf 88' lang='lat' dir='ltr'><strong>unus</strong></span> <span class='ocrx_word' id='word_1_221' title='bbox 3404 1659 3509 1700; x_wconf 90' lang='lat' dir='ltr'><strong>non</strong></span> 
     </span>
    </p>
   </div>
   <div class='ocr_carea' id='block_1_32' title="bbox 1932 1726 3518 1802">
    <p class='ocr_par' dir='ltr' id='par_1_32' title="bbox 1932 1726 3518 1802">
     <span class='ocr_line' id='line_1_32' title="bbox 1932 1726 3518 1802; baseline 0.007 -19"><span class='ocrx_word' id='word_1_222' title='bbox 1932 1726 2211 1800; x_wconf 70' lang='lat' dir='ltr'><strong>effugeret.</strong></span> <span class='ocrx_word' id='word_1_223' title='bbox 2264 1728 2371 1786; x_wconf 86' lang='lat' dir='ltr'><strong>Sed</strong></span> <span class='ocrx_word' id='word_1_224' title='bbox 2419 1734 2608 1802; x_wconf 84' lang='lat' dir='ltr'><strong>quanti</strong></span> <span class='ocrx_word' id='word_1_225' title='bbox 2644 1749 2834 1788; x_wconf 88' lang='lat' dir='ltr'><strong>eorum</strong></span> <span class='ocrx_word' id='word_1_226' title='bbox 2862 1745 3067 1800; x_wconf 88' lang='lat' dir='ltr'><strong>essent,</strong></span> <span class='ocrx_word' id='word_1_227' title='bbox 3105 1752 3210 1791; x_wconf 91' lang='lat' dir='ltr'><strong>non</strong></span> <span class='ocrx_word' id='word_1_228' title='bbox 3247 1736 3405 1795; x_wconf 77' lang='lat' dir='ltr'><strong>facile</strong></span> <span class='ocrx_word' id='word_1_229' title='bbox 3431 1752 3518 1793; x_wconf 80' lang='lat' dir='ltr'><strong>re-</strong></span> 
     </span>
    </p>
   </div>
   <div class='ocr_carea' id='block_1_33' title="bbox 232 1809 3516 1900">
    <p class='ocr_par' dir='ltr' id='par_1_33' title="bbox 232 1809 3516 1900">
     <span class='ocr_line' id='line_1_33' title="bbox 232 1809 3516 1900; baseline 0.006 -32"><span class='ocrx_word' id='word_1_230' title='bbox 232 1831 369 1878; x_wconf 59' lang='lat' dir='ltr'><strong>m</strong></span> <span class='ocrx_word' id='word_1_231' title='bbox 416 1823 474 1878; x_wconf 80' lang='lat' dir='ltr'><strong>in</strong></span> <span class='ocrx_word' id='word_1_232' title='bbox 501 1839 603 1880; x_wconf 69' lang='lat' dir='ltr'><strong>ore</strong></span> <span class='ocrx_word' id='word_1_233' title='bbox 631 1823 897 1890; x_wconf 67' lang='grc' dir='ltr'><strong>Μειιιιωί,</strong></span> <span class='ocrx_word' id='word_1_234' title='bbox 947 1825 1089 1881; x_wconf 64' lang='lat' dir='ltr'><strong>sicut</strong></span> <span class='ocrx_word' id='word_1_235' title='bbox 1114 1824 1316 1880; x_wconf 70' lang='lat' dir='ltr'><strong>dictum</strong></span> <span class='ocrx_word' id='word_1_236' title='bbox 1350 1834 1436 1881; x_wconf 64' lang='lat' dir='ltr'><strong>est</strong></span> <span class='ocrx_word' id='word_1_237' title='bbox 1464 1840 1564 1896; x_wconf 69' lang='lat' dir='ltr'><strong>per</strong></span> <span class='ocrx_word' id='word_1_238' title='bbox 1588 1823 1828 1895; x_wconf 72' lang='lat' dir='ltr'><strong>Prophe.</strong></span> <span class='ocrx_word' id='word_1_239' title='bbox 1856 1809 1904 1871; x_wconf 85' lang='lat' dir='ltr'><strong>B</strong></span> <span class='ocrx_word' id='word_1_240' title='bbox 1930 1822 2291 1891; x_wconf 88' lang='lat' dir='ltr'><strong>peritur,&#39;etsi</strong></span> <span class='ocrx_word' id='word_1_241' title='bbox 2321 1824 2678 1892; x_wconf 85' lang='lat' dir='ltr'><strong>quorumdam</strong></span> <span class='ocrx_word' id='word_1_242' title='bbox 2710 1827 2930 1881; x_wconf 89' lang='lat' dir='ltr'><strong>traditio</strong></span> <span class='ocrx_word' id='word_1_243' title='bbox 2962 1827 3160 1883; x_wconf 85' lang='lat' dir='ltr'><strong>habeat</strong></span> <span class='ocrx_word' id='word_1_244' title='bbox 3184 1828 3341 1899; x_wconf 83' lang='lat' dir='ltr'><strong>juxta</strong></span> <span class='ocrx_word' id='word_1_245' title='bbox 3369 1828 3516 1900; x_wconf 85' lang='lat' dir='ltr'><strong>Apo-</strong></span> 
     </span>
    </p>
   </div>
   <div class='ocr_carea' id='block_1_34' title="bbox 228 1918 1823 1991">
    <p class='ocr_par' dir='ltr' id='par_1_34' title="bbox 228 1918 1823 1991">
     <span class='ocr_line' id='line_1_34' title="bbox 228 1918 1823 1991; baseline 0.001 -18"><span class='ocrx_word' id='word_1_246' title='bbox 228 1925 333 1974; x_wconf 87' lang='lat' dir='ltr'><strong>tam</strong></span> <span class='ocrx_word' id='word_1_247' title='bbox 373 1921 585 1975; x_wconf 85' lang='lat' dir='ltr'><strong>rectius</strong></span> <span class='ocrx_word' id='word_1_248' title='bbox 630 1920 926 1975; x_wconf 88' lang='lat' dir='ltr'><strong>diceretur.</strong></span> <span class='ocrx_word' id='word_1_249' title='bbox 982 1918 1134 1975; x_wconf 85' lang='lat' dir='ltr'><strong>Nune</strong></span> <span class='ocrx_word' id='word_1_250' title='bbox 1182 1928 1363 1975; x_wconf 85' lang='lat' dir='ltr'><strong>autem</strong></span> <span class='ocrx_word' id='word_1_251' title='bbox 1403 1920 1530 1991; x_wconf 87' lang='lat' dir='ltr'><strong>quia</strong></span> <span class='ocrx_word' id='word_1_252' title='bbox 1571 1918 1711 1975; x_wconf 84' lang='lat' dir='ltr'><strong>forte</strong></span> <span class='ocrx_word' id='word_1_253' title='bbox 1757 1935 1823 1975; x_wconf 83' lang='lat' dir='ltr'><strong>ex</strong></span> 
     </span>
    </p>
   </div>
   <div class='ocr_carea' id='block_1_35' title="bbox 222 2010 1827 2086">
    <p class='ocr_par' dir='ltr' id='par_1_35' title="bbox 222 2010 1827 2086">
     <span class='ocr_line' id='line_1_35' title="bbox 222 2010 1827 2086; baseline 0.001 -19"><span class='ocrx_word' id='word_1_254' title='bbox 222 2010 437 2068; x_wconf 83' lang='lat' dir='ltr'><strong>Balaam</strong></span> <span class='ocrx_word' id='word_1_255' title='bbox 467 2013 630 2086; x_wconf 59' lang='grc' dir='ltr'><strong>ιιι</strong></span> <span class='ocrx_word' id='word_1_256' title='bbox 647 2013 845 2069; x_wconf 90' lang='lat' dir='ltr'><strong>harioli</strong></span> <span class='ocrx_word' id='word_1_257' title='bbox 871 2012 1084 2067; x_wconf 88' lang='lat' dir='ltr'><strong>videtur</strong></span> <span class='ocrx_word' id='word_1_258' title='bbox 1102 2012 1263 2068; x_wconf 90' lang='lat' dir='ltr'><strong>dictis</strong></span> <span class='ocrx_word' id='word_1_259' title='bbox 1286 2012 1377 2068; x_wconf 91' lang='lat' dir='ltr'><strong>hic</strong></span> <span class='ocrx_word' id='word_1_260' title='bbox 1398 2012 1681 2079; x_wconf 88' lang='lat' dir='ltr'><strong>insertum,</strong></span> <span class='ocrx_word' id='word_1_261' title='bbox 1704 2013 1827 2084; x_wconf 89' lang='lat' dir='ltr'><strong>jure</strong></span> 
     </span>
    </p>
   </div>
   <div class='ocr_carea' id='block_1_36' title="bbox 220 2105 1827 2178">
    <p class='ocr_par' dir='ltr' id='par_1_36' title="bbox 220 2105 1827 2178">
     <span class='ocr_line' id='line_1_36' title="bbox 220 2105 1827 2178; baseline -0.001 -16"><span class='ocrx_word' id='word_1_262' title='bbox 220 2107 361 2163; x_wconf 82' lang='lat' dir='ltr'><strong>Deus</strong></span> <span class='ocrx_word' id='word_1_263' title='bbox 408 2117 611 2163; x_wconf 81' lang='lat' dir='ltr'><strong>auctor</strong></span> <span class='ocrx_word' id='word_1_264' title='bbox 656 2106 818 2176; x_wconf 89' lang='lat' dir='ltr'><strong>hujus</strong></span> <span class='ocrx_word' id='word_1_265' title='bbox 843 2106 1163 2178; x_wconf 67' lang='lat' dir='ltr'><strong>prophetiae,</strong></span> <span class='ocrx_word' id='word_1_266' title='bbox 1203 2107 1293 2177; x_wconf 90' lang='lat' dir='ltr'><strong>qui</strong></span> <span class='ocrx_word' id='word_1_267' title='bbox 1330 2119 1431 2177; x_wconf 88' lang='lat' dir='ltr'><strong>per</strong></span> <span class='ocrx_word' id='word_1_268' title='bbox 1462 2120 1587 2161; x_wconf 90' lang='lat' dir='ltr'><strong>eum</strong></span> <span class='ocrx_word' id='word_1_269' title='bbox 1616 2105 1827 2161; x_wconf 90' lang='lat' dir='ltr'><strong>locutus</strong></span> 
     </span>
    </p>
   </div>
   <div class='ocr_carea' id='block_1_37' title="bbox 218 2198 1823 2269">
    <p class='ocr_par' dir='ltr' id='par_1_37' title="bbox 218 2198 1823 2269">
     <span class='ocr_line' id='line_1_37' title="bbox 218 2198 1823 2269; baseline 0 -16"><span class='ocrx_word' id='word_1_270' title='bbox 218 2208 331 2264; x_wconf 83' lang='lat' dir='ltr'><strong>est,</strong></span> <span class='ocrx_word' id='word_1_271' title='bbox 371 2199 734 2269; x_wconf 87' lang='lat' dir='ltr'><strong>astipulatur.</strong></span> <span class='ocrx_word' id='word_1_272' title='bbox 774 2198 881 2254; x_wconf 88' lang='lat' dir='ltr'><strong>Sed</strong></span> <span class='ocrx_word' id='word_1_273' title='bbox 918 2198 1048 2269; x_wconf 89' lang='lat' dir='ltr'><strong>quid</strong></span> <span class='ocrx_word' id='word_1_274' title='bbox 1076 2199 1269 2253; x_wconf 90' lang='lat' dir='ltr'><strong>horum</strong></span> <span class='ocrx_word' id='word_1_275' title='bbox 1296 2198 1477 2253; x_wconf 89' lang='lat' dir='ltr'><strong>verius</strong></span> <span class='ocrx_word' id='word_1_276' title='bbox 1507 2198 1598 2261; x_wconf 86' lang='lat' dir='ltr'><strong>sit,</strong></span> <span class='ocrx_word' id='word_1_277' title='bbox 1624 2198 1823 2253; x_wconf 89' lang='lat' dir='ltr'><strong>nullam</strong></span> 
     </span>
    </p>
   </div>
   <div class='ocr_carea' id='block_1_38' title="bbox 215 2287 1821 2360">
    <p class='ocr_par' dir='ltr' id='par_1_38' title="bbox 215 2287 1821 2360">
     <span class='ocr_line' id='line_1_38' title="bbox 215 2287 1821 2360; baseline -0.001 -16"><span class='ocrx_word' id='word_1_278' title='bbox 215 2290 548 2360; x_wconf 81' lang='lat' dir='ltr'><strong>objectionis</strong></span> <span class='ocrx_word' id='word_1_279' title='bbox 602 2290 1034 2345; x_wconf 87' lang='lat' dir='ltr'><strong>controversiam</strong></span> <span class='ocrx_word' id='word_1_280' title='bbox 1076 2289 1389 2359; x_wconf 70' lang='lat' dir='ltr'><strong>quaerimus.</strong></span> <span class='ocrx_word' id='word_1_281' title='bbox 1442 2287 1581 2356; x_wconf 87' lang='lat' dir='ltr'><strong>Quia</strong></span> <span class='ocrx_word' id='word_1_282' title='bbox 1631 2288 1735 2343; x_wconf 91' lang='lat' dir='ltr'><strong>etsi</strong></span> <span class='ocrx_word' id='word_1_283' title='bbox 1767 2288 1821 2343; x_wconf 92' lang='lat' dir='ltr'><strong>in</strong></span> 
     </span>
    </p>
   </div>
   <div class='ocr_carea' id='block_1_39' title="bbox 216 2379 1825 2452">
    <p class='ocr_par' dir='ltr' id='par_1_39' title="bbox 216 2379 1825 2452">
     <span class='ocr_line' id='line_1_39' title="bbox 216 2379 1825 2452; baseline -0.001 -17"><span class='ocrx_word' id='word_1_284' title='bbox 216 2383 469 2452; x_wconf 88' lang='lat' dir='ltr'><strong>utrisque</strong></span> <span class='ocrx_word' id='word_1_285' title='bbox 499 2380 644 2437; x_wconf 89' lang='lat' dir='ltr'><strong>locis</strong></span> <span class='ocrx_word' id='word_1_286' title='bbox 683 2380 751 2436; x_wconf 90' lang='lat' dir='ltr'><strong>de</strong></span> <span class='ocrx_word' id='word_1_287' title='bbox 774 2380 996 2436; x_wconf 86' lang='lat' dir='ltr'><strong>Christo</strong></span> <span class='ocrx_word' id='word_1_288' title='bbox 1026 2380 1229 2435; x_wconf 88' lang='lat' dir='ltr'><strong>dictum</strong></span> <span class='ocrx_word' id='word_1_289' title='bbox 1269 2379 1552 2450; x_wconf 90' lang='lat' dir='ltr'><strong>accipitur,</strong></span> <span class='ocrx_word' id='word_1_290' title='bbox 1600 2379 1825 2435; x_wconf 78' lang='lat' dir='ltr'><strong>eviden-</strong></span> 
     </span>
    </p>
   </div>
   <div class='ocr_carea' id='block_1_40' title="bbox 214 2471 1824 2531">
    <p class='ocr_par' dir='ltr' id='par_1_40' title="bbox 214 2471 1824 2531">
     <span class='ocr_line' id='line_1_40' title="bbox 214 2471 1824 2531; baseline -0.001 -4"><span class='ocrx_word' id='word_1_291' title='bbox 214 2474 325 2528; x_wconf 88' lang='lat' dir='ltr'><strong>tius</strong></span> <span class='ocrx_word' id='word_1_292' title='bbox 372 2474 502 2528; x_wconf 86' lang='lat' dir='ltr'><strong>inde</strong></span> <span class='ocrx_word' id='word_1_293' title='bbox 544 2474 815 2529; x_wconf 79' lang='lat' dir='ltr'><strong>duntaxat</strong></span> <span class='ocrx_word' id='word_1_294' title='bbox 861 2472 977 2528; x_wconf 61' lang='lat' dir='ltr'><strong>hac</strong></span> <span class='ocrx_word' id='word_1_295' title='bbox 1008 2471 1260 2528; x_wconf 88' lang='lat' dir='ltr'><strong>ﬁrmatur</strong></span> <span class='ocrx_word' id='word_1_296' title='bbox 1305 2472 1556 2531; x_wconf 87' lang='lat' dir='ltr'><strong>assertio.</strong></span> <span class='ocrx_word' id='word_1_297' title='bbox 1605 2471 1824 2526; x_wconf 88' lang='lat' dir='ltr'><strong>Duobus</strong></span> 
     </span>
    </p>
   </div>
   <div class='ocr_carea' id='block_1_41' title="bbox 208 2565 1823 2641">
    <p class='ocr_par' dir='ltr' id='par_1_41' title="bbox 208 2565 1823 2641">
     <span class='ocr_line' id='line_1_41' title="bbox 208 2565 1823 2641; baseline -0.004 -14"><span class='ocrx_word' id='word_1_298' title='bbox 208 2585 455 2641; x_wconf 77' lang='lat' dir='ltr'><strong>namque</strong></span> <span class='ocrx_word' id='word_1_299' title='bbox 476 2571 569 2625; x_wconf 91' lang='lat' dir='ltr'><strong>vel</strong></span> <span class='ocrx_word' id='word_1_300' title='bbox 601 2571 778 2626; x_wconf 85' lang='lat' dir='ltr'><strong>tribus</strong></span> <span class='ocrx_word' id='word_1_301' title='bbox 805 2570 1038 2625; x_wconf 87' lang='lat' dir='ltr'><strong>testibus</strong></span> <span class='ocrx_word' id='word_1_302' title='bbox 1064 2570 1232 2624; x_wconf 89' lang='lat' dir='ltr'><strong>stabit</strong></span> <span class='ocrx_word' id='word_1_303' title='bbox 1276 2583 1439 2624; x_wconf 88' lang='lat' dir='ltr'><strong>omne</strong></span> <span class='ocrx_word' id='word_1_304' title='bbox 1462 2568 1707 2623; x_wconf 86' lang='lat' dir='ltr'><strong>verbum.</strong></span> <span class='ocrx_word' id='word_1_305' title='bbox 1755 2565 1823 2621; x_wconf 83' lang='lat' dir='ltr'><strong>Et</strong></span> 
     </span>
    </p>
   </div>
   <div class='ocr_carea' id='block_1_42' title="bbox 207 2658 1821 2734">
    <p class='ocr_par' dir='ltr' id='par_1_42' title="bbox 207 2658 1821 2734">
     <span class='ocr_line' id='line_1_42' title="bbox 207 2658 1821 2734; baseline -0.004 -14"><span class='ocrx_word' id='word_1_306' title='bbox 207 2663 520 2720; x_wconf 85' lang='lat' dir='ltr'><strong>notandum</strong></span> <span class='ocrx_word' id='word_1_307' title='bbox 578 2663 726 2734; x_wconf 88' lang='lat' dir='ltr'><strong>quod</strong></span> <span class='ocrx_word' id='word_1_308' title='bbox 776 2662 998 2726; x_wconf 85' lang='lat' dir='ltr'><strong>dicitur,</strong></span> <span class='ocrx_word' id='word_1_309' title='bbox 1033 2660 1116 2715; x_wconf 75' lang='lat' dir='ltr'><strong>Ea:</strong></span> <span class='ocrx_word' id='word_1_310' title='bbox 1135 2660 1367 2732; x_wconf 70' lang='grc' dir='ltr'><strong>Αἳρῃριο</strong></span> <span class='ocrx_word' id='word_1_311' title='bbox 1426 2660 1602 2715; x_wconf 82' lang='lat' dir='ltr'><strong>vocavi</strong></span> <span class='ocrx_word' id='word_1_312' title='bbox 1648 2658 1821 2728; x_wconf 74' lang='lat' dir='ltr'><strong>ﬁlium</strong></span> 
     </span>
    </p>
   </div>
   <div class='ocr_carea' id='block_1_43' title="bbox 211 2750 1816 2823">
    <p class='ocr_par' dir='ltr' id='par_1_43' title="bbox 211 2750 1816 2823">
     <span class='ocr_line' id='line_1_43' title="bbox 211 2750 1816 2823; baseline -0.004 -14"><span class='ocrx_word' id='word_1_313' title='bbox 211 2772 415 2809; x_wconf 76' lang='lat' dir='ltr'><strong>meum.</strong></span> <span class='ocrx_word' id='word_1_314' title='bbox 445 2753 653 2818; x_wconf 68' lang='lat' dir='ltr'><strong>leum,</strong></span> <span class='ocrx_word' id='word_1_315' title='bbox 686 2753 881 2823; x_wconf 86' lang='lat' dir='ltr'><strong>inquit,</strong></span> <span class='ocrx_word' id='word_1_316' title='bbox 909 2752 1033 2823; x_wconf 90' lang='lat' dir='ltr'><strong>quia</strong></span> <span class='ocrx_word' id='word_1_317' title='bbox 1060 2750 1296 2807; x_wconf 79' lang='lat' dir='ltr'><strong>Verbum</strong></span> <span class='ocrx_word' id='word_1_318' title='bbox 1327 2766 1459 2807; x_wconf 89' lang='lat' dir='ltr'><strong>caro</strong></span> <span class='ocrx_word' id='word_1_319' title='bbox 1483 2750 1687 2806; x_wconf 82' lang='lat' dir='ltr'><strong>factum</strong></span> <span class='ocrx_word' id='word_1_320' title='bbox 1712 2758 1816 2813; x_wconf 89' lang='lat' dir='ltr'><strong>est,</strong></span> 
     </span>
    </p>
   </div>
   <div class='ocr_carea' id='block_1_44' title="bbox 209 2838 1821 2912">
    <p class='ocr_par' dir='ltr' id='par_1_44' title="bbox 209 2838 1821 2912">
     <span class='ocr_line' id='line_1_44' title="bbox 209 2838 1821 2912; baseline -0.005 -11"><span class='ocrx_word' id='word_1_321' title='bbox 209 2854 263 2901; x_wconf 82' lang='lat' dir='ltr'><strong>et</strong></span> <span class='ocrx_word' id='word_1_322' title='bbox 290 2846 612 2901; x_wconf 80' lang='lat' dir='ltr'><strong>secundum</strong></span> <span class='ocrx_word' id='word_1_323' title='bbox 657 2844 925 2898; x_wconf 89' lang='lat' dir='ltr'><strong>unitatem</strong></span> <span class='ocrx_word' id='word_1_324' title='bbox 953 2856 1222 2912; x_wconf 68' lang='lat' dir='ltr'><strong>personae,</strong></span> <span class='ocrx_word' id='word_1_325' title='bbox 1252 2857 1392 2896; x_wconf 89' lang='lat' dir='ltr'><strong>unus</strong></span> <span class='ocrx_word' id='word_1_326' title='bbox 1425 2840 1678 2911; x_wconf 90' lang='lat' dir='ltr'><strong>idemque</strong></span> <span class='ocrx_word' id='word_1_327' title='bbox 1723 2838 1821 2894; x_wconf 77' lang='lat' dir='ltr'><strong>ho-</strong></span> 
     </span>
    </p>
   </div>
   <div class='ocr_carea' id='block_1_45' title="bbox 207 2933 1635 3005">
    <p class='ocr_par' dir='ltr' id='par_1_45' title="bbox 207 2933 1635 3005">
     <span class='ocr_line' id='line_1_45' title="bbox 207 2933 1635 3005; baseline -0.005 -12"><span class='ocrx_word' id='word_1_328' title='bbox 207 2937 386 2993; x_wconf 83' lang='lat' dir='ltr'><strong>minis</strong></span> <span class='ocrx_word' id='word_1_329' title='bbox 415 2936 586 3001; x_wconf 84' lang='lat' dir='ltr'><strong>ﬁlius,</strong></span> <span class='ocrx_word' id='word_1_330' title='bbox 612 2943 668 2990; x_wconf 88' lang='lat' dir='ltr'><strong>et</strong></span> <span class='ocrx_word' id='word_1_331' title='bbox 696 2935 789 2990; x_wconf 86' lang='lat' dir='ltr'><strong>Dei</strong></span> <span class='ocrx_word' id='word_1_332' title='bbox 817 2935 1004 3004; x_wconf 89' lang='lat' dir='ltr'><strong>utique</strong></span> <span class='ocrx_word' id='word_1_333' title='bbox 1032 2934 1283 3005; x_wconf 89' lang='lat' dir='ltr'><strong>proprius</strong></span> <span class='ocrx_word' id='word_1_334' title='bbox 1311 2933 1635 3004; x_wconf 84' lang='lat' dir='ltr'><strong>appellatur.</strong></span> 
     </span>
    </p>
   </div>
   <div class='ocr_carea' id='block_1_46' title="bbox 286 3022 1816 3095">
    <p class='ocr_par' dir='ltr' id='par_1_46' title="bbox 286 3022 1816 3095">
     <span class='ocr_line' id='line_1_46' title="bbox 286 3022 1816 3095; baseline -0.002 -15"><span class='ocrx_word' id='word_1_335' title='bbox 286 3026 445 3080; x_wconf 80' lang='lat' dir='ltr'><strong>Tum:</strong></span> <span class='ocrx_word' id='word_1_336' title='bbox 484 3025 728 3079; x_wconf 80' lang='lat' dir='ltr'><strong>Herodes</strong></span> <span class='ocrx_word' id='word_1_337' title='bbox 774 3025 955 3079; x_wconf 81' lang='lat' dir='ltr'><strong>videns</strong></span> <span class='ocrx_word' id='word_1_338' title='bbox 981 3024 1120 3095; x_wconf 84' lang='lat' dir='ltr'><strong>quod</strong></span> <span class='ocrx_word' id='word_1_339' title='bbox 1155 3022 1344 3078; x_wconf 82' lang='lat' dir='ltr'><strong>illusus</strong></span> <span class='ocrx_word' id='word_1_340' title='bbox 1372 3033 1503 3078; x_wconf 80' lang='lat' dir='ltr'><strong>esset</strong></span> <span class='ocrx_word' id='word_1_341' title='bbox 1534 3042 1568 3077; x_wconf 89' lang='lat' dir='ltr'><strong>a</strong></span> <span class='ocrx_word' id='word_1_342' title='bbox 1619 3022 1816 3095; x_wconf 71' lang='lat' dir='ltr'><strong>Magis,</strong></span> 
     </span>
    </p>
   </div>
   <div class='ocr_carea' id='block_1_47' title="bbox 204 3116 1819 3188">
    <p class='ocr_par' dir='ltr' id='par_1_47' title="bbox 204 3116 1819 3188">
     <span class='ocr_line' id='line_1_47' title="bbox 204 3116 1819 3188; baseline -0.001 -14"><span class='ocrx_word' id='word_1_343' title='bbox 204 3122 389 3175; x_wconf 75' lang='lat' dir='ltr'><strong>iratus</strong></span> <span class='ocrx_word' id='word_1_344' title='bbox 413 3129 495 3173; x_wconf 81' lang='lat' dir='ltr'><strong>est</strong></span> <span class='ocrx_word' id='word_1_345' title='bbox 520 3118 692 3173; x_wconf 72' lang='lat' dir='ltr'><strong>ualde.</strong></span> <span class='ocrx_word' id='word_1_346' title='bbox 742 3117 812 3171; x_wconf 85' lang='lat' dir='ltr'><strong>Et</strong></span> <span class='ocrx_word' id='word_1_347' title='bbox 842 3118 1051 3171; x_wconf 79' lang='lat' dir='ltr'><strong>mittens</strong></span> <span class='ocrx_word' id='word_1_348' title='bbox 1075 3116 1265 3172; x_wconf 81' lang='lat' dir='ltr'><strong>occidit</strong></span> <span class='ocrx_word' id='word_1_349' title='bbox 1295 3132 1472 3170; x_wconf 84' lang='lat' dir='ltr'><strong>omnes</strong></span> <span class='ocrx_word' id='word_1_350' title='bbox 1498 3131 1687 3185; x_wconf 80' lang='lat' dir='ltr'><strong>pueros</strong></span> <span class='ocrx_word' id='word_1_351' title='bbox 1727 3116 1819 3188; x_wconf 81' lang='lat' dir='ltr'><strong>qui</strong></span> 
     </span>
    </p>
   </div>
   <div class='ocr_carea' id='block_1_48' title="bbox 1929 1912 3512 1990">
    <p class='ocr_par' dir='ltr' id='par_1_48' title="bbox 1929 1912 3512 1990">
     <span class='ocr_line' id='line_1_48' title="bbox 1929 1912 3512 1990; baseline 0.006 -25"><span class='ocrx_word' id='word_1_352' title='bbox 1929 1912 2169 1982; x_wconf 87' lang='lat' dir='ltr'><strong>calypsin</strong></span> <span class='ocrx_word' id='word_1_353' title='bbox 2207 1912 2431 1970; x_wconf 78' lang='lat' dir='ltr'><strong>Joannis</strong></span> <span class='ocrx_word' id='word_1_354' title='bbox 2472 1925 2689 1971; x_wconf 84' lang='lat' dir='ltr'><strong>centum</strong></span> <span class='ocrx_word' id='word_1_355' title='bbox 2727 1919 3081 1989; x_wconf 82' lang='lat' dir='ltr'><strong>quadraginta</strong></span> <span class='ocrx_word' id='word_1_356' title='bbox 3126 1929 3362 1990; x_wconf 85' lang='lat' dir='ltr'><strong>quatuor</strong></span> <span class='ocrx_word' id='word_1_357' title='bbox 3394 1920 3512 1975; x_wconf 87' lang='lat' dir='ltr'><strong>mil-</strong></span> 
     </span>
    </p>
   </div>
   <div class='ocr_carea' id='block_1_49' title="bbox 1927 2004 3515 2081">
    <p class='ocr_par' dir='ltr' id='par_1_49' title="bbox 1927 2004 3515 2081">
     <span class='ocr_line' id='line_1_49' title="bbox 1927 2004 3515 2081; baseline 0.007 -23"><span class='ocrx_word' id='word_1_358' title='bbox 1927 2004 1997 2060; x_wconf 89' lang='lat' dir='ltr'><strong>lia</strong></span> <span class='ocrx_word' id='word_1_359' title='bbox 2040 2005 2211 2063; x_wconf 79' lang='lat' dir='ltr'><strong>fuisse</strong></span> <span class='ocrx_word' id='word_1_360' title='bbox 2264 2006 2460 2078; x_wconf 82' lang='lat' dir='ltr'><strong>(Apoc.</strong></span> <span class='ocrx_word' id='word_1_361' title='bbox 2512 2023 2617 2075; x_wconf 83' lang='lat' dir='ltr'><strong>vn,</strong></span> <span class='ocrx_word' id='word_1_362' title='bbox 2670 2008 2764 2081; x_wconf 87' lang='grc'><strong>5).</strong></span> <span class='ocrx_word' id='word_1_363' title='bbox 2819 2008 2952 2064; x_wconf 85' lang='lat' dir='ltr'><strong>Nam</strong></span> <span class='ocrx_word' id='word_1_364' title='bbox 3001 2011 3198 2068; x_wconf 84' lang='lat' dir='ltr'><strong>ibidem</strong></span> <span class='ocrx_word' id='word_1_365' title='bbox 3246 2026 3315 2067; x_wconf 79' lang='lat' dir='ltr'><strong>ex</strong></span> <span class='ocrx_word' id='word_1_366' title='bbox 3365 2012 3515 2069; x_wconf 89' lang='lat' dir='ltr'><strong>omni</strong></span> 
     </span>
    </p>
   </div>
   <div class='ocr_carea' id='block_1_50' title="bbox 1929 2093 3514 2171">
    <p class='ocr_par' dir='ltr' id='par_1_50' title="bbox 1929 2093 3514 2171">
     <span class='ocr_line' id='line_1_50' title="bbox 1929 2093 3514 2171; baseline 0.006 -22"><span class='ocrx_word' id='word_1_367' title='bbox 1929 2093 2073 2149; x_wconf 88' lang='lat' dir='ltr'><strong>tribu</strong></span> <span class='ocrx_word' id='word_1_368' title='bbox 2101 2096 2385 2151; x_wconf 86' lang='lat' dir='ltr'><strong>duodecim</strong></span> <span class='ocrx_word' id='word_1_369' title='bbox 2429 2097 2596 2154; x_wconf 87' lang='lat' dir='ltr'><strong>millia</strong></span> <span class='ocrx_word' id='word_1_370' title='bbox 2640 2100 2891 2170; x_wconf 91' lang='lat' dir='ltr'><strong>leguntur</strong></span> <span class='ocrx_word' id='word_1_371' title='bbox 2942 2102 3197 2171; x_wconf 87' lang='lat' dir='ltr'><strong>ascripti;</strong></span> <span class='ocrx_word' id='word_1_372' title='bbox 3254 2104 3345 2160; x_wconf 91' lang='lat' dir='ltr'><strong>hic</strong></span> <span class='ocrx_word' id='word_1_373' title='bbox 3382 2119 3514 2165; x_wconf 83' lang='lat' dir='ltr'><strong>vero</strong></span> 
     </span>
    </p>
   </div>
   <div class='ocr_carea' id='block_1_51' title="bbox 1928 2188 3514 2267">
    <p class='ocr_par' dir='ltr' id='par_1_51' title="bbox 1928 2188 3514 2267">
     <span class='ocr_line' id='line_1_51' title="bbox 1928 2188 3514 2267; baseline 0.008 -26"><span class='ocrx_word' id='word_1_374' title='bbox 1928 2194 2140 2241; x_wconf 90' lang='lat' dir='ltr'><strong>tantum</strong></span> <span class='ocrx_word' id='word_1_375' title='bbox 2168 2203 2235 2242; x_wconf 85' lang='lat' dir='ltr'><strong>ex</strong></span> <span class='ocrx_word' id='word_1_376' title='bbox 2263 2188 2576 2246; x_wconf 86' lang='lat' dir='ltr'><strong>Bethlehcm</strong></span> <span class='ocrx_word' id='word_1_377' title='bbox 2603 2199 2766 2261; x_wconf 90' lang='lat' dir='ltr'><strong>atque</strong></span> <span class='ocrx_word' id='word_1_378' title='bbox 2791 2190 2909 2259; x_wconf 90' lang='lat' dir='ltr'><strong>ejus</strong></span> <span class='ocrx_word' id='word_1_379' title='bbox 2937 2192 3134 2251; x_wconf 90' lang='lat' dir='ltr'><strong>ﬁnibus</strong></span> <span class='ocrx_word' id='word_1_380' title='bbox 3165 2211 3354 2253; x_wconf 90' lang='lat' dir='ltr'><strong>omnes</strong></span> <span class='ocrx_word' id='word_1_381' title='bbox 3389 2211 3514 2267; x_wconf 87' lang='lat' dir='ltr'><strong>per-</strong></span> 
     </span>
    </p>
   </div>
   <div class='ocr_carea' id='block_1_52' title="bbox 1925 2277 3514 2361">
    <p class='ocr_par' dir='ltr' id='par_1_52' title="bbox 1925 2277 3514 2361">
     <span class='ocr_line' id='line_1_52' title="bbox 1925 2277 3514 2361; baseline 0.009 -29"><span class='ocrx_word' id='word_1_382' title='bbox 1925 2277 2184 2335; x_wconf 88' lang='lat' dir='ltr'><strong>hibentur</strong></span> <span class='ocrx_word' id='word_1_383' title='bbox 2207 2280 2392 2336; x_wconf 90' lang='lat' dir='ltr'><strong>occisi.</strong></span> <span class='ocrx_word' id='word_1_384' title='bbox 2449 2280 2658 2339; x_wconf 82' lang='lat' dir='ltr'><strong>Rursus</strong></span> <span class='ocrx_word' id='word_1_385' title='bbox 2702 2284 2791 2339; x_wconf 88' lang='lat' dir='ltr'><strong>alii</strong></span> <span class='ocrx_word' id='word_1_386' title='bbox 2841 2297 3152 2343; x_wconf 84' lang='lat' dir='ltr'><strong>asseverant</strong></span> <span class='ocrx_word' id='word_1_387' title='bbox 3198 2304 3295 2359; x_wconf 86' lang='lat' dir='ltr'><strong>per</strong></span> <span class='ocrx_word' id='word_1_388' title='bbox 3323 2290 3514 2361; x_wconf 83' lang='lat' dir='ltr'><strong>viginti</strong></span> 
     </span>
    </p>
   </div>
   <div class='ocr_carea' id='block_1_53' title="bbox 1923 2368 3510 2448">
    <p class='ocr_par' dir='ltr' id='par_1_53' title="bbox 1923 2368 3510 2448">
     <span class='ocr_line' id='line_1_53' title="bbox 1923 2368 3510 2448; baseline 0.009 -24"><span class='ocrx_word' id='word_1_389' title='bbox 1923 2368 2169 2425; x_wconf 89' lang='lat' dir='ltr'><strong>locorum</strong></span> <span class='ocrx_word' id='word_1_390' title='bbox 2205 2373 2378 2441; x_wconf 87' lang='lat' dir='ltr'><strong>spatia</strong></span> <span class='ocrx_word' id='word_1_391' title='bbox 2413 2373 2521 2430; x_wconf 89' lang='lat' dir='ltr'><strong>duo</strong></span> <span class='ocrx_word' id='word_1_392' title='bbox 2553 2376 2719 2432; x_wconf 90' lang='lat' dir='ltr'><strong>millia</strong></span> <span class='ocrx_word' id='word_1_393' title='bbox 2769 2377 3035 2434; x_wconf 89' lang='lat' dir='ltr'><strong>infantum</strong></span> <span class='ocrx_word' id='word_1_394' title='bbox 3064 2380 3274 2437; x_wconf 90' lang='lat' dir='ltr'><strong>occisos</strong></span> <span class='ocrx_word' id='word_1_395' title='bbox 3323 2379 3510 2448; x_wconf 88' lang='lat' dir='ltr'><strong>fuisse,</strong></span> 
     </span>
    </p>
   </div>
   <div class='ocr_carea' id='block_1_54' title="bbox 1925 2463 3513 2543">
    <p class='ocr_par' dir='ltr' id='par_1_54' title="bbox 1925 2463 3513 2543">
     <span class='ocr_line' id='line_1_54' title="bbox 1925 2463 3513 2543; baseline 0.009 -26"><span class='ocrx_word' id='word_1_396' title='bbox 1925 2463 2001 2518; x_wconf 88' lang='lat' dir='ltr'><strong>ita</strong></span> <span class='ocrx_word' id='word_1_397' title='bbox 2023 2470 2081 2517; x_wconf 90' lang='lat' dir='ltr'><strong>ut</strong></span> <span class='ocrx_word' id='word_1_398' title='bbox 2110 2464 2164 2519; x_wconf 90' lang='lat' dir='ltr'><strong>in</strong></span> <span class='ocrx_word' id='word_1_399' title='bbox 2191 2464 2419 2535; x_wconf 83' lang='lat' dir='ltr'><strong>singulis</strong></span> <span class='ocrx_word' id='word_1_400' title='bbox 2439 2466 2572 2524; x_wconf 87' lang='lat' dir='ltr'><strong>locis</strong></span> <span class='ocrx_word' id='word_1_401' title='bbox 2599 2477 2815 2525; x_wconf 90' lang='lat' dir='ltr'><strong>centum</strong></span> <span class='ocrx_word' id='word_1_402' title='bbox 2842 2472 3107 2541; x_wconf 88' lang='lat' dir='ltr'><strong>perempti</strong></span> <span class='ocrx_word' id='word_1_403' title='bbox 3130 2481 3328 2529; x_wconf 87' lang='lat' dir='ltr'><strong>essent.</strong></span> <span class='ocrx_word' id='word_1_404' title='bbox 3358 2473 3513 2543; x_wconf 83' lang='lat' dir='ltr'><strong>Quod</strong></span> 
     </span>
    </p>
   </div>
   <div class='ocr_carea' id='block_1_55' title="bbox 1924 2548 3513 2635">
    <p class='ocr_par' dir='ltr' id='par_1_55' title="bbox 1924 2548 3513 2635">
     <span class='ocr_line' id='line_1_55' title="bbox 1924 2548 3513 2635; baseline 0.009 -25"><span class='ocrx_word' id='word_1_405' title='bbox 1924 2571 2025 2611; x_wconf 89' lang='lat' dir='ltr'><strong>nos</strong></span> <span class='ocrx_word' id='word_1_406' title='bbox 2057 2573 2162 2612; x_wconf 91' lang='lat' dir='ltr'><strong>non</strong></span> <span class='ocrx_word' id='word_1_407' title='bbox 2200 2560 2512 2617; x_wconf 86' lang='lat' dir='ltr'><strong>astruimus.</strong></span> <span class='ocrx_word' id='word_1_408' title='bbox 2550 2560 2686 2629; x_wconf 84' lang='lat' dir='ltr'><strong>Quia</strong></span> <span class='ocrx_word' id='word_1_409' title='bbox 2725 2564 2869 2633; x_wconf 90' lang='lat' dir='ltr'><strong>quod</strong></span> <span class='ocrx_word' id='word_1_410' title='bbox 2903 2565 2955 2618; x_wconf 92' lang='lat' dir='ltr'><strong>in</strong></span> <span class='ocrx_word' id='word_1_411' title='bbox 2987 2562 3285 2635; x_wconf 85' lang='lat' dir='ltr'><strong>Scripturis</strong></span> <span class='ocrx_word' id='word_1_412' title='bbox 3309 2548 3513 2623; x_wconf 81' lang='lat' dir='ltr'><strong>sanctis</strong></span> 
     </span>
    </p>
   </div>
   <div class='ocr_carea' id='block_1_56' title="bbox 1923 2648 3513 2726">
    <p class='ocr_par' dir='ltr' id='par_1_56' title="bbox 1923 2648 3513 2726">
     <span class='ocr_line' id='line_1_56' title="bbox 1923 2648 3513 2726; baseline 0.008 -23"><span class='ocrx_word' id='word_1_413' title='bbox 1923 2661 2033 2703; x_wconf 85' lang='lat' dir='ltr'><strong>non</strong></span> <span class='ocrx_word' id='word_1_414' title='bbox 2072 2648 2322 2719; x_wconf 88' lang='lat' dir='ltr'><strong>legimus,</strong></span> <span class='ocrx_word' id='word_1_415' title='bbox 2350 2651 2543 2707; x_wconf 88' lang='lat' dir='ltr'><strong>melius</strong></span> <span class='ocrx_word' id='word_1_416' title='bbox 2575 2652 2826 2726; x_wconf 89' lang='lat' dir='ltr'><strong>ignorare</strong></span> <span class='ocrx_word' id='word_1_417' title='bbox 2855 2671 3017 2725; x_wconf 90' lang='lat' dir='ltr'><strong>quam</strong></span> <span class='ocrx_word' id='word_1_418' title='bbox 3048 2667 3248 2713; x_wconf 86' lang='lat' dir='ltr'><strong>temere</strong></span> <span class='ocrx_word' id='word_1_419' title='bbox 3287 2658 3513 2716; x_wconf 86' lang='lat' dir='ltr'><strong>delinire</strong></span> 
     </span>
    </p>
   </div>
   <div class='ocr_carea' id='block_1_57' title="bbox 1924 2738 3510 2821">
    <p class='ocr_par' dir='ltr' id='par_1_57' title="bbox 1924 2738 3510 2821">
     <span class='ocr_line' id='line_1_57' title="bbox 1924 2738 3510 2821; baseline 0.009 -30"><span class='ocrx_word' id='word_1_420' title='bbox 1924 2738 2216 2796; x_wconf 86' lang='lat' dir='ltr'><strong>credimus.</strong></span> <span class='ocrx_word' id='word_1_421' title='bbox 2275 2739 2390 2798; x_wconf 82' lang='lat' dir='ltr'><strong>Hoc</strong></span> <span class='ocrx_word' id='word_1_422' title='bbox 2426 2750 2633 2803; x_wconf 84' lang='lat' dir='ltr'><strong>tantum</strong></span> <span class='ocrx_word' id='word_1_423' title='bbox 2679 2746 2744 2800; x_wconf 91' lang='lat' dir='ltr'><strong>ad</strong></span> <span class='ocrx_word' id='word_1_424' title='bbox 2786 2762 3024 2817; x_wconf 61' lang='lat' dir='ltr'><strong>praesens</strong></span> <span class='ocrx_word' id='word_1_425' title='bbox 3066 2747 3320 2815; x_wconf 83' lang='lat' dir='ltr'><strong>fatemur,</strong></span> <span class='ocrx_word' id='word_1_426' title='bbox 3364 2751 3510 2821; x_wconf 87' lang='lat' dir='ltr'><strong>quod</strong></span> 
     </span>
    </p>
   </div>
   <div class='ocr_carea' id='block_1_58' title="bbox 1924 2828 3510 2912">
    <p class='ocr_par' dir='ltr' id='par_1_58' title="bbox 1924 2828 3510 2912">
     <span class='ocr_line' id='line_1_58' title="bbox 1924 2828 3510 2912; baseline 0.009 -28"><span class='ocrx_word' id='word_1_427' title='bbox 1924 2828 2094 2886; x_wconf 87' lang='lat' dir='ltr'><strong>Deum</strong></span> <span class='ocrx_word' id='word_1_428' title='bbox 2119 2846 2225 2887; x_wconf 88' lang='lat' dir='ltr'><strong>non</strong></span> <span class='ocrx_word' id='word_1_429' title='bbox 2270 2832 2495 2899; x_wconf 88' lang='lat' dir='ltr'><strong>lateant,</strong></span> <span class='ocrx_word' id='word_1_430' title='bbox 2533 2836 2621 2891; x_wconf 89' lang='lat' dir='ltr'><strong>cui</strong></span> <span class='ocrx_word' id='word_1_431' title='bbox 2649 2838 2830 2893; x_wconf 90' lang='lat' dir='ltr'><strong>omnia</strong></span> <span class='ocrx_word' id='word_1_432' title='bbox 2868 2838 3079 2907; x_wconf 91' lang='lat' dir='ltr'><strong>vivunt,</strong></span> <span class='ocrx_word' id='word_1_433' title='bbox 3131 2842 3223 2911; x_wconf 92' lang='lat' dir='ltr'><strong>qui</strong></span> <span class='ocrx_word' id='word_1_434' title='bbox 3266 2857 3367 2912; x_wconf 89' lang='lat' dir='ltr'><strong>pro</strong></span> <span class='ocrx_word' id='word_1_435' title='bbox 3405 2842 3510 2898; x_wconf 88' lang='lat' dir='ltr'><strong>Do-</strong></span> 
     </span>
    </p>
   </div>
   <div class='ocr_carea' id='block_1_59' title="bbox 1922 2921 3513 3007">
    <p class='ocr_par' dir='ltr' id='par_1_59' title="bbox 1922 2921 3513 3007">
     <span class='ocr_line' id='line_1_59' title="bbox 1922 2921 3513 3007; baseline 0.011 -31"><span class='ocrx_word' id='word_1_436' title='bbox 1922 2921 2072 2977; x_wconf 82' lang='lat' dir='ltr'><strong>mino</strong></span> <span class='ocrx_word' id='word_1_437' title='bbox 2117 2926 2311 2981; x_wconf 89' lang='lat' dir='ltr'><strong>mortis</strong></span> <span class='ocrx_word' id='word_1_438' title='bbox 2362 2926 2705 2997; x_wconf 87' lang='lat' dir='ltr'><strong>dispendium</strong></span> <span class='ocrx_word' id='word_1_439' title='bbox 2758 2931 3059 2988; x_wconf 89' lang='lat' dir='ltr'><strong>subierunt.</strong></span> <span class='ocrx_word' id='word_1_440' title='bbox 3107 2933 3513 3007; x_wconf 70' lang='lat' dir='ltr'><strong>Przeoccupavit</strong></span> 
     </span>
    </p>
   </div>
   <div class='ocr_carea' id='block_1_60' title="bbox 1923 3015 3511 3097">
    <p class='ocr_par' dir='ltr' id='par_1_60' title="bbox 1923 3015 3511 3097">
     <span class='ocr_line' id='line_1_60' title="bbox 1923 3015 3511 3097; baseline 0.013 -30"><span class='ocrx_word' id='word_1_441' title='bbox 1923 3022 2103 3068; x_wconf 89' lang='lat' dir='ltr'><strong>autem</strong></span> <span class='ocrx_word' id='word_1_442' title='bbox 2130 3015 2365 3073; x_wconf 89' lang='lat' dir='ltr'><strong>crudelis</strong></span> <span class='ocrx_word' id='word_1_443' title='bbox 2396 3017 2567 3086; x_wconf 88' lang='lat' dir='ltr'><strong>jussio</strong></span> <span class='ocrx_word' id='word_1_444' title='bbox 2599 3022 2742 3091; x_wconf 85' lang='lat' dir='ltr'><strong>regis</strong></span> <span class='ocrx_word' id='word_1_445' title='bbox 2781 3038 2970 3080; x_wconf 89' lang='lat' dir='ltr'><strong>omnes</strong></span> <span class='ocrx_word' id='word_1_446' title='bbox 3000 3024 3135 3083; x_wconf 88' lang='lat' dir='ltr'><strong>ﬁnes</strong></span> <span class='ocrx_word' id='word_1_447' title='bbox 3172 3027 3410 3097; x_wconf 86' lang='lat' dir='ltr'><strong>ejusdem</strong></span> <span class='ocrx_word' id='word_1_448' title='bbox 3432 3030 3511 3087; x_wconf 89' lang='lat' dir='ltr'><strong>ci-</strong></span> 
     </span>
    </p>
   </div>
   <div class='ocr_carea' id='block_1_61' title="bbox 1922 3105 3508 3190">
    <p class='ocr_par' dir='ltr' id='par_1_61' title="bbox 1922 3105 3508 3190">
     <span class='ocr_line' id='line_1_61' title="bbox 1922 3105 3508 3190; baseline 0.012 -31"><span class='ocrx_word' id='word_1_449' title='bbox 1922 3105 2123 3169; x_wconf 81' lang='lat' dir='ltr'><strong>vitatis,</strong></span> <span class='ocrx_word' id='word_1_450' title='bbox 2166 3108 2308 3163; x_wconf 87' lang='lat' dir='ltr'><strong>sicut</strong></span> <span class='ocrx_word' id='word_1_451' title='bbox 2328 3118 2381 3164; x_wconf 88' lang='lat' dir='ltr'><strong>et</strong></span> <span class='ocrx_word' id='word_1_452' title='bbox 2409 3124 2573 3167; x_wconf 88' lang='lat' dir='ltr'><strong>omne</strong></span> <span class='ocrx_word' id='word_1_453' title='bbox 2602 3122 2813 3183; x_wconf 89' lang='lat' dir='ltr'><strong>tempus</strong></span> <span class='ocrx_word' id='word_1_454' title='bbox 2837 3118 2980 3185; x_wconf 88' lang='lat' dir='ltr'><strong>quod</strong></span> <span class='ocrx_word' id='word_1_455' title='bbox 3003 3118 3204 3173; x_wconf 89' lang='lat' dir='ltr'><strong>dudum</strong></span> <span class='ocrx_word' id='word_1_456' title='bbox 3238 3121 3508 3190; x_wconf 83' lang='lat' dir='ltr'><strong>exquisie-</strong></span> 
     </span>
    </p>
   </div>
   <div class='ocr_carea' id='block_1_62' title="bbox 210 3183 1834 3283">
    <p class='ocr_par' dir='ltr' id='par_1_62' title="bbox 210 3183 1815 3278">
     <span class='ocr_line' id='line_1_62' title="bbox 210 3183 1815 3278; baseline -0.002 -12"><span class='ocrx_word' id='word_1_457' title='bbox 210 3224 376 3266; x_wconf 71' lang='lat' dir='ltr'><strong>erant</strong></span> <span class='ocrx_word' id='word_1_458' title='bbox 400 3213 460 3264; x_wconf 78' lang='lat' dir='ltr'><strong>in</strong></span> <span class='ocrx_word' id='word_1_459' title='bbox 492 3209 819 3274; x_wconf 75' lang='lat' dir='ltr'><strong>Bethlelmn,</strong></span> <span class='ocrx_word' id='word_1_460' title='bbox 844 3217 892 3263; x_wconf 85' lang='lat' dir='ltr'><strong>et</strong></span> <span class='ocrx_word' id='word_1_461' title='bbox 921 3211 976 3263; x_wconf 82' lang='lat' dir='ltr'><strong>in</strong></span> <span class='ocrx_word' id='word_1_462' title='bbox 1020 3209 1260 3263; x_wconf 79' lang='lat' dir='ltr'><strong>omnibus</strong></span> <span class='ocrx_word' id='word_1_463' title='bbox 1288 3183 1647 3278; x_wconf 6' lang='lat' dir='ltr'><strong>ﬁnibusjejus,</strong></span> <span class='ocrx_word' id='word_1_464' title='bbox 1678 3226 1710 3263; x_wconf 91' lang='lat' dir='ltr'><strong>a</strong></span> <span class='ocrx_word' id='word_1_465' title='bbox 1733 3183 1815 3264; x_wconf 67' lang='lat' dir='ltr'><strong>lii-</strong></span> 
     </span>
    </p>
   </div>
   <div class='ocr_carea' id='block_1_63' title="bbox 1923 3183 3507 3283">
    <p class='ocr_par' dir='ltr' id='par_1_63' title="bbox 1923 3183 3507 3283">
     <span class='ocr_line' id='line_1_63' title="bbox 1923 3183 3507 3283; baseline 0.013 -30"><span class='ocrx_word' id='word_1_466' title='bbox 1923 3206 2007 3254; x_wconf 89' lang='lat' dir='ltr'><strong>rat</strong></span> <span class='ocrx_word' id='word_1_467' title='bbox 2033 3215 2063 3253; x_wconf 90' lang='lat' dir='ltr'><strong>a</strong></span> <span class='ocrx_word' id='word_1_468' title='bbox 2103 3199 2292 3272; x_wconf 77' lang='lat' dir='ltr'><strong>Magis,</strong></span> <span class='ocrx_word' id='word_1_469' title='bbox 2314 3211 2373 3258; x_wconf 91' lang='lat' dir='ltr'><strong>ut</strong></span> <span class='ocrx_word' id='word_1_470' title='bbox 2398 3220 2574 3276; x_wconf 87' lang='lat' dir='ltr'><strong>neque</strong></span> <span class='ocrx_word' id='word_1_471' title='bbox 2602 3207 2721 3263; x_wconf 90' lang='lat' dir='ltr'><strong>loco</strong></span> <span class='ocrx_word' id='word_1_472' title='bbox 2749 3183 2923 3279; x_wconf 80' lang='lat' dir='ltr'><strong>neque</strong></span> <span class='ocrx_word' id='word_1_473' title='bbox 2952 3219 3191 3283; x_wconf 76' lang='lat' dir='ltr'><strong>leinpore</strong></span> <span class='ocrx_word' id='word_1_474' title='bbox 3219 3183 3507 3283; x_wconf 67' lang='lat' dir='ltr'><strong>celaretur,</strong></span> 
     </span>
    </p>
   </div>
   <div class='ocr_carea' id='block_1_64' title="bbox 207 3300 1817 3372">
    <p class='ocr_par' dir='ltr' id='par_1_64' title="bbox 207 3300 1817 3372">
     <span class='ocr_line' id='line_1_64' title="bbox 207 3300 1817 3372; baseline -0.002 -15"><span class='ocrx_word' id='word_1_475' title='bbox 207 3314 370 3358; x_wconf 72' lang='lat' dir='ltr'><strong>metu</strong></span> <span class='ocrx_word' id='word_1_476' title='bbox 398 3314 445 3357; x_wconf 83' lang='lat' dir='ltr'><strong>et</strong></span> <span class='ocrx_word' id='word_1_477' title='bbox 493 3303 660 3372; x_wconf 72' lang='lat' dir='ltr'><strong>infra,</strong></span> <span class='ocrx_word' id='word_1_478' title='bbox 693 3302 977 3356; x_wconf 75' lang='lat' dir='ltr'><strong>secundum</strong></span> <span class='ocrx_word' id='word_1_479' title='bbox 1020 3311 1219 3371; x_wconf 85' lang='lat' dir='ltr'><strong>tempus</strong></span> <span class='ocrx_word' id='word_1_480' title='bbox 1252 3301 1390 3372; x_wconf 82' lang='lat' dir='ltr'><strong>quod</strong></span> <span class='ocrx_word' id='word_1_481' title='bbox 1435 3300 1753 3371; x_wconf 67' lang='lat' dir='ltr'><strong>exquisierat</strong></span> <span class='ocrx_word' id='word_1_482' title='bbox 1783 3316 1817 3354; x_wconf 89' lang='lat' dir='ltr'><strong><em>a</em></strong></span> 
     </span>
    </p>
   </div>
   <div class='ocr_carea' id='block_1_65' title="bbox 210 3392 1813 3468">
    <p class='ocr_par' dir='ltr' id='par_1_65' title="bbox 210 3392 1813 3468">
     <span class='ocr_line' id='line_1_65' title="bbox 210 3392 1813 3468; baseline -0.002 -17"><span class='ocrx_word' id='word_1_483' title='bbox 210 3396 421 3468; x_wconf 66' lang='lat' dir='ltr'><strong>Magis.</strong></span> <span class='ocrx_word' id='word_1_484' title='bbox 458 3396 643 3451; x_wconf 76' lang='lat' dir='ltr'><strong>Haeret</strong></span> <span class='ocrx_word' id='word_1_485' title='bbox 668 3396 784 3451; x_wconf 70' lang='lat' dir='ltr'><strong>haec</strong></span> <span class='ocrx_word' id='word_1_486' title='bbox 813 3395 1099 3459; x_wconf 88' lang='lat' dir='ltr'><strong>sententia,</strong></span> <span class='ocrx_word' id='word_1_487' title='bbox 1132 3393 1274 3463; x_wconf 89' lang='lat' dir='ltr'><strong>quod</strong></span> <span class='ocrx_word' id='word_1_488' title='bbox 1306 3392 1494 3449; x_wconf 89' lang='lat' dir='ltr'><strong>illusus</strong></span> <span class='ocrx_word' id='word_1_489' title='bbox 1520 3404 1608 3450; x_wconf 87' lang='lat' dir='ltr'><strong>est</strong></span> <span class='ocrx_word' id='word_1_490' title='bbox 1638 3409 1670 3449; x_wconf 91' lang='lat' dir='ltr'><strong>a</strong></span> <span class='ocrx_word' id='word_1_491' title='bbox 1696 3393 1813 3448; x_wconf 83' lang='lat' dir='ltr'><strong>Ma-</strong></span> 
     </span>
    </p>
   </div>
   <div class='ocr_carea' id='block_1_66' title="bbox 209 3486 1815 3559">
    <p class='ocr_par' dir='ltr' id='par_1_66' title="bbox 209 3486 1815 3559">
     <span class='ocr_line' id='line_1_66' title="bbox 209 3486 1815 3559; baseline 0 -18"><span class='ocrx_word' id='word_1_492' title='bbox 209 3489 321 3559; x_wconf 79' lang='lat' dir='ltr'><strong>gis,</strong></span> <span class='ocrx_word' id='word_1_493' title='bbox 364 3488 456 3543; x_wconf 89' lang='lat' dir='ltr'><strong>ubi</strong></span> <span class='ocrx_word' id='word_1_494' title='bbox 490 3489 590 3551; x_wconf 88' lang='lat' dir='ltr'><strong>ait,</strong></span> <span class='ocrx_word' id='word_1_495' title='bbox 617 3488 742 3557; x_wconf 90' lang='lat' dir='ltr'><strong>quia</strong></span> <span class='ocrx_word' id='word_1_496' title='bbox 766 3502 864 3558; x_wconf 89' lang='lat' dir='ltr'><strong>per</strong></span> <span class='ocrx_word' id='word_1_497' title='bbox 891 3486 1050 3543; x_wconf 87' lang='lat' dir='ltr'><strong>aliam</strong></span> <span class='ocrx_word' id='word_1_498' title='bbox 1077 3487 1222 3540; x_wconf 83' lang='lat' dir='ltr'><strong>viam</strong></span> <span class='ocrx_word' id='word_1_499' title='bbox 1252 3486 1453 3541; x_wconf 86' lang='lat' dir='ltr'><strong>reversi</strong></span> <span class='ocrx_word' id='word_1_500' title='bbox 1489 3495 1615 3541; x_wconf 88' lang='lat' dir='ltr'><strong>sunt</strong></span> <span class='ocrx_word' id='word_1_501' title='bbox 1648 3487 1705 3541; x_wconf 92' lang='lat' dir='ltr'><strong>in</strong></span> <span class='ocrx_word' id='word_1_502' title='bbox 1731 3501 1815 3541; x_wconf 84' lang='lat' dir='ltr'><strong>re-</strong></span> 
     </span>
    </p>
   </div>
   <div class='ocr_carea' id='block_1_67' title="bbox 208 3576 1815 3651">
    <p class='ocr_par' dir='ltr' id='par_1_67' title="bbox 208 3576 1815 3651">
     <span class='ocr_line' id='line_1_67' title="bbox 208 3576 1815 3651; baseline -0.002 -17"><span class='ocrx_word' id='word_1_503' title='bbox 208 3581 445 3651; x_wconf 80' lang='lat' dir='ltr'><strong>gionem</strong></span> <span class='ocrx_word' id='word_1_504' title='bbox 474 3595 648 3634; x_wconf 85' lang='lat' dir='ltr'><strong>suam.</strong></span> <span class='ocrx_word' id='word_1_505' title='bbox 680 3578 749 3633; x_wconf 86' lang='lat' dir='ltr'><strong>Et</strong></span> <span class='ocrx_word' id='word_1_506' title='bbox 774 3578 892 3634; x_wconf 86' lang='lat' dir='ltr'><strong>ideo</strong></span> <span class='ocrx_word' id='word_1_507' title='bbox 916 3576 1071 3632; x_wconf 88' lang='lat' dir='ltr'><strong>valde</strong></span> <span class='ocrx_word' id='word_1_508' title='bbox 1098 3577 1267 3632; x_wconf 88' lang='lat' dir='ltr'><strong>iratus</strong></span> <span class='ocrx_word' id='word_1_509' title='bbox 1297 3576 1516 3642; x_wconf 90' lang='lat' dir='ltr'><strong>dicitur,</strong></span> <span class='ocrx_word' id='word_1_510' title='bbox 1544 3577 1669 3647; x_wconf 90' lang='lat' dir='ltr'><strong>quia</strong></span> <span class='ocrx_word' id='word_1_511' title='bbox 1693 3592 1815 3633; x_wconf 87' lang='lat' dir='ltr'><strong>cum</strong></span> 
     </span>
    </p>
   </div>
   <div class='ocr_carea' id='block_1_68' title="bbox 208 3668 1814 3741">
    <p class='ocr_par' dir='ltr' id='par_1_68' title="bbox 208 3668 1814 3741">
     <span class='ocr_line' id='line_1_68' title="bbox 208 3668 1814 3741; baseline 0 -14"><span class='ocrx_word' id='word_1_512' title='bbox 208 3682 382 3728; x_wconf 80' lang='lat' dir='ltr'><strong>esset</strong></span> <span class='ocrx_word' id='word_1_513' title='bbox 410 3673 636 3741; x_wconf 87' lang='lat' dir='ltr'><strong>primum</strong></span> <span class='ocrx_word' id='word_1_514' title='bbox 665 3673 733 3728; x_wconf 89' lang='lat' dir='ltr'><strong>de</strong></span> <span class='ocrx_word' id='word_1_515' title='bbox 760 3672 1040 3726; x_wconf 87' lang='lat' dir='ltr'><strong>nativitate</strong></span> <span class='ocrx_word' id='word_1_516' title='bbox 1084 3668 1286 3726; x_wconf 89' lang='lat' dir='ltr'><strong>Christi</strong></span> <span class='ocrx_word' id='word_1_517' title='bbox 1336 3669 1517 3725; x_wconf 87' lang='lat' dir='ltr'><strong>furore</strong></span> <span class='ocrx_word' id='word_1_518' title='bbox 1548 3671 1814 3735; x_wconf 88' lang='lat' dir='ltr'><strong>turbatus,</strong></span> 
     </span>
    </p>
   </div>
   <div class='ocr_carea' id='block_1_69' title="bbox 208 3762 1815 3837">
    <p class='ocr_par' dir='ltr' id='par_1_69' title="bbox 208 3762 1815 3837">
     <span class='ocr_line' id='line_1_69' title="bbox 208 3762 1815 3837; baseline -0.003 -17"><span class='ocrx_word' id='word_1_519' title='bbox 208 3775 418 3837; x_wconf 83' lang='lat' dir='ltr'><strong>postea</strong></span> <span class='ocrx_word' id='word_1_520' title='bbox 463 3765 694 3830; x_wconf 83' lang='lat' dir='ltr'><strong>delusus,</strong></span> <span class='ocrx_word' id='word_1_521' title='bbox 724 3763 878 3819; x_wconf 90' lang='lat' dir='ltr'><strong>valde</strong></span> <span class='ocrx_word' id='word_1_522' title='bbox 926 3763 1160 3818; x_wconf 74' lang='lat' dir='ltr'><strong>flammis</strong></span> <span class='ocrx_word' id='word_1_523' title='bbox 1202 3776 1495 3817; x_wconf 87' lang='lat' dir='ltr'><strong>succensus</strong></span> <span class='ocrx_word' id='word_1_524' title='bbox 1522 3762 1603 3817; x_wconf 88' lang='lat' dir='ltr'><strong>ira</strong></span> <span class='ocrx_word' id='word_1_525' title='bbox 1648 3776 1815 3817; x_wconf 91' lang='lat' dir='ltr'><strong>accu-</strong></span> 
     </span>
    </p>
   </div>
   <div class='ocr_carea' id='block_1_70' title="bbox 210 3856 1815 3927">
    <p class='ocr_par' dir='ltr' id='par_1_70' title="bbox 210 3856 1815 3927">
     <span class='ocr_line' id='line_1_70' title="bbox 210 3856 1815 3927; baseline -0.003 -13"><span class='ocrx_word' id='word_1_526' title='bbox 210 3859 489 3914; x_wconf 79' lang='lat' dir='ltr'><strong>mulatur.</strong></span> <span class='ocrx_word' id='word_1_527' title='bbox 518 3858 792 3916; x_wconf 86' lang='lat' dir='ltr'><strong>Occidisse</strong></span> <span class='ocrx_word' id='word_1_528' title='bbox 829 3867 1008 3913; x_wconf 88' lang='lat' dir='ltr'><strong>autem</strong></span> <span class='ocrx_word' id='word_1_529' title='bbox 1034 3872 1129 3913; x_wconf 89' lang='lat' dir='ltr'><strong>eos</strong></span> <span class='ocrx_word' id='word_1_530' title='bbox 1156 3856 1374 3921; x_wconf 89' lang='lat' dir='ltr'><strong>dicitur,</strong></span> <span class='ocrx_word' id='word_1_531' title='bbox 1408 3857 1532 3927; x_wconf 89' lang='lat' dir='ltr'><strong>quia</strong></span> <span class='ocrx_word' id='word_1_532' title='bbox 1557 3856 1815 3926; x_wconf 69' lang='lat' dir='ltr'><strong>praecepit</strong></span> 
     </span>
    </p>
   </div>
   <div class='ocr_carea' id='block_1_71' title="bbox 217 3948 1815 4024">
    <p class='ocr_par' dir='ltr' id='par_1_71' title="bbox 217 3948 1815 4024">
     <span class='ocr_line' id='line_1_71' title="bbox 217 3948 1815 4024; baseline -0.001 -21"><span class='ocrx_word' id='word_1_533' title='bbox 217 3953 400 4007; x_wconf 79' lang='lat' dir='ltr'><strong>verbo</strong></span> <span class='ocrx_word' id='word_1_534' title='bbox 428 3971 443 4005; x_wconf 90' lang='lat'><strong>:</strong></span> <span class='ocrx_word' id='word_1_535' title='bbox 484 3952 666 4024; x_wconf 85' lang='lat' dir='ltr'><strong>lingua</strong></span> <span class='ocrx_word' id='word_1_536' title='bbox 696 3953 841 4007; x_wconf 90' lang='lat' dir='ltr'><strong>enim</strong></span> <span class='ocrx_word' id='word_1_537' title='bbox 868 3966 996 4007; x_wconf 90' lang='lat' dir='ltr'><strong>usus</strong></span> <span class='ocrx_word' id='word_1_538' title='bbox 1018 3958 1101 4005; x_wconf 88' lang='lat' dir='ltr'><strong>est</strong></span> <span class='ocrx_word' id='word_1_539' title='bbox 1124 3964 1223 4021; x_wconf 91' lang='lat' dir='ltr'><strong>pro</strong></span> <span class='ocrx_word' id='word_1_540' title='bbox 1252 3948 1447 4020; x_wconf 87' lang='lat' dir='ltr'><strong>gladio.</strong></span> <span class='ocrx_word' id='word_1_541' title='bbox 1477 3948 1631 4004; x_wconf 83' lang='lat' dir='ltr'><strong>Unde</strong></span> <span class='ocrx_word' id='word_1_542' title='bbox 1676 3948 1815 4004; x_wconf 89' lang='lat' dir='ltr'><strong>seri-</strong></span> 
     </span>
    </p>
   </div>
   <div class='ocr_carea' id='block_1_72' title="bbox 210 4039 1813 4115">
    <p class='ocr_par' dir='ltr' id='par_1_72' title="bbox 210 4039 1813 4115">
     <span class='ocr_line' id='line_1_72' title="bbox 210 4039 1813 4115; baseline -0.002 -18"><span class='ocrx_word' id='word_1_543' title='bbox 210 4052 382 4115; x_wconf 83' lang='lat' dir='ltr'><strong>ptnm</strong></span> <span class='ocrx_word' id='word_1_544' title='bbox 407 4051 496 4097; x_wconf 86' lang='lat' dir='ltr'><strong>est</strong></span> <span class='ocrx_word' id='word_1_545' title='bbox 520 4063 533 4096; x_wconf 92' lang='lat'><strong>:</strong></span> <span class='ocrx_word' id='word_1_546' title='bbox 560 4042 627 4096; x_wconf 81' lang='lat' dir='ltr'><strong>Et</strong></span> <span class='ocrx_word' id='word_1_547' title='bbox 656 4042 835 4113; x_wconf 78' lang='lat' dir='ltr'><strong>lingua</strong></span> <span class='ocrx_word' id='word_1_548' title='bbox 860 4058 1040 4097; x_wconf 81' lang='lat' dir='ltr'><strong>eorum</strong></span> <span class='ocrx_word' id='word_1_549' title='bbox 1063 4041 1268 4112; x_wconf 79' lang='lat' dir='ltr'><strong>gladius</strong></span> <span class='ocrx_word' id='word_1_550' title='bbox 1293 4050 1478 4095; x_wconf 87' lang='lat' dir='ltr'><strong>acutus</strong></span> <span class='ocrx_word' id='word_1_551' title='bbox 1507 4039 1677 4112; x_wconf 85' lang='lat' dir='ltr'><strong>(Psal.</strong></span> <span class='ocrx_word' id='word_1_552' title='bbox 1704 4056 1813 4103; x_wconf 77' lang='lat' dir='ltr'><strong>LVI,</strong></span> 
     </span>
    </p>
   </div>
   <div class='ocr_carea' id='block_1_73' title="bbox 208 4130 1817 4203">
    <p class='ocr_par' dir='ltr' id='par_1_73' title="bbox 208 4130 1817 4203">
     <span class='ocr_line' id='line_1_73' title="bbox 208 4130 1817 4203; baseline -0.001 -14"><span class='ocrx_word' id='word_1_553' title='bbox 208 4133 295 4199; x_wconf 82' lang='lat'><strong>6).</strong></span> <span class='ocrx_word' id='word_1_554' title='bbox 326 4130 543 4187; x_wconf 85' lang='lat' dir='ltr'><strong>Omnes</strong></span> <span class='ocrx_word' id='word_1_555' title='bbox 567 4147 762 4203; x_wconf 90' lang='lat' dir='ltr'><strong>pueros</strong></span> <span class='ocrx_word' id='word_1_556' title='bbox 783 4132 873 4203; x_wconf 90' lang='lat' dir='ltr'><strong>qui</strong></span> <span class='ocrx_word' id='word_1_557' title='bbox 907 4141 1064 4187; x_wconf 84' lang='lat' dir='ltr'><strong>erant</strong></span> <span class='ocrx_word' id='word_1_558' title='bbox 1098 4133 1152 4187; x_wconf 89' lang='lat' dir='ltr'><strong>in</strong></span> <span class='ocrx_word' id='word_1_559' title='bbox 1190 4130 1502 4187; x_wconf 83' lang='lat' dir='ltr'><strong>Bethlehem</strong></span> <span class='ocrx_word' id='word_1_560' title='bbox 1539 4132 1660 4191; x_wconf 90' lang='lat' dir='ltr'><strong>ideo</strong></span> <span class='ocrx_word' id='word_1_561' title='bbox 1680 4134 1817 4190; x_wconf 88' lang='lat' dir='ltr'><strong>occi-</strong></span> 
     </span>
    </p>
   </div>
   <div class='ocr_carea' id='block_1_74' title="bbox 208 4224 1814 4295">
    <p class='ocr_par' dir='ltr' id='par_1_74' title="bbox 208 4224 1814 4295">
     <span class='ocr_line' id='line_1_74' title="bbox 208 4224 1814 4295; baseline -0.001 -12"><span class='ocrx_word' id='word_1_562' title='bbox 208 4228 320 4292; x_wconf 86' lang='lat' dir='ltr'><strong>dit,</strong></span> <span class='ocrx_word' id='word_1_563' title='bbox 372 4225 524 4286; x_wconf 86' lang='lat' dir='ltr'><strong>utis,</strong></span> <span class='ocrx_word' id='word_1_564' title='bbox 571 4225 660 4295; x_wconf 89' lang='lat' dir='ltr'><strong>qui</strong></span> <span class='ocrx_word' id='word_1_565' title='bbox 702 4224 754 4279; x_wconf 90' lang='lat' dir='ltr'><strong>in</strong></span> <span class='ocrx_word' id='word_1_566' title='bbox 803 4240 867 4279; x_wconf 88' lang='lat' dir='ltr'><strong>ea</strong></span> <span class='ocrx_word' id='word_1_567' title='bbox 904 4225 1104 4279; x_wconf 87' lang='lat' dir='ltr'><strong>dudum</strong></span> <span class='ocrx_word' id='word_1_568' title='bbox 1156 4233 1315 4278; x_wconf 89' lang='lat' dir='ltr'><strong>natus</strong></span> <span class='ocrx_word' id='word_1_569' title='bbox 1356 4224 1653 4289; x_wconf 86' lang='lat' dir='ltr'><strong>dicebatur,</strong></span> <span class='ocrx_word' id='word_1_570' title='bbox 1711 4242 1814 4281; x_wconf 91' lang='lat' dir='ltr'><strong>non</strong></span> 
     </span>
    </p>
   </div>
   <div class='ocr_carea' id='block_1_75' title="bbox 204 4314 1814 4388">
    <p class='ocr_par' dir='ltr' id='par_1_75' title="bbox 204 4314 1814 4388">
     <span class='ocr_line' id='line_1_75' title="bbox 204 4314 1814 4388; baseline -0.001 -15"><span class='ocrx_word' id='word_1_571' title='bbox 204 4317 513 4388; x_wconf 61' lang='lat' dir='ltr'><strong>cingeret.</strong></span> <span class='ocrx_word' id='word_1_572' title='bbox 549 4315 615 4370; x_wconf 83' lang='lat' dir='ltr'><strong>Et</strong></span> <span class='ocrx_word' id='word_1_573' title='bbox 649 4330 754 4370; x_wconf 92' lang='lat' dir='ltr'><strong>non</strong></span> <span class='ocrx_word' id='word_1_574' title='bbox 790 4314 965 4369; x_wconf 90' lang='lat' dir='ltr'><strong>solum</strong></span> <span class='ocrx_word' id='word_1_575' title='bbox 1002 4329 1098 4369; x_wconf 92' lang='lat' dir='ltr'><strong>eos</strong></span> <span class='ocrx_word' id='word_1_576' title='bbox 1132 4321 1363 4380; x_wconf 89' lang='lat' dir='ltr'><strong>tantum,</strong></span> <span class='ocrx_word' id='word_1_577' title='bbox 1389 4314 1479 4384; x_wconf 90' lang='lat' dir='ltr'><strong>qui</strong></span> <span class='ocrx_word' id='word_1_578' title='bbox 1530 4315 1585 4369; x_wconf 88' lang='lat' dir='ltr'><strong>in</strong></span> <span class='ocrx_word' id='word_1_579' title='bbox 1626 4317 1814 4371; x_wconf 90' lang='lat' dir='ltr'><strong>eadem</strong></span> 
     </span>
    </p>
   </div>
   <div class='ocr_carea' id='block_1_76' title="bbox 207 4408 1816 4480">
    <p class='ocr_par' dir='ltr' id='par_1_76' title="bbox 207 4408 1816 4480">
     <span class='ocr_line' id='line_1_76' title="bbox 207 4408 1816 4480; baseline -0.001 -14"><span class='ocrx_word' id='word_1_580' title='bbox 207 4411 429 4480; x_wconf 79' lang='lat' dir='ltr'><strong>reperti</strong></span> <span class='ocrx_word' id='word_1_581' title='bbox 471 4417 599 4463; x_wconf 90' lang='lat' dir='ltr'><strong>sunt</strong></span> <span class='ocrx_word' id='word_1_582' title='bbox 646 4408 895 4471; x_wconf 89' lang='lat' dir='ltr'><strong>civitate;</strong></span> <span class='ocrx_word' id='word_1_583' title='bbox 937 4422 1123 4462; x_wconf 85' lang='lat' dir='ltr'><strong>verum</strong></span> <span class='ocrx_word' id='word_1_584' title='bbox 1167 4409 1331 4463; x_wconf 88' lang='lat' dir='ltr'><strong>etiam</strong></span> <span class='ocrx_word' id='word_1_585' title='bbox 1383 4417 1438 4463; x_wconf 88' lang='lat' dir='ltr'><strong>et</strong></span> <span class='ocrx_word' id='word_1_586' title='bbox 1464 4409 1519 4464; x_wconf 92' lang='lat' dir='ltr'><strong>in</strong></span> <span class='ocrx_word' id='word_1_587' title='bbox 1566 4411 1816 4466; x_wconf 88' lang='lat' dir='ltr'><strong>omnibus</strong></span> 
     </span>
    </p>
   </div>
   <div class='ocr_carea' id='block_1_77' title="bbox 208 4496 1812 4571">
    <p class='ocr_par' dir='ltr' id='par_1_77' title="bbox 208 4496 1812 4571">
     <span class='ocr_line' id='line_1_77' title="bbox 208 4496 1812 4571; baseline 0.002 -18"><span class='ocrx_word' id='word_1_588' title='bbox 208 4499 427 4553; x_wconf 84' lang='lat' dir='ltr'><strong>ﬁnibus</strong></span> <span class='ocrx_word' id='word_1_589' title='bbox 471 4496 589 4565; x_wconf 87' lang='lat' dir='ltr'><strong>ejus</strong></span> <span class='ocrx_word' id='word_1_590' title='bbox 615 4499 1034 4568; x_wconf 85' lang='lat' dir='ltr'><strong>circumquaque</strong></span> <span class='ocrx_word' id='word_1_591' title='bbox 1083 4505 1270 4554; x_wconf 87' lang='lat' dir='ltr'><strong>tenera</strong></span> <span class='ocrx_word' id='word_1_592' title='bbox 1308 4508 1678 4555; x_wconf 87' lang='lat' dir='ltr'><strong>matronarum</strong></span> <span class='ocrx_word' id='word_1_593' title='bbox 1726 4502 1812 4571; x_wconf 86' lang='lat' dir='ltr'><strong>pi-</strong></span> 
     </span>
    </p>
   </div>
   <div class='ocr_carea' id='block_1_78' title="bbox 208 4587 1813 4660">
    <p class='ocr_par' dir='ltr' id='par_1_78' title="bbox 208 4587 1813 4660">
     <span class='ocr_line' id='line_1_78' title="bbox 208 4587 1813 4660; baseline 0.002 -16"><span class='ocrx_word' id='word_1_594' title='bbox 208 4604 398 4660; x_wconf 82' lang='lat' dir='ltr'><strong>gnora</strong></span> <span class='ocrx_word' id='word_1_595' title='bbox 433 4587 696 4658; x_wconf 86' lang='lat' dir='ltr'><strong>jugulavit</strong></span> <span class='ocrx_word' id='word_1_596' title='bbox 732 4605 762 4643; x_wconf 88' lang='lat' dir='ltr'><strong>a</strong></span> <span class='ocrx_word' id='word_1_597' title='bbox 791 4590 1018 4653; x_wconf 90' lang='lat' dir='ltr'><strong>bimatu,</strong></span> <span class='ocrx_word' id='word_1_598' title='bbox 1059 4597 1117 4645; x_wconf 91' lang='lat' dir='ltr'><strong>et</strong></span> <span class='ocrx_word' id='word_1_599' title='bbox 1150 4588 1287 4643; x_wconf 83' lang='lat' dir='ltr'><strong>infra</strong></span> <span class='ocrx_word' id='word_1_600' title='bbox 1333 4592 1627 4646; x_wconf 89' lang='lat' dir='ltr'><strong>secundum</strong></span> <span class='ocrx_word' id='word_1_601' title='bbox 1674 4599 1813 4647; x_wconf 87' lang='lat' dir='ltr'><strong>tem—</strong></span> 
     </span>
    </p>
   </div>
   <div class='ocr_carea' id='block_1_79' title="bbox 206 4679 1812 4755">
    <p class='ocr_par' dir='ltr' id='par_1_79' title="bbox 206 4679 1812 4755">
     <span class='ocr_line' id='line_1_79' title="bbox 206 4679 1812 4755; baseline 0.002 -20"><span class='ocrx_word' id='word_1_602' title='bbox 206 4697 317 4751; x_wconf 76' lang='lat' dir='ltr'><strong>pus</strong></span> <span class='ocrx_word' id='word_1_603' title='bbox 364 4681 514 4748; x_wconf 89' lang='lat' dir='ltr'><strong>quod</strong></span> <span class='ocrx_word' id='word_1_604' title='bbox 565 4680 897 4749; x_wconf 68' lang='lat' dir='ltr'><strong>exquisierat</strong></span> <span class='ocrx_word' id='word_1_605' title='bbox 942 4695 971 4734; x_wconf 90' lang='lat' dir='ltr'><strong>a</strong></span> <span class='ocrx_word' id='word_1_606' title='bbox 1016 4679 1203 4751; x_wconf 77' lang='lat' dir='ltr'><strong>Magis.</strong></span> <span class='ocrx_word' id='word_1_607' title='bbox 1249 4680 1556 4737; x_wconf 89' lang='lat' dir='ltr'><strong>Secundum</strong></span> <span class='ocrx_word' id='word_1_608' title='bbox 1601 4691 1812 4755; x_wconf 86' lang='lat' dir='ltr'><strong>tempus</strong></span> 
     </span>
    </p>
   </div>
   <div class='ocr_carea' id='block_1_80' title="bbox 209 4771 1811 4843">
    <p class='ocr_par' dir='ltr' id='par_1_80' title="bbox 209 4771 1811 4843">
     <span class='ocr_line' id='line_1_80' title="bbox 209 4771 1811 4843; baseline 0.004 -18"><span class='ocrx_word' id='word_1_609' title='bbox 209 4774 395 4843; x_wconf 77' lang='lat' dir='ltr'><strong>igitur</strong></span> <span class='ocrx_word' id='word_1_610' title='bbox 421 4771 567 4841; x_wconf 88' lang='lat' dir='ltr'><strong>quod</strong></span> <span class='ocrx_word' id='word_1_611' title='bbox 598 4773 933 4843; x_wconf 84' lang='lat' dir='ltr'><strong>exquisierat</strong></span> <span class='ocrx_word' id='word_1_612' title='bbox 953 4787 985 4827; x_wconf 90' lang='lat' dir='ltr'><strong>a</strong></span> <span class='ocrx_word' id='word_1_613' title='bbox 1014 4772 1183 4828; x_wconf 70' lang='lat' dir='ltr'><strong>stellae</strong></span> <span class='ocrx_word' id='word_1_614' title='bbox 1228 4776 1503 4830; x_wconf 89' lang='lat' dir='ltr'><strong>nascentis</strong></span> <span class='ocrx_word' id='word_1_615' title='bbox 1548 4784 1692 4843; x_wconf 87' lang='lat' dir='ltr'><strong>ortu,</strong></span> <span class='ocrx_word' id='word_1_616' title='bbox 1721 4776 1811 4831; x_wconf 91' lang='lat' dir='ltr'><strong>ubi</strong></span> 
     </span>
    </p>
   </div>
   <div class='ocr_carea' id='block_1_81' title="bbox 211 4860 1813 4931">
    <p class='ocr_par' dir='ltr' id='par_1_81' title="bbox 211 4860 1813 4931">
     <span class='ocr_line' id='line_1_81' title="bbox 211 4860 1813 4931; baseline 0.002 -13"><span class='ocrx_word' id='word_1_617' title='bbox 211 4878 332 4918; x_wconf 85' lang='lat' dir='ltr'><strong>non</strong></span> <span class='ocrx_word' id='word_1_618' title='bbox 370 4860 666 4917; x_wconf 86' lang='lat' dir='ltr'><strong>verisimile</strong></span> <span class='ocrx_word' id='word_1_619' title='bbox 691 4861 908 4917; x_wconf 87' lang='lat' dir='ltr'><strong>videtur</strong></span> <span class='ocrx_word' id='word_1_620' title='bbox 932 4877 1054 4917; x_wconf 89' lang='lat' dir='ltr'><strong>eum</strong></span> <span class='ocrx_word' id='word_1_621' title='bbox 1098 4863 1437 4931; x_wconf 89' lang='lat' dir='ltr'><strong>sustinuisse,</strong></span> <span class='ocrx_word' id='word_1_622' title='bbox 1472 4874 1533 4920; x_wconf 92' lang='lat' dir='ltr'><strong>ut</strong></span> <span class='ocrx_word' id='word_1_623' title='bbox 1561 4881 1592 4921; x_wconf 92' lang='lat' dir='ltr'><strong>e</strong></span> <span class='ocrx_word' id='word_1_624' title='bbox 1631 4866 1813 4922; x_wconf 84' lang='lat' dir='ltr'><strong>vicino</strong></span> 
     </span>
    </p>
   </div>
   <div class='ocr_carea' id='block_1_82' title="bbox 210 4954 1810 5025">
    <p class='ocr_par' dir='ltr' id='par_1_82' title="bbox 210 4954 1810 5025">
     <span class='ocr_line' id='line_1_82' title="bbox 210 4954 1810 5025; baseline 0.003 -15"><span class='ocrx_word' id='word_1_625' title='bbox 210 4955 442 5010; x_wconf 85' lang='lat' dir='ltr'><strong>duobus</strong></span> <span class='ocrx_word' id='word_1_626' title='bbox 489 4954 648 5010; x_wconf 90' lang='lat' dir='ltr'><strong>annis</strong></span> <span class='ocrx_word' id='word_1_627' title='bbox 689 4954 918 5025; x_wconf 76' lang='lat' dir='ltr'><strong>expletis</strong></span> <span class='ocrx_word' id='word_1_628' title='bbox 962 4955 1029 5010; x_wconf 90' lang='lat' dir='ltr'><strong>ad</strong></span> <span class='ocrx_word' id='word_1_629' title='bbox 1068 4970 1127 5011; x_wconf 91' lang='lat' dir='ltr'><strong>se</strong></span> <span class='ocrx_word' id='word_1_630' title='bbox 1160 4957 1420 5013; x_wconf 88' lang='lat' dir='ltr'><strong>redirent.</strong></span> <span class='ocrx_word' id='word_1_631' title='bbox 1468 4958 1603 5025; x_wconf 89' lang='lat' dir='ltr'><strong>Quia</strong></span> <span class='ocrx_word' id='word_1_632' title='bbox 1634 4959 1810 5015; x_wconf 88' lang='lat' dir='ltr'><strong>bima-</strong></span> 
     </span>
    </p>
   </div>
   <div class='ocr_carea' id='block_1_83' title="bbox 211 5044 1813 5119">
    <p class='ocr_par' dir='ltr' id='par_1_83' title="bbox 211 5044 1813 5119">
     <span class='ocr_line' id='line_1_83' title="bbox 211 5044 1813 5119; baseline 0.002 -18"><span class='ocrx_word' id='word_1_633' title='bbox 211 5058 307 5101; x_wconf 81' lang='lat' dir='ltr'><strong>tus</strong></span> <span class='ocrx_word' id='word_1_634' title='bbox 335 5044 535 5101; x_wconf 70' lang='lat' dir='ltr'><strong>Graece</strong></span> <span class='ocrx_word' id='word_1_635' title='bbox 561 5045 695 5101; x_wconf 91' lang='lat' dir='ltr'><strong>duos</strong></span> <span class='ocrx_word' id='word_1_636' title='bbox 722 5045 991 5117; x_wconf 87' lang='lat' dir='ltr'><strong>signiﬁcat</strong></span> <span class='ocrx_word' id='word_1_637' title='bbox 1031 5061 1219 5103; x_wconf 89' lang='lat' dir='ltr'><strong>annos.</strong></span> <span class='ocrx_word' id='word_1_638' title='bbox 1266 5047 1418 5105; x_wconf 88' lang='lat' dir='ltr'><strong>Unde</strong></span> <span class='ocrx_word' id='word_1_639' title='bbox 1459 5049 1676 5119; x_wconf 88' lang='lat' dir='ltr'><strong>quidam</strong></span> <span class='ocrx_word' id='word_1_640' title='bbox 1723 5067 1813 5107; x_wconf 80' lang='lat' dir='ltr'><strong>su-</strong></span> 
     </span>
    </p>
   </div>
   <div class='ocr_carea' id='block_1_84' title="bbox 210 5139 1813 5214">
    <p class='ocr_par' dir='ltr' id='par_1_84' title="bbox 210 5139 1813 5214">
     <span class='ocr_line' id='line_1_84' title="bbox 210 5139 1813 5214; baseline 0.003 -18"><span class='ocrx_word' id='word_1_641' title='bbox 210 5142 538 5211; x_wconf 79' lang='lat' dir='ltr'><strong>spicantur,</strong></span> <span class='ocrx_word' id='word_1_642' title='bbox 585 5140 727 5209; x_wconf 88' lang='lat' dir='ltr'><strong>quod</strong></span> <span class='ocrx_word' id='word_1_643' title='bbox 761 5139 977 5209; x_wconf 87' lang='lat' dir='ltr'><strong>integro</strong></span> <span class='ocrx_word' id='word_1_644' title='bbox 1014 5140 1311 5197; x_wconf 85' lang='lat' dir='ltr'><strong>nativitatis</strong></span> <span class='ocrx_word' id='word_1_645' title='bbox 1351 5140 1555 5197; x_wconf 85' lang='lat' dir='ltr'><strong>Christi</strong></span> <span class='ocrx_word' id='word_1_646' title='bbox 1601 5144 1813 5214; x_wconf 83' lang='lat' dir='ltr'><strong>expleto</strong></span> 
     </span>
    </p>
   </div>
   <div class='ocr_carea' id='block_1_85' title="bbox 212 5230 1813 5300">
    <p class='ocr_par' dir='ltr' id='par_1_85' title="bbox 212 5230 1813 5300">
     <span class='ocr_line' id='line_1_85' title="bbox 212 5230 1813 5300; baseline 0.004 -14"><span class='ocrx_word' id='word_1_647' title='bbox 212 5246 393 5293; x_wconf 85' lang='lat' dir='ltr'><strong>anno,</strong></span> <span class='ocrx_word' id='word_1_648' title='bbox 425 5230 715 5285; x_wconf 83' lang='lat' dir='ltr'><strong>venerint:</strong></span> <span class='ocrx_word' id='word_1_649' title='bbox 741 5231 935 5286; x_wconf 88' lang='lat' dir='ltr'><strong>deinde</strong></span> <span class='ocrx_word' id='word_1_650' title='bbox 977 5231 1083 5286; x_wconf 90' lang='lat' dir='ltr'><strong>alio</strong></span> <span class='ocrx_word' id='word_1_651' title='bbox 1124 5246 1267 5286; x_wconf 88' lang='lat' dir='ltr'><strong>anno</strong></span> <span class='ocrx_word' id='word_1_652' title='bbox 1299 5242 1591 5300; x_wconf 88' lang='lat' dir='ltr'><strong>transacto,</strong></span> <span class='ocrx_word' id='word_1_653' title='bbox 1621 5235 1813 5292; x_wconf 88' lang='lat' dir='ltr'><strong>videns</strong></span> 
     </span>
    </p>
   </div>
   <div class='ocr_carea' id='block_1_86' title="bbox 214 5322 1813 5399">
    <p class='ocr_par' dir='ltr' id='par_1_86' title="bbox 214 5322 1813 5399">
     <span class='ocr_line' id='line_1_86' title="bbox 214 5322 1813 5399; baseline 0.002 -20"><span class='ocrx_word' id='word_1_654' title='bbox 214 5340 276 5379; x_wconf 86' lang='lat' dir='ltr'><strong>se</strong></span> <span class='ocrx_word' id='word_1_655' title='bbox 309 5322 561 5378; x_wconf 77' lang='lat' dir='ltr'><strong>Herodes</strong></span> <span class='ocrx_word' id='word_1_656' title='bbox 585 5322 852 5390; x_wconf 88' lang='lat' dir='ltr'><strong>delusum,</strong></span> <span class='ocrx_word' id='word_1_657' title='bbox 890 5322 1088 5379; x_wconf 86' lang='lat' dir='ltr'><strong>furoris</strong></span> <span class='ocrx_word' id='word_1_658' title='bbox 1115 5323 1334 5379; x_wconf 89' lang='lat' dir='ltr'><strong>stimulo</strong></span> <span class='ocrx_word' id='word_1_659' title='bbox 1361 5340 1556 5395; x_wconf 89' lang='lat' dir='ltr'><strong>pueros</strong></span> <span class='ocrx_word' id='word_1_660' title='bbox 1604 5325 1813 5399; x_wconf 86' lang='lat' dir='ltr'><strong>jugula-</strong></span> 
     </span>
    </p>
   </div>
   <div class='ocr_carea' id='block_1_87' title="bbox 219 5415 1810 5486">
    <p class='ocr_par' dir='ltr' id='par_1_87' title="bbox 219 5415 1810 5486">
     <span class='ocr_line' id='line_1_87' title="bbox 219 5415 1810 5486; baseline 0.001 -12"><span class='ocrx_word' id='word_1_661' title='bbox 219 5419 317 5474; x_wconf 89' lang='lat' dir='ltr'><strong>rit.</strong></span> <span class='ocrx_word' id='word_1_662' title='bbox 353 5416 434 5471; x_wconf 75' lang='lat' dir='ltr'><strong>Ac</strong></span> <span class='ocrx_word' id='word_1_663' title='bbox 464 5430 563 5486; x_wconf 89' lang='lat' dir='ltr'><strong>per</strong></span> <span class='ocrx_word' id='word_1_664' title='bbox 590 5418 693 5471; x_wconf 89' lang='lat' dir='ltr'><strong>hoc</strong></span> <span class='ocrx_word' id='word_1_665' title='bbox 721 5432 749 5470; x_wconf 89' lang='lat' dir='ltr'><strong>a</strong></span> <span class='ocrx_word' id='word_1_666' title='bbox 776 5416 984 5472; x_wconf 90' lang='lat' dir='ltr'><strong>bimatu</strong></span> <span class='ocrx_word' id='word_1_667' title='bbox 1019 5425 1075 5471; x_wconf 90' lang='lat' dir='ltr'><strong>et</strong></span> <span class='ocrx_word' id='word_1_668' title='bbox 1102 5415 1239 5471; x_wconf 81' lang='lat' dir='ltr'><strong>infra</strong></span> <span class='ocrx_word' id='word_1_669' title='bbox 1285 5418 1513 5473; x_wconf 89' lang='lat' dir='ltr'><strong>duorum</strong></span> <span class='ocrx_word' id='word_1_670' title='bbox 1544 5433 1810 5475; x_wconf 91' lang='lat' dir='ltr'><strong>annorum</strong></span> 
     </span>
    </p>
   </div>
   <div class='ocr_carea' id='block_1_88' title="bbox 218 5510 1812 5581">
    <p class='ocr_par' dir='ltr' id='par_1_88' title="bbox 218 5510 1812 5581">
     <span class='ocr_line' id='line_1_88' title="bbox 218 5510 1812 5581; baseline -0.001 -13"><span class='ocrx_word' id='word_1_671' title='bbox 218 5521 466 5581; x_wconf 81' lang='lat' dir='ltr'><strong>tempus,</strong></span> <span class='ocrx_word' id='word_1_672' title='bbox 501 5512 825 5581; x_wconf 87' lang='lat' dir='ltr'><strong>exquisitum</strong></span> <span class='ocrx_word' id='word_1_673' title='bbox 852 5513 921 5568; x_wconf 89' lang='lat' dir='ltr'><strong>ab</strong></span> <span class='ocrx_word' id='word_1_674' title='bbox 944 5513 1025 5568; x_wconf 90' lang='lat' dir='ltr'><strong>eis</strong></span> <span class='ocrx_word' id='word_1_675' title='bbox 1051 5511 1173 5581; x_wconf 87' lang='lat' dir='ltr'><strong>jure</strong></span> <span class='ocrx_word' id='word_1_676' title='bbox 1203 5520 1469 5566; x_wconf 85' lang='lat' dir='ltr'><strong>narratur.</strong></span> <span class='ocrx_word' id='word_1_677' title='bbox 1504 5510 1611 5567; x_wconf 91' lang='lat' dir='ltr'><strong>Sed</strong></span> <span class='ocrx_word' id='word_1_678' title='bbox 1637 5520 1812 5569; x_wconf 75' lang='lat' dir='ltr'><strong>tanien</strong></span> 
     </span>
    </p>
   </div>
   <div class='ocr_carea' id='block_1_89' title="bbox 218 5604 1813 5675">
    <p class='ocr_par' dir='ltr' id='par_1_89' title="bbox 218 5604 1813 5675">
     <span class='ocr_line' id='line_1_89' title="bbox 218 5604 1813 5675; baseline -0.001 -15"><span class='ocrx_word' id='word_1_679' title='bbox 218 5605 406 5675; x_wconf 85' lang='lat' dir='ltr'><strong>magis</strong></span> <span class='ocrx_word' id='word_1_680' title='bbox 450 5620 578 5659; x_wconf 90' lang='lat' dir='ltr'><strong>reor</strong></span> <span class='ocrx_word' id='word_1_681' title='bbox 630 5604 927 5671; x_wconf 81' lang='lat' dir='ltr'><strong>fatendum,</strong></span> <span class='ocrx_word' id='word_1_682' title='bbox 987 5604 1129 5673; x_wconf 89' lang='lat' dir='ltr'><strong>quod</strong></span> <span class='ocrx_word' id='word_1_683' title='bbox 1182 5605 1321 5659; x_wconf 87' lang='lat' dir='ltr'><strong>idem</strong></span> <span class='ocrx_word' id='word_1_684' title='bbox 1382 5604 1707 5673; x_wconf 89' lang='lat' dir='ltr'><strong>quibuslibet</strong></span> <span class='ocrx_word' id='word_1_685' title='bbox 1746 5620 1813 5659; x_wconf 82' lang='lat' dir='ltr'><strong>ex</strong></span> 
     </span>
    </p>
   </div>
   <div class='ocr_carea' id='block_1_90' title="bbox 223 5694 1813 5765">
    <p class='ocr_par' dir='ltr' id='par_1_90' title="bbox 223 5694 1813 5765">
     <span class='ocr_line' id='line_1_90' title="bbox 223 5694 1813 5765; baseline -0.001 -15"><span class='ocrx_word' id='word_1_686' title='bbox 223 5697 396 5750; x_wconf 79' lang='lat' dir='ltr'><strong>rebus</strong></span> <span class='ocrx_word' id='word_1_687' title='bbox 452 5694 662 5749; x_wconf 81' lang='lat' dir='ltr'><strong>fraudis</strong></span> <span class='ocrx_word' id='word_1_688' title='bbox 714 5711 822 5749; x_wconf 66' lang='lat' dir='ltr'><strong>sua:</strong></span> <span class='ocrx_word' id='word_1_689' title='bbox 863 5711 1067 5751; x_wconf 84' lang='lat' dir='ltr'><strong>venena</strong></span> <span class='ocrx_word' id='word_1_690' title='bbox 1126 5697 1258 5750; x_wconf 87' lang='lat' dir='ltr'><strong>tanti</strong></span> <span class='ocrx_word' id='word_1_691' title='bbox 1303 5697 1557 5765; x_wconf 84' lang='lat' dir='ltr'><strong>temporis</strong></span> <span class='ocrx_word' id='word_1_692' title='bbox 1600 5698 1813 5751; x_wconf 87' lang='lat' dir='ltr'><strong>silentio</strong></span> 
     </span>
    </p>
   </div>
   <div class='ocr_carea' id='block_1_91' title="bbox 225 5786 1814 5857">
    <p class='ocr_par' dir='ltr' id='par_1_91' title="bbox 225 5786 1814 5857">
     <span class='ocr_line' id='line_1_91' title="bbox 225 5786 1814 5857; baseline 0 -17"><span class='ocrx_word' id='word_1_693' title='bbox 225 5787 516 5855; x_wconf 73' lang='lat' dir='ltr'><strong>presserit,</strong></span> <span class='ocrx_word' id='word_1_694' title='bbox 553 5796 609 5839; x_wconf 84' lang='lat' dir='ltr'><strong>ut</strong></span> <span class='ocrx_word' id='word_1_695' title='bbox 640 5800 763 5840; x_wconf 77' lang='lat' dir='ltr'><strong>eum</strong></span> <span class='ocrx_word' id='word_1_696' title='bbox 791 5788 1112 5857; x_wconf 85' lang='lat' dir='ltr'><strong>quandoque</strong></span> <span class='ocrx_word' id='word_1_697' title='bbox 1144 5786 1425 5840; x_wconf 84' lang='lat' dir='ltr'><strong>sollicitius</strong></span> <span class='ocrx_word' id='word_1_698' title='bbox 1447 5786 1814 5857; x_wconf 79' lang='lat' dir='ltr'><strong>deprehende-</strong></span> 
     </span>
    </p>
   </div>
   <div class='ocr_carea' id='block_1_92' title="bbox 1920 3293 3507 3375">
    <p class='ocr_par' dir='ltr' id='par_1_92' title="bbox 1920 3293 3507 3375">
     <span class='ocr_line' id='line_1_92' title="bbox 1920 3293 3507 3375; baseline 0.011 -27"><span class='ocrx_word' id='word_1_699' title='bbox 1920 3293 2015 3363; x_wconf 88' lang='lat' dir='ltr'><strong>qui</strong></span> <span class='ocrx_word' id='word_1_700' title='bbox 2043 3294 2161 3350; x_wconf 88' lang='lat' dir='ltr'><strong>sine</strong></span> <span class='ocrx_word' id='word_1_701' title='bbox 2207 3295 2325 3353; x_wconf 91' lang='lat' dir='ltr'><strong>loco</strong></span> <span class='ocrx_word' id='word_1_702' title='bbox 2358 3313 2423 3353; x_wconf 90' lang='lat' dir='ltr'><strong>ac</strong></span> <span class='ocrx_word' id='word_1_703' title='bbox 2474 3309 2719 3371; x_wconf 88' lang='lat' dir='ltr'><strong>tempore</strong></span> <span class='ocrx_word' id='word_1_704' title='bbox 2761 3317 2882 3358; x_wconf 85' lang='lat' dir='ltr'><strong>eum</strong></span> <span class='ocrx_word' id='word_1_705' title='bbox 2924 3316 3079 3375; x_wconf 88' lang='lat' dir='ltr'><strong>patre</strong></span> <span class='ocrx_word' id='word_1_706' title='bbox 3111 3322 3335 3364; x_wconf 90' lang='lat' dir='ltr'><strong>manens</strong></span> <span class='ocrx_word' id='word_1_707' title='bbox 3365 3308 3507 3365; x_wconf 85' lang='lat' dir='ltr'><strong>infra</strong></span> 
     </span>
    </p>
   </div>
   <div class='ocr_carea' id='block_1_93' title="bbox 1923 3390 3508 3459">
    <p class='ocr_par' dir='ltr' id='par_1_93' title="bbox 1923 3390 3508 3459">
     <span class='ocr_line' id='line_1_93' title="bbox 1923 3390 3508 3459; baseline 0.012 -19"><span class='ocrx_word' id='word_1_708' title='bbox 1923 3395 2133 3458; x_wconf 88' lang='lat' dir='ltr'><strong>tempus</strong></span> <span class='ocrx_word' id='word_1_709' title='bbox 2164 3405 2230 3444; x_wconf 91' lang='lat' dir='ltr'><strong>ac</strong></span> <span class='ocrx_word' id='word_1_710' title='bbox 2268 3390 2448 3448; x_wconf 90' lang='lat' dir='ltr'><strong>locum</strong></span> <span class='ocrx_word' id='word_1_711' title='bbox 2476 3395 2801 3453; x_wconf 83' lang='lat' dir='ltr'><strong>nascebatur</strong></span> <span class='ocrx_word' id='word_1_712' title='bbox 2839 3396 3046 3454; x_wconf 89' lang='lat' dir='ltr'><strong>localis.</strong></span> <span class='ocrx_word' id='word_1_713' title='bbox 3080 3400 3233 3458; x_wconf 87' lang='lat' dir='ltr'><strong>Unde</strong></span> <span class='ocrx_word' id='word_1_714' title='bbox 3268 3402 3508 3459; x_wconf 90' lang='lat' dir='ltr'><strong>nonnulli</strong></span> 
     </span>
    </p>
   </div>
   <div class='ocr_carea' id='block_1_94' title="bbox 1922 3480 3508 3565">
    <p class='ocr_par' dir='ltr' id='par_1_94' title="bbox 1922 3480 3508 3565">
     <span class='ocr_line' id='line_1_94' title="bbox 1922 3480 3508 3565; baseline 0.013 -33"><span class='ocrx_word' id='word_1_715' title='bbox 1922 3493 2065 3533; x_wconf 92' lang='lat' dir='ltr'><strong>anno</strong></span> <span class='ocrx_word' id='word_1_716' title='bbox 2114 3480 2330 3552; x_wconf 76' lang='lat' dir='ltr'><strong>expleto</strong></span> <span class='ocrx_word' id='word_1_717' title='bbox 2378 3485 2701 3550; x_wconf 87' lang='lat' dir='ltr'><strong>nativitatis,</strong></span> <span class='ocrx_word' id='word_1_718' title='bbox 2754 3488 2936 3545; x_wconf 85' lang='lat' dir='ltr'><strong>verius</strong></span> <span class='ocrx_word' id='word_1_719' title='bbox 2983 3491 3278 3561; x_wconf 88' lang='lat' dir='ltr'><strong>opinantur</strong></span> <span class='ocrx_word' id='word_1_720' title='bbox 3311 3510 3508 3565; x_wconf 90' lang='lat' dir='ltr'><strong>pueros</strong></span> 
     </span>
    </p>
   </div>
   <div class='ocr_carea' id='block_1_95' title="bbox 1919 3571 3508 3656">
    <p class='ocr_par' dir='ltr' id='par_1_95' title="bbox 1919 3571 3508 3656">
     <span class='ocr_line' id='line_1_95' title="bbox 1919 3571 3508 3656; baseline 0.01 -29"><span class='ocrx_word' id='word_1_721' title='bbox 1919 3571 2214 3638; x_wconf 89' lang='lat' dir='ltr'><strong>occidisse;</strong></span> <span class='ocrx_word' id='word_1_722' title='bbox 2250 3576 2485 3631; x_wconf 90' lang='lat' dir='ltr'><strong>sedideo</strong></span> <span class='ocrx_word' id='word_1_723' title='bbox 2507 3594 2536 3631; x_wconf 91' lang='lat' dir='ltr'><strong>a</strong></span> <span class='ocrx_word' id='word_1_724' title='bbox 2568 3578 2798 3644; x_wconf 87' lang='lat' dir='ltr'><strong>bimatu,</strong></span> <span class='ocrx_word' id='word_1_725' title='bbox 2836 3590 2894 3635; x_wconf 93' lang='lat' dir='ltr'><strong>ut</strong></span> <span class='ocrx_word' id='word_1_726' title='bbox 2931 3582 3071 3638; x_wconf 91' lang='lat' dir='ltr'><strong>sicut</strong></span> <span class='ocrx_word' id='word_1_727' title='bbox 3098 3601 3508 3656; x_wconf 84' lang='lat' dir='ltr'><strong>praeoccupave-</strong></span> 
     </span>
    </p>
   </div>
   <div class='ocr_carea' id='block_1_96' title="bbox 1920 3664 3505 3751">
    <p class='ocr_par' dir='ltr' id='par_1_96' title="bbox 1920 3664 3505 3751">
     <span class='ocr_line' id='line_1_96' title="bbox 1920 3664 3505 3751; baseline 0.013 -34"><span class='ocrx_word' id='word_1_728' title='bbox 1920 3669 2005 3718; x_wconf 91' lang='lat' dir='ltr'><strong>rat</strong></span> <span class='ocrx_word' id='word_1_729' title='bbox 2033 3664 2472 3739; x_wconf 89' lang='lat' dir='ltr'><strong>_circumquaque</strong></span> <span class='ocrx_word' id='word_1_730' title='bbox 2507 3670 2643 3725; x_wconf 89' lang='lat' dir='ltr'><strong>ﬁnes</strong></span> <span class='ocrx_word' id='word_1_731' title='bbox 2674 3672 2940 3742; x_wconf 86' lang='lat' dir='ltr'><strong>civitatis;</strong></span> <span class='ocrx_word' id='word_1_732' title='bbox 2980 3676 3056 3731; x_wconf 88' lang='lat' dir='ltr'><strong>ita</strong></span> <span class='ocrx_word' id='word_1_733' title='bbox 3088 3693 3505 3751; x_wconf 86' lang='lat' dir='ltr'><strong>praeoccupave-</strong></span> 
     </span>
    </p>
   </div>
   <div class='ocr_carea' id='block_1_97' title="bbox 1918 3755 3509 3844">
    <p class='ocr_par' dir='ltr' id='par_1_97' title="bbox 1918 3755 3509 3844">
     <span class='ocr_line' id='line_1_97' title="bbox 1918 3755 3509 3844; baseline 0.014 -36"><span class='ocrx_word' id='word_1_734' title='bbox 1918 3762 2005 3809; x_wconf 89' lang='lat' dir='ltr'><strong>rat</strong></span> <span class='ocrx_word' id='word_1_735' title='bbox 2038 3755 2176 3810; x_wconf 89' lang='lat' dir='ltr'><strong>ultra</strong></span> <span class='ocrx_word' id='word_1_736' title='bbox 2208 3757 2476 3828; x_wconf 80' lang='lat' dir='ltr'><strong>integrum</strong></span> <span class='ocrx_word' id='word_1_737' title='bbox 2507 3776 2708 3817; x_wconf 91' lang='lat' dir='ltr'><strong>annum</strong></span> <span class='ocrx_word' id='word_1_738' title='bbox 2740 3767 3072 3823; x_wconf 89' lang='lat' dir='ltr'><strong>tantumdem</strong></span> <span class='ocrx_word' id='word_1_739' title='bbox 3105 3773 3363 3841; x_wconf 90' lang='lat' dir='ltr'><strong>temporis</strong></span> <span class='ocrx_word' id='word_1_740' title='bbox 3383 3789 3509 3844; x_wconf 84' lang='lat' dir='ltr'><strong>spa-</strong></span> 
     </span>
    </p>
   </div>
   <div class='ocr_carea' id='block_1_98' title="bbox 1921 3846 3505 3933">
    <p class='ocr_par' dir='ltr' id='par_1_98' title="bbox 1921 3846 3505 3933">
     <span class='ocr_line' id='line_1_98' title="bbox 1921 3846 3505 3933; baseline 0.013 -33"><span class='ocrx_word' id='word_1_741' title='bbox 1921 3846 2052 3901; x_wconf 90' lang='lat' dir='ltr'><strong>tium</strong></span> <span class='ocrx_word' id='word_1_742' title='bbox 2072 3888 2087 3913; x_wconf 89' lang='lat'><strong>,</strong></span> <span class='ocrx_word' id='word_1_743' title='bbox 2116 3856 2279 3919; x_wconf 89' lang='lat' dir='ltr'><strong>atque</strong></span> <span class='ocrx_word' id='word_1_744' title='bbox 2308 3850 2449 3906; x_wconf 84' lang='lat' dir='ltr'><strong>infra</strong></span> <span class='ocrx_word' id='word_1_745' title='bbox 2479 3856 2812 3923; x_wconf 65' lang='lat' dir='ltr'><strong>praeteritum</strong></span> <span class='ocrx_word' id='word_1_746' title='bbox 2844 3858 3008 3916; x_wconf 87' lang='lat' dir='ltr'><strong>totius</strong></span> <span class='ocrx_word' id='word_1_747' title='bbox 3036 3862 3212 3917; x_wconf 76' lang='lat' dir='ltr'><strong>aetatis</strong></span> <span class='ocrx_word' id='word_1_748' title='bbox 3240 3878 3408 3933; x_wconf 89' lang='lat' dir='ltr'><strong>usque</strong></span> <span class='ocrx_word' id='word_1_749' title='bbox 3435 3866 3505 3921; x_wconf 89' lang='lat' dir='ltr'><strong>ad</strong></span> 
     </span>
    </p>
   </div>
   <div class='ocr_carea' id='block_1_99' title="bbox 1919 3942 3506 4026">
    <p class='ocr_par' dir='ltr' id='par_1_99' title="bbox 1919 3942 3506 4026">
     <span class='ocr_line' id='line_1_99' title="bbox 1919 3942 3506 4026; baseline 0.011 -33"><span class='ocrx_word' id='word_1_750' title='bbox 1919 3953 2146 4007; x_wconf 89' lang='lat' dir='ltr'><strong>puerum</strong></span> <span class='ocrx_word' id='word_1_751' title='bbox 2177 3942 2337 3997; x_wconf 91' lang='lat' dir='ltr'><strong>unius</strong></span> <span class='ocrx_word' id='word_1_752' title='bbox 2365 3944 2540 3999; x_wconf 90' lang='lat' dir='ltr'><strong>noctis</strong></span> <span class='ocrx_word' id='word_1_753' title='bbox 2567 3946 2881 4002; x_wconf 87' lang='lat' dir='ltr'><strong>terminum.</strong></span> <span class='ocrx_word' id='word_1_754' title='bbox 2914 3948 3149 4007; x_wconf 88' lang='lat' dir='ltr'><strong>Noverat</strong></span> <span class='ocrx_word' id='word_1_755' title='bbox 3174 3953 3338 4026; x_wconf 88' lang='lat' dir='ltr'><strong>igitur</strong></span> <span class='ocrx_word' id='word_1_756' title='bbox 3358 3954 3506 4010; x_wconf 83' lang='lat' dir='ltr'><strong>calli-</strong></span> 
     </span>
    </p>
   </div>
   <div class='ocr_carea' id='block_1_100' title="bbox 1922 4032 3501 4113">
    <p class='ocr_par' dir='ltr' id='par_1_100' title="bbox 1922 4032 3501 4113">
     <span class='ocr_line' id='line_1_100' title="bbox 1922 4032 3501 4113; baseline 0.013 -27"><span class='ocrx_word' id='word_1_757' title='bbox 1922 4032 2177 4089; x_wconf 90' lang='lat' dir='ltr'><strong>dissimus</strong></span> <span class='ocrx_word' id='word_1_758' title='bbox 2220 4035 2413 4102; x_wconf 89' lang='lat' dir='ltr'><strong>hostis,</strong></span> <span class='ocrx_word' id='word_1_759' title='bbox 2466 4038 2766 4096; x_wconf 88' lang='lat' dir='ltr'><strong>divinitatis</strong></span> <span class='ocrx_word' id='word_1_760' title='bbox 2822 4058 3050 4113; x_wconf 87' lang='lat' dir='ltr'><strong>puerum</strong></span> <span class='ocrx_word' id='word_1_761' title='bbox 3092 4047 3272 4104; x_wconf 85' lang='lat' dir='ltr'><strong>subito</strong></span> <span class='ocrx_word' id='word_1_762' title='bbox 3318 4065 3501 4107; x_wconf 85' lang='lat' dir='ltr'><strong>coram</strong></span> 
     </span>
    </p>
   </div>
   <div class='ocr_carea' id='block_1_101' title="bbox 1921 4126 3502 4213">
    <p class='ocr_par' dir='ltr' id='par_1_101' title="bbox 1921 4126 3502 4213">
     <span class='ocr_line' id='line_1_101' title="bbox 1921 4126 3502 4213; baseline 0.011 -31"><span class='ocrx_word' id='word_1_763' title='bbox 1921 4126 2094 4183; x_wconf 91' lang='lat' dir='ltr'><strong>oculis</strong></span> <span class='ocrx_word' id='word_1_764' title='bbox 2116 4127 2263 4183; x_wconf 88' lang='lat' dir='ltr'><strong>velut</strong></span> <span class='ocrx_word' id='word_1_765' title='bbox 2294 4129 2520 4185; x_wconf 88' lang='lat' dir='ltr'><strong>duorum</strong></span> <span class='ocrx_word' id='word_1_766' title='bbox 2562 4148 2823 4188; x_wconf 87' lang='lat' dir='ltr'><strong>annorum</strong></span> <span class='ocrx_word' id='word_1_767' title='bbox 2880 4136 2963 4190; x_wconf 87' lang='lat' dir='ltr'><strong>vel</strong></span> <span class='ocrx_word' id='word_1_768' title='bbox 3007 4139 3165 4195; x_wconf 90' lang='lat' dir='ltr'><strong>unius</strong></span> <span class='ocrx_word' id='word_1_769' title='bbox 3199 4142 3378 4199; x_wconf 90' lang='lat' dir='ltr'><strong>noctis</strong></span> <span class='ocrx_word' id='word_1_770' title='bbox 3404 4157 3502 4213; x_wconf 88' lang='lat' dir='ltr'><strong>ap-</strong></span> 
     </span>
    </p>
   </div>
   <div class='ocr_carea' id='block_1_102' title="bbox 1919 4223 3497 4300">
    <p class='ocr_par' dir='ltr' id='par_1_102' title="bbox 1919 4223 3497 4300">
     <span class='ocr_line' id='line_1_102' title="bbox 1919 4223 3497 4300; baseline 0.01 -28"><span class='ocrx_word' id='word_1_771' title='bbox 1919 4232 2115 4288; x_wconf 87' lang='lat' dir='ltr'><strong>parere</strong></span> <span class='ocrx_word' id='word_1_772' title='bbox 2142 4223 2399 4291; x_wconf 88' lang='lat' dir='ltr'><strong>potuisse,</strong></span> <span class='ocrx_word' id='word_1_773' title='bbox 2429 4231 2489 4277; x_wconf 90' lang='lat' dir='ltr'><strong>ut</strong></span> <span class='ocrx_word' id='word_1_774' title='bbox 2533 4233 2747 4280; x_wconf 74' lang='lat' dir='ltr'><strong>aztatem</strong></span> <span class='ocrx_word' id='word_1_775' title='bbox 2783 4228 2866 4283; x_wconf 89' lang='lat' dir='ltr'><strong>sui</strong></span> <span class='ocrx_word' id='word_1_776' title='bbox 2895 4232 3153 4300; x_wconf 90' lang='lat' dir='ltr'><strong>temporis</strong></span> <span class='ocrx_word' id='word_1_777' title='bbox 3180 4232 3400 4300; x_wconf 83' lang='lat' dir='ltr'><strong>celaret,</strong></span> <span class='ocrx_word' id='word_1_778' title='bbox 3442 4245 3497 4291; x_wconf 90' lang='lat' dir='ltr'><strong>et</strong></span> 
     </span>
    </p>
   </div>
   <div class='ocr_carea' id='block_1_103' title="bbox 1920 4311 3499 4395">
    <p class='ocr_par' dir='ltr' id='par_1_103' title="bbox 1920 4311 3499 4395">
     <span class='ocr_line' id='line_1_103' title="bbox 1920 4311 3499 4395; baseline 0.013 -29"><span class='ocrx_word' id='word_1_779' title='bbox 1920 4311 2043 4367; x_wconf 90' lang='lat' dir='ltr'><strong>ideo</strong></span> <span class='ocrx_word' id='word_1_780' title='bbox 2069 4312 2170 4367; x_wconf 91' lang='lat' dir='ltr'><strong>sub</strong></span> <span class='ocrx_word' id='word_1_781' title='bbox 2196 4314 2296 4370; x_wconf 91' lang='lat' dir='ltr'><strong>hac</strong></span> <span class='ocrx_word' id='word_1_782' title='bbox 2320 4316 2646 4383; x_wconf 89' lang='lat' dir='ltr'><strong>conditione,</strong></span> <span class='ocrx_word' id='word_1_783' title='bbox 2676 4319 2802 4376; x_wconf 91' lang='lat' dir='ltr'><strong>hinc</strong></span> <span class='ocrx_word' id='word_1_784' title='bbox 2832 4322 2955 4379; x_wconf 89' lang='lat' dir='ltr'><strong>inde</strong></span> <span class='ocrx_word' id='word_1_785' title='bbox 2985 4328 3244 4395; x_wconf 89' lang='lat' dir='ltr'><strong>temporis</strong></span> <span class='ocrx_word' id='word_1_786' title='bbox 3264 4343 3328 4383; x_wconf 89' lang='lat' dir='ltr'><strong>ac</strong></span> <span class='ocrx_word' id='word_1_787' title='bbox 3354 4328 3499 4385; x_wconf 87' lang='lat' dir='ltr'><strong>loco-</strong></span> 
     </span>
    </p>
   </div>
   <div class='ocr_carea' id='block_1_104' title="bbox 1920 4413 3503 4491">
    <p class='ocr_par' dir='ltr' id='par_1_104' title="bbox 1920 4413 3503 4491">
     <span class='ocr_line' id='line_1_104' title="bbox 1920 4413 3503 4491; baseline 0.013 -35"><span class='ocrx_word' id='word_1_788' title='bbox 1920 4418 2039 4457; x_wconf 90' lang='lat' dir='ltr'><strong>rum</strong></span> <span class='ocrx_word' id='word_1_789' title='bbox 2091 4413 2273 4473; x_wconf 89' lang='lat' dir='ltr'><strong>partes</strong></span> <span class='ocrx_word' id='word_1_790' title='bbox 2325 4422 2515 4464; x_wconf 89' lang='lat' dir='ltr'><strong>omnes</strong></span> <span class='ocrx_word' id='word_1_791' title='bbox 2563 4415 2978 4483; x_wconf 64' lang='lat' dir='ltr'><strong>praeoccupavit,</strong></span> <span class='ocrx_word' id='word_1_792' title='bbox 3034 4426 3093 4471; x_wconf 91' lang='lat' dir='ltr'><strong>ut</strong></span> <span class='ocrx_word' id='word_1_793' title='bbox 3144 4419 3345 4491; x_wconf 88' lang='lat' dir='ltr'><strong>absque</strong></span> <span class='ocrx_word' id='word_1_794' title='bbox 3396 4421 3503 4477; x_wconf 90' lang='lat' dir='ltr'><strong>ullo</strong></span> 
     </span>
    </p>
   </div>
   <div class='ocr_carea' id='block_1_105' title="bbox 1922 4492 3498 4575">
    <p class='ocr_par' dir='ltr' id='par_1_105' title="bbox 1922 4492 3498 4575">
     <span class='ocr_line' id='line_1_105' title="bbox 1922 4492 3498 4575; baseline 0.015 -30"><span class='ocrx_word' id='word_1_795' title='bbox 1922 4492 2171 4565; x_wconf 90' lang='lat' dir='ltr'><strong>ambiguo</strong></span> <span class='ocrx_word' id='word_1_796' title='bbox 2202 4495 2255 4550; x_wconf 91' lang='lat' dir='ltr'><strong>in</strong></span> <span class='ocrx_word' id='word_1_797' title='bbox 2287 4506 2517 4553; x_wconf 88' lang='lat' dir='ltr'><strong>mortem</strong></span> <span class='ocrx_word' id='word_1_798' title='bbox 2568 4516 2693 4556; x_wconf 91' lang='lat' dir='ltr'><strong>eum</strong></span> <span class='ocrx_word' id='word_1_799' title='bbox 2741 4518 2900 4572; x_wconf 91' lang='lat' dir='ltr'><strong>quem</strong></span> <span class='ocrx_word' id='word_1_800' title='bbox 2952 4509 3229 4575; x_wconf 66' lang='lat' dir='ltr'><strong>quaerebat</strong></span> <span class='ocrx_word' id='word_1_801' title='bbox 3278 4513 3498 4567; x_wconf 84' lang='lat' dir='ltr'><strong>conclu—</strong></span> 
     </span>
    </p>
   </div>
   <div class='ocr_carea' id='block_1_106' title="bbox 1922 4587 2503 4642">
    <p class='ocr_par' dir='ltr' id='par_1_106' title="bbox 1922 4587 2503 4642">
     <span class='ocr_line' id='line_1_106' title="bbox 1922 4587 2503 4642; baseline 0 -1"><span class='ocrx_word' id='word_1_802' title='bbox 1922 4587 2091 4642; x_wconf 89' lang='lat' dir='ltr'><strong>deret.</strong></span> <span class='ocrx_word' id='word_1_803' title='bbox 2498 4616 2503 4619; x_wconf 90' lang='lat'><strong>-</strong></span> 
     </span>
    </p>
   </div>
   <div class='ocr_carea' id='block_1_107' title="bbox 1991 4677 3497 4760">
    <p class='ocr_par' dir='ltr' id='par_1_107' title="bbox 1991 4677 3497 4760">
     <span class='ocr_line' id='line_1_107' title="bbox 1991 4677 3497 4760; baseline 0.01 -28"><span class='ocrx_word' id='word_1_804' title='bbox 1991 4677 2135 4733; x_wconf 82' lang='lat' dir='ltr'><strong>Tum:</strong></span> <span class='ocrx_word' id='word_1_805' title='bbox 2165 4680 2435 4749; x_wconf 78' lang='lat' dir='ltr'><strong>impletum</strong></span> <span class='ocrx_word' id='word_1_806' title='bbox 2452 4692 2557 4749; x_wconf 85' lang='lat' dir='ltr'><strong>est,</strong></span> <span class='ocrx_word' id='word_1_807' title='bbox 2591 4686 2729 4755; x_wconf 85' lang='lat' dir='ltr'><strong>quod</strong></span> <span class='ocrx_word' id='word_1_808' title='bbox 2755 4687 2953 4741; x_wconf 85' lang='lat' dir='ltr'><strong>dictum</strong></span> <span class='ocrx_word' id='word_1_809' title='bbox 2987 4699 3061 4743; x_wconf 83' lang='lat' dir='ltr'><strong>est</strong></span> <span class='ocrx_word' id='word_1_810' title='bbox 3097 4708 3189 4760; x_wconf 84' lang='lat' dir='ltr'><strong>per</strong></span> <span class='ocrx_word' id='word_1_811' title='bbox 3215 4691 3497 4749; x_wconf 81' lang='lat' dir='ltr'><strong>Jeremiam</strong></span> 
     </span>
    </p>
   </div>
   <div class='ocr_carea' id='block_1_108' title="bbox 1913 4770 3499 4855">
    <p class='ocr_par' dir='ltr' id='par_1_108' title="bbox 1913 4770 3499 4855">
     <span class='ocr_line' id='line_1_108' title="bbox 1913 4770 3499 4855; baseline 0.011 -34"><span class='ocrx_word' id='word_1_812' title='bbox 1913 4770 2216 4838; x_wconf 78' lang='lat' dir='ltr'><strong>prophetam</strong></span> <span class='ocrx_word' id='word_1_813' title='bbox 2252 4772 2501 4829; x_wconf 81' lang='lat' dir='ltr'><strong>dicentem</strong></span> <span class='ocrx_word' id='word_1_814' title='bbox 2539 4792 2558 4830; x_wconf 91' lang='lat'><strong><em>:</em></strong></span> <span class='ocrx_word' id='word_1_815' title='bbox 2598 4775 2710 4831; x_wconf 64' lang='grc' dir='ltr'><strong>νοτ</strong></span> <span class='ocrx_word' id='word_1_816' title='bbox 2737 4778 2791 4832; x_wconf 86' lang='lat' dir='ltr'><strong>in</strong></span> <span class='ocrx_word' id='word_1_817' title='bbox 2833 4778 3004 4834; x_wconf 81' lang='lat' dir='ltr'><strong>Rama</strong></span> <span class='ocrx_word' id='word_1_818' title='bbox 3042 4782 3224 4836; x_wconf 82' lang='lat' dir='ltr'><strong>audita</strong></span> <span class='ocrx_word' id='word_1_819' title='bbox 3267 4795 3361 4846; x_wconf 82' lang='lat' dir='ltr'><strong>est,</strong></span> <span class='ocrx_word' id='word_1_820' title='bbox 3388 4784 3499 4855; x_wconf 84' lang='lat' dir='ltr'><strong>plo-</strong></span> 
     </span>
    </p>
   </div>
   <div class='ocr_carea' id='block_1_109' title="bbox 1913 4864 3495 4945">
    <p class='ocr_par' dir='ltr' id='par_1_109' title="bbox 1913 4864 3495 4945">
     <span class='ocr_line' id='line_1_109' title="bbox 1913 4864 3495 4945; baseline 0.01 -31"><span class='ocrx_word' id='word_1_821' title='bbox 1913 4871 2060 4916; x_wconf 82' lang='lat' dir='ltr'><strong>ratus</strong></span> <span class='ocrx_word' id='word_1_822' title='bbox 2087 4874 2132 4917; x_wconf 85' lang='lat' dir='ltr'><strong>et</strong></span> <span class='ocrx_word' id='word_1_823' title='bbox 2163 4864 2393 4922; x_wconf 79' lang='lat' dir='ltr'><strong>ululatus</strong></span> <span class='ocrx_word' id='word_1_824' title='bbox 2424 4868 2637 4924; x_wconf 83' lang='lat' dir='ltr'><strong>mullus.</strong></span> <span class='ocrx_word' id='word_1_825' title='bbox 2697 4869 2889 4927; x_wconf 76' lang='lat' dir='ltr'><strong>Rachel</strong></span> <span class='ocrx_word' id='word_1_826' title='bbox 2933 4873 3147 4944; x_wconf 84' lang='lat' dir='ltr'><strong>plorans</strong></span> <span class='ocrx_word' id='word_1_827' title='bbox 3185 4876 3322 4945; x_wconf 77' lang='lat' dir='ltr'><strong>ﬁlios</strong></span> <span class='ocrx_word' id='word_1_828' title='bbox 3352 4893 3495 4932; x_wconf 79' lang='lat' dir='ltr'><strong>suos.</strong></span> 
     </span>
    </p>
   </div>
   <div class='ocr_carea' id='block_1_110' title="bbox 1914 4953 3493 5039">
    <p class='ocr_par' dir='ltr' id='par_1_110' title="bbox 1914 4953 3493 5039">
     <span class='ocr_line' id='line_1_110' title="bbox 1914 4953 3493 5039; baseline 0.009 -32"><span class='ocrx_word' id='word_1_829' title='bbox 1914 4953 2126 5009; x_wconf 80' lang='lat' dir='ltr'><strong>Veteris</strong></span> <span class='ocrx_word' id='word_1_830' title='bbox 2175 4958 2389 5027; x_wconf 89' lang='lat' dir='ltr'><strong>quidem</strong></span> <span class='ocrx_word' id='word_1_831' title='bbox 2443 4961 2672 5017; x_wconf 87' lang='lat' dir='ltr'><strong>fortasse</strong></span> <span class='ocrx_word' id='word_1_832' title='bbox 2708 4968 3027 5021; x_wconf 88' lang='lat' dir='ltr'><strong>recordatur</strong></span> <span class='ocrx_word' id='word_1_833' title='bbox 3079 4968 3493 5039; x_wconf 72' lang='lat' dir='ltr'><strong>historizeUud.</strong></span> 
     </span>
    </p>
   </div>
   <div class='ocr_carea' id='block_1_111' title="bbox 1914 5048 3495 5122">
    <p class='ocr_par' dir='ltr' id='par_1_111' title="bbox 1914 5048 3495 5122">
     <span class='ocr_line' id='line_1_111' title="bbox 1914 5048 3495 5122; baseline 0.012 -24"><span class='ocrx_word' id='word_1_834' title='bbox 1914 5061 2030 5111; x_wconf 76' lang='lat' dir='ltr'><strong>xix,</strong></span> <span class='ocrx_word' id='word_1_835' title='bbox 2058 5048 2173 5116; x_wconf 85' lang='lat' dir='ltr'><strong>xx),</strong></span> <span class='ocrx_word' id='word_1_836' title='bbox 2218 5050 2309 5105; x_wconf 89' lang='lat' dir='ltr'><strong>ubi</strong></span> <span class='ocrx_word' id='word_1_837' title='bbox 2356 5060 2575 5122; x_wconf 87' lang='lat' dir='ltr'><strong>propter</strong></span> <span class='ocrx_word' id='word_1_838' title='bbox 2628 5070 2850 5112; x_wconf 80' lang='lat' dir='ltr'><strong>uxorem</strong></span> <span class='ocrx_word' id='word_1_839' title='bbox 2896 5057 3095 5114; x_wconf 75' lang='lat' dir='ltr'><strong>Levita:</strong></span> <span class='ocrx_word' id='word_1_840' title='bbox 3134 5058 3495 5117; x_wconf 89' lang='lat' dir='ltr'><strong>fornicatione</strong></span> 
     </span>
    </p>
   </div>
   <div class='ocr_carea' id='block_1_112' title="bbox 1913 5147 3491 5212">
    <p class='ocr_par' dir='ltr' id='par_1_112' title="bbox 1913 5147 3491 5212">
     <span class='ocr_line' id='line_1_112' title="bbox 1913 5147 3491 5212; baseline 0.01 -18"><span class='ocrx_word' id='word_1_841' title='bbox 1913 5151 2245 5212; x_wconf 88' lang='lat' dir='ltr'><strong>peremptam</strong></span> <span class='ocrx_word' id='word_1_842' title='bbox 2283 5147 2577 5203; x_wconf 89' lang='lat' dir='ltr'><strong>secundum</strong></span> <span class='ocrx_word' id='word_1_843' title='bbox 2614 5166 2894 5205; x_wconf 91' lang='lat' dir='ltr'><strong>numerum</strong></span> <span class='ocrx_word' id='word_1_844' title='bbox 2927 5153 3207 5208; x_wconf 83' lang='lat' dir='ltr'><strong>duodecim</strong></span> <span class='ocrx_word' id='word_1_845' title='bbox 3253 5155 3491 5210; x_wconf 88' lang='lat' dir='ltr'><strong>tribuum</strong></span> 
     </span>
    </p>
   </div>
   <div class='ocr_carea' id='block_1_113' title="bbox 1915 5231 3495 5319">
    <p class='ocr_par' dir='ltr' id='par_1_113' title="bbox 1915 5231 3495 5319">
     <span class='ocr_line' id='line_1_113' title="bbox 1915 5231 3495 5319; baseline 0.012 -34"><span class='ocrx_word' id='word_1_846' title='bbox 1915 5231 1970 5285; x_wconf 91' lang='lat' dir='ltr'><strong>in</strong></span> <span class='ocrx_word' id='word_1_847' title='bbox 2001 5233 2279 5289; x_wconf 86' lang='lat' dir='ltr'><strong>duodecim</strong></span> <span class='ocrx_word' id='word_1_848' title='bbox 2307 5247 2490 5307; x_wconf 90' lang='lat' dir='ltr'><strong>partes</strong></span> <span class='ocrx_word' id='word_1_849' title='bbox 2511 5239 2763 5307; x_wconf 84' lang='lat' dir='ltr'><strong>divisam,</strong></span> <span class='ocrx_word' id='word_1_850' title='bbox 2803 5244 2979 5298; x_wconf 91' lang='lat' dir='ltr'><strong>omnis</strong></span> <span class='ocrx_word' id='word_1_851' title='bbox 3014 5244 3175 5299; x_wconf 88' lang='lat' dir='ltr'><strong>Israel</strong></span> <span class='ocrx_word' id='word_1_852' title='bbox 3213 5245 3370 5319; x_wconf 64' lang='grc'><strong>143</strong></span> <span class='ocrx_word' id='word_1_853' title='bbox 3401 5248 3495 5304; x_wconf 88' lang='lat' dir='ltr'><strong>tri-</strong></span> 
     </span>
    </p>
   </div>
   <div class='ocr_carea' id='block_1_114' title="bbox 1914 5323 3494 5400">
    <p class='ocr_par' dir='ltr' id='par_1_114' title="bbox 1914 5323 3494 5400">
     <span class='ocr_line' id='line_1_114' title="bbox 1914 5323 3494 5400; baseline 0.011 -22"><span class='ocrx_word' id='word_1_854' title='bbox 1914 5324 2042 5378; x_wconf 85' lang='lat' dir='ltr'><strong>bum</strong></span> <span class='ocrx_word' id='word_1_855' title='bbox 2073 5323 2367 5394; x_wconf 86' lang='lat' dir='ltr'><strong>Benjamiu,</strong></span> <span class='ocrx_word' id='word_1_856' title='bbox 2406 5339 2606 5400; x_wconf 60' lang='lat' dir='ltr'><strong>praeter</strong></span> <span class='ocrx_word' id='word_1_857' title='bbox 2635 5341 2905 5387; x_wconf 78' lang='lat' dir='ltr'><strong>trecentos</strong></span> <span class='ocrx_word' id='word_1_858' title='bbox 2957 5334 3119 5399; x_wconf 86' lang='lat' dir='ltr'><strong>viros,</strong></span> <span class='ocrx_word' id='word_1_859' title='bbox 3158 5351 3376 5394; x_wconf 88' lang='lat' dir='ltr'><strong>onmem</strong></span> <span class='ocrx_word' id='word_1_860' title='bbox 3403 5354 3494 5396; x_wconf 84' lang='lat' dir='ltr'><strong>us-</strong></span> 
     </span>
    </p>
   </div>
   <div class='ocr_carea' id='block_1_115' title="bbox 1922 5418 3493 5503">
    <p class='ocr_par' dir='ltr' id='par_1_115' title="bbox 1922 5418 3493 5503">
     <span class='ocr_line' id='line_1_115' title="bbox 1922 5418 3493 5503; baseline 0.012 -34"><span class='ocrx_word' id='word_1_861' title='bbox 1922 5432 2027 5487; x_wconf 92' lang='lat' dir='ltr'><strong>que</strong></span> <span class='ocrx_word' id='word_1_862' title='bbox 2049 5418 2115 5471; x_wconf 90' lang='lat' dir='ltr'><strong>ad</strong></span> <span class='ocrx_word' id='word_1_863' title='bbox 2144 5418 2564 5477; x_wconf 88' lang='lat' dir='ltr'><strong>internecionem</strong></span> <span class='ocrx_word' id='word_1_864' title='bbox 2593 5424 2808 5480; x_wconf 89' lang='lat' dir='ltr'><strong>delevit.</strong></span> <span class='ocrx_word' id='word_1_865' title='bbox 2841 5426 3077 5493; x_wconf 90' lang='lat' dir='ltr'><strong>Quorum</strong></span> <span class='ocrx_word' id='word_1_866' title='bbox 3095 5429 3185 5497; x_wconf 90' lang='lat' dir='ltr'><strong>qui</strong></span> <span class='ocrx_word' id='word_1_867' title='bbox 3213 5432 3493 5503; x_wconf 88' lang='lat' dir='ltr'><strong>superfue-</strong></span> 
     </span>
    </p>
   </div>
   <div class='ocr_carea' id='block_1_116' title="bbox 1924 5511 3492 5589">
    <p class='ocr_par' dir='ltr' id='par_1_116' title="bbox 1924 5511 3492 5589">
     <span class='ocr_line' id='line_1_116' title="bbox 1924 5511 3492 5589; baseline 0.011 -26"><span class='ocrx_word' id='word_1_868' title='bbox 1924 5520 2046 5565; x_wconf 86' lang='lat' dir='ltr'><strong>rant</strong></span> <span class='ocrx_word' id='word_1_869' title='bbox 2071 5511 2311 5581; x_wconf 85' lang='lat' dir='ltr'><strong>ploratus</strong></span> <span class='ocrx_word' id='word_1_870' title='bbox 2337 5522 2391 5568; x_wconf 92' lang='lat' dir='ltr'><strong>et</strong></span> <span class='ocrx_word' id='word_1_871' title='bbox 2417 5514 2646 5571; x_wconf 88' lang='lat' dir='ltr'><strong>ululatus</strong></span> <span class='ocrx_word' id='word_1_872' title='bbox 2669 5533 2771 5572; x_wconf 84' lang='lat' dir='ltr'><strong>vox</strong></span> <span class='ocrx_word' id='word_1_873' title='bbox 2797 5527 2939 5571; x_wconf 89' lang='lat' dir='ltr'><strong>tanta</strong></span> <span class='ocrx_word' id='word_1_874' title='bbox 2970 5534 3138 5589; x_wconf 86' lang='lat' dir='ltr'><strong>usque</strong></span> <span class='ocrx_word' id='word_1_875' title='bbox 3161 5522 3330 5578; x_wconf 74' lang='lat' dir='ltr'><strong>ﬂama</strong></span> <span class='ocrx_word' id='word_1_876' title='bbox 3361 5525 3492 5579; x_wconf 54' lang='lat' dir='ltr'><strong>duo.</strong></span> 
     </span>
    </p>
   </div>
   <div class='ocr_carea' id='block_1_117' title="bbox 1922 5603 3492 5685">
    <p class='ocr_par' dir='ltr' id='par_1_117' title="bbox 1922 5603 3492 5685">
     <span class='ocr_line' id='line_1_117' title="bbox 1922 5603 3492 5685; baseline 0.011 -29"><span class='ocrx_word' id='word_1_877' title='bbox 1922 5603 2131 5657; x_wconf 85' lang='lat' dir='ltr'><strong>decimo</strong></span> <span class='ocrx_word' id='word_1_878' title='bbox 2148 5604 2396 5659; x_wconf 88' lang='lat' dir='ltr'><strong>milliario</strong></span> <span class='ocrx_word' id='word_1_879' title='bbox 2414 5607 2481 5659; x_wconf 88' lang='lat' dir='ltr'><strong>ab</strong></span> <span class='ocrx_word' id='word_1_880' title='bbox 2506 5606 2816 5663; x_wconf 85' lang='lat' dir='ltr'><strong>Bethlehem</strong></span> <span class='ocrx_word' id='word_1_881' title='bbox 2839 5610 3018 5665; x_wconf 89' lang='lat' dir='ltr'><strong>audita</strong></span> <span class='ocrx_word' id='word_1_882' title='bbox 3030 5624 3408 5685; x_wconf 75' lang='lat' dir='ltr'><strong>exaggeratur,</strong></span> <span class='ocrx_word' id='word_1_883' title='bbox 3432 5624 3492 5673; x_wconf 89' lang='lat' dir='ltr'><strong>ut</strong></span> 
     </span>
    </p>
   </div>
   <div class='ocr_carea' id='block_1_118' title="bbox 1922 5695 3492 5765">
    <p class='ocr_par' dir='ltr' id='par_1_118' title="bbox 1922 5695 3492 5765">
     <span class='ocr_line' id='line_1_118' title="bbox 1922 5695 3492 5765; baseline 0.008 -16"><span class='ocrx_word' id='word_1_884' title='bbox 1922 5695 2262 5764; x_wconf 85' lang='lat' dir='ltr'><strong>hyperbolice</strong></span> <span class='ocrx_word' id='word_1_885' title='bbox 2288 5696 2487 5751; x_wconf 76' lang='lat' dir='ltr'><strong>Rachel</strong></span> <span class='ocrx_word' id='word_1_886' title='bbox 2522 5697 2635 5765; x_wconf 87' lang='lat' dir='ltr'><strong>jam</strong></span> <span class='ocrx_word' id='word_1_887' title='bbox 2664 5710 2872 5755; x_wconf 88' lang='lat' dir='ltr'><strong>mortua</strong></span> <span class='ocrx_word' id='word_1_888' title='bbox 2925 5703 3155 5760; x_wconf 87' lang='lat' dir='ltr'><strong>dolentis</strong></span> <span class='ocrx_word' id='word_1_889' title='bbox 3194 5705 3383 5761; x_wconf 68' lang='lat' dir='ltr'><strong>affectu</strong></span> <span class='ocrx_word' id='word_1_890' title='bbox 3429 5708 3492 5761; x_wconf 86' lang='lat' dir='ltr'><strong>li—</strong></span> 
     </span>
    </p>
   </div>
   <div class='ocr_carea' id='block_1_119' title="bbox 1921 5784 3493 5864">
    <p class='ocr_par' dir='ltr' id='par_1_119' title="bbox 1921 5784 3493 5864">
     <span class='ocr_line' id='line_1_119' title="bbox 1921 5784 3493 5864; baseline 0.01 -26"><span class='ocrx_word' id='word_1_891' title='bbox 1921 5785 2022 5839; x_wconf 83' lang='lat' dir='ltr'><strong>lios</strong></span> <span class='ocrx_word' id='word_1_892' title='bbox 2055 5784 2184 5861; x_wconf 75' lang='lat' dir='ltr'><strong>ﬁere</strong></span> <span class='ocrx_word' id='word_1_893' title='bbox 2225 5788 2451 5842; x_wconf 87' lang='lat' dir='ltr'><strong>dicatur.</strong></span> <span class='ocrx_word' id='word_1_894' title='bbox 2507 5788 2656 5845; x_wconf 85' lang='lat' dir='ltr'><strong>Unde</strong></span> <span class='ocrx_word' id='word_1_895' title='bbox 2698 5792 2950 5848; x_wconf 82' lang='lat' dir='ltr'><strong>nimirum</strong></span> <span class='ocrx_word' id='word_1_896' title='bbox 2980 5810 3077 5864; x_wconf 75' lang='lat' dir='ltr'><strong>per</strong></span> <span class='ocrx_word' id='word_1_897' title='bbox 3107 5798 3204 5851; x_wconf 78' lang='lat' dir='ltr'><strong>hoc</strong></span> <span class='ocrx_word' id='word_1_898' title='bbox 3248 5798 3312 5852; x_wconf 84' lang='lat' dir='ltr'><strong>de</strong></span> <span class='ocrx_word' id='word_1_899' title='bbox 3339 5798 3493 5853; x_wconf 68' lang='grc' dir='ltr'><strong>(ἶΙιῖιιε</strong></span> 
     </span>
    </p>
   </div>
  </div>
