  <div class='ocr_page' id='page_1' title='image "/cluster/home/n/w/nwhite01/storage/ocr_20150623/120/hvd.32044015466923/077.png"; bbox 0 0 4032 6358; ppageno 0'>
   <div class='ocr_carea' id='block_1_1' title="bbox 515 291 616 347">
    <p class='ocr_par' dir='ltr' id='par_1_1' title="bbox 515 291 616 347">
     <span class='ocr_line' id='line_1_1' title="bbox 515 291 616 347; baseline 0 -1"><span class='ocrx_word' id='word_1_1' title='bbox 515 291 616 347; x_wconf 68' lang='grc'><strong>143</strong></span> 
     </span>
    </p>
   </div>
   <div class='ocr_carea' id='block_1_2' title="bbox 1341 281 2994 346">
    <p class='ocr_par' dir='ltr' id='par_1_2' title="bbox 1341 281 2994 346">
     <span class='ocr_line' id='line_1_2' title="bbox 1341 281 2994 346; baseline -0.004 -1"><span class='ocrx_word' id='word_1_2' title='bbox 1341 289 1397 345; x_wconf 91' lang='lat' dir='ltr'><strong>S.</strong></span> <span class='ocrx_word' id='word_1_3' title='bbox 1439 287 1794 346; x_wconf 78' lang='lat' dir='ltr'><strong>PASCHASII</strong></span> <span class='ocrx_word' id='word_1_4' title='bbox 1834 281 2183 344; x_wconf 81' lang='lat' dir='ltr'><strong>RADBERTI</strong></span> <span class='ocrx_word' id='word_1_5' title='bbox 2214 285 2509 342; x_wconf 87' lang='lat' dir='ltr'><strong>ABBATIS</strong></span> <span class='ocrx_word' id='word_1_6' title='bbox 2543 283 2994 343; x_wconf 80' lang='lat' dir='ltr'><strong>CORBEIENSIS</strong></span> 
     </span>
    </p>
   </div>
   <div class='ocr_carea' id='block_1_3' title="bbox 3696 285 3800 348">
    <p class='ocr_par' dir='ltr' id='par_1_3' title="bbox 3696 285 3800 348">
     <span class='ocr_line' id='line_1_3' title="bbox 3696 285 3800 348; baseline 0.067 -7"><span class='ocrx_word' id='word_1_7' title='bbox 3696 285 3800 348; x_wconf 74' lang='grc' dir='ltr'><strong>ιιι</strong></span> 
     </span>
    </p>
   </div>
   <div class='ocr_carea' id='block_1_4' title="bbox 513 393 3795 474">
    <p class='ocr_par' dir='ltr' id='par_1_4' title="bbox 513 393 3795 474">
     <span class='ocr_line' id='line_1_4' title="bbox 513 393 3795 474; baseline -0.002 -13"><span class='ocrx_word' id='word_1_8' title='bbox 513 404 643 461; x_wconf 58' lang='lat' dir='ltr'><strong>datis</strong></span> <span class='ocrx_word' id='word_1_9' title='bbox 660 401 864 459; x_wconf 88' lang='lat' dir='ltr'><strong>texitur</strong></span> <span class='ocrx_word' id='word_1_10' title='bbox 889 401 1136 468; x_wconf 77' lang='lat' dir='ltr'><strong>historia,</strong></span> <span class='ocrx_word' id='word_1_11' title='bbox 1167 403 1308 474; x_wconf 89' lang='lat' dir='ltr'><strong>quod</strong></span> <span class='ocrx_word' id='word_1_12' title='bbox 1347 403 1538 458; x_wconf 86' lang='lat' dir='ltr'><strong>similis</strong></span> <span class='ocrx_word' id='word_1_13' title='bbox 1565 401 1792 458; x_wconf 79' lang='lat' dir='ltr'><strong>essetab</strong></span> <span class='ocrx_word' id='word_1_14' title='bbox 1817 402 1897 456; x_wconf 90' lang='lat' dir='ltr'><strong>eis</strong></span> <span class='ocrx_word' id='word_1_15' title='bbox 1921 400 2089 470; x_wconf 88' lang='lat' dir='ltr'><strong>priori</strong></span> <span class='ocrx_word' id='word_1_16' title='bbox 2120 401 2170 460; x_wconf 79' lang='grc' dir='ltr'><strong>Α</strong></span> <span class='ocrx_word' id='word_1_17' title='bbox 2196 397 2496 451; x_wconf 71' lang='lat' dir='ltr'><strong>lacerantes</strong></span> <span class='ocrx_word' id='word_1_18' title='bbox 2532 396 2739 453; x_wconf 75' lang='lat' dir='ltr'><strong>vertice</strong></span> <span class='ocrx_word' id='word_1_19' title='bbox 2770 396 2953 452; x_wconf 88' lang='lat' dir='ltr'><strong>crines</strong></span> <span class='ocrx_word' id='word_1_20' title='bbox 2987 393 3364 460; x_wconf 88' lang='lat' dir='ltr'><strong>trahebantur,</strong></span> <span class='ocrx_word' id='word_1_21' title='bbox 3392 400 3449 449; x_wconf 91' lang='lat' dir='ltr'><strong>et</strong></span> <span class='ocrx_word' id='word_1_22' title='bbox 3475 395 3621 450; x_wconf 89' lang='lat' dir='ltr'><strong>nuda</strong></span> <span class='ocrx_word' id='word_1_23' title='bbox 3643 411 3795 453; x_wconf 83' lang='lat' dir='ltr'><strong>rum-</strong></span> 
     </span>
    </p>
   </div>
   <div class='ocr_carea' id='block_1_5' title="bbox 513 493 2096 567">
    <p class='ocr_par' dir='ltr' id='par_1_5' title="bbox 513 493 2096 567">
     <span class='ocr_line' id='line_1_5' title="bbox 513 493 2096 567; baseline -0.004 -15"><span class='ocrx_word' id='word_1_24' title='bbox 513 497 650 553; x_wconf 86' lang='lat' dir='ltr'><strong>eladi</strong></span> <span class='ocrx_word' id='word_1_25' title='bbox 677 497 872 567; x_wconf 91' lang='lat' dir='ltr'><strong>populo</strong></span> <span class='ocrx_word' id='word_1_26' title='bbox 897 495 1203 552; x_wconf 74' lang='lat' dir='ltr'><strong>Judzeorum</strong></span> <span class='ocrx_word' id='word_1_27' title='bbox 1257 495 1436 550; x_wconf 88' lang='lat' dir='ltr'><strong>futura</strong></span> <span class='ocrx_word' id='word_1_28' title='bbox 1473 495 1723 550; x_wconf 86' lang='lat' dir='ltr'><strong>vastatio.</strong></span> <span class='ocrx_word' id='word_1_29' title='bbox 1781 493 1887 549; x_wconf 88' lang='lat' dir='ltr'><strong>Sed</strong></span> <span class='ocrx_word' id='word_1_30' title='bbox 1913 493 2096 547; x_wconf 88' lang='lat' dir='ltr'><strong>verius</strong></span> 
     </span>
    </p>
   </div>
   <div class='ocr_carea' id='block_1_6' title="bbox 515 585 2095 658">
    <p class='ocr_par' dir='ltr' id='par_1_6' title="bbox 515 585 2095 658">
     <span class='ocr_line' id='line_1_6' title="bbox 515 585 2095 658; baseline -0.003 -16"><span class='ocrx_word' id='word_1_31' title='bbox 515 587 786 644; x_wconf 87' lang='lat' dir='ltr'><strong>revelante</strong></span> <span class='ocrx_word' id='word_1_32' title='bbox 818 586 1023 657; x_wconf 88' lang='lat' dir='ltr'><strong>Spiritu</strong></span> <span class='ocrx_word' id='word_1_33' title='bbox 1061 596 1279 653; x_wconf 87' lang='lat' dir='ltr'><strong>sancto,</strong></span> <span class='ocrx_word' id='word_1_34' title='bbox 1321 603 1419 658; x_wconf 90' lang='lat' dir='ltr'><strong>per</strong></span> <span class='ocrx_word' id='word_1_35' title='bbox 1456 587 1674 642; x_wconf 89' lang='lat' dir='ltr'><strong>beatum</strong></span> <span class='ocrx_word' id='word_1_36' title='bbox 1711 585 2095 655; x_wconf 81' lang='lat' dir='ltr'><strong>evangelistam</strong></span> 
     </span>
    </p>
   </div>
   <div class='ocr_carea' id='block_1_7' title="bbox 515 679 2096 752">
    <p class='ocr_par' dir='ltr' id='par_1_7' title="bbox 515 679 2096 752">
     <span class='ocr_line' id='line_1_7' title="bbox 515 679 2096 752; baseline -0.002 -16"><span class='ocrx_word' id='word_1_37' title='bbox 515 681 804 752; x_wconf 86' lang='lat' dir='ltr'><strong>prophetia</strong></span> <span class='ocrx_word' id='word_1_38' title='bbox 856 681 923 735; x_wconf 90' lang='lat' dir='ltr'><strong>de</strong></span> <span class='ocrx_word' id='word_1_39' title='bbox 977 697 1108 737; x_wconf 90' lang='lat' dir='ltr'><strong>nece</strong></span> <span class='ocrx_word' id='word_1_40' title='bbox 1157 696 1444 752; x_wconf 88' lang='lat' dir='ltr'><strong>puerorum</strong></span> <span class='ocrx_word' id='word_1_41' title='bbox 1499 681 1785 752; x_wconf 83' lang='lat' dir='ltr'><strong>accipitur,</strong></span> <span class='ocrx_word' id='word_1_42' title='bbox 1829 681 1920 751; x_wconf 86' lang='lat' dir='ltr'><strong>qui</strong></span> <span class='ocrx_word' id='word_1_43' title='bbox 1972 679 2096 735; x_wconf 74' lang='lat' dir='ltr'><strong>caesi</strong></span> 
     </span>
    </p>
   </div>
   <div class='ocr_carea' id='block_1_8' title="bbox 518 772 2097 844">
    <p class='ocr_par' dir='ltr' id='par_1_8' title="bbox 518 772 2097 844">
     <span class='ocr_line' id='line_1_8' title="bbox 518 772 2097 844; baseline -0.002 -16"><span class='ocrx_word' id='word_1_44' title='bbox 518 783 770 844; x_wconf 66' lang='lat' dir='ltr'><strong>suntpro</strong></span> <span class='ocrx_word' id='word_1_45' title='bbox 809 772 1048 838; x_wconf 88' lang='lat' dir='ltr'><strong>Christo,</strong></span> <span class='ocrx_word' id='word_1_46' title='bbox 1082 775 1328 844; x_wconf 86' lang='lat' dir='ltr'><strong>quamvis</strong></span> <span class='ocrx_word' id='word_1_47' title='bbox 1361 773 1430 828; x_wconf 92' lang='lat' dir='ltr'><strong>ad</strong></span> <span class='ocrx_word' id='word_1_48' title='bbox 1472 783 1762 844; x_wconf 91' lang='lat' dir='ltr'><strong>utrumque</strong></span> <span class='ocrx_word' id='word_1_49' title='bbox 1799 787 1950 827; x_wconf 76' lang='lat' dir='ltr'><strong>more</strong></span> <span class='ocrx_word' id='word_1_50' title='bbox 1974 787 2097 842; x_wconf 86' lang='lat' dir='ltr'><strong>pro-</strong></span> 
     </span>
    </p>
   </div>
   <div class='ocr_carea' id='block_1_9' title="bbox 511 862 2098 935">
    <p class='ocr_par' dir='ltr' id='par_1_9' title="bbox 511 862 2098 935">
     <span class='ocr_line' id='line_1_9' title="bbox 511 862 2098 935; baseline -0.002 -16"><span class='ocrx_word' id='word_1_51' title='bbox 511 865 708 935; x_wconf 71' lang='lat' dir='ltr'><strong>phetiae</strong></span> <span class='ocrx_word' id='word_1_52' title='bbox 757 863 948 920; x_wconf 91' lang='lat' dir='ltr'><strong>referri</strong></span> <span class='ocrx_word' id='word_1_53' title='bbox 980 879 1140 935; x_wconf 90' lang='lat' dir='ltr'><strong>posse</strong></span> <span class='ocrx_word' id='word_1_54' title='bbox 1176 880 1283 919; x_wconf 92' lang='lat' dir='ltr'><strong>non</strong></span> <span class='ocrx_word' id='word_1_55' title='bbox 1334 865 1626 935; x_wconf 80' lang='lat' dir='ltr'><strong>incongrue</strong></span> <span class='ocrx_word' id='word_1_56' title='bbox 1649 864 1918 918; x_wconf 91' lang='lat' dir='ltr'><strong>videatur.</strong></span> <span class='ocrx_word' id='word_1_57' title='bbox 1960 862 2098 917; x_wconf 87' lang='lat' dir='ltr'><strong>Hinc</strong></span> 
     </span>
    </p>
   </div>
   <div class='ocr_carea' id='block_1_10' title="bbox 508 953 2096 1027">
    <p class='ocr_par' dir='ltr' id='par_1_10' title="bbox 508 953 2096 1027">
     <span class='ocr_line' id='line_1_10' title="bbox 508 953 2096 1027; baseline -0.002 -17"><span class='ocrx_word' id='word_1_58' title='bbox 508 972 639 1027; x_wconf 90' lang='lat' dir='ltr'><strong>ergo</strong></span> <span class='ocrx_word' id='word_1_59' title='bbox 670 965 816 1012; x_wconf 90' lang='lat' dir='ltr'><strong>recte</strong></span> <span class='ocrx_word' id='word_1_60' title='bbox 838 956 1056 1020; x_wconf 90' lang='lat' dir='ltr'><strong>dicitur,</strong></span> <span class='ocrx_word' id='word_1_61' title='bbox 1082 956 1222 1024; x_wconf 88' lang='lat' dir='ltr'><strong>quod</strong></span> <span class='ocrx_word' id='word_1_62' title='bbox 1261 964 1387 1010; x_wconf 91' lang='lat' dir='ltr'><strong>tunc</strong></span> <span class='ocrx_word' id='word_1_63' title='bbox 1409 956 1686 1025; x_wconf 89' lang='lat' dir='ltr'><strong>impletum</strong></span> <span class='ocrx_word' id='word_1_64' title='bbox 1716 955 1808 1019; x_wconf 88' lang='lat' dir='ltr'><strong>sit,</strong></span> <span class='ocrx_word' id='word_1_65' title='bbox 1855 955 1996 1024; x_wconf 90' lang='lat' dir='ltr'><strong>quod</strong></span> <span class='ocrx_word' id='word_1_66' title='bbox 2016 953 2096 1008; x_wconf 85' lang='lat' dir='ltr'><strong>di-</strong></span> 
     </span>
    </p>
   </div>
   <div class='ocr_carea' id='block_1_11' title="bbox 511 1044 2096 1116">
    <p class='ocr_par' dir='ltr' id='par_1_11' title="bbox 511 1044 2096 1116">
     <span class='ocr_line' id='line_1_11' title="bbox 511 1044 2096 1116; baseline -0.003 -14"><span class='ocrx_word' id='word_1_67' title='bbox 511 1057 657 1102; x_wconf 92' lang='lat' dir='ltr'><strong>ctum</strong></span> <span class='ocrx_word' id='word_1_68' title='bbox 681 1057 768 1102; x_wconf 87' lang='lat' dir='ltr'><strong>est</strong></span> <span class='ocrx_word' id='word_1_69' title='bbox 793 1062 889 1116; x_wconf 91' lang='lat' dir='ltr'><strong>per</strong></span> <span class='ocrx_word' id='word_1_70' title='bbox 923 1045 1211 1101; x_wconf 83' lang='lat' dir='ltr'><strong>Jeremiam</strong></span> <span class='ocrx_word' id='word_1_71' title='bbox 1239 1046 1557 1116; x_wconf 89' lang='lat' dir='ltr'><strong>prophetam</strong></span> <span class='ocrx_word' id='word_1_72' title='bbox 1587 1046 1887 1100; x_wconf 90' lang='lat' dir='ltr'><strong>dicentem:</strong></span> <span class='ocrx_word' id='word_1_73' title='bbox 1913 1044 2027 1098; x_wconf 76' lang='lat' dir='ltr'><strong>Vox</strong></span> <span class='ocrx_word' id='word_1_74' title='bbox 2043 1046 2096 1098; x_wconf 85' lang='lat' dir='ltr'><strong>in</strong></span> 
     </span>
    </p>
   </div>
   <div class='ocr_carea' id='block_1_12' title="bbox 513 1137 2094 1205">
    <p class='ocr_par' dir='ltr' id='par_1_12' title="bbox 513 1137 2094 1205">
     <span class='ocr_line' id='line_1_12' title="bbox 513 1137 2094 1205; baseline -0.001 -14"><span class='ocrx_word' id='word_1_75' title='bbox 513 1138 680 1192; x_wconf 64' lang='lat' dir='ltr'><strong>[fama</strong></span> <span class='ocrx_word' id='word_1_76' title='bbox 704 1139 886 1192; x_wconf 84' lang='lat' dir='ltr'><strong>audita</strong></span> <span class='ocrx_word' id='word_1_77' title='bbox 909 1147 1004 1192; x_wconf 87' lang='lat' dir='ltr'><strong>est.</strong></span> <span class='ocrx_word' id='word_1_78' title='bbox 1038 1139 1174 1205; x_wconf 87' lang='lat' dir='ltr'><strong>Quia</strong></span> <span class='ocrx_word' id='word_1_79' title='bbox 1203 1139 1460 1192; x_wconf 87' lang='lat' dir='ltr'><strong>nimirum</strong></span> <span class='ocrx_word' id='word_1_80' title='bbox 1495 1138 1594 1192; x_wconf 88' lang='lat' dir='ltr'><strong>etsi</strong></span> <span class='ocrx_word' id='word_1_81' title='bbox 1618 1138 1682 1191; x_wconf 90' lang='lat' dir='ltr'><strong>ad</strong></span> <span class='ocrx_word' id='word_1_82' title='bbox 1722 1137 2094 1191; x_wconf 85' lang='lat' dir='ltr'><strong>imminentem</strong></span> 
     </span>
    </p>
   </div>
   <div class='ocr_carea' id='block_1_13' title="bbox 511 1227 2097 1300">
    <p class='ocr_par' dir='ltr' id='par_1_13' title="bbox 511 1227 2097 1300">
     <span class='ocr_line' id='line_1_13' title="bbox 511 1227 2097 1300; baseline -0.001 -16"><span class='ocrx_word' id='word_1_83' title='bbox 511 1230 881 1300; x_wconf 88' lang='lat' dir='ltr'><strong>captivitatem</strong></span> <span class='ocrx_word' id='word_1_84' title='bbox 907 1227 1216 1284; x_wconf 63' lang='lat' dir='ltr'><strong>Judazorum</strong></span> <span class='ocrx_word' id='word_1_85' title='bbox 1238 1244 1416 1283; x_wconf 91' lang='lat' dir='ltr'><strong>sermo</strong></span> <span class='ocrx_word' id='word_1_86' title='bbox 1439 1229 1736 1299; x_wconf 66' lang='lat' dir='ltr'><strong>prophetia:</strong></span> <span class='ocrx_word' id='word_1_87' title='bbox 1758 1229 1999 1298; x_wconf 87' lang='lat' dir='ltr'><strong>respicit,</strong></span> <span class='ocrx_word' id='word_1_88' title='bbox 2017 1236 2097 1282; x_wconf 88' lang='lat' dir='ltr'><strong>ta-</strong></span> 
     </span>
    </p>
   </div>
   <div class='ocr_carea' id='block_1_14' title="bbox 512 1318 2094 1390">
    <p class='ocr_par' dir='ltr' id='par_1_14' title="bbox 512 1318 2094 1390">
     <span class='ocr_line' id='line_1_14' title="bbox 512 1318 2094 1390; baseline -0.001 -15"><span class='ocrx_word' id='word_1_89' title='bbox 512 1336 638 1375; x_wconf 87' lang='lat' dir='ltr'><strong>men</strong></span> <span class='ocrx_word' id='word_1_90' title='bbox 665 1321 721 1375; x_wconf 89' lang='lat' dir='ltr'><strong>in</strong></span> <span class='ocrx_word' id='word_1_91' title='bbox 749 1334 815 1374; x_wconf 93' lang='lat' dir='ltr'><strong>eo</strong></span> <span class='ocrx_word' id='word_1_92' title='bbox 851 1320 999 1375; x_wconf 91' lang='lat' dir='ltr'><strong>velut</strong></span> <span class='ocrx_word' id='word_1_93' title='bbox 1020 1334 1088 1375; x_wconf 90' lang='lat' dir='ltr'><strong>ex</strong></span> <span class='ocrx_word' id='word_1_94' title='bbox 1118 1321 1331 1386; x_wconf 90' lang='lat' dir='ltr'><strong>umbra,</strong></span> <span class='ocrx_word' id='word_1_95' title='bbox 1382 1322 1628 1390; x_wconf 90' lang='lat' dir='ltr'><strong>corporis</strong></span> <span class='ocrx_word' id='word_1_96' title='bbox 1663 1320 1886 1384; x_wconf 86' lang='lat' dir='ltr'><strong>veritas,</strong></span> <span class='ocrx_word' id='word_1_97' title='bbox 1912 1318 2094 1374; x_wconf 86' lang='lat' dir='ltr'><strong>futura</strong></span> 
     </span>
    </p>
   </div>
   <div class='ocr_carea' id='block_1_15' title="bbox 512 1407 2096 1486">
    <p class='ocr_par' dir='ltr' id='par_1_15' title="bbox 512 1407 2096 1486">
     <span class='ocr_line' id='line_1_15' title="bbox 512 1407 2096 1486; baseline -0.001 -17"><span class='ocrx_word' id='word_1_98' title='bbox 512 1414 723 1470; x_wconf 87' lang='lat' dir='ltr'><strong>scilicet</strong></span> <span class='ocrx_word' id='word_1_99' title='bbox 743 1415 919 1470; x_wconf 68' lang='lat' dir='ltr'><strong>caedes</strong></span> <span class='ocrx_word' id='word_1_100' title='bbox 942 1407 1226 1469; x_wconf 88' lang='lat' dir='ltr'><strong>infantium</strong></span> <span class='ocrx_word' id='word_1_101' title='bbox 1255 1417 1657 1486; x_wconf 87' lang='lat' dir='ltr'><strong>pronuntiatur.</strong></span> <span class='ocrx_word' id='word_1_102' title='bbox 1690 1415 1756 1470; x_wconf 88' lang='lat' dir='ltr'><strong>Et</strong></span> <span class='ocrx_word' id='word_1_103' title='bbox 1778 1411 1900 1470; x_wconf 86' lang='lat' dir='ltr'><strong>ideo</strong></span> <span class='ocrx_word' id='word_1_104' title='bbox 1928 1415 2096 1469; x_wconf 91' lang='lat' dir='ltr'><strong>adim-</strong></span> 
     </span>
    </p>
   </div>
   <div class='ocr_carea' id='block_1_16' title="bbox 507 1505 2093 1577">
    <p class='ocr_par' dir='ltr' id='par_1_16' title="bbox 507 1505 2093 1577">
     <span class='ocr_line' id='line_1_16' title="bbox 507 1505 2093 1577; baseline 0.001 -18"><span class='ocrx_word' id='word_1_105' title='bbox 507 1507 712 1577; x_wconf 88' lang='lat' dir='ltr'><strong>pletum</strong></span> <span class='ocrx_word' id='word_1_106' title='bbox 747 1520 866 1561; x_wconf 90' lang='lat' dir='ltr'><strong>esse</strong></span> <span class='ocrx_word' id='word_1_107' title='bbox 895 1507 1112 1571; x_wconf 90' lang='lat' dir='ltr'><strong>dicitur,</strong></span> <span class='ocrx_word' id='word_1_108' title='bbox 1143 1507 1284 1576; x_wconf 87' lang='lat' dir='ltr'><strong>quod</strong></span> <span class='ocrx_word' id='word_1_109' title='bbox 1318 1507 1525 1563; x_wconf 87' lang='lat' dir='ltr'><strong>interea</strong></span> <span class='ocrx_word' id='word_1_110' title='bbox 1559 1522 1730 1577; x_wconf 88' lang='lat' dir='ltr'><strong>usque</strong></span> <span class='ocrx_word' id='word_1_111' title='bbox 1761 1505 1886 1569; x_wconf 86' lang='lat' dir='ltr'><strong>dum</strong></span> <span class='ocrx_word' id='word_1_112' title='bbox 1918 1507 2093 1572; x_wconf 86' lang='lat' dir='ltr'><strong>fieret,</strong></span> 
     </span>
    </p>
   </div>
   <div class='ocr_carea' id='block_1_17' title="bbox 508 1599 2095 1671">
    <p class='ocr_par' dir='ltr' id='par_1_17' title="bbox 508 1599 2095 1671">
     <span class='ocr_line' id='line_1_17' title="bbox 508 1599 2095 1671; baseline 0.001 -19"><span class='ocrx_word' id='word_1_113' title='bbox 508 1599 810 1670; x_wconf 77' lang='lat' dir='ltr'><strong>legentibus</strong></span> <span class='ocrx_word' id='word_1_114' title='bbox 857 1599 1006 1656; x_wconf 91' lang='lat' dir='ltr'><strong>velut</strong></span> <span class='ocrx_word' id='word_1_115' title='bbox 1063 1599 1416 1670; x_wconf 89' lang='lat' dir='ltr'><strong>semiplenum</strong></span> <span class='ocrx_word' id='word_1_116' title='bbox 1455 1599 1712 1669; x_wconf 89' lang='lat' dir='ltr'><strong>jacebat;</strong></span> <span class='ocrx_word' id='word_1_117' title='bbox 1762 1601 1889 1671; x_wconf 86' lang='lat' dir='ltr'><strong>quia</strong></span> <span class='ocrx_word' id='word_1_118' title='bbox 1952 1600 2095 1670; x_wconf 90' lang='lat' dir='ltr'><strong>quod</strong></span> 
     </span>
    </p>
   </div>
   <div class='ocr_carea' id='block_1_18' title="bbox 509 1690 2094 1764">
    <p class='ocr_par' dir='ltr' id='par_1_18' title="bbox 509 1690 2094 1764">
     <span class='ocr_line' id='line_1_18' title="bbox 509 1690 2094 1764; baseline 0.002 -20"><span class='ocrx_word' id='word_1_119' title='bbox 509 1698 637 1746; x_wconf 87' lang='lat' dir='ltr'><strong>tunc</strong></span> <span class='ocrx_word' id='word_1_120' title='bbox 659 1691 713 1745; x_wconf 84' lang='lat' dir='ltr'><strong>in</strong></span> <span class='ocrx_word' id='word_1_121' title='bbox 740 1690 919 1746; x_wconf 90' lang='lat' dir='ltr'><strong>littera</strong></span> <span class='ocrx_word' id='word_1_122' title='bbox 948 1691 1024 1746; x_wconf 88' lang='lat' dir='ltr'><strong>rei</strong></span> <span class='ocrx_word' id='word_1_123' title='bbox 1047 1702 1210 1763; x_wconf 84' lang='lat' dir='ltr'><strong>gestae</strong></span> <span class='ocrx_word' id='word_1_124' title='bbox 1235 1707 1429 1747; x_wconf 91' lang='lat' dir='ltr'><strong>sonare</strong></span> <span class='ocrx_word' id='word_1_125' title='bbox 1449 1693 1748 1758; x_wconf 88' lang='lat' dir='ltr'><strong>videbatur,</strong></span> <span class='ocrx_word' id='word_1_126' title='bbox 1771 1693 1915 1747; x_wconf 89' lang='lat' dir='ltr'><strong>aliud</strong></span> <span class='ocrx_word' id='word_1_127' title='bbox 1938 1692 2094 1764; x_wconf 88' lang='lat' dir='ltr'><strong>longe</strong></span> 
     </span>
    </p>
   </div>
   <div class='ocr_carea' id='block_1_19' title="bbox 2198 487 3794 560">
    <p class='ocr_par' dir='ltr' id='par_1_19' title="bbox 2198 487 3794 560">
     <span class='ocr_line' id='line_1_19' title="bbox 2198 487 3794 560; baseline -0.001 -15"><span class='ocrx_word' id='word_1_128' title='bbox 2198 492 2399 560; x_wconf 90' lang='lat' dir='ltr'><strong>pebant</strong></span> <span class='ocrx_word' id='word_1_129' title='bbox 2429 498 2653 560; x_wconf 89' lang='lat' dir='ltr'><strong>pectora</strong></span> <span class='ocrx_word' id='word_1_130' title='bbox 2685 506 2697 543; x_wconf 90' lang='lat'>:</span> <span class='ocrx_word' id='word_1_131' title='bbox 2729 488 2947 560; x_wconf 86' lang='lat' dir='ltr'><strong>quando</strong></span> <span class='ocrx_word' id='word_1_132' title='bbox 2976 487 3294 560; x_wconf 87' lang='lat' dir='ltr'><strong>lacrymosis</strong></span> <span class='ocrx_word' id='word_1_133' title='bbox 3339 503 3507 558; x_wconf 88' lang='lat' dir='ltr'><strong>genas</strong></span> <span class='ocrx_word' id='word_1_134' title='bbox 3541 487 3794 560; x_wconf 80' lang='lat' dir='ltr'><strong>rigabant</strong></span> 
     </span>
    </p>
   </div>
   <div class='ocr_carea' id='block_1_20' title="bbox 2200 579 3793 652">
    <p class='ocr_par' dir='ltr' id='par_1_20' title="bbox 2200 579 3793 652">
     <span class='ocr_line' id='line_1_20' title="bbox 2200 579 3793 652; baseline -0.001 -14"><span class='ocrx_word' id='word_1_135' title='bbox 2200 583 2482 649; x_wconf 87' lang='lat' dir='ltr'><strong>imbribus,</strong></span> <span class='ocrx_word' id='word_1_136' title='bbox 2511 592 2568 638; x_wconf 89' lang='lat' dir='ltr'><strong>et</strong></span> <span class='ocrx_word' id='word_1_137' title='bbox 2590 590 2763 638; x_wconf 89' lang='lat' dir='ltr'><strong>totum</strong></span> <span class='ocrx_word' id='word_1_138' title='bbox 2789 579 3078 637; x_wconf 82' lang='lat' dir='ltr'><strong>infeliciter</strong></span> <span class='ocrx_word' id='word_1_139' title='bbox 3109 595 3309 652; x_wconf 90' lang='lat' dir='ltr'><strong>corpus</strong></span> <span class='ocrx_word' id='word_1_140' title='bbox 3329 581 3443 636; x_wconf 91' lang='lat' dir='ltr'><strong>suis</strong></span> <span class='ocrx_word' id='word_1_141' title='bbox 3471 581 3793 637; x_wconf 86' lang='lat' dir='ltr'><strong>sauciabant</strong></span> 
     </span>
    </p>
   </div>
   <div class='ocr_carea' id='block_1_21' title="bbox 2198 675 3788 747">
    <p class='ocr_par' dir='ltr' id='par_1_21' title="bbox 2198 675 3788 747">
     <span class='ocr_line' id='line_1_21' title="bbox 2198 675 3788 747; baseline 0.001 -18"><span class='ocrx_word' id='word_1_142' title='bbox 2198 675 2469 747; x_wconf 89' lang='lat' dir='ltr'><strong>unguibus</strong></span> <span class='ocrx_word' id='word_1_143' title='bbox 2507 689 2521 728; x_wconf 88' lang='lat'><strong>:</strong></span> <span class='ocrx_word' id='word_1_144' title='bbox 2574 675 2790 744; x_wconf 87' lang='lat' dir='ltr'><strong>quando</strong></span> <span class='ocrx_word' id='word_1_145' title='bbox 2838 689 2945 730; x_wconf 90' lang='lat' dir='ltr'><strong>non</strong></span> <span class='ocrx_word' id='word_1_146' title='bbox 2994 675 3174 729; x_wconf 90' lang='lat' dir='ltr'><strong>minus</strong></span> <span class='ocrx_word' id='word_1_147' title='bbox 3221 682 3409 746; x_wconf 89' lang='lat' dir='ltr'><strong>patres</strong></span> <span class='ocrx_word' id='word_1_148' title='bbox 3453 689 3518 730; x_wconf 89' lang='lat' dir='ltr'><strong>ac</strong></span> <span class='ocrx_word' id='word_1_149' title='bbox 3561 683 3788 741; x_wconf 87' lang='lat' dir='ltr'><strong>matres,</strong></span> 
     </span>
    </p>
   </div>
   <div class='ocr_carea' id='block_1_22' title="bbox 2198 767 3792 840">
    <p class='ocr_par' dir='ltr' id='par_1_22' title="bbox 2198 767 3792 840">
     <span class='ocr_line' id='line_1_22' title="bbox 2198 767 3792 840; baseline -0.001 -17"><span class='ocrx_word' id='word_1_150' title='bbox 2198 784 2361 840; x_wconf 91' lang='lat' dir='ltr'><strong>quam</strong></span> <span class='ocrx_word' id='word_1_151' title='bbox 2390 778 2446 824; x_wconf 91' lang='lat' dir='ltr'><strong>et</strong></span> <span class='ocrx_word' id='word_1_152' title='bbox 2472 768 2651 824; x_wconf 91' lang='lat' dir='ltr'><strong>omnis</strong></span> <span class='ocrx_word' id='word_1_153' title='bbox 2679 768 2932 840; x_wconf 87' lang='lat' dir='ltr'><strong>cognatio</strong></span> <span class='ocrx_word' id='word_1_154' title='bbox 2968 781 3159 824; x_wconf 86' lang='lat' dir='ltr'><strong>eorum</strong></span> <span class='ocrx_word' id='word_1_155' title='bbox 3188 783 3316 823; x_wconf 87' lang='lat' dir='ltr'><strong>suas</strong></span> <span class='ocrx_word' id='word_1_156' title='bbox 3344 767 3636 822; x_wconf 88' lang='lat' dir='ltr'><strong>tendebant</strong></span> <span class='ocrx_word' id='word_1_157' title='bbox 3680 767 3792 838; x_wconf 89' lang='lat' dir='ltr'><strong>pal-</strong></span> 
     </span>
    </p>
   </div>
   <div class='ocr_carea' id='block_1_23' title="bbox 2198 857 3794 931">
    <p class='ocr_par' dir='ltr' id='par_1_23' title="bbox 2198 857 3794 931">
     <span class='ocr_line' id='line_1_23' title="bbox 2198 857 3794 931; baseline 0.001 -16"><span class='ocrx_word' id='word_1_158' title='bbox 2198 876 2335 927; x_wconf 88' lang='lat' dir='ltr'><strong>mas,</strong></span> <span class='ocrx_word' id='word_1_159' title='bbox 2374 869 2434 916; x_wconf 88' lang='lat' dir='ltr'><strong>et</strong></span> <span class='ocrx_word' id='word_1_160' title='bbox 2466 862 2667 916; x_wconf 90' lang='lat' dir='ltr'><strong>dabant</strong></span> <span class='ocrx_word' id='word_1_161' title='bbox 2696 861 2918 917; x_wconf 90' lang='lat' dir='ltr'><strong>lamenti</strong></span> <span class='ocrx_word' id='word_1_162' title='bbox 2949 876 3111 917; x_wconf 84' lang='lat' dir='ltr'><strong>voces</strong></span> <span class='ocrx_word' id='word_1_163' title='bbox 3150 857 3206 916; x_wconf 83' lang='lat' dir='ltr'><strong>in</strong></span> <span class='ocrx_word' id='word_1_164' title='bbox 3248 860 3468 916; x_wconf 63' lang='lat' dir='ltr'><strong>caelum.</strong></span> <span class='ocrx_word' id='word_1_165' title='bbox 3536 861 3794 931; x_wconf 83' lang='lat' dir='ltr'><strong>Nunquid</strong></span> 
     </span>
    </p>
   </div>
   <div class='ocr_carea' id='block_1_24' title="bbox 2199 953 3795 1024">
    <p class='ocr_par' dir='ltr' id='par_1_24' title="bbox 2199 953 3795 1024">
     <span class='ocr_line' id='line_1_24' title="bbox 2199 953 3795 1024; baseline 0 -16"><span class='ocrx_word' id='word_1_166' title='bbox 2199 969 2306 1008; x_wconf 90' lang='lat' dir='ltr'><strong>non</strong></span> <span class='ocrx_word' id='word_1_167' title='bbox 2332 960 2513 1009; x_wconf 87' lang='lat' dir='ltr'><strong>tantus</strong></span> <span class='ocrx_word' id='word_1_168' title='bbox 2534 953 2738 1009; x_wconf 90' lang='lat' dir='ltr'><strong>clamor</strong></span> <span class='ocrx_word' id='word_1_169' title='bbox 2767 954 3011 1009; x_wconf 91' lang='lat' dir='ltr'><strong>omnium</strong></span> <span class='ocrx_word' id='word_1_170' title='bbox 3030 963 3086 1009; x_wconf 91' lang='lat' dir='ltr'><strong>et</strong></span> <span class='ocrx_word' id='word_1_171' title='bbox 3120 953 3354 1010; x_wconf 89' lang='lat' dir='ltr'><strong>crudelis</strong></span> <span class='ocrx_word' id='word_1_172' title='bbox 3391 953 3594 1009; x_wconf 87' lang='lat' dir='ltr'><strong>Christi</strong></span> <span class='ocrx_word' id='word_1_173' title='bbox 3613 967 3795 1024; x_wconf 72' lang='lat' dir='ltr'><strong>perse~</strong></span> 
     </span>
    </p>
   </div>
   <div class='ocr_carea' id='block_1_25' title="bbox 2198 1045 3794 1117">
    <p class='ocr_par' dir='ltr' id='par_1_25' title="bbox 2198 1045 3794 1117">
     <span class='ocr_line' id='line_1_25' title="bbox 2198 1045 3794 1117; baseline -0.001 -15"><span class='ocrx_word' id='word_1_174' title='bbox 2198 1046 2346 1102; x_wconf 90' lang='lat' dir='ltr'><strong>cutio</strong></span> <span class='ocrx_word' id='word_1_175' title='bbox 2377 1045 2446 1100; x_wconf 86' lang='lat' dir='ltr'><strong>ab</strong></span> <span class='ocrx_word' id='word_1_176' title='bbox 2483 1047 2735 1102; x_wconf 92' lang='lat' dir='ltr'><strong>omnibus</strong></span> <span class='ocrx_word' id='word_1_177' title='bbox 2784 1055 3001 1117; x_wconf 90' lang='lat' dir='ltr'><strong>poterat</strong></span> <span class='ocrx_word' id='word_1_178' title='bbox 3049 1061 3159 1102; x_wconf 88' lang='lat' dir='ltr'><strong>non</strong></span> <span class='ocrx_word' id='word_1_179' title='bbox 3213 1047 3400 1102; x_wconf 88' lang='lat' dir='ltr'><strong>venire</strong></span> <span class='ocrx_word' id='word_1_180' title='bbox 3448 1049 3503 1102; x_wconf 88' lang='lat' dir='ltr'><strong>in</strong></span> <span class='ocrx_word' id='word_1_181' title='bbox 3547 1047 3794 1103; x_wconf 58' lang='lat' dir='ltr'><strong>caelum?</strong></span> 
     </span>
    </p>
   </div>
   <div class='ocr_carea' id='block_1_26' title="bbox 2198 1137 3796 1210">
    <p class='ocr_par' dir='ltr' id='par_1_26' title="bbox 2198 1137 3796 1210">
     <span class='ocr_line' id='line_1_26' title="bbox 2198 1137 3796 1210; baseline 0.001 -18"><span class='ocrx_word' id='word_1_182' title='bbox 2198 1137 2336 1193; x_wconf 85' lang='lat' dir='ltr'><strong>Num</strong></span> <span class='ocrx_word' id='word_1_183' title='bbox 2367 1146 2422 1192; x_wconf 89' lang='lat' dir='ltr'><strong>et</strong></span> <span class='ocrx_word' id='word_1_184' title='bbox 2455 1154 2560 1194; x_wconf 91' lang='lat' dir='ltr'><strong>vox</strong></span> <span class='ocrx_word' id='word_1_185' title='bbox 2589 1139 2868 1210; x_wconf 88' lang='lat' dir='ltr'><strong>sanguinis</strong></span> <span class='ocrx_word' id='word_1_186' title='bbox 2898 1147 3172 1194; x_wconf 92' lang='lat' dir='ltr'><strong>tantorum</strong></span> <span class='ocrx_word' id='word_1_187' title='bbox 3198 1147 3412 1209; x_wconf 90' lang='lat' dir='ltr'><strong>poterat</strong></span> <span class='ocrx_word' id='word_1_188' title='bbox 3435 1139 3596 1194; x_wconf 91' lang='lat' dir='ltr'><strong>silere</strong></span> <span class='ocrx_word' id='word_1_189' title='bbox 3625 1155 3796 1209; x_wconf 91' lang='lat' dir='ltr'><strong>super</strong></span> 
     </span>
    </p>
   </div>
   <div class='ocr_carea' id='block_1_27' title="bbox 2199 1230 3798 1301">
    <p class='ocr_par' dir='ltr' id='par_1_27' title="bbox 2199 1230 3798 1301">
     <span class='ocr_line' id='line_1_27' title="bbox 2199 1230 3798 1301; baseline 0.001 -15"><span class='ocrx_word' id='word_1_190' title='bbox 2199 1240 2422 1295; x_wconf 88' lang='lat' dir='ltr'><strong>terram,</strong></span> <span class='ocrx_word' id='word_1_191' title='bbox 2454 1245 2578 1285; x_wconf 92' lang='lat' dir='ltr'><strong>cum</strong></span> <span class='ocrx_word' id='word_1_192' title='bbox 2628 1247 2731 1286; x_wconf 90' lang='lat' dir='ltr'><strong>vox</strong></span> <span class='ocrx_word' id='word_1_193' title='bbox 2775 1231 3055 1301; x_wconf 86' lang='lat' dir='ltr'><strong>sanguinis</strong></span> <span class='ocrx_word' id='word_1_194' title='bbox 3097 1231 3230 1286; x_wconf 82' lang='lat' dir='ltr'><strong>Abel</strong></span> <span class='ocrx_word' id='word_1_195' title='bbox 3260 1231 3327 1285; x_wconf 91' lang='lat' dir='ltr'><strong>ad</strong></span> <span class='ocrx_word' id='word_1_196' title='bbox 3382 1232 3550 1286; x_wconf 92' lang='lat' dir='ltr'><strong>Deum</strong></span> <span class='ocrx_word' id='word_1_197' title='bbox 3588 1230 3798 1287; x_wconf 85' lang='lat' dir='ltr'><strong>clamet</strong></span> 
     </span>
    </p>
   </div>
   <div class='ocr_carea' id='block_1_28' title="bbox 2198 1318 3798 1393">
    <p class='ocr_par' dir='ltr' id='par_1_28' title="bbox 2198 1318 3798 1393">
     <span class='ocr_line' id='line_1_28' title="bbox 2198 1318 3798 1393; baseline 0.003 -20"><span class='ocrx_word' id='word_1_198' title='bbox 2198 1319 2265 1375; x_wconf 91' lang='lat' dir='ltr'><strong>de</strong></span> <span class='ocrx_word' id='word_1_199' title='bbox 2288 1328 2432 1375; x_wconf 91' lang='lat' dir='ltr'><strong>terra</strong></span> <span class='ocrx_word' id='word_1_200' title='bbox 2455 1320 2510 1375; x_wconf 93' lang='lat' dir='ltr'><strong>in</strong></span> <span class='ocrx_word' id='word_1_201' title='bbox 2536 1319 2778 1376; x_wconf 68' lang='lat' dir='ltr'><strong>caelum?</strong></span> <span class='ocrx_word' id='word_1_202' title='bbox 2809 1318 2924 1375; x_wconf 95' lang='lat' dir='ltr'><strong>Vox</strong></span> <span class='ocrx_word' id='word_1_203' title='bbox 2946 1320 3110 1389; x_wconf 86' lang='lat' dir='ltr'><strong>igitur</strong></span> <span class='ocrx_word' id='word_1_204' title='bbox 3139 1320 3193 1375; x_wconf 90' lang='lat' dir='ltr'><strong>in</strong></span> <span class='ocrx_word' id='word_1_205' title='bbox 3224 1319 3396 1376; x_wconf 89' lang='lat' dir='ltr'><strong>Rama</strong></span> <span class='ocrx_word' id='word_1_206' title='bbox 3419 1322 3578 1393; x_wconf 87' lang='lat' dir='ltr'><strong>digne</strong></span> <span class='ocrx_word' id='word_1_207' title='bbox 3601 1321 3798 1378; x_wconf 83' lang='lat' dir='ltr'><strong>audita</strong></span> 
     </span>
    </p>
   </div>
   <div class='ocr_carea' id='block_1_29' title="bbox 2197 1413 3797 1488">
    <p class='ocr_par' dir='ltr' id='par_1_29' title="bbox 2197 1413 3797 1488">
     <span class='ocr_line' id='line_1_29' title="bbox 2197 1413 3797 1488; baseline 0.003 -20"><span class='ocrx_word' id='word_1_208' title='bbox 2197 1421 2301 1479; x_wconf 88' lang='lat' dir='ltr'><strong>est;</strong></span> <span class='ocrx_word' id='word_1_209' title='bbox 2344 1414 2472 1484; x_wconf 93' lang='lat' dir='ltr'><strong>quia</strong></span> <span class='ocrx_word' id='word_1_210' title='bbox 2497 1413 2550 1468; x_wconf 92' lang='lat' dir='ltr'><strong>in</strong></span> <span class='ocrx_word' id='word_1_211' title='bbox 2596 1428 2782 1469; x_wconf 92' lang='lat' dir='ltr'><strong>eorum</strong></span> <span class='ocrx_word' id='word_1_212' title='bbox 2839 1414 3021 1483; x_wconf 89' lang='lat' dir='ltr'><strong>specie</strong></span> <span class='ocrx_word' id='word_1_213' title='bbox 3063 1429 3233 1484; x_wconf 87' lang='lat' dir='ltr'><strong>genus</strong></span> <span class='ocrx_word' id='word_1_214' title='bbox 3264 1416 3527 1480; x_wconf 86' lang='lat' dir='ltr'><strong>omnium,</strong></span> <span class='ocrx_word' id='word_1_215' title='bbox 3565 1417 3658 1486; x_wconf 87' lang='lat' dir='ltr'><strong>qui</strong></span> <span class='ocrx_word' id='word_1_216' title='bbox 3689 1431 3797 1488; x_wconf 89' lang='lat' dir='ltr'><strong>pro</strong></span> 
     </span>
    </p>
   </div>
   <div class='ocr_carea' id='block_1_30' title="bbox 2197 1504 3796 1578">
    <p class='ocr_par' dir='ltr' id='par_1_30' title="bbox 2197 1504 3796 1578">
     <span class='ocr_line' id='line_1_30' title="bbox 2197 1504 3796 1578; baseline 0.003 -18"><span class='ocrx_word' id='word_1_217' title='bbox 2197 1504 2414 1561; x_wconf 87' lang='lat' dir='ltr'><strong>Christo</strong></span> <span class='ocrx_word' id='word_1_218' title='bbox 2452 1506 2665 1576; x_wconf 90' lang='lat' dir='ltr'><strong>passuri</strong></span> <span class='ocrx_word' id='word_1_219' title='bbox 2693 1515 2870 1572; x_wconf 91' lang='lat' dir='ltr'><strong>erant,</strong></span> <span class='ocrx_word' id='word_1_220' title='bbox 2910 1506 3304 1578; x_wconf 87' lang='lat' dir='ltr'><strong>ﬁgurabantur.</strong></span> <span class='ocrx_word' id='word_1_221' title='bbox 3354 1507 3508 1564; x_wconf 89' lang='lat' dir='ltr'><strong>Unde</strong></span> <span class='ocrx_word' id='word_1_222' title='bbox 3546 1524 3649 1564; x_wconf 92' lang='lat' dir='ltr'><strong>nec</strong></span> <span class='ocrx_word' id='word_1_223' title='bbox 3681 1510 3796 1564; x_wconf 89' lang='lat' dir='ltr'><strong>im-</strong></span> 
     </span>
    </p>
   </div>
   <div class='ocr_carea' id='block_1_31' title="bbox 2197 1598 3800 1665">
    <p class='ocr_par' dir='ltr' id='par_1_31' title="bbox 2197 1598 3800 1665">
     <span class='ocr_line' id='line_1_31' title="bbox 2197 1598 3800 1665; baseline 0.002 -13"><span class='ocrx_word' id='word_1_224' title='bbox 2197 1598 2413 1665; x_wconf 90' lang='lat' dir='ltr'><strong>merito,</strong></span> <span class='ocrx_word' id='word_1_225' title='bbox 2475 1599 2606 1653; x_wconf 92' lang='lat' dir='ltr'><strong>dum</strong></span> <span class='ocrx_word' id='word_1_226' title='bbox 2659 1598 2760 1652; x_wconf 91' lang='lat' dir='ltr'><strong>sub</strong></span> <span class='ocrx_word' id='word_1_227' title='bbox 2804 1613 2899 1652; x_wconf 89' lang='lat' dir='ltr'><strong>ara</strong></span> <span class='ocrx_word' id='word_1_228' title='bbox 2952 1598 3048 1654; x_wconf 90' lang='lat' dir='ltr'><strong>Dei</strong></span> <span class='ocrx_word' id='word_1_229' title='bbox 3083 1601 3206 1654; x_wconf 81' lang='lat' dir='ltr'><strong>cum</strong></span> <span class='ocrx_word' id='word_1_230' title='bbox 3262 1600 3474 1656; x_wconf 74' lang='lat' dir='ltr'><strong>caeteris</strong></span> <span class='ocrx_word' id='word_1_231' title='bbox 3509 1600 3800 1656; x_wconf 84' lang='lat' dir='ltr'><strong>initiantur</strong></span> 
     </span>
    </p>
   </div>
   <div class='ocr_carea' id='block_1_32' title="bbox 2200 1691 3796 1758">
    <p class='ocr_par' dir='ltr' id='par_1_32' title="bbox 2200 1691 3796 1758">
     <span class='ocr_line' id='line_1_32' title="bbox 2200 1691 3796 1758; baseline 0 -12"><span class='ocrx_word' id='word_1_232' title='bbox 2200 1692 2466 1758; x_wconf 90' lang='lat' dir='ltr'><strong>mansuri,</strong></span> <span class='ocrx_word' id='word_1_233' title='bbox 2494 1692 2657 1746; x_wconf 90' lang='lat' dir='ltr'><strong>etiam</strong></span> <span class='ocrx_word' id='word_1_234' title='bbox 2687 1691 2741 1746; x_wconf 91' lang='lat' dir='ltr'><strong>in</strong></span> <span class='ocrx_word' id='word_1_235' title='bbox 2771 1706 2959 1748; x_wconf 91' lang='lat' dir='ltr'><strong>eorum</strong></span> <span class='ocrx_word' id='word_1_236' title='bbox 3001 1691 3249 1755; x_wconf 89' lang='lat' dir='ltr'><strong>vocibus,</strong></span> <span class='ocrx_word' id='word_1_237' title='bbox 3282 1692 3514 1748; x_wconf 92' lang='lat' dir='ltr'><strong>dicimus</strong></span> <span class='ocrx_word' id='word_1_238' title='bbox 3543 1693 3796 1748; x_wconf 89' lang='lat' dir='ltr'><strong>omnium</strong></span> 
     </span>
    </p>
   </div>
   <div class='ocr_carea' id='block_1_33' title="bbox 506 1763 3794 1855">
    <p class='ocr_par' dir='ltr' id='par_1_33' title="bbox 506 1763 3794 1855">
     <span class='ocr_line' id='line_1_33' title="bbox 506 1763 3794 1855; baseline 0 -18"><span class='ocrx_word' id='word_1_239' title='bbox 506 1781 752 1839; x_wconf 90' lang='lat' dir='ltr'><strong>futurum</strong></span> <span class='ocrx_word' id='word_1_240' title='bbox 811 1785 1076 1840; x_wconf 86' lang='lat' dir='ltr'><strong>occultius</strong></span> <span class='ocrx_word' id='word_1_241' title='bbox 1123 1786 1489 1854; x_wconf 89' lang='lat' dir='ltr'><strong>promittebat.</strong></span> <span class='ocrx_word' id='word_1_242' title='bbox 1548 1783 1682 1839; x_wconf 84' lang='lat' dir='ltr'><strong>Nam</strong></span> <span class='ocrx_word' id='word_1_243' title='bbox 1750 1784 1942 1848; x_wconf 86' lang='lat' dir='ltr'><strong>Rama,</strong></span> <span class='ocrx_word' id='word_1_244' title='bbox 1987 1763 2093 1852; x_wconf 85' lang='lat' dir='ltr'><strong>quo</strong></span> <span class='ocrx_word' id='word_1_245' title='bbox 2122 1779 2170 1838; x_wconf 85' lang='grc' dir='ltr'><strong>Β</strong></span> <span class='ocrx_word' id='word_1_246' title='bbox 2198 1763 2527 1838; x_wconf 39' lang='lat' dir='ltr'><strong>sanctorum.</strong></span> <span class='ocrx_word' id='word_1_247' title='bbox 2553 1783 2848 1855; x_wconf 85' lang='lat' dir='ltr'><strong>Martyrum</strong></span> <span class='ocrx_word' id='word_1_248' title='bbox 2894 1798 3058 1839; x_wconf 88' lang='lat' dir='ltr'><strong>voces</strong></span> <span class='ocrx_word' id='word_1_249' title='bbox 3114 1785 3170 1839; x_wconf 89' lang='lat' dir='ltr'><strong>in</strong></span> <span class='ocrx_word' id='word_1_250' title='bbox 3207 1784 3414 1850; x_wconf 84' lang='lat' dir='ltr'><strong>Rama,</strong></span> <span class='ocrx_word' id='word_1_251' title='bbox 3469 1784 3679 1840; x_wconf 89' lang='lat' dir='ltr'><strong>scilicet</strong></span> <span class='ocrx_word' id='word_1_252' title='bbox 3735 1785 3794 1840; x_wconf 91' lang='lat' dir='ltr'><strong>in</strong></span> 
     </span>
    </p>
   </div>
   <div class='ocr_carea' id='block_1_34' title="bbox 504 1875 2098 1947">
    <p class='ocr_par' dir='ltr' id='par_1_34' title="bbox 504 1875 2098 1947">
     <span class='ocr_line' id='line_1_34' title="bbox 504 1875 2098 1947; baseline 0.001 -18"><span class='ocrx_word' id='word_1_253' title='bbox 504 1875 706 1930; x_wconf 91' lang='lat' dir='ltr'><strong>dicitur</strong></span> <span class='ocrx_word' id='word_1_254' title='bbox 741 1891 846 1931; x_wconf 89' lang='lat' dir='ltr'><strong>vox</strong></span> <span class='ocrx_word' id='word_1_255' title='bbox 878 1877 1122 1947; x_wconf 86' lang='lat' dir='ltr'><strong>ploratus</strong></span> <span class='ocrx_word' id='word_1_256' title='bbox 1151 1885 1206 1932; x_wconf 87' lang='lat' dir='ltr'><strong>et</strong></span> <span class='ocrx_word' id='word_1_257' title='bbox 1234 1876 1471 1931; x_wconf 91' lang='lat' dir='ltr'><strong>ululatus</strong></span> <span class='ocrx_word' id='word_1_258' title='bbox 1498 1877 1830 1942; x_wconf 83' lang='lat' dir='ltr'><strong>resonuisse,</strong></span> <span class='ocrx_word' id='word_1_259' title='bbox 1863 1892 1969 1931; x_wconf 89' lang='lat' dir='ltr'><strong>non</strong></span> <span class='ocrx_word' id='word_1_260' title='bbox 1996 1891 2098 1930; x_wconf 86' lang='lat' dir='ltr'><strong>no-</strong></span> 
     </span>
    </p>
   </div>
   <div class='ocr_carea' id='block_1_35' title="bbox 510 1965 2098 2037">
    <p class='ocr_par' dir='ltr' id='par_1_35' title="bbox 510 1965 2098 2037">
     <span class='ocr_line' id='line_1_35' title="bbox 510 1965 2098 2037; baseline 0.001 -18"><span class='ocrx_word' id='word_1_261' title='bbox 510 1980 635 2020; x_wconf 88' lang='lat' dir='ltr'><strong>men</strong></span> <span class='ocrx_word' id='word_1_262' title='bbox 667 1965 771 2021; x_wconf 89' lang='lat' dir='ltr'><strong>loci</strong></span> <span class='ocrx_word' id='word_1_263' title='bbox 802 1976 994 2036; x_wconf 91' lang='lat' dir='ltr'><strong>putare</strong></span> <span class='ocrx_word' id='word_1_264' title='bbox 1039 1968 1316 2033; x_wconf 88' lang='lat' dir='ltr'><strong>debemus,</strong></span> <span class='ocrx_word' id='word_1_265' title='bbox 1345 1969 1437 2037; x_wconf 93' lang='lat' dir='ltr'><strong>qui</strong></span> <span class='ocrx_word' id='word_1_266' title='bbox 1465 1977 1549 2022; x_wconf 91' lang='lat' dir='ltr'><strong>est</strong></span> <span class='ocrx_word' id='word_1_267' title='bbox 1573 1967 1729 2036; x_wconf 86' lang='lat' dir='ltr'><strong>juxta</strong></span> <span class='ocrx_word' id='word_1_268' title='bbox 1759 1967 1926 2032; x_wconf 87' lang='lat' dir='ltr'><strong>Gaba,</strong></span> <span class='ocrx_word' id='word_1_269' title='bbox 1959 1968 2098 2021; x_wconf 88' lang='lat' dir='ltr'><strong>duo-</strong></span> 
     </span>
    </p>
   </div>
   <div class='ocr_carea' id='block_1_36' title="bbox 507 2056 2096 2125">
    <p class='ocr_par' dir='ltr' id='par_1_36' title="bbox 507 2056 2096 2125">
     <span class='ocr_line' id='line_1_36' title="bbox 507 2056 2096 2125; baseline 0 -13"><span class='ocrx_word' id='word_1_270' title='bbox 507 2056 741 2124; x_wconf 91' lang='lat' dir='ltr'><strong>decimo,</strong></span> <span class='ocrx_word' id='word_1_271' title='bbox 774 2068 836 2113; x_wconf 91' lang='lat' dir='ltr'><strong>ut</strong></span> <span class='ocrx_word' id='word_1_272' title='bbox 880 2060 1012 2125; x_wconf 82' lang='lat' dir='ltr'><strong>dixi,</strong></span> <span class='ocrx_word' id='word_1_273' title='bbox 1048 2061 1220 2115; x_wconf 91' lang='lat' dir='ltr'><strong>ferme</strong></span> <span class='ocrx_word' id='word_1_274' title='bbox 1262 2060 1516 2114; x_wconf 89' lang='lat' dir='ltr'><strong>milliario</strong></span> <span class='ocrx_word' id='word_1_275' title='bbox 1547 2076 1579 2114; x_wconf 92' lang='lat' dir='ltr'><strong>a</strong></span> <span class='ocrx_word' id='word_1_276' title='bbox 1609 2059 1956 2123; x_wconf 90' lang='lat' dir='ltr'><strong>Bethlehem;</strong></span> <span class='ocrx_word' id='word_1_277' title='bbox 2002 2058 2096 2113; x_wconf 89' lang='lat' dir='ltr'><strong>sed</strong></span> 
     </span>
    </p>
   </div>
   <div class='ocr_carea' id='block_1_37' title="bbox 505 2147 2098 2222">
    <p class='ocr_par' dir='ltr' id='par_1_37' title="bbox 505 2147 2098 2222">
     <span class='ocr_line' id='line_1_37' title="bbox 505 2147 2098 2222; baseline 0 -17"><span class='ocrx_word' id='word_1_278' title='bbox 505 2147 678 2205; x_wconf 82' lang='lat' dir='ltr'><strong>Rama</strong></span> <span class='ocrx_word' id='word_1_279' title='bbox 717 2151 980 2205; x_wconf 74' lang='lat' dir='ltr'><strong>excelsum</strong></span> <span class='ocrx_word' id='word_1_280' title='bbox 1021 2153 1366 2222; x_wconf 90' lang='lat' dir='ltr'><strong>interpretari</strong></span> <span class='ocrx_word' id='word_1_281' title='bbox 1419 2153 1698 2208; x_wconf 93' lang='lat' dir='ltr'><strong>doctorum</strong></span> <span class='ocrx_word' id='word_1_282' title='bbox 1736 2152 1896 2206; x_wconf 89' lang='lat' dir='ltr'><strong>dictis</strong></span> <span class='ocrx_word' id='word_1_283' title='bbox 1937 2166 2098 2220; x_wconf 92' lang='lat' dir='ltr'><strong>quam</strong></span> 
     </span>
    </p>
   </div>
   <div class='ocr_carea' id='block_1_38' title="bbox 508 2241 2100 2313">
    <p class='ocr_par' dir='ltr' id='par_1_38' title="bbox 508 2241 2100 2313">
     <span class='ocr_line' id='line_1_38' title="bbox 508 2241 2100 2313; baseline -0.001 -17"><span class='ocrx_word' id='word_1_284' title='bbox 508 2256 650 2312; x_wconf 61' lang='lat' dir='ltr'><strong>ssepe</strong></span> <span class='ocrx_word' id='word_1_285' title='bbox 676 2243 988 2313; x_wconf 90' lang='lat' dir='ltr'><strong>probamus.</strong></span> <span class='ocrx_word' id='word_1_286' title='bbox 1029 2243 1144 2298; x_wconf 92' lang='lat' dir='ltr'><strong>Vox</strong></span> <span class='ocrx_word' id='word_1_287' title='bbox 1171 2244 1334 2313; x_wconf 85' lang='lat' dir='ltr'><strong>igitur</strong></span> <span class='ocrx_word' id='word_1_288' title='bbox 1360 2244 1413 2297; x_wconf 90' lang='lat' dir='ltr'><strong>in</strong></span> <span class='ocrx_word' id='word_1_289' title='bbox 1452 2242 1624 2297; x_wconf 84' lang='lat' dir='ltr'><strong>Rama</strong></span> <span class='ocrx_word' id='word_1_290' title='bbox 1671 2243 1851 2296; x_wconf 87' lang='lat' dir='ltr'><strong>audita</strong></span> <span class='ocrx_word' id='word_1_291' title='bbox 1881 2251 1986 2306; x_wconf 90' lang='lat' dir='ltr'><strong>est,</strong></span> <span class='ocrx_word' id='word_1_292' title='bbox 2018 2241 2100 2294; x_wconf 88' lang='lat' dir='ltr'><strong>vi-</strong></span> 
     </span>
    </p>
   </div>
   <div class='ocr_carea' id='block_1_39' title="bbox 507 2333 2098 2405">
    <p class='ocr_par' dir='ltr' id='par_1_39' title="bbox 507 2333 2098 2405">
     <span class='ocr_line' id='line_1_39' title="bbox 507 2333 2098 2405; baseline 0 -16"><span class='ocrx_word' id='word_1_293' title='bbox 507 2335 703 2390; x_wconf 88' lang='lat' dir='ltr'><strong>delicet</strong></span> <span class='ocrx_word' id='word_1_294' title='bbox 739 2336 795 2390; x_wconf 92' lang='lat' dir='ltr'><strong>in</strong></span> <span class='ocrx_word' id='word_1_295' title='bbox 825 2337 1061 2394; x_wconf 88' lang='lat' dir='ltr'><strong>excelso.</strong></span> <span class='ocrx_word' id='word_1_296' title='bbox 1115 2335 1248 2403; x_wconf 87' lang='lat' dir='ltr'><strong>Quia</strong></span> <span class='ocrx_word' id='word_1_297' title='bbox 1304 2336 1551 2405; x_wconf 90' lang='lat' dir='ltr'><strong>planctus</strong></span> <span class='ocrx_word' id='word_1_298' title='bbox 1608 2335 1907 2405; x_wconf 86' lang='lat' dir='ltr'><strong>lugentium</strong></span> <span class='ocrx_word' id='word_1_299' title='bbox 1940 2333 2098 2405; x_wconf 91' lang='lat' dir='ltr'><strong>longe</strong></span> 
     </span>
    </p>
   </div>
   <div class='ocr_carea' id='block_1_40' title="bbox 506 2427 2098 2501">
    <p class='ocr_par' dir='ltr' id='par_1_40' title="bbox 506 2427 2098 2501">
     <span class='ocr_line' id='line_1_40' title="bbox 506 2427 2098 2501; baseline -0.001 -19"><span class='ocrx_word' id='word_1_300' title='bbox 506 2428 721 2500; x_wconf 89' lang='lat' dir='ltr'><strong>lateque</strong></span> <span class='ocrx_word' id='word_1_301' title='bbox 749 2446 1010 2485; x_wconf 87' lang='lat' dir='ltr'><strong>resonans</strong></span> <span class='ocrx_word' id='word_1_302' title='bbox 1053 2447 1152 2501; x_wconf 89' lang='lat' dir='ltr'><strong>per</strong></span> <span class='ocrx_word' id='word_1_303' title='bbox 1181 2429 1651 2500; x_wconf 85' lang='lat' dir='ltr'><strong>exaggerationem</strong></span> <span class='ocrx_word' id='word_1_304' title='bbox 1683 2427 1748 2480; x_wconf 92' lang='lat' dir='ltr'><strong>ad</strong></span> <span class='ocrx_word' id='word_1_305' title='bbox 1792 2427 1960 2481; x_wconf 90' lang='lat' dir='ltr'><strong>Deum</strong></span> <span class='ocrx_word' id='word_1_306' title='bbox 2009 2441 2098 2480; x_wconf 89' lang='lat' dir='ltr'><strong>us-</strong></span> 
     </span>
    </p>
   </div>
   <div class='ocr_carea' id='block_1_41' title="bbox 506 2517 2098 2594">
    <p class='ocr_par' dir='ltr' id='par_1_41' title="bbox 506 2517 2098 2594">
     <span class='ocr_line' id='line_1_41' title="bbox 506 2517 2098 2594; baseline -0.001 -20"><span class='ocrx_word' id='word_1_307' title='bbox 506 2536 611 2590; x_wconf 89' lang='lat' dir='ltr'><strong>que</strong></span> <span class='ocrx_word' id='word_1_308' title='bbox 642 2522 694 2576; x_wconf 93' lang='lat' dir='ltr'><strong>in</strong></span> <span class='ocrx_word' id='word_1_309' title='bbox 727 2522 921 2577; x_wconf 75' lang='lat' dir='ltr'><strong>ccelum</strong></span> <span class='ocrx_word' id='word_1_310' title='bbox 952 2521 1280 2594; x_wconf 81' lang='lat' dir='ltr'><strong>pervenerit.</strong></span> <span class='ocrx_word' id='word_1_311' title='bbox 1331 2521 1554 2575; x_wconf 89' lang='lat' dir='ltr'><strong>Diverse</strong></span> <span class='ocrx_word' id='word_1_312' title='bbox 1589 2534 1826 2589; x_wconf 87' lang='lat' dir='ltr'><strong>namque</strong></span> <span class='ocrx_word' id='word_1_313' title='bbox 1856 2519 1907 2573; x_wconf 92' lang='lat' dir='ltr'><strong>in</strong></span> <span class='ocrx_word' id='word_1_314' title='bbox 1950 2517 2098 2572; x_wconf 91' lang='lat' dir='ltr'><strong>Scri-</strong></span> 
     </span>
    </p>
   </div>
   <div class='ocr_carea' id='block_1_42' title="bbox 504 2609 2097 2680">
    <p class='ocr_par' dir='ltr' id='par_1_42' title="bbox 504 2609 2097 2680">
     <span class='ocr_line' id='line_1_42' title="bbox 504 2609 2097 2680; baseline -0.003 -15"><span class='ocrx_word' id='word_1_315' title='bbox 504 2611 680 2680; x_wconf 89' lang='lat' dir='ltr'><strong>pturis</strong></span> <span class='ocrx_word' id='word_1_316' title='bbox 716 2613 940 2677; x_wconf 90' lang='lat' dir='ltr'><strong>sanctis,</strong></span> <span class='ocrx_word' id='word_1_317' title='bbox 992 2627 1097 2666; x_wconf 92' lang='lat' dir='ltr'><strong>vox</strong></span> <span class='ocrx_word' id='word_1_318' title='bbox 1155 2611 1408 2666; x_wconf 91' lang='lat' dir='ltr'><strong>clamoris</strong></span> <span class='ocrx_word' id='word_1_319' title='bbox 1456 2610 1508 2664; x_wconf 93' lang='lat' dir='ltr'><strong>in</strong></span> <span class='ocrx_word' id='word_1_320' title='bbox 1559 2609 1776 2665; x_wconf 88' lang='lat' dir='ltr'><strong>excelso</strong></span> <span class='ocrx_word' id='word_1_321' title='bbox 1821 2609 1888 2663; x_wconf 91' lang='lat' dir='ltr'><strong>ad</strong></span> <span class='ocrx_word' id='word_1_322' title='bbox 1934 2623 2097 2662; x_wconf 87' lang='lat' dir='ltr'><strong>aures</strong></span> 
     </span>
    </p>
   </div>
   <div class='ocr_carea' id='block_1_43' title="bbox 507 2701 2097 2774">
    <p class='ocr_par' dir='ltr' id='par_1_43' title="bbox 507 2701 2097 2774">
     <span class='ocr_line' id='line_1_43' title="bbox 507 2701 2097 2774; baseline -0.003 -16"><span class='ocrx_word' id='word_1_323' title='bbox 507 2705 714 2759; x_wconf 88' lang='lat' dir='ltr'><strong>scilicet</strong></span> <span class='ocrx_word' id='word_1_324' title='bbox 747 2707 841 2760; x_wconf 90' lang='lat' dir='ltr'><strong>Dei</strong></span> <span class='ocrx_word' id='word_1_325' title='bbox 871 2705 1118 2759; x_wconf 86' lang='lat' dir='ltr'><strong>altissimi</strong></span> <span class='ocrx_word' id='word_1_326' title='bbox 1146 2705 1344 2760; x_wconf 83' lang='lat' dir='ltr'><strong>dicitur</strong></span> <span class='ocrx_word' id='word_1_327' title='bbox 1377 2705 1681 2774; x_wconf 89' lang='lat' dir='ltr'><strong>pervenire,</strong></span> <span class='ocrx_word' id='word_1_328' title='bbox 1726 2704 1866 2758; x_wconf 83' lang='lat' dir='ltr'><strong>sicut</strong></span> <span class='ocrx_word' id='word_1_329' title='bbox 1891 2701 2097 2757; x_wconf 91' lang='lat' dir='ltr'><strong>clamor</strong></span> 
     </span>
    </p>
   </div>
   <div class='ocr_carea' id='block_1_44' title="bbox 505 2794 2094 2866">
    <p class='ocr_par' dir='ltr' id='par_1_44' title="bbox 505 2794 2094 2866">
     <span class='ocr_line' id='line_1_44' title="bbox 505 2794 2094 2866; baseline -0.002 -16"><span class='ocrx_word' id='word_1_330' title='bbox 505 2797 713 2864; x_wconf 85' lang='lat' dir='ltr'><strong>peccati</strong></span> <span class='ocrx_word' id='word_1_331' title='bbox 753 2797 896 2866; x_wconf 90' lang='lat' dir='ltr'><strong>quod</strong></span> <span class='ocrx_word' id='word_1_332' title='bbox 940 2796 1142 2866; x_wconf 87' lang='lat' dir='ltr'><strong>jugiter</strong></span> <span class='ocrx_word' id='word_1_333' title='bbox 1181 2806 1304 2850; x_wconf 90' lang='lat' dir='ltr'><strong>ante</strong></span> <span class='ocrx_word' id='word_1_334' title='bbox 1349 2797 1515 2850; x_wconf 85' lang='lat' dir='ltr'><strong>Deum</strong></span> <span class='ocrx_word' id='word_1_335' title='bbox 1561 2804 1750 2850; x_wconf 87' lang='lat' dir='ltr'><strong>contra</strong></span> <span class='ocrx_word' id='word_1_336' title='bbox 1779 2794 2094 2863; x_wconf 86' lang='lat' dir='ltr'><strong>delinquen-</strong></span> 
     </span>
    </p>
   </div>
   <div class='ocr_carea' id='block_1_45' title="bbox 507 2886 2092 2959">
    <p class='ocr_par' dir='ltr' id='par_1_45' title="bbox 507 2886 2092 2959">
     <span class='ocr_line' id='line_1_45' title="bbox 507 2886 2092 2959; baseline -0.003 -16"><span class='ocrx_word' id='word_1_337' title='bbox 507 2900 590 2944; x_wconf 90' lang='lat' dir='ltr'><strong>tes</strong></span> <span class='ocrx_word' id='word_1_338' title='bbox 633 2889 849 2944; x_wconf 88' lang='lat' dir='ltr'><strong>clamat.</strong></span> <span class='ocrx_word' id='word_1_339' title='bbox 894 2887 970 2942; x_wconf 92' lang='lat' dir='ltr'><strong>De</strong></span> <span class='ocrx_word' id='word_1_340' title='bbox 997 2904 1106 2959; x_wconf 92' lang='lat' dir='ltr'><strong>quo</strong></span> <span class='ocrx_word' id='word_1_341' title='bbox 1152 2888 1410 2942; x_wconf 89' lang='lat' dir='ltr'><strong>Dominus</strong></span> <span class='ocrx_word' id='word_1_342' title='bbox 1441 2906 1454 2940; x_wconf 89' lang='lat'><strong>:</strong></span> <span class='ocrx_word' id='word_1_343' title='bbox 1485 2887 1700 2942; x_wconf 88' lang='lat' dir='ltr'><strong>Clamor</strong></span> <span class='ocrx_word' id='word_1_344' title='bbox 1743 2886 2092 2940; x_wconf 85' lang='lat' dir='ltr'><strong>Sodomorum</strong></span> 
     </span>
    </p>
   </div>
   <div class='ocr_carea' id='block_1_46' title="bbox 507 2979 2093 3053">
    <p class='ocr_par' dir='ltr' id='par_1_46' title="bbox 507 2979 2093 3053">
     <span class='ocr_line' id='line_1_46' title="bbox 507 2979 2093 3053; baseline 0.001 -19"><span class='ocrx_word' id='word_1_345' title='bbox 507 2982 639 3035; x_wconf 74' lang='lat' dir='ltr'><strong>venit</strong></span> <span class='ocrx_word' id='word_1_346' title='bbox 665 2981 732 3034; x_wconf 84' lang='lat' dir='ltr'><strong>ad</strong></span> <span class='ocrx_word' id='word_1_347' title='bbox 768 2999 845 3036; x_wconf 89' lang='lat' dir='ltr'><strong>me</strong></span> <span class='ocrx_word' id='word_1_348' title='bbox 868 2979 1020 3053; x_wconf 84' lang='lat' dir='ltr'><strong>(Gen.</strong></span> <span class='ocrx_word' id='word_1_349' title='bbox 1056 2998 1210 3047; x_wconf 87' lang='lat' dir='ltr'><strong>xvm,</strong></span> <span class='ocrx_word' id='word_1_350' title='bbox 1243 2981 1356 3052; x_wconf 72' lang='lat'><strong>20):</strong></span> <span class='ocrx_word' id='word_1_351' title='bbox 1388 2982 1454 3036; x_wconf 88' lang='lat' dir='ltr'><strong>Et</strong></span> <span class='ocrx_word' id='word_1_352' title='bbox 1493 2981 1616 3037; x_wconf 80' lang='lat' dir='ltr'><strong>alibi</strong></span> <span class='ocrx_word' id='word_1_353' title='bbox 1648 2982 1909 3052; x_wconf 88' lang='lat' dir='ltr'><strong>propheta</strong></span> <span class='ocrx_word' id='word_1_354' title='bbox 1932 3023 1947 3047; x_wconf 94' lang='lat'><strong>,</strong></span> <span class='ocrx_word' id='word_1_355' title='bbox 1969 2997 2093 3037; x_wconf 91' lang='lat' dir='ltr'><strong>cum</strong></span> 
     </span>
    </p>
   </div>
   <div class='ocr_carea' id='block_1_47' title="bbox 504 3072 2092 3144">
    <p class='ocr_par' dir='ltr' id='par_1_47' title="bbox 504 3072 2092 3144">
     <span class='ocr_line' id='line_1_47' title="bbox 504 3072 2092 3144; baseline -0.002 -15"><span class='ocrx_word' id='word_1_356' title='bbox 504 3082 727 3144; x_wconf 88' lang='lat' dir='ltr'><strong>peccata</strong></span> <span class='ocrx_word' id='word_1_357' title='bbox 757 3074 938 3143; x_wconf 89' lang='lat' dir='ltr'><strong>populi</strong></span> <span class='ocrx_word' id='word_1_358' title='bbox 987 3085 1467 3130; x_wconf 90' lang='lat' dir='ltr'><strong>commemorasset</strong></span> <span class='ocrx_word' id='word_1_359' title='bbox 1497 3092 1510 3127; x_wconf 91' lang='lat'><strong>:</strong></span> <span class='ocrx_word' id='word_1_360' title='bbox 1547 3072 1754 3138; x_wconf 86' lang='lat' dir='ltr'><strong>Nonne,</strong></span> <span class='ocrx_word' id='word_1_361' title='bbox 1803 3073 1998 3142; x_wconf 86' lang='lat' dir='ltr'><strong>inquit,</strong></span> <span class='ocrx_word' id='word_1_362' title='bbox 2037 3074 2092 3126; x_wconf 86' lang='lat' dir='ltr'><strong>in</strong></span> 
     </span>
    </p>
   </div>
   <div class='ocr_carea' id='block_1_48' title="bbox 2200 1871 3799 1942">
    <p class='ocr_par' dir='ltr' id='par_1_48' title="bbox 2200 1871 3799 1942">
     <span class='ocr_line' id='line_1_48' title="bbox 2200 1871 3799 1942; baseline 0.001 -14"><span class='ocrx_word' id='word_1_363' title='bbox 2200 1873 2511 1928; x_wconf 68' lang='lat' dir='ltr'><strong>caelestibus</strong></span> <span class='ocrx_word' id='word_1_364' title='bbox 2530 1871 2643 1942; x_wconf 92' lang='lat' dir='ltr'><strong>jam</strong></span> <span class='ocrx_word' id='word_1_365' title='bbox 2677 1874 2873 1929; x_wconf 89' lang='lat' dir='ltr'><strong>audiri.</strong></span> <span class='ocrx_word' id='word_1_366' title='bbox 2924 1875 2992 1929; x_wconf 83' lang='lat' dir='ltr'><strong>Et</strong></span> <span class='ocrx_word' id='word_1_367' title='bbox 3021 1875 3142 1930; x_wconf 92' lang='lat' dir='ltr'><strong>ideo</strong></span> <span class='ocrx_word' id='word_1_368' title='bbox 3188 1891 3296 1931; x_wconf 92' lang='lat' dir='ltr'><strong>non</strong></span> <span class='ocrx_word' id='word_1_369' title='bbox 3353 1875 3625 1932; x_wconf 89' lang='lat' dir='ltr'><strong>modicum</strong></span> <span class='ocrx_word' id='word_1_370' title='bbox 3683 1875 3799 1930; x_wconf 90' lang='lat' dir='ltr'><strong>fuit</strong></span> 
     </span>
    </p>
   </div>
   <div class='ocr_carea' id='block_1_49' title="bbox 2197 1966 3794 2039">
    <p class='ocr_par' dir='ltr' id='par_1_49' title="bbox 2197 1966 3794 2039">
     <span class='ocr_line' id='line_1_49' title="bbox 2197 1966 3794 2039; baseline 0.003 -20"><span class='ocrx_word' id='word_1_371' title='bbox 2197 1966 2495 2036; x_wconf 71' lang='lat' dir='ltr'><strong>prophetze,</strong></span> <span class='ocrx_word' id='word_1_372' title='bbox 2525 1967 2660 2021; x_wconf 86' lang='lat' dir='ltr'><strong>tanti</strong></span> <span class='ocrx_word' id='word_1_373' title='bbox 2698 1967 2942 2039; x_wconf 87' lang='lat' dir='ltr'><strong>mysterii</strong></span> <span class='ocrx_word' id='word_1_374' title='bbox 2979 1977 3344 2034; x_wconf 87' lang='lat' dir='ltr'><strong>sacramenta,</strong></span> <span class='ocrx_word' id='word_1_375' title='bbox 3375 1969 3500 2024; x_wconf 91' lang='lat' dir='ltr'><strong>licet</strong></span> <span class='ocrx_word' id='word_1_376' title='bbox 3527 1971 3794 2034; x_wconf 86' lang='lat' dir='ltr'><strong>obscure,</strong></span> 
     </span>
    </p>
   </div>
   <div class='ocr_carea' id='block_1_50' title="bbox 2198 2057 3799 2133">
    <p class='ocr_par' dir='ltr' id='par_1_50' title="bbox 2198 2057 3799 2133">
     <span class='ocr_line' id='line_1_50' title="bbox 2198 2057 3799 2133; baseline 0.004 -23"><span class='ocrx_word' id='word_1_377' title='bbox 2198 2057 2510 2129; x_wconf 90' lang='lat' dir='ltr'><strong>diligentius</strong></span> <span class='ocrx_word' id='word_1_378' title='bbox 2548 2060 2878 2130; x_wconf 66' lang='lat' dir='ltr'><strong>praesignare</strong></span> <span class='ocrx_word' id='word_1_379' title='bbox 2911 2079 2922 2113; x_wconf 88' lang='lat'><strong>:</strong></span> <span class='ocrx_word' id='word_1_380' title='bbox 2964 2073 3022 2115; x_wconf 90' lang='lat' dir='ltr'><strong>ut</strong></span> <span class='ocrx_word' id='word_1_381' title='bbox 3057 2062 3198 2116; x_wconf 89' lang='lat' dir='ltr'><strong>sicut</strong></span> <span class='ocrx_word' id='word_1_382' title='bbox 3226 2061 3282 2116; x_wconf 92' lang='lat' dir='ltr'><strong>in</strong></span> <span class='ocrx_word' id='word_1_383' title='bbox 3320 2061 3425 2118; x_wconf 93' lang='lat' dir='ltr'><strong>illis</strong></span> <span class='ocrx_word' id='word_1_384' title='bbox 3450 2063 3562 2133; x_wconf 92' lang='lat' dir='ltr'><strong>jam</strong></span> <span class='ocrx_word' id='word_1_385' title='bbox 3616 2077 3799 2129; x_wconf 83' lang='lat' dir='ltr'><strong>genus</strong></span> 
     </span>
    </p>
   </div>
   <div class='ocr_carea' id='block_1_51' title="bbox 2198 2147 3798 2223">
    <p class='ocr_par' dir='ltr' id='par_1_51' title="bbox 2198 2147 3798 2223">
     <span class='ocr_line' id='line_1_51' title="bbox 2198 2147 3798 2223; baseline 0.004 -21"><span class='ocrx_word' id='word_1_386' title='bbox 2198 2147 2441 2203; x_wconf 91' lang='lat' dir='ltr'><strong>omnium</strong></span> <span class='ocrx_word' id='word_1_387' title='bbox 2465 2164 2564 2219; x_wconf 90' lang='lat' dir='ltr'><strong>pro</strong></span> <span class='ocrx_word' id='word_1_388' title='bbox 2589 2148 2808 2206; x_wconf 90' lang='lat' dir='ltr'><strong>Christo</strong></span> <span class='ocrx_word' id='word_1_389' title='bbox 2834 2161 3133 2223; x_wconf 87' lang='lat' dir='ltr'><strong>martyrum</strong></span> <span class='ocrx_word' id='word_1_390' title='bbox 3158 2153 3474 2223; x_wconf 90' lang='lat' dir='ltr'><strong>signabatur</strong></span> <span class='ocrx_word' id='word_1_391' title='bbox 3509 2170 3522 2204; x_wconf 88' lang='lat'><strong><em>:</em></strong></span> <span class='ocrx_word' id='word_1_392' title='bbox 3557 2155 3630 2208; x_wconf 88' lang='lat' dir='ltr'><strong>ita</strong></span> <span class='ocrx_word' id='word_1_393' title='bbox 3655 2169 3798 2210; x_wconf 88' lang='lat' dir='ltr'><strong>sane</strong></span> 
     </span>
    </p>
   </div>
   <div class='ocr_carea' id='block_1_52' title="bbox 2204 2243 3799 2316">
    <p class='ocr_par' dir='ltr' id='par_1_52' title="bbox 2204 2243 3799 2316">
     <span class='ocr_line' id='line_1_52' title="bbox 2204 2243 3799 2316; baseline 0.003 -18"><span class='ocrx_word' id='word_1_394' title='bbox 2204 2243 2258 2298; x_wconf 94' lang='lat' dir='ltr'><strong>in</strong></span> <span class='ocrx_word' id='word_1_395' title='bbox 2299 2243 2504 2299; x_wconf 91' lang='lat' dir='ltr'><strong>Rachel</strong></span> <span class='ocrx_word' id='word_1_396' title='bbox 2557 2243 2732 2315; x_wconf 85' lang='lat' dir='ltr'><strong>ﬁgura</strong></span> <span class='ocrx_word' id='word_1_397' title='bbox 2785 2245 2948 2300; x_wconf 92' lang='lat' dir='ltr'><strong>totius</strong></span> <span class='ocrx_word' id='word_1_398' title='bbox 2996 2245 3252 2301; x_wconf 53' lang='lat' dir='ltr'><strong>Ecclesiae</strong></span> <span class='ocrx_word' id='word_1_399' title='bbox 3289 2246 3552 2316; x_wconf 92' lang='lat' dir='ltr'><strong>plorantis</strong></span> <span class='ocrx_word' id='word_1_400' title='bbox 3584 2249 3637 2302; x_wconf 92' lang='lat' dir='ltr'><strong>in</strong></span> <span class='ocrx_word' id='word_1_401' title='bbox 3683 2247 3799 2304; x_wconf 87' lang='lat' dir='ltr'><strong>hac</strong></span> 
     </span>
    </p>
   </div>
   <div class='ocr_carea' id='block_1_53' title="bbox 2197 2338 3798 2410">
    <p class='ocr_par' dir='ltr' id='par_1_53' title="bbox 2197 2338 3798 2410">
     <span class='ocr_line' id='line_1_53' title="bbox 2197 2338 3798 2410; baseline 0.003 -19"><span class='ocrx_word' id='word_1_402' title='bbox 2197 2338 2335 2392; x_wconf 90' lang='lat' dir='ltr'><strong>valle</strong></span> <span class='ocrx_word' id='word_1_403' title='bbox 2376 2338 2735 2410; x_wconf 88' lang='lat' dir='ltr'><strong>lacrymarum</strong></span> <span class='ocrx_word' id='word_1_404' title='bbox 2777 2339 3085 2410; x_wconf 85' lang='lat' dir='ltr'><strong>expressius</strong></span> <span class='ocrx_word' id='word_1_405' title='bbox 3123 2355 3223 2410; x_wconf 91' lang='lat' dir='ltr'><strong>pro</strong></span> <span class='ocrx_word' id='word_1_406' title='bbox 3250 2340 3364 2396; x_wconf 87' lang='lat' dir='ltr'><strong>suis</strong></span> <span class='ocrx_word' id='word_1_407' title='bbox 3386 2349 3798 2397; x_wconf 89' lang='lat' dir='ltr'><strong>monstraretur</strong></span> 
     </span>
    </p>
   </div>
   <div class='ocr_carea' id='block_1_54' title="bbox 2197 2428 3798 2501">
    <p class='ocr_par' dir='ltr' id='par_1_54' title="bbox 2197 2428 3798 2501">
     <span class='ocr_line' id='line_1_54' title="bbox 2197 2428 3798 2501; baseline 0.002 -17"><span class='ocrx_word' id='word_1_408' title='bbox 2197 2429 2406 2484; x_wconf 91' lang='lat' dir='ltr'><strong>occisis.</strong></span> <span class='ocrx_word' id='word_1_409' title='bbox 2457 2428 2579 2484; x_wconf 84' lang='lat' dir='ltr'><strong>Mox</strong></span> <span class='ocrx_word' id='word_1_410' title='bbox 2625 2429 2792 2499; x_wconf 88' lang='lat' dir='ltr'><strong>igitur</strong></span> <span class='ocrx_word' id='word_1_411' title='bbox 2847 2428 3084 2501; x_wconf 87' lang='lat' dir='ltr'><strong>Virginis</strong></span> <span class='ocrx_word' id='word_1_412' title='bbox 3133 2439 3291 2501; x_wconf 90' lang='lat' dir='ltr'><strong>partu</strong></span> <span class='ocrx_word' id='word_1_413' title='bbox 3353 2431 3532 2486; x_wconf 88' lang='lat' dir='ltr'><strong>editus</strong></span> <span class='ocrx_word' id='word_1_414' title='bbox 3583 2433 3798 2488; x_wconf 88' lang='lat' dir='ltr'><strong>mundo</strong></span> 
     </span>
    </p>
   </div>
   <div class='ocr_carea' id='block_1_55' title="bbox 2199 2521 3793 2594">
    <p class='ocr_par' dir='ltr' id='par_1_55' title="bbox 2199 2521 3793 2594">
     <span class='ocr_line' id='line_1_55' title="bbox 2199 2521 3793 2594; baseline 0.001 -17"><span class='ocrx_word' id='word_1_415' title='bbox 2199 2522 2448 2577; x_wconf 90' lang='lat' dir='ltr'><strong>Christus</strong></span> <span class='ocrx_word' id='word_1_416' title='bbox 2503 2521 2770 2592; x_wconf 87' lang='lat' dir='ltr'><strong>apparuit,</strong></span> <span class='ocrx_word' id='word_1_417' title='bbox 2799 2537 2830 2576; x_wconf 90' lang='lat' dir='ltr'><strong>a</strong></span> <span class='ocrx_word' id='word_1_418' title='bbox 2871 2521 3212 2592; x_wconf 89' lang='lat' dir='ltr'><strong>passionibus</strong></span> <span class='ocrx_word' id='word_1_419' title='bbox 3255 2523 3609 2594; x_wconf 70' lang='lat' dir='ltr'><strong>cmpitzquia</strong></span> <span class='ocrx_word' id='word_1_420' title='bbox 3654 2524 3793 2579; x_wconf 90' lang='lat' dir='ltr'><strong>dum</strong></span> 
     </span>
    </p>
   </div>
   <div class='ocr_carea' id='block_1_56' title="bbox 2198 2613 3794 2684">
    <p class='ocr_par' dir='ltr' id='par_1_56' title="bbox 2198 2613 3794 2684">
     <span class='ocr_line' id='line_1_56' title="bbox 2198 2613 3794 2684; baseline 0.001 -17"><span class='ocrx_word' id='word_1_421' title='bbox 2198 2614 2311 2684; x_wconf 90' lang='lat' dir='ltr'><strong>ipse</strong></span> <span class='ocrx_word' id='word_1_422' title='bbox 2335 2613 2766 2684; x_wconf 89' lang='lat' dir='ltr'><strong>persecutionem</strong></span> <span class='ocrx_word' id='word_1_423' title='bbox 2793 2613 3018 2682; x_wconf 88' lang='lat' dir='ltr'><strong>patitur,</strong></span> <span class='ocrx_word' id='word_1_424' title='bbox 3049 2621 3360 2668; x_wconf 88' lang='lat' dir='ltr'><strong>sanctorum</strong></span> <span class='ocrx_word' id='word_1_425' title='bbox 3390 2613 3631 2670; x_wconf 89' lang='lat' dir='ltr'><strong>omnium</strong></span> <span class='ocrx_word' id='word_1_426' title='bbox 3653 2628 3794 2684; x_wconf 90' lang='lat' dir='ltr'><strong>per-</strong></span> 
     </span>
    </p>
   </div>
   <div class='ocr_carea' id='block_1_57' title="bbox 2198 2705 3790 2778">
    <p class='ocr_par' dir='ltr' id='par_1_57' title="bbox 2198 2705 3790 2778">
     <span class='ocr_line' id='line_1_57' title="bbox 2198 2705 3790 2778; baseline -0.003 -14"><span class='ocrx_word' id='word_1_427' title='bbox 2198 2708 2405 2764; x_wconf 91' lang='lat' dir='ltr'><strong>secutio</strong></span> <span class='ocrx_word' id='word_1_428' title='bbox 2428 2708 2482 2762; x_wconf 92' lang='lat' dir='ltr'><strong>in</strong></span> <span class='ocrx_word' id='word_1_429' title='bbox 2517 2721 2582 2762; x_wconf 88' lang='lat' dir='ltr'><strong>eo</strong></span> <span class='ocrx_word' id='word_1_430' title='bbox 2624 2706 2879 2761; x_wconf 90' lang='lat' dir='ltr'><strong>nimirum</strong></span> <span class='ocrx_word' id='word_1_431' title='bbox 2909 2705 3050 2761; x_wconf 90' lang='lat' dir='ltr'><strong>velut</strong></span> <span class='ocrx_word' id='word_1_432' title='bbox 3084 2722 3148 2762; x_wconf 86' lang='lat' dir='ltr'><strong>ex</strong></span> <span class='ocrx_word' id='word_1_433' title='bbox 3181 2707 3442 2778; x_wconf 69' lang='lat' dir='ltr'><strong>prmsagio</strong></span> <span class='ocrx_word' id='word_1_434' title='bbox 3494 2707 3790 2778; x_wconf 86' lang='lat' dir='ltr'><strong>ﬁguratur.</strong></span> 
     </span>
    </p>
   </div>
   <div class='ocr_carea' id='block_1_58' title="bbox 2199 2798 3793 2869">
    <p class='ocr_par' dir='ltr' id='par_1_58' title="bbox 2199 2798 3793 2869">
     <span class='ocr_line' id='line_1_58' title="bbox 2199 2798 3793 2869; baseline 0.003 -16"><span class='ocrx_word' id='word_1_435' title='bbox 2199 2799 2374 2869; x_wconf 92' lang='lat' dir='ltr'><strong>Super</strong></span> <span class='ocrx_word' id='word_1_436' title='bbox 2385 2813 2547 2868; x_wconf 91' lang='lat' dir='ltr'><strong>quem</strong></span> <span class='ocrx_word' id='word_1_437' title='bbox 2569 2798 2659 2853; x_wconf 91' lang='lat' dir='ltr'><strong>isti</strong></span> <span class='ocrx_word' id='word_1_438' title='bbox 2678 2799 2899 2868; x_wconf 92' lang='lat' dir='ltr'><strong>proprio</strong></span> <span class='ocrx_word' id='word_1_439' title='bbox 2918 2799 3150 2869; x_wconf 90' lang='lat' dir='ltr'><strong>primum</strong></span> <span class='ocrx_word' id='word_1_440' title='bbox 3165 2814 3360 2855; x_wconf 91' lang='lat' dir='ltr'><strong>cruore</strong></span> <span class='ocrx_word' id='word_1_441' title='bbox 3374 2799 3698 2856; x_wconf 87' lang='lat' dir='ltr'><strong>dedicantur</strong></span> <span class='ocrx_word' id='word_1_442' title='bbox 3709 2801 3793 2857; x_wconf 88' lang='lat' dir='ltr'><strong>ad</strong></span> 
     </span>
    </p>
   </div>
   <div class='ocr_carea' id='block_1_59' title="bbox 2197 2890 3794 2957">
    <p class='ocr_par' dir='ltr' id='par_1_59' title="bbox 2197 2890 3794 2957">
     <span class='ocr_line' id='line_1_59' title="bbox 2197 2890 3794 2957; baseline 0.002 -12"><span class='ocrx_word' id='word_1_443' title='bbox 2197 2892 2499 2957; x_wconf 88' lang='lat' dir='ltr'><strong>victimam,</strong></span> <span class='ocrx_word' id='word_1_444' title='bbox 2527 2900 2588 2946; x_wconf 93' lang='lat' dir='ltr'><strong>ut</strong></span> <span class='ocrx_word' id='word_1_445' title='bbox 2624 2901 2807 2947; x_wconf 90' lang='lat' dir='ltr'><strong>tenera</strong></span> <span class='ocrx_word' id='word_1_446' title='bbox 2843 2891 3018 2947; x_wconf 92' lang='lat' dir='ltr'><strong>adhuc</strong></span> <span class='ocrx_word' id='word_1_447' title='bbox 3056 2900 3110 2947; x_wconf 92' lang='lat' dir='ltr'><strong>et</strong></span> <span class='ocrx_word' id='word_1_448' title='bbox 3131 2890 3340 2948; x_wconf 89' lang='lat' dir='ltr'><strong>laetans</strong></span> <span class='ocrx_word' id='word_1_449' title='bbox 3363 2891 3592 2947; x_wconf 81' lang='lat' dir='ltr'><strong>infantia</strong></span> <span class='ocrx_word' id='word_1_450' title='bbox 3615 2891 3794 2948; x_wconf 84' lang='lat' dir='ltr'><strong>totius</strong></span> 
     </span>
    </p>
   </div>
   <div class='ocr_carea' id='block_1_60' title="bbox 2196 2983 3792 3058">
    <p class='ocr_par' dir='ltr' id='par_1_60' title="bbox 2196 2983 3792 3058">
     <span class='ocr_line' id='line_1_60' title="bbox 2196 2983 3792 3058; baseline 0.002 -20"><span class='ocrx_word' id='word_1_451' title='bbox 2196 2985 2466 3054; x_wconf 81' lang='lat' dir='ltr'><strong>corporis,</strong></span> <span class='ocrx_word' id='word_1_452' title='bbox 2489 2984 2661 3039; x_wconf 91' lang='lat' dir='ltr'><strong>donec</strong></span> <span class='ocrx_word' id='word_1_453' title='bbox 2680 2984 2864 3038; x_wconf 88' lang='lat' dir='ltr'><strong>omnia</strong></span> <span class='ocrx_word' id='word_1_454' title='bbox 2892 2983 2992 3038; x_wconf 89' lang='lat' dir='ltr'><strong>viri</strong></span> <span class='ocrx_word' id='word_1_455' title='bbox 3008 2983 3235 3054; x_wconf 78' lang='lat' dir='ltr'><strong>perfecti</strong></span> <span class='ocrx_word' id='word_1_456' title='bbox 3261 2985 3581 3058; x_wconf 67' lang='lat' dir='ltr'><strong>membrajn</strong></span> <span class='ocrx_word' id='word_1_457' title='bbox 3609 3001 3792 3041; x_wconf 88' lang='lat' dir='ltr'><strong>unum</strong></span> 
     </span>
    </p>
   </div>
   <div class='ocr_carea' id='block_1_61' title="bbox 2201 3073 3789 3148">
    <p class='ocr_par' dir='ltr' id='par_1_61' title="bbox 2201 3073 3789 3148">
     <span class='ocr_line' id='line_1_61' title="bbox 2201 3073 3789 3148; baseline -0.002 -15"><span class='ocrx_word' id='word_1_458' title='bbox 2201 3075 2357 3148; x_wconf 58' lang='lat'><strong>1&amp;5</strong></span> <span class='ocrx_word' id='word_1_459' title='bbox 2400 3073 2744 3146; x_wconf 89' lang='lat' dir='ltr'><strong>colligantur,</strong></span> <span class='ocrx_word' id='word_1_460' title='bbox 2785 3075 2999 3130; x_wconf 91' lang='lat' dir='ltr'><strong>initium</strong></span> <span class='ocrx_word' id='word_1_461' title='bbox 3040 3075 3428 3145; x_wconf 85' lang='lat' dir='ltr'><strong>significantius</strong></span> <span class='ocrx_word' id='word_1_462' title='bbox 3474 3074 3789 3132; x_wconf 85' lang='lat' dir='ltr'><strong>exhiberet.</strong></span> 
     </span>
    </p>
   </div>
   <div class='ocr_carea' id='block_1_62' title="bbox 507 3157 3794 3240">
    <p class='ocr_par' dir='ltr' id='par_1_62' title="bbox 507 3157 3794 3240">
     <span class='ocr_line' id='line_1_62' title="bbox 507 3157 3794 3240; baseline 0.001 -22"><span class='ocrx_word' id='word_1_463' title='bbox 507 3167 723 3219; x_wconf 82' lang='lat' dir='ltr'><strong>auribus</strong></span> <span class='ocrx_word' id='word_1_464' title='bbox 767 3166 977 3219; x_wconf 80' lang='lat' dir='ltr'><strong>Domini</strong></span> <span class='ocrx_word' id='word_1_465' title='bbox 1019 3166 1235 3221; x_wconf 80' lang='lat' dir='ltr'><strong>sabaoth</strong></span> <span class='ocrx_word' id='word_1_466' title='bbox 1282 3177 1404 3220; x_wconf 83' lang='lat' dir='ltr'><strong>sunt</strong></span> <span class='ocrx_word' id='word_1_467' title='bbox 1442 3167 1552 3221; x_wconf 76' lang='lat' dir='ltr'><strong>lucc</strong></span> <span class='ocrx_word' id='word_1_468' title='bbox 1601 3166 1819 3219; x_wconf 82' lang='lat' dir='ltr'><strong>omnia?</strong></span> <span class='ocrx_word' id='word_1_469' title='bbox 1869 3165 2002 3236; x_wconf 86' lang='lat' dir='ltr'><strong>(Isa.</strong></span> <span class='ocrx_word' id='word_1_470' title='bbox 2040 3183 2092 3232; x_wconf 89' lang='lat' dir='ltr'><strong>v,</strong></span> <span class='ocrx_word' id='word_1_471' title='bbox 2122 3157 2168 3220; x_wconf 91' lang='lat' dir='ltr'><strong>C</strong></span> <span class='ocrx_word' id='word_1_472' title='bbox 2200 3168 2369 3240; x_wconf 87' lang='lat' dir='ltr'><strong>Igitur</strong></span> <span class='ocrx_word' id='word_1_473' title='bbox 2389 3167 2710 3223; x_wconf 89' lang='lat' dir='ltr'><strong>occiduntur</strong></span> <span class='ocrx_word' id='word_1_474' title='bbox 2733 3166 2970 3223; x_wconf 85' lang='lat' dir='ltr'><strong>infantes</strong></span> <span class='ocrx_word' id='word_1_475' title='bbox 2985 3165 3112 3221; x_wconf 92' lang='lat' dir='ltr'><strong>dum</strong></span> <span class='ocrx_word' id='word_1_476' title='bbox 3127 3165 3374 3222; x_wconf 88' lang='lat' dir='ltr'><strong>Christus</strong></span> <span class='ocrx_word' id='word_1_477' title='bbox 3397 3166 3794 3238; x_wconf 66' lang='lat' dir='ltr'><strong>infansqumri-</strong></span> 
     </span>
    </p>
   </div>
   <div class='ocr_carea' id='block_1_63' title="bbox 507 3256 2095 3327">
    <p class='ocr_par' dir='ltr' id='par_1_63' title="bbox 507 3256 2095 3327">
     <span class='ocr_line' id='line_1_63' title="bbox 507 3256 2095 3327; baseline 0 -17"><span class='ocrx_word' id='word_1_478' title='bbox 507 3256 585 3327; x_wconf 84' lang='lat'><strong>9.)</strong></span> <span class='ocrx_word' id='word_1_479' title='bbox 608 3256 695 3310; x_wconf 88' lang='lat' dir='ltr'><strong>Fit</strong></span> <span class='ocrx_word' id='word_1_480' title='bbox 720 3257 902 3326; x_wconf 87' lang='lat' dir='ltr'><strong>itaque</strong></span> <span class='ocrx_word' id='word_1_481' title='bbox 924 3266 976 3310; x_wconf 90' lang='lat' dir='ltr'><strong>et</strong></span> <span class='ocrx_word' id='word_1_482' title='bbox 999 3271 1184 3310; x_wconf 90' lang='lat' dir='ltr'><strong>eorum</strong></span> <span class='ocrx_word' id='word_1_483' title='bbox 1208 3256 1431 3318; x_wconf 89' lang='lat' dir='ltr'><strong>clamor,</strong></span> <span class='ocrx_word' id='word_1_484' title='bbox 1448 3257 1538 3325; x_wconf 91' lang='lat' dir='ltr'><strong>qui</strong></span> <span class='ocrx_word' id='word_1_485' title='bbox 1562 3263 1874 3325; x_wconf 90' lang='lat' dir='ltr'><strong>paupertate</strong></span> <span class='ocrx_word' id='word_1_486' title='bbox 1895 3258 2095 3321; x_wconf 80' lang='lat' dir='ltr'><strong>vexati,</strong></span> 
     </span>
    </p>
   </div>
   <div class='ocr_carea' id='block_1_64' title="bbox 509 3347 2098 3418">
    <p class='ocr_par' dir='ltr' id='par_1_64' title="bbox 509 3347 2098 3418">
     <span class='ocr_line' id='line_1_64' title="bbox 509 3347 2098 3418; baseline 0 -17"><span class='ocrx_word' id='word_1_487' title='bbox 509 3347 579 3402; x_wconf 91' lang='lat' dir='ltr'><strong>ab</strong></span> <span class='ocrx_word' id='word_1_488' title='bbox 631 3349 972 3404; x_wconf 89' lang='lat' dir='ltr'><strong>exactoribus</strong></span> <span class='ocrx_word' id='word_1_489' title='bbox 1021 3349 1314 3404; x_wconf 86' lang='lat' dir='ltr'><strong>crudeliter</strong></span> <span class='ocrx_word' id='word_1_490' title='bbox 1345 3348 1684 3418; x_wconf 85' lang='lat' dir='ltr'><strong>allliguntur;</strong></span> <span class='ocrx_word' id='word_1_491' title='bbox 1716 3347 1799 3400; x_wconf 90' lang='lat' dir='ltr'><strong>vel</strong></span> <span class='ocrx_word' id='word_1_492' title='bbox 1838 3355 1986 3402; x_wconf 92' lang='lat' dir='ltr'><strong>certe</strong></span> <span class='ocrx_word' id='word_1_493' title='bbox 2018 3348 2098 3401; x_wconf 88' lang='lat' dir='ltr'><strong>vi-</strong></span> 
     </span>
    </p>
   </div>
   <div class='ocr_carea' id='block_1_65' title="bbox 509 3437 2096 3510">
    <p class='ocr_par' dir='ltr' id='par_1_65' title="bbox 509 3437 2096 3510">
     <span class='ocr_line' id='line_1_65' title="bbox 509 3437 2096 3510; baseline -0.001 -18"><span class='ocrx_word' id='word_1_494' title='bbox 509 3438 736 3494; x_wconf 91' lang='lat' dir='ltr'><strong>duarum</strong></span> <span class='ocrx_word' id='word_1_495' title='bbox 765 3448 821 3494; x_wconf 90' lang='lat' dir='ltr'><strong>et</strong></span> <span class='ocrx_word' id='word_1_496' title='bbox 875 3439 1221 3510; x_wconf 90' lang='lat' dir='ltr'><strong>pupillorum,</strong></span> <span class='ocrx_word' id='word_1_497' title='bbox 1274 3439 1487 3508; x_wconf 89' lang='lat' dir='ltr'><strong>quoties</strong></span> <span class='ocrx_word' id='word_1_498' title='bbox 1542 3437 1740 3507; x_wconf 91' lang='lat' dir='ltr'><strong>injuste</strong></span> <span class='ocrx_word' id='word_1_499' title='bbox 1779 3437 2096 3506; x_wconf 88' lang='lat' dir='ltr'><strong>opprimun-</strong></span> 
     </span>
    </p>
   </div>
   <div class='ocr_carea' id='block_1_66' title="bbox 509 3528 2098 3599">
    <p class='ocr_par' dir='ltr' id='par_1_66' title="bbox 509 3528 2098 3599">
     <span class='ocr_line' id='line_1_66' title="bbox 509 3528 2098 3599; baseline 0 -15"><span class='ocrx_word' id='word_1_500' title='bbox 509 3539 619 3584; x_wconf 89' lang='lat' dir='ltr'><strong>tur.</strong></span> <span class='ocrx_word' id='word_1_501' title='bbox 659 3531 816 3588; x_wconf 86' lang='lat' dir='ltr'><strong>Unde</strong></span> <span class='ocrx_word' id='word_1_502' title='bbox 861 3533 1120 3587; x_wconf 90' lang='lat' dir='ltr'><strong>Dominus</strong></span> <span class='ocrx_word' id='word_1_503' title='bbox 1147 3546 1160 3584; x_wconf 90' lang='lat'><strong>:</strong></span> <span class='ocrx_word' id='word_1_504' title='bbox 1203 3529 1662 3599; x_wconf 77' lang='lat' dir='ltr'><strong>Vociferabuntur,</strong></span> <span class='ocrx_word' id='word_1_505' title='bbox 1692 3528 1888 3598; x_wconf 89' lang='lat' dir='ltr'><strong>inquit,</strong></span> <span class='ocrx_word' id='word_1_506' title='bbox 1920 3530 1987 3583; x_wconf 86' lang='lat' dir='ltr'><strong>ad</strong></span> <span class='ocrx_word' id='word_1_507' title='bbox 2018 3546 2098 3584; x_wconf 88' lang='lat' dir='ltr'><strong>me</strong></span> 
     </span>
    </p>
   </div>
   <div class='ocr_carea' id='block_1_67' title="bbox 506 3628 2092 3704">
    <p class='ocr_par' dir='ltr' id='par_1_67' title="bbox 506 3628 2092 3704">
     <span class='ocr_line' id='line_1_67' title="bbox 506 3628 2092 3704; baseline -0.002 -18"><span class='ocrx_word' id='word_1_508' title='bbox 506 3634 560 3687; x_wconf 88' lang='lat' dir='ltr'><strong>in</strong></span> <span class='ocrx_word' id='word_1_509' title='bbox 605 3642 850 3704; x_wconf 85' lang='lat' dir='ltr'><strong>tempore,</strong></span> <span class='ocrx_word' id='word_1_510' title='bbox 881 3644 929 3688; x_wconf 87' lang='lat' dir='ltr'><strong>et</strong></span> <span class='ocrx_word' id='word_1_511' title='bbox 949 3651 1042 3704; x_wconf 84' lang='lat' dir='ltr'><strong>ego</strong></span> <span class='ocrx_word' id='word_1_512' title='bbox 1072 3632 1352 3687; x_wconf 80' lang='lat' dir='ltr'><strong>exaudiam</strong></span> <span class='ocrx_word' id='word_1_513' title='bbox 1384 3632 1667 3685; x_wconf 87' lang='lat' dir='ltr'><strong>clamorem</strong></span> <span class='ocrx_word' id='word_1_514' title='bbox 1695 3647 1876 3685; x_wconf 85' lang='lat' dir='ltr'><strong>eorum</strong></span> <span class='ocrx_word' id='word_1_515' title='bbox 1896 3628 2092 3702; x_wconf 70' lang='lat' dir='ltr'><strong>(Exod.</strong></span> 
     </span>
    </p>
   </div>
   <div class='ocr_carea' id='block_1_68' title="bbox 505 3722 2096 3796">
    <p class='ocr_par' dir='ltr' id='par_1_68' title="bbox 505 3722 2096 3796">
     <span class='ocr_line' id='line_1_68' title="bbox 505 3722 2096 3796; baseline -0.003 -18"><span class='ocrx_word' id='word_1_516' title='bbox 505 3740 641 3788; x_wconf 87' lang='lat' dir='ltr'><strong>xxu,</strong></span> <span class='ocrx_word' id='word_1_517' title='bbox 671 3726 787 3796; x_wconf 73' lang='grc'><strong>25).</strong></span> <span class='ocrx_word' id='word_1_518' title='bbox 821 3725 909 3778; x_wconf 84' lang='lat' dir='ltr'><strong>Fit</strong></span> <span class='ocrx_word' id='word_1_519' title='bbox 942 3733 998 3779; x_wconf 90' lang='lat' dir='ltr'><strong>et</strong></span> <span class='ocrx_word' id='word_1_520' title='bbox 1023 3724 1123 3778; x_wconf 91' lang='lat' dir='ltr'><strong>sub</strong></span> <span class='ocrx_word' id='word_1_521' title='bbox 1151 3740 1241 3777; x_wconf 89' lang='lat' dir='ltr'><strong>ara</strong></span> <span class='ocrx_word' id='word_1_522' title='bbox 1274 3725 1368 3777; x_wconf 92' lang='lat' dir='ltr'><strong>Dei</strong></span> <span class='ocrx_word' id='word_1_523' title='bbox 1405 3724 1610 3778; x_wconf 91' lang='lat' dir='ltr'><strong>clamor</strong></span> <span class='ocrx_word' id='word_1_524' title='bbox 1661 3731 1970 3777; x_wconf 89' lang='lat' dir='ltr'><strong>sanctorum</strong></span> <span class='ocrx_word' id='word_1_525' title='bbox 2017 3722 2096 3775; x_wconf 90' lang='lat' dir='ltr'><strong>in-</strong></span> 
     </span>
    </p>
   </div>
   <div class='ocr_carea' id='block_1_69' title="bbox 505 3813 2095 3885">
    <p class='ocr_par' dir='ltr' id='par_1_69' title="bbox 505 3813 2095 3885">
     <span class='ocr_line' id='line_1_69' title="bbox 505 3813 2095 3885; baseline -0.003 -16"><span class='ocrx_word' id='word_1_526' title='bbox 505 3816 857 3871; x_wconf 88' lang='lat' dir='ltr'><strong>terfectorum</strong></span> <span class='ocrx_word' id='word_1_527' title='bbox 894 3824 1116 3885; x_wconf 88' lang='lat' dir='ltr'><strong>propter</strong></span> <span class='ocrx_word' id='word_1_528' title='bbox 1152 3815 1376 3870; x_wconf 89' lang='lat' dir='ltr'><strong>verbum</strong></span> <span class='ocrx_word' id='word_1_529' title='bbox 1424 3815 1540 3878; x_wconf 88' lang='lat' dir='ltr'><strong>Dei,</strong></span> <span class='ocrx_word' id='word_1_530' title='bbox 1567 3822 1622 3867; x_wconf 91' lang='lat' dir='ltr'><strong>et</strong></span> <span class='ocrx_word' id='word_1_531' title='bbox 1673 3821 1893 3882; x_wconf 88' lang='lat' dir='ltr'><strong>propter</strong></span> <span class='ocrx_word' id='word_1_532' title='bbox 1938 3813 2095 3867; x_wconf 89' lang='lat' dir='ltr'><strong>testi-</strong></span> 
     </span>
    </p>
   </div>
   <div class='ocr_carea' id='block_1_70' title="bbox 505 3901 2095 3975">
    <p class='ocr_par' dir='ltr' id='par_1_70' title="bbox 505 3901 2095 3975">
     <span class='ocr_line' id='line_1_70' title="bbox 505 3901 2095 3975; baseline -0.004 -14"><span class='ocrx_word' id='word_1_533' title='bbox 505 3907 748 3961; x_wconf 90' lang='lat' dir='ltr'><strong>monium</strong></span> <span class='ocrx_word' id='word_1_534' title='bbox 783 3905 926 3975; x_wconf 91' lang='lat' dir='ltr'><strong>quod</strong></span> <span class='ocrx_word' id='word_1_535' title='bbox 974 3907 1198 3971; x_wconf 90' lang='lat' dir='ltr'><strong>habent,</strong></span> <span class='ocrx_word' id='word_1_536' title='bbox 1244 3921 1470 3974; x_wconf 88' lang='lat' dir='ltr'><strong>quorum</strong></span> <span class='ocrx_word' id='word_1_537' title='bbox 1523 3904 1742 3973; x_wconf 89' lang='lat' dir='ltr'><strong>sanguis</strong></span> <span class='ocrx_word' id='word_1_538' title='bbox 1781 3901 1981 3957; x_wconf 79' lang='lat' dir='ltr'><strong>etfusus</strong></span> <span class='ocrx_word' id='word_1_539' title='bbox 2013 3910 2095 3956; x_wconf 92' lang='lat' dir='ltr'><strong>est</strong></span> 
     </span>
    </p>
   </div>
   <div class='ocr_carea' id='block_1_71' title="bbox 504 3995 2096 4068">
    <p class='ocr_par' dir='ltr' id='par_1_71' title="bbox 504 3995 2096 4068">
     <span class='ocr_line' id='line_1_71' title="bbox 504 3995 2096 4068; baseline -0.003 -14"><span class='ocrx_word' id='word_1_540' title='bbox 504 4013 668 4068; x_wconf 90' lang='lat' dir='ltr'><strong>super</strong></span> <span class='ocrx_word' id='word_1_541' title='bbox 698 4007 923 4054; x_wconf 91' lang='lat' dir='ltr'><strong>terram.</strong></span> <span class='ocrx_word' id='word_1_542' title='bbox 969 3999 1044 4053; x_wconf 89' lang='lat' dir='ltr'><strong>De</strong></span> <span class='ocrx_word' id='word_1_543' title='bbox 1087 3998 1284 4067; x_wconf 90' lang='lat' dir='ltr'><strong>quibus</strong></span> <span class='ocrx_word' id='word_1_544' title='bbox 1331 3998 1520 4050; x_wconf 86' lang='lat' dir='ltr'><strong>beatus</strong></span> <span class='ocrx_word' id='word_1_545' title='bbox 1561 3995 1798 4051; x_wconf 83' lang='lat' dir='ltr'><strong>Joannes</strong></span> <span class='ocrx_word' id='word_1_546' title='bbox 1856 3996 1907 4049; x_wconf 92' lang='lat' dir='ltr'><strong>in</strong></span> <span class='ocrx_word' id='word_1_547' title='bbox 1954 3996 2096 4065; x_wconf 90' lang='lat' dir='ltr'><strong>Apo-</strong></span> 
     </span>
    </p>
   </div>
   <div class='ocr_carea' id='block_1_72' title="bbox 505 4085 2096 4160">
    <p class='ocr_par' dir='ltr' id='par_1_72' title="bbox 505 4085 2096 4160">
     <span class='ocr_line' id='line_1_72' title="bbox 505 4085 2096 4160; baseline -0.004 -16"><span class='ocrx_word' id='word_1_548' title='bbox 505 4091 708 4160; x_wconf 88' lang='lat' dir='ltr'><strong>calypsi</strong></span> <span class='ocrx_word' id='word_1_549' title='bbox 738 4104 834 4144; x_wconf 93' lang='lat' dir='ltr'><strong>sua</strong></span> <span class='ocrx_word' id='word_1_550' title='bbox 859 4089 956 4160; x_wconf 73' lang='grc' dir='ltr'>(γι,</span> <span class='ocrx_word' id='word_1_551' title='bbox 982 4087 1106 4159; x_wconf 59' lang='grc' dir='ltr'><strong>ἸΟ);</strong></span> <span class='ocrx_word' id='word_1_552' title='bbox 1152 4086 1220 4139; x_wconf 85' lang='lat' dir='ltr'><strong>Et</strong></span> <span class='ocrx_word' id='word_1_553' title='bbox 1251 4085 1545 4140; x_wconf 86' lang='lat' dir='ltr'><strong>clamabant</strong></span> <span class='ocrx_word' id='word_1_554' title='bbox 1569 4102 1689 4139; x_wconf 81' lang='lat' dir='ltr'><strong>voce</strong></span> <span class='ocrx_word' id='word_1_555' title='bbox 1718 4101 1904 4154; x_wconf 78' lang='lat' dir='ltr'><strong>magna</strong></span> <span class='ocrx_word' id='word_1_556' title='bbox 1938 4085 2096 4159; x_wconf 63' lang='lat' dir='ltr'><strong>lu</strong></span> 
     </span>
    </p>
   </div>
   <div class='ocr_carea' id='block_1_73' title="bbox 503 4175 2093 4251">
    <p class='ocr_par' dir='ltr' id='par_1_73' title="bbox 503 4175 2093 4251">
     <span class='ocr_line' id='line_1_73' title="bbox 503 4175 2093 4251; baseline -0.003 -17"><span class='ocrx_word' id='word_1_557' title='bbox 503 4181 682 4234; x_wconf 83' lang='lat' dir='ltr'><strong>dicens</strong></span> <span class='ocrx_word' id='word_1_558' title='bbox 706 4197 725 4236; x_wconf 88' lang='lat'><em>:</em></span> <span class='ocrx_word' id='word_1_559' title='bbox 751 4179 1028 4251; x_wconf 88' lang='lat' dir='ltr'><strong>Usquequo</strong></span> <span class='ocrx_word' id='word_1_560' title='bbox 1063 4186 1276 4232; x_wconf 87' lang='lat' dir='ltr'><strong>sanctus</strong></span> <span class='ocrx_word' id='word_1_561' title='bbox 1311 4186 1358 4229; x_wconf 91' lang='lat' dir='ltr'><strong>et</strong></span> <span class='ocrx_word' id='word_1_562' title='bbox 1390 4192 1561 4240; x_wconf 82' lang='lat' dir='ltr'><strong>verus,</strong></span> <span class='ocrx_word' id='word_1_563' title='bbox 1595 4193 1697 4229; x_wconf 89' lang='lat' dir='ltr'><strong>non</strong></span> <span class='ocrx_word' id='word_1_564' title='bbox 1721 4175 1934 4245; x_wconf 81' lang='lat' dir='ltr'><strong>judicas</strong></span> <span class='ocrx_word' id='word_1_565' title='bbox 1970 4195 2093 4230; x_wconf 80' lang='lat' dir='ltr'><strong>san-</strong></span> 
     </span>
    </p>
   </div>
   <div class='ocr_carea' id='block_1_74' title="bbox 510 4267 2090 4343">
    <p class='ocr_par' dir='ltr' id='par_1_74' title="bbox 510 4267 2090 4343">
     <span class='ocr_line' id='line_1_74' title="bbox 510 4267 2090 4343; baseline -0.003 -17"><span class='ocrx_word' id='word_1_566' title='bbox 510 4273 719 4343; x_wconf 84' lang='lat' dir='ltr'><strong>guinem</strong></span> <span class='ocrx_word' id='word_1_567' title='bbox 751 4282 986 4326; x_wconf 83' lang='lat' dir='ltr'><strong>nostrum</strong></span> <span class='ocrx_word' id='word_1_568' title='bbox 1015 4270 1080 4324; x_wconf 88' lang='lat' dir='ltr'><strong>de</strong></span> <span class='ocrx_word' id='word_1_569' title='bbox 1109 4270 1188 4322; x_wconf 80' lang='lat' dir='ltr'><strong>Itis</strong></span> <span class='ocrx_word' id='word_1_570' title='bbox 1232 4269 1320 4337; x_wconf 88' lang='lat' dir='ltr'><strong>qui</strong></span> <span class='ocrx_word' id='word_1_571' title='bbox 1351 4267 1588 4320; x_wconf 81' lang='lat' dir='ltr'><strong>habitant</strong></span> <span class='ocrx_word' id='word_1_572' title='bbox 1630 4269 1684 4320; x_wconf 85' lang='lat' dir='ltr'><strong>in</strong></span> <span class='ocrx_word' id='word_1_573' title='bbox 1729 4268 1908 4320; x_wconf 83' lang='lat' dir='ltr'><strong>terra?</strong></span> <span class='ocrx_word' id='word_1_574' title='bbox 1959 4267 2090 4322; x_wconf 88' lang='lat' dir='ltr'><strong>Nam</strong></span> 
     </span>
    </p>
   </div>
   <div class='ocr_carea' id='block_1_75' title="bbox 503 4358 2092 4434">
    <p class='ocr_par' dir='ltr' id='par_1_75' title="bbox 503 4358 2092 4434">
     <span class='ocr_line' id='line_1_75' title="bbox 503 4358 2092 4434; baseline -0.003 -16"><span class='ocrx_word' id='word_1_575' title='bbox 503 4375 558 4418; x_wconf 91' lang='lat' dir='ltr'><strong>et</strong></span> <span class='ocrx_word' id='word_1_576' title='bbox 598 4378 703 4418; x_wconf 87' lang='lat' dir='ltr'><strong>vox</strong></span> <span class='ocrx_word' id='word_1_577' title='bbox 727 4363 1006 4434; x_wconf 91' lang='lat' dir='ltr'><strong>sanguinis</strong></span> <span class='ocrx_word' id='word_1_578' title='bbox 1031 4361 1164 4416; x_wconf 85' lang='lat' dir='ltr'><strong>Abel</strong></span> <span class='ocrx_word' id='word_1_579' title='bbox 1210 4367 1399 4414; x_wconf 90' lang='lat' dir='ltr'><strong>contra</strong></span> <span class='ocrx_word' id='word_1_580' title='bbox 1439 4359 1570 4413; x_wconf 89' lang='lat' dir='ltr'><strong>Cain</strong></span> <span class='ocrx_word' id='word_1_581' title='bbox 1602 4358 1668 4412; x_wconf 91' lang='lat' dir='ltr'><strong>de</strong></span> <span class='ocrx_word' id='word_1_582' title='bbox 1694 4368 1837 4413; x_wconf 85' lang='lat' dir='ltr'><strong>terra</strong></span> <span class='ocrx_word' id='word_1_583' title='bbox 1859 4359 2092 4413; x_wconf 87' lang='lat' dir='ltr'><strong>clamare</strong></span> 
     </span>
    </p>
   </div>
   <div class='ocr_carea' id='block_1_76' title="bbox 503 4449 2092 4528">
    <p class='ocr_par' dir='ltr' id='par_1_76' title="bbox 503 4449 2092 4528">
     <span class='ocr_line' id='line_1_76' title="bbox 503 4449 2092 4528; baseline -0.006 -14"><span class='ocrx_word' id='word_1_584' title='bbox 503 4459 721 4514; x_wconf 89' lang='lat' dir='ltr'><strong>dicitur.</strong></span> <span class='ocrx_word' id='word_1_585' title='bbox 754 4459 930 4528; x_wconf 89' lang='lat' dir='ltr'><strong>Atque</strong></span> <span class='ocrx_word' id='word_1_586' title='bbox 959 4457 1079 4512; x_wconf 89' lang='lat' dir='ltr'><strong>ideo</strong></span> <span class='ocrx_word' id='word_1_587' title='bbox 1125 4453 1383 4509; x_wconf 89' lang='lat' dir='ltr'><strong>Dominus</strong></span> <span class='ocrx_word' id='word_1_588' title='bbox 1419 4471 1430 4505; x_wconf 88' lang='lat'><strong>:</strong></span> <span class='ocrx_word' id='word_1_589' title='bbox 1461 4449 1526 4504; x_wconf 91' lang='lat' dir='ltr'><strong>Ut</strong></span> <span class='ocrx_word' id='word_1_590' title='bbox 1559 4452 1746 4513; x_wconf 87' lang='lat' dir='ltr'><strong>veniat,</strong></span> <span class='ocrx_word' id='word_1_591' title='bbox 1782 4450 1972 4521; x_wconf 82' lang='lat' dir='ltr'><strong>inquit,</strong></span> <span class='ocrx_word' id='word_1_592' title='bbox 2003 4469 2092 4505; x_wconf 83' lang='lat' dir='ltr'><strong>su-</strong></span> 
     </span>
    </p>
   </div>
   <div class='ocr_carea' id='block_1_77' title="bbox 501 4517 2168 4621">
    <p class='ocr_par' dir='ltr' id='par_1_77' title="bbox 501 4517 2168 4621">
     <span class='ocr_line' id='line_1_77' title="bbox 501 4517 2168 4621; baseline -0.003 -17"><span class='ocrx_word' id='word_1_593' title='bbox 501 4567 595 4621; x_wconf 86' lang='lat' dir='ltr'><strong>per</strong></span> <span class='ocrx_word' id='word_1_594' title='bbox 637 4557 724 4605; x_wconf 72' lang='lat' dir='ltr'><strong>des</strong></span> <span class='ocrx_word' id='word_1_595' title='bbox 771 4551 938 4604; x_wconf 81' lang='lat' dir='ltr'><strong>omnis</strong></span> <span class='ocrx_word' id='word_1_596' title='bbox 991 4549 1205 4618; x_wconf 77' lang='lat' dir='ltr'><strong>sanguis</strong></span> <span class='ocrx_word' id='word_1_597' title='bbox 1253 4546 1452 4616; x_wconf 85' lang='lat' dir='ltr'><strong>justus,</strong></span> <span class='ocrx_word' id='word_1_598' title='bbox 1480 4546 1568 4615; x_wconf 84' lang='lat' dir='ltr'><strong>qui</strong></span> <span class='ocrx_word' id='word_1_599' title='bbox 1598 4545 1796 4614; x_wconf 74' lang='lat' dir='ltr'><strong>e/fusus</strong></span> <span class='ocrx_word' id='word_1_600' title='bbox 1829 4555 1902 4598; x_wconf 86' lang='lat' dir='ltr'><strong>est</strong></span> <span class='ocrx_word' id='word_1_601' title='bbox 1934 4562 2092 4615; x_wconf 84' lang='lat' dir='ltr'><strong>super</strong></span> <span class='ocrx_word' id='word_1_602' title='bbox 2119 4517 2168 4578; x_wconf 83' lang='lat' dir='ltr'><strong>D</strong></span> 
     </span>
    </p>
   </div>
   <div class='ocr_carea' id='block_1_78' title="bbox 501 4638 2088 4710">
    <p class='ocr_par' dir='ltr' id='par_1_78' title="bbox 501 4638 2088 4710">
     <span class='ocr_line' id='line_1_78' title="bbox 501 4638 2088 4710; baseline -0.001 -14"><span class='ocrx_word' id='word_1_603' title='bbox 501 4650 720 4708; x_wconf 82' lang='lat' dir='ltr'><strong>terram,</strong></span> <span class='ocrx_word' id='word_1_604' title='bbox 757 4659 789 4694; x_wconf 94' lang='lat' dir='ltr'><strong>a</strong></span> <span class='ocrx_word' id='word_1_605' title='bbox 821 4641 1076 4710; x_wconf 83' lang='lat' dir='ltr'><strong>sanguine</strong></span> <span class='ocrx_word' id='word_1_606' title='bbox 1122 4638 1247 4693; x_wconf 82' lang='lat' dir='ltr'><strong>Abel</strong></span> <span class='ocrx_word' id='word_1_607' title='bbox 1275 4639 1432 4708; x_wconf 80' lang='lat' dir='ltr'><strong>justi,</strong></span> <span class='ocrx_word' id='word_1_608' title='bbox 1476 4655 1635 4708; x_wconf 85' lang='lat' dir='ltr'><strong>usque</strong></span> <span class='ocrx_word' id='word_1_609' title='bbox 1665 4640 1733 4692; x_wconf 86' lang='lat' dir='ltr'><strong>ad</strong></span> <span class='ocrx_word' id='word_1_610' title='bbox 1781 4640 2088 4710; x_wconf 86' lang='lat' dir='ltr'><strong>sanguinem</strong></span> 
     </span>
    </p>
   </div>
   <div class='ocr_carea' id='block_1_79' title="bbox 502 4730 2088 4801">
    <p class='ocr_par' dir='ltr' id='par_1_79' title="bbox 502 4730 2088 4801">
     <span class='ocr_line' id='line_1_79' title="bbox 502 4730 2088 4801; baseline -0.001 -15"><span class='ocrx_word' id='word_1_611' title='bbox 502 4731 781 4789; x_wconf 64' lang='lat' dir='ltr'><strong>Zachariae</strong></span> <span class='ocrx_word' id='word_1_612' title='bbox 811 4731 909 4801; x_wconf 84' lang='lat' dir='ltr'><strong>ﬁlii</strong></span> <span class='ocrx_word' id='word_1_613' title='bbox 963 4730 1260 4794; x_wconf 75' lang='lat' dir='ltr'><strong>Barachiw,</strong></span> <span class='ocrx_word' id='word_1_614' title='bbox 1314 4745 1463 4800; x_wconf 86' lang='lat' dir='ltr'><strong>quem</strong></span> <span class='ocrx_word' id='word_1_615' title='bbox 1491 4730 1752 4784; x_wconf 76' lang='lat' dir='ltr'><strong>occidistis</strong></span> <span class='ocrx_word' id='word_1_616' title='bbox 1787 4731 1920 4785; x_wconf 76' lang='lat' dir='ltr'><strong>inter</strong></span> <span class='ocrx_word' id='word_1_617' title='bbox 1955 4740 2088 4784; x_wconf 84' lang='lat' dir='ltr'><strong>tem-</strong></span> 
     </span>
    </p>
   </div>
   <div class='ocr_carea' id='block_1_80' title="bbox 500 4822 2085 4896">
    <p class='ocr_par' dir='ltr' id='par_1_80' title="bbox 500 4822 2085 4896">
     <span class='ocr_line' id='line_1_80' title="bbox 500 4822 2085 4896; baseline 0 -17"><span class='ocrx_word' id='word_1_618' title='bbox 500 4827 646 4896; x_wconf 86' lang='lat' dir='ltr'><strong>plum</strong></span> <span class='ocrx_word' id='word_1_619' title='bbox 682 4836 730 4880; x_wconf 88' lang='lat' dir='ltr'><strong>et</strong></span> <span class='ocrx_word' id='word_1_620' title='bbox 759 4825 925 4879; x_wconf 88' lang='lat' dir='ltr'><strong>altare</strong></span> <span class='ocrx_word' id='word_1_621' title='bbox 955 4823 1104 4896; x_wconf 87' lang='lat' dir='ltr'><strong>(Luc.</strong></span> <span class='ocrx_word' id='word_1_622' title='bbox 1131 4839 1203 4889; x_wconf 85' lang='lat' dir='ltr'><strong>vt,</strong></span> <span class='ocrx_word' id='word_1_623' title='bbox 1234 4822 1344 4893; x_wconf 79' lang='grc'><strong>51).</strong></span> <span class='ocrx_word' id='word_1_624' title='bbox 1391 4825 1466 4878; x_wconf 89' lang='lat' dir='ltr'><strong>De</strong></span> <span class='ocrx_word' id='word_1_625' title='bbox 1505 4839 1734 4892; x_wconf 89' lang='lat' dir='ltr'><strong>quorum</strong></span> <span class='ocrx_word' id='word_1_626' title='bbox 1764 4826 1939 4879; x_wconf 89' lang='lat' dir='ltr'><strong>medio</strong></span> <span class='ocrx_word' id='word_1_627' title='bbox 1983 4840 2085 4879; x_wconf 89' lang='lat' dir='ltr'><strong>vox</strong></span> 
     </span>
    </p>
   </div>
   <div class='ocr_carea' id='block_1_81' title="bbox 502 4913 2088 4980">
    <p class='ocr_par' dir='ltr' id='par_1_81' title="bbox 502 4913 2088 4980">
     <span class='ocr_line' id='line_1_81' title="bbox 502 4913 2088 4980; baseline -0.001 -9"><span class='ocrx_word' id='word_1_628' title='bbox 502 4932 692 4973; x_wconf 86' lang='lat' dir='ltr'><strong>eorum</strong></span> <span class='ocrx_word' id='word_1_629' title='bbox 723 4917 777 4972; x_wconf 92' lang='lat' dir='ltr'><strong>in</strong></span> <span class='ocrx_word' id='word_1_630' title='bbox 807 4916 997 4980; x_wconf 91' lang='lat' dir='ltr'><strong>Rama,</strong></span> <span class='ocrx_word' id='word_1_631' title='bbox 1048 4913 1302 4968; x_wconf 85' lang='lat' dir='ltr'><strong>videlicet</strong></span> <span class='ocrx_word' id='word_1_632' title='bbox 1338 4914 1388 4966; x_wconf 90' lang='lat' dir='ltr'><strong>in</strong></span> <span class='ocrx_word' id='word_1_633' title='bbox 1433 4913 1663 4976; x_wconf 84' lang='lat' dir='ltr'><strong>excelso,</strong></span> <span class='ocrx_word' id='word_1_634' title='bbox 1697 4921 1845 4968; x_wconf 86' lang='lat' dir='ltr'><strong>tanto</strong></span> <span class='ocrx_word' id='word_1_635' title='bbox 1890 4913 2088 4969; x_wconf 92' lang='lat' dir='ltr'><strong>clarius</strong></span> 
     </span>
    </p>
   </div>
   <div class='ocr_carea' id='block_1_82' title="bbox 502 5004 2085 5078">
    <p class='ocr_par' dir='ltr' id='par_1_82' title="bbox 502 5004 2085 5078">
     <span class='ocr_line' id='line_1_82' title="bbox 502 5004 2085 5078; baseline -0.004 -14"><span class='ocrx_word' id='word_1_636' title='bbox 502 5008 686 5064; x_wconf 88' lang='lat' dir='ltr'><strong>audita</strong></span> <span class='ocrx_word' id='word_1_637' title='bbox 709 5005 1042 5078; x_wconf 70' lang='lat' dir='ltr'><strong>praedicitur,</strong></span> <span class='ocrx_word' id='word_1_638' title='bbox 1066 5014 1269 5074; x_wconf 78' lang='lat' dir='ltr'><strong>quanto</strong></span> <span class='ocrx_word' id='word_1_639' title='bbox 1299 5004 1569 5058; x_wconf 85' lang='lat' dir='ltr'><strong>crudelius</strong></span> <span class='ocrx_word' id='word_1_640' title='bbox 1593 5004 1702 5056; x_wconf 86' lang='lat' dir='ltr'><strong>vita</strong></span> <span class='ocrx_word' id='word_1_641' title='bbox 1729 5005 1892 5057; x_wconf 89' lang='lat' dir='ltr'><strong>totius</strong></span> <span class='ocrx_word' id='word_1_642' title='bbox 1916 5005 2085 5058; x_wconf 71' lang='lat' dir='ltr'><strong>turba:</strong></span> 
     </span>
    </p>
   </div>
   <div class='ocr_carea' id='block_1_83' title="bbox 504 5094 2082 5168">
    <p class='ocr_par' dir='ltr' id='par_1_83' title="bbox 504 5094 2082 5168">
     <span class='ocr_line' id='line_1_83' title="bbox 504 5094 2082 5168; baseline -0.005 -15"><span class='ocrx_word' id='word_1_643' title='bbox 504 5100 763 5156; x_wconf 90' lang='lat' dir='ltr'><strong>innocens</strong></span> <span class='ocrx_word' id='word_1_644' title='bbox 805 5113 904 5168; x_wconf 89' lang='lat' dir='ltr'><strong>pro</strong></span> <span class='ocrx_word' id='word_1_645' title='bbox 941 5113 1050 5150; x_wconf 90' lang='lat' dir='ltr'><strong>uno</strong></span> <span class='ocrx_word' id='word_1_646' title='bbox 1098 5095 1341 5150; x_wconf 91' lang='lat' dir='ltr'><strong>omnium</strong></span> <span class='ocrx_word' id='word_1_647' title='bbox 1383 5094 1744 5164; x_wconf 89' lang='lat' dir='ltr'><strong>Redemptore</strong></span> <span class='ocrx_word' id='word_1_648' title='bbox 1785 5094 2082 5164; x_wconf 78' lang='lat' dir='ltr'><strong>jugulatur.</strong></span> 
     </span>
    </p>
   </div>
   <div class='ocr_carea' id='block_1_84' title="bbox 503 5184 2082 5258">
    <p class='ocr_par' dir='ltr' id='par_1_84' title="bbox 503 5184 2082 5258">
     <span class='ocr_line' id='line_1_84' title="bbox 503 5184 2082 5258; baseline -0.006 -13"><span class='ocrx_word' id='word_1_649' title='bbox 503 5192 636 5258; x_wconf 65' lang='lat' dir='ltr'><strong>Quae</strong></span> <span class='ocrx_word' id='word_1_650' title='bbox 675 5191 719 5244; x_wconf 91' lang='lat' dir='ltr'><strong>si</strong></span> <span class='ocrx_word' id='word_1_651' title='bbox 746 5200 876 5244; x_wconf 90' lang='lat' dir='ltr'><strong>tunc</strong></span> <span class='ocrx_word' id='word_1_652' title='bbox 905 5204 969 5242; x_wconf 89' lang='lat' dir='ltr'><strong>ac</strong></span> <span class='ocrx_word' id='word_1_653' title='bbox 994 5188 1040 5242; x_wconf 89' lang='lat' dir='ltr'><strong>si</strong></span> <span class='ocrx_word' id='word_1_654' title='bbox 1072 5202 1139 5242; x_wconf 91' lang='lat' dir='ltr'><strong>ex</strong></span> <span class='ocrx_word' id='word_1_655' title='bbox 1172 5185 1509 5256; x_wconf 69' lang='lat' dir='ltr'><strong>prtescientia</strong></span> <span class='ocrx_word' id='word_1_656' title='bbox 1532 5200 1635 5238; x_wconf 88' lang='lat' dir='ltr'><strong>vox</strong></span> <span class='ocrx_word' id='word_1_657' title='bbox 1674 5185 1774 5238; x_wconf 91' lang='lat' dir='ltr'><strong>ista</strong></span> <span class='ocrx_word' id='word_1_658' title='bbox 1799 5184 2082 5237; x_wconf 87' lang='lat' dir='ltr'><strong>infantium</strong></span> 
     </span>
    </p>
   </div>
   <div class='ocr_carea' id='block_1_85' title="bbox 503 5274 2088 5348">
    <p class='ocr_par' dir='ltr' id='par_1_85' title="bbox 503 5274 2088 5348">
     <span class='ocr_line' id='line_1_85' title="bbox 503 5274 2088 5348; baseline -0.008 -9"><span class='ocrx_word' id='word_1_659' title='bbox 503 5285 650 5341; x_wconf 88' lang='lat' dir='ltr'><strong>clare</strong></span> <span class='ocrx_word' id='word_1_660' title='bbox 675 5284 856 5338; x_wconf 88' lang='lat' dir='ltr'><strong>sonuit</strong></span> <span class='ocrx_word' id='word_1_661' title='bbox 881 5282 949 5337; x_wconf 77' lang='lat' dir='ltr'><strong>ab</strong></span> <span class='ocrx_word' id='word_1_662' title='bbox 987 5281 1222 5345; x_wconf 88' lang='lat' dir='ltr'><strong>excelso,</strong></span> <span class='ocrx_word' id='word_1_663' title='bbox 1258 5294 1377 5334; x_wconf 87' lang='lat' dir='ltr'><strong>eum</strong></span> <span class='ocrx_word' id='word_1_664' title='bbox 1405 5278 1663 5348; x_wconf 86' lang='lat' dir='ltr'><strong>propheta</strong></span> <span class='ocrx_word' id='word_1_665' title='bbox 1691 5277 1804 5330; x_wconf 83' lang='lat' dir='ltr'><strong>haec</strong></span> <span class='ocrx_word' id='word_1_666' title='bbox 1833 5274 2088 5330; x_wconf 88' lang='lat' dir='ltr'><strong>cernebat</strong></span> 
     </span>
    </p>
   </div>
   <div class='ocr_carea' id='block_1_86' title="bbox 504 5362 2082 5445">
    <p class='ocr_par' dir='ltr' id='par_1_86' title="bbox 504 5362 2082 5445">
     <span class='ocr_line' id='line_1_86' title="bbox 504 5362 2082 5445; baseline -0.008 -16"><span class='ocrx_word' id='word_1_667' title='bbox 504 5375 559 5429; x_wconf 93' lang='lat' dir='ltr'><strong>in</strong></span> <span class='ocrx_word' id='word_1_668' title='bbox 591 5373 806 5445; x_wconf 89' lang='lat' dir='ltr'><strong>spiritu,</strong></span> <span class='ocrx_word' id='word_1_669' title='bbox 851 5372 1008 5441; x_wconf 82' lang='lat' dir='ltr'><strong>longe</strong></span> <span class='ocrx_word' id='word_1_670' title='bbox 1035 5370 1266 5424; x_wconf 85' lang='lat' dir='ltr'><strong>validius</strong></span> <span class='ocrx_word' id='word_1_671' title='bbox 1312 5366 1612 5430; x_wconf 88' lang='lat' dir='ltr'><strong>infremuit,</strong></span> <span class='ocrx_word' id='word_1_672' title='bbox 1649 5381 1770 5419; x_wconf 92' lang='lat' dir='ltr'><strong>cum</strong></span> <span class='ocrx_word' id='word_1_673' title='bbox 1797 5362 1909 5430; x_wconf 90' lang='lat' dir='ltr'><strong>jam</strong></span> <span class='ocrx_word' id='word_1_674' title='bbox 1945 5362 2082 5417; x_wconf 86' lang='lat' dir='ltr'><strong>mul-</strong></span> 
     </span>
    </p>
   </div>
   <div class='ocr_carea' id='block_1_87' title="bbox 506 5455 2084 5532">
    <p class='ocr_par' dir='ltr' id='par_1_87' title="bbox 506 5455 2084 5532">
     <span class='ocr_line' id='line_1_87' title="bbox 506 5455 2084 5532; baseline -0.009 -8"><span class='ocrx_word' id='word_1_675' title='bbox 506 5479 683 5524; x_wconf 89' lang='lat' dir='ltr'><strong>torum</strong></span> <span class='ocrx_word' id='word_1_676' title='bbox 707 5467 874 5524; x_wconf 90' lang='lat' dir='ltr'><strong>millia</strong></span> <span class='ocrx_word' id='word_1_677' title='bbox 909 5475 965 5522; x_wconf 92' lang='lat' dir='ltr'><strong>et</strong></span> <span class='ocrx_word' id='word_1_678' title='bbox 996 5466 1184 5521; x_wconf 90' lang='lat' dir='ltr'><strong>inanes</strong></span> <span class='ocrx_word' id='word_1_679' title='bbox 1222 5461 1425 5532; x_wconf 89' lang='lat' dir='ltr'><strong>passim</strong></span> <span class='ocrx_word' id='word_1_680' title='bbox 1449 5460 1562 5514; x_wconf 89' lang='lat' dir='ltr'><strong>suis</strong></span> <span class='ocrx_word' id='word_1_681' title='bbox 1599 5455 1893 5527; x_wconf 87' lang='lat' dir='ltr'><strong>implebant</strong></span> <span class='ocrx_word' id='word_1_682' title='bbox 1925 5470 2084 5510; x_wconf 85' lang='lat' dir='ltr'><strong>auras</strong></span> 
     </span>
    </p>
   </div>
   <div class='ocr_carea' id='block_1_88' title="bbox 503 5549 2082 5630">
    <p class='ocr_par' dir='ltr' id='par_1_88' title="bbox 503 5549 2082 5630">
     <span class='ocr_line' id='line_1_88' title="bbox 503 5549 2082 5630; baseline -0.008 -15"><span class='ocrx_word' id='word_1_683' title='bbox 503 5561 820 5630; x_wconf 81' lang='lat' dir='ltr'><strong>gemitibus;</strong></span> <span class='ocrx_word' id='word_1_684' title='bbox 869 5559 1084 5628; x_wconf 90' lang='lat' dir='ltr'><strong>quando</strong></span> <span class='ocrx_word' id='word_1_685' title='bbox 1133 5555 1362 5627; x_wconf 85' lang='lat' dir='ltr'><strong>gloriosa</strong></span> <span class='ocrx_word' id='word_1_686' title='bbox 1413 5552 1698 5607; x_wconf 89' lang='lat' dir='ltr'><strong>infantium</strong></span> <span class='ocrx_word' id='word_1_687' title='bbox 1751 5565 1814 5603; x_wconf 88' lang='lat' dir='ltr'><strong>ac</strong></span> <span class='ocrx_word' id='word_1_688' title='bbox 1857 5549 2082 5620; x_wconf 85' lang='lat' dir='ltr'><strong>simplex</strong></span> 
     </span>
    </p>
   </div>
   <div class='ocr_carea' id='block_1_89' title="bbox 502 5639 2078 5721">
    <p class='ocr_par' dir='ltr' id='par_1_89' title="bbox 502 5639 2078 5721">
     <span class='ocr_line' id='line_1_89' title="bbox 502 5639 2078 5721; baseline -0.008 -16"><span class='ocrx_word' id='word_1_689' title='bbox 502 5651 753 5721; x_wconf 88' lang='lat' dir='ltr'><strong>puritatis</strong></span> <span class='ocrx_word' id='word_1_690' title='bbox 780 5650 905 5703; x_wconf 80' lang='lat' dir='ltr'><strong>vitae</strong></span> <span class='ocrx_word' id='word_1_691' title='bbox 935 5647 1091 5702; x_wconf 88' lang='lat' dir='ltr'><strong>turba</strong></span> <span class='ocrx_word' id='word_1_692' title='bbox 1122 5662 1217 5717; x_wconf 85' lang='lat' dir='ltr'><strong>pro</strong></span> <span class='ocrx_word' id='word_1_693' title='bbox 1245 5645 1458 5700; x_wconf 84' lang='lat' dir='ltr'><strong>Christo</strong></span> <span class='ocrx_word' id='word_1_694' title='bbox 1483 5645 1534 5698; x_wconf 93' lang='lat' dir='ltr'><strong>in</strong></span> <span class='ocrx_word' id='word_1_695' title='bbox 1569 5648 1742 5697; x_wconf 91' lang='lat' dir='ltr'><strong>morte</strong></span> <span class='ocrx_word' id='word_1_696' title='bbox 1768 5639 2078 5705; x_wconf 90' lang='lat' dir='ltr'><strong>succubuit;</strong></span> 
     </span>
    </p>
   </div>
   <div class='ocr_carea' id='block_1_90' title="bbox 504 5728 2083 5823">
    <p class='ocr_par' dir='ltr' id='par_1_90' title="bbox 504 5728 2083 5823">
     <span class='ocr_line' id='line_1_90' title="bbox 504 5728 2083 5823; baseline -0.003 -32"><span class='ocrx_word' id='word_1_697' title='bbox 504 5741 720 5808; x_wconf 85' lang='lat' dir='ltr'><strong>quando</strong></span> <span class='ocrx_word' id='word_1_698' title='bbox 760 5753 946 5793; x_wconf 83' lang='lat' dir='ltr'><strong>eorum</strong></span> <span class='ocrx_word' id='word_1_699' title='bbox 983 5735 1218 5790; x_wconf 89' lang='lat' dir='ltr'><strong>omnium</strong></span> <span class='ocrx_word' id='word_1_700' title='bbox 1271 5735 1554 5804; x_wconf 72' lang='lat' dir='ltr'><strong>genitrith</strong></span> <span class='ocrx_word' id='word_1_701' title='bbox 1589 5731 1822 5785; x_wconf 82' lang='lat' dir='ltr'><strong>vultibus</strong></span> <span class='ocrx_word' id='word_1_702' title='bbox 1869 5728 2083 5823; x_wconf 53' lang='lat' dir='ltr'><strong>suffusis</strong></span> 
     </span>
    </p>
   </div>
   <div class='ocr_carea' id='block_1_91' title="bbox 2201 3256 3789 3330">
    <p class='ocr_par' dir='ltr' id='par_1_91' title="bbox 2201 3256 3789 3330">
     <span class='ocr_line' id='line_1_91' title="bbox 2201 3256 3789 3330; baseline 0 -16"><span class='ocrx_word' id='word_1_703' title='bbox 2201 3270 2306 3316; x_wconf 91' lang='lat' dir='ltr'><strong>tur.</strong></span> <span class='ocrx_word' id='word_1_704' title='bbox 2335 3259 2402 3314; x_wconf 88' lang='lat' dir='ltr'><strong>Et</strong></span> <span class='ocrx_word' id='word_1_705' title='bbox 2423 3260 2478 3313; x_wconf 92' lang='lat' dir='ltr'><strong>in</strong></span> <span class='ocrx_word' id='word_1_706' title='bbox 2507 3259 2711 3314; x_wconf 88' lang='lat' dir='ltr'><strong>eisdem</strong></span> <span class='ocrx_word' id='word_1_707' title='bbox 2738 3257 3032 3314; x_wconf 89' lang='lat' dir='ltr'><strong>infantibus</strong></span> <span class='ocrx_word' id='word_1_708' title='bbox 3047 3257 3288 3314; x_wconf 90' lang='lat' dir='ltr'><strong>nascitur</strong></span> <span class='ocrx_word' id='word_1_709' title='bbox 3309 3256 3483 3313; x_wconf 87' lang='lat' dir='ltr'><strong>forma</strong></span> <span class='ocrx_word' id='word_1_710' title='bbox 3510 3257 3789 3330; x_wconf 81' lang='lat' dir='ltr'><strong>martyrii,</strong></span> 
     </span>
    </p>
   </div>
   <div class='ocr_carea' id='block_1_92' title="bbox 2200 3349 3789 3407">
    <p class='ocr_par' dir='ltr' id='par_1_92' title="bbox 2200 3349 3789 3407">
     <span class='ocr_line' id='line_1_92' title="bbox 2200 3349 3789 3407; baseline 0 -3"><span class='ocrx_word' id='word_1_711' title='bbox 2200 3353 2288 3406; x_wconf 92' lang='lat' dir='ltr'><strong>ubi</strong></span> <span class='ocrx_word' id='word_1_712' title='bbox 2333 3352 2502 3406; x_wconf 91' lang='lat' dir='ltr'><strong>totius</strong></span> <span class='ocrx_word' id='word_1_713' title='bbox 2551 3350 2806 3407; x_wconf 68' lang='lat' dir='ltr'><strong>Ecclesia:</strong></span> <span class='ocrx_word' id='word_1_714' title='bbox 2847 3350 3074 3405; x_wconf 91' lang='lat' dir='ltr'><strong>infantia</strong></span> <span class='ocrx_word' id='word_1_715' title='bbox 3132 3349 3432 3406; x_wconf 87' lang='lat' dir='ltr'><strong>mirabilius</strong></span> <span class='ocrx_word' id='word_1_716' title='bbox 3474 3349 3789 3406; x_wconf 84' lang='lat' dir='ltr'><strong>dedicatur.</strong></span> 
     </span>
    </p>
   </div>
   <div class='ocr_carea' id='block_1_93' title="bbox 2199 3443 3795 3514">
    <p class='ocr_par' dir='ltr' id='par_1_93' title="bbox 2199 3443 3795 3514">
     <span class='ocr_line' id='line_1_93' title="bbox 2199 3443 3795 3514; baseline 0.001 -17"><span class='ocrx_word' id='word_1_717' title='bbox 2199 3443 2276 3498; x_wconf 83' lang='lat' dir='ltr'><strong>Ex</strong></span> <span class='ocrx_word' id='word_1_718' title='bbox 2307 3459 2412 3513; x_wconf 91' lang='lat' dir='ltr'><strong>quo</strong></span> <span class='ocrx_word' id='word_1_719' title='bbox 2455 3444 2655 3499; x_wconf 91' lang='lat' dir='ltr'><strong>sensim</strong></span> <span class='ocrx_word' id='word_1_720' title='bbox 2712 3444 2956 3499; x_wconf 88' lang='lat' dir='ltr'><strong>membra</strong></span> <span class='ocrx_word' id='word_1_721' title='bbox 3001 3443 3246 3514; x_wconf 90' lang='lat' dir='ltr'><strong>corporis</strong></span> <span class='ocrx_word' id='word_1_722' title='bbox 3271 3452 3538 3513; x_wconf 89' lang='lat' dir='ltr'><strong>parantur</strong></span> <span class='ocrx_word' id='word_1_723' title='bbox 3564 3443 3795 3499; x_wconf 89' lang='lat' dir='ltr'><strong>Christo</strong></span> 
     </span>
    </p>
   </div>
   <div class='ocr_carea' id='block_1_94' title="bbox 2198 3531 3793 3604">
    <p class='ocr_par' dir='ltr' id='par_1_94' title="bbox 2198 3531 3793 3604">
     <span class='ocr_line' id='line_1_94' title="bbox 2198 3531 3793 3604; baseline 0.002 -16"><span class='ocrx_word' id='word_1_724' title='bbox 2198 3532 2518 3600; x_wconf 76' lang='lat' dir='ltr'><strong>conformis,</strong></span> <span class='ocrx_word' id='word_1_725' title='bbox 2550 3531 2722 3589; x_wconf 92' lang='lat' dir='ltr'><strong>donec</strong></span> <span class='ocrx_word' id='word_1_726' title='bbox 2747 3548 2935 3589; x_wconf 89' lang='lat' dir='ltr'><strong>omnes</strong></span> <span class='ocrx_word' id='word_1_727' title='bbox 2980 3534 3036 3588; x_wconf 89' lang='lat' dir='ltr'><strong>in</strong></span> <span class='ocrx_word' id='word_1_728' title='bbox 3075 3549 3385 3589; x_wconf 86' lang='lat' dir='ltr'><strong>mensuram</strong></span> <span class='ocrx_word' id='word_1_729' title='bbox 3430 3533 3793 3604; x_wconf 72' lang='lat' dir='ltr'><strong>plenitudinis</strong></span> 
     </span>
    </p>
   </div>
   <div class='ocr_carea' id='block_1_95' title="bbox 2197 3627 3790 3700">
    <p class='ocr_par' dir='ltr' id='par_1_95' title="bbox 2197 3627 3790 3700">
     <span class='ocr_line' id='line_1_95' title="bbox 2197 3627 3790 3700; baseline 0 -16"><span class='ocrx_word' id='word_1_730' title='bbox 2197 3631 2314 3700; x_wconf 89' lang='lat' dir='ltr'><strong>ejus</strong></span> <span class='ocrx_word' id='word_1_731' title='bbox 2350 3631 2403 3684; x_wconf 93' lang='lat' dir='ltr'><strong>in</strong></span> <span class='ocrx_word' id='word_1_732' title='bbox 2428 3630 2605 3684; x_wconf 89' lang='lat' dir='ltr'><strong>virum</strong></span> <span class='ocrx_word' id='word_1_733' title='bbox 2629 3627 2931 3698; x_wconf 90' lang='lat' dir='ltr'><strong>perfectum</strong></span> <span class='ocrx_word' id='word_1_734' title='bbox 2953 3629 3022 3683; x_wconf 88' lang='lat' dir='ltr'><strong>ad</strong></span> <span class='ocrx_word' id='word_1_735' title='bbox 3057 3629 3418 3684; x_wconf 66' lang='lat' dir='ltr'><strong>aeternitatem</strong></span> <span class='ocrx_word' id='word_1_736' title='bbox 3446 3629 3790 3698; x_wconf 87' lang='lat' dir='ltr'><strong>regenerati,</strong></span> 
     </span>
    </p>
   </div>
   <div class='ocr_carea' id='block_1_96' title="bbox 2197 3703 3792 3790">
    <p class='ocr_par' dir='ltr' id='par_1_96' title="bbox 2197 3703 3792 3790">
     <span class='ocr_line' id='line_1_96' title="bbox 2197 3703 3792 3790; baseline 0 -16"><span class='ocrx_word' id='word_1_737' title='bbox 2197 3720 2427 3776; x_wconf 90' lang='lat' dir='ltr'><strong>celerius</strong></span> <span class='ocrx_word' id='word_1_738' title='bbox 2470 3703 2843 3775; x_wconf 86' lang='lat' dir='ltr'><strong>occurramus.</strong></span> <span class='ocrx_word' id='word_1_739' title='bbox 2881 3719 2948 3774; x_wconf 88' lang='lat' dir='ltr'><strong>Et</strong></span> <span class='ocrx_word' id='word_1_740' title='bbox 2987 3719 3108 3776; x_wconf 90' lang='lat' dir='ltr'><strong>ideo</strong></span> <span class='ocrx_word' id='word_1_741' title='bbox 3141 3719 3366 3785; x_wconf 85' lang='lat' dir='ltr'><strong>Rachel,</strong></span> <span class='ocrx_word' id='word_1_742' title='bbox 3391 3734 3514 3790; x_wconf 71' lang='lat' dir='ltr'><strong>qua:</strong></span> <span class='ocrx_word' id='word_1_743' title='bbox 3535 3721 3646 3774; x_wconf 81' lang='lat' dir='ltr'><strong>ovis</strong></span> <span class='ocrx_word' id='word_1_744' title='bbox 3682 3719 3792 3774; x_wconf 85' lang='lat' dir='ltr'><strong>Dei</strong></span> 
     </span>
    </p>
   </div>
   <div class='ocr_carea' id='block_1_97' title="bbox 2198 3809 3794 3882">
    <p class='ocr_par' dir='ltr' id='par_1_97' title="bbox 2198 3809 3794 3882">
     <span class='ocr_line' id='line_1_97' title="bbox 2198 3809 3794 3882; baseline 0.001 -18"><span class='ocrx_word' id='word_1_745' title='bbox 2198 3811 2418 3875; x_wconf 90' lang='lat' dir='ltr'><strong>dicitur,</strong></span> <span class='ocrx_word' id='word_1_746' title='bbox 2446 3810 2701 3866; x_wconf 89' lang='lat' dir='ltr'><strong>videlicet</strong></span> <span class='ocrx_word' id='word_1_747' title='bbox 2729 3810 2929 3865; x_wconf 87' lang='lat' dir='ltr'><strong>Christi</strong></span> <span class='ocrx_word' id='word_1_748' title='bbox 2967 3809 3232 3877; x_wconf 88' lang='lat' dir='ltr'><strong>Ecclesia,</strong></span> <span class='ocrx_word' id='word_1_749' title='bbox 3253 3810 3377 3882; x_wconf 90' lang='lat' dir='ltr'><strong>jure</strong></span> <span class='ocrx_word' id='word_1_750' title='bbox 3405 3819 3625 3866; x_wconf 85' lang='lat' dir='ltr'><strong>teneros</strong></span> <span class='ocrx_word' id='word_1_751' title='bbox 3653 3824 3794 3866; x_wconf 91' lang='lat' dir='ltr'><strong>suos</strong></span> 
     </span>
    </p>
   </div>
   <div class='ocr_carea' id='block_1_98' title="bbox 2198 3899 3792 3972">
    <p class='ocr_par' dir='ltr' id='par_1_98' title="bbox 2198 3899 3792 3972">
     <span class='ocr_line' id='line_1_98' title="bbox 2198 3899 3792 3972; baseline 0.001 -18"><span class='ocrx_word' id='word_1_752' title='bbox 2198 3910 2370 3955; x_wconf 91' lang='lat' dir='ltr'><strong>morte</strong></span> <span class='ocrx_word' id='word_1_753' title='bbox 2412 3908 2720 3972; x_wconf 89' lang='lat' dir='ltr'><strong>peremptos</strong></span> <span class='ocrx_word' id='word_1_754' title='bbox 2765 3900 3010 3970; x_wconf 90' lang='lat' dir='ltr'><strong>deplorat</strong></span> <span class='ocrx_word' id='word_1_755' title='bbox 3056 3916 3242 3972; x_wconf 89' lang='lat' dir='ltr'><strong>agnos.</strong></span> <span class='ocrx_word' id='word_1_756' title='bbox 3277 3899 3460 3970; x_wconf 82' lang='lat' dir='ltr'><strong>Neque</strong></span> <span class='ocrx_word' id='word_1_757' title='bbox 3507 3899 3792 3956; x_wconf 82' lang='lat' dir='ltr'><strong>consolari</strong></span> 
     </span>
    </p>
   </div>
   <div class='ocr_carea' id='block_1_99' title="bbox 2197 3992 3792 4063">
    <p class='ocr_par' dir='ltr' id='par_1_99' title="bbox 2197 3992 3792 4063">
     <span class='ocr_line' id='line_1_99' title="bbox 2197 3992 3792 4063; baseline 0.001 -18"><span class='ocrx_word' id='word_1_758' title='bbox 2197 3993 2310 4047; x_wconf 89' lang='lat' dir='ltr'><strong>vult</strong></span> <span class='ocrx_word' id='word_1_759' title='bbox 2340 3993 2392 4047; x_wconf 91' lang='lat' dir='ltr'><strong>in</strong></span> <span class='ocrx_word' id='word_1_760' title='bbox 2432 3993 2875 4063; x_wconf 68' lang='lat' dir='ltr'><strong>praesentiarum,</strong></span> <span class='ocrx_word' id='word_1_761' title='bbox 2918 3993 3042 4062; x_wconf 87' lang='lat' dir='ltr'><strong>quia</strong></span> <span class='ocrx_word' id='word_1_762' title='bbox 3090 4009 3195 4048; x_wconf 81' lang='lat' dir='ltr'><strong>non</strong></span> <span class='ocrx_word' id='word_1_763' title='bbox 3218 4002 3340 4048; x_wconf 85' lang='lat' dir='ltr'><strong>sunt</strong></span> <span class='ocrx_word' id='word_1_764' title='bbox 3368 4010 3386 4057; x_wconf 91' lang='lat'><strong>;</strong></span> <span class='ocrx_word' id='word_1_765' title='bbox 3415 3992 3506 4047; x_wconf 89' lang='lat' dir='ltr'><strong>sed</strong></span> <span class='ocrx_word' id='word_1_766' title='bbox 3562 4006 3792 4046; x_wconf 88' lang='lat' dir='ltr'><strong>omnem</strong></span> 
     </span>
    </p>
   </div>
   <div class='ocr_carea' id='block_1_100' title="bbox 2197 4085 3789 4156">
    <p class='ocr_par' dir='ltr' id='par_1_100' title="bbox 2197 4085 3789 4156">
     <span class='ocr_line' id='line_1_100' title="bbox 2197 4085 3789 4156; baseline 0 -16"><span class='ocrx_word' id='word_1_767' title='bbox 2197 4101 2350 4140; x_wconf 90' lang='lat' dir='ltr'><strong>suam</strong></span> <span class='ocrx_word' id='word_1_768' title='bbox 2397 4100 2568 4155; x_wconf 91' lang='lat' dir='ltr'><strong>spem,</strong></span> <span class='ocrx_word' id='word_1_769' title='bbox 2598 4093 2652 4140; x_wconf 92' lang='lat' dir='ltr'><strong>et</strong></span> <span class='ocrx_word' id='word_1_770' title='bbox 2677 4085 3070 4140; x_wconf 88' lang='lat' dir='ltr'><strong>consolationis</strong></span> <span class='ocrx_word' id='word_1_771' title='bbox 3103 4085 3360 4156; x_wconf 86' lang='lat' dir='ltr'><strong>gaudium</strong></span> <span class='ocrx_word' id='word_1_772' title='bbox 3401 4085 3468 4139; x_wconf 92' lang='lat' dir='ltr'><strong>ad</strong></span> <span class='ocrx_word' id='word_1_773' title='bbox 3521 4093 3789 4140; x_wconf 67' lang='lat' dir='ltr'><strong>aeternam</strong></span> 
     </span>
    </p>
   </div>
   <div class='ocr_carea' id='block_1_101' title="bbox 2196 4176 3788 4248">
    <p class='ocr_par' dir='ltr' id='par_1_101' title="bbox 2196 4176 3788 4248">
     <span class='ocr_line' id='line_1_101' title="bbox 2196 4176 3788 4248; baseline -0.001 -16"><span class='ocrx_word' id='word_1_774' title='bbox 2196 4177 2516 4232; x_wconf 89' lang='lat' dir='ltr'><strong>transmittit</strong></span> <span class='ocrx_word' id='word_1_775' title='bbox 2538 4177 2729 4244; x_wconf 87' lang='lat' dir='ltr'><strong>vitam,</strong></span> <span class='ocrx_word' id='word_1_776' title='bbox 2770 4187 2830 4232; x_wconf 94' lang='lat' dir='ltr'><strong>ut</strong></span> <span class='ocrx_word' id='word_1_777' title='bbox 2880 4177 2970 4232; x_wconf 92' lang='lat' dir='ltr'><strong>ubi</strong></span> <span class='ocrx_word' id='word_1_778' title='bbox 2997 4193 3091 4233; x_wconf 90' lang='lat' dir='ltr'><strong>eos</strong></span> <span class='ocrx_word' id='word_1_779' title='bbox 3123 4177 3348 4248; x_wconf 90' lang='lat' dir='ltr'><strong>recipiat</strong></span> <span class='ocrx_word' id='word_1_780' title='bbox 3368 4176 3526 4231; x_wconf 89' lang='lat' dir='ltr'><strong>beata</strong></span> <span class='ocrx_word' id='word_1_781' title='bbox 3550 4176 3788 4230; x_wconf 87' lang='lat' dir='ltr'><strong>immor-</strong></span> 
     </span>
    </p>
   </div>
   <div class='ocr_carea' id='block_1_102' title="bbox 2197 4268 3790 4340">
    <p class='ocr_par' dir='ltr' id='par_1_102' title="bbox 2197 4268 3790 4340">
     <span class='ocr_line' id='line_1_102' title="bbox 2197 4268 3790 4340; baseline 0 -17"><span class='ocrx_word' id='word_1_782' title='bbox 2197 4269 2404 4324; x_wconf 88' lang='lat' dir='ltr'><strong>talitate</strong></span> <span class='ocrx_word' id='word_1_783' title='bbox 2441 4269 2688 4335; x_wconf 91' lang='lat' dir='ltr'><strong>vestitos,</strong></span> <span class='ocrx_word' id='word_1_784' title='bbox 2748 4285 2886 4340; x_wconf 92' lang='lat' dir='ltr'><strong>quos</strong></span> <span class='ocrx_word' id='word_1_785' title='bbox 2940 4269 3029 4324; x_wconf 92' lang='lat' dir='ltr'><strong>hic</strong></span> <span class='ocrx_word' id='word_1_786' title='bbox 3071 4269 3253 4324; x_wconf 91' lang='lat' dir='ltr'><strong>amisit</strong></span> <span class='ocrx_word' id='word_1_787' title='bbox 3293 4268 3611 4338; x_wconf 89' lang='lat' dir='ltr'><strong>quambrevi</strong></span> <span class='ocrx_word' id='word_1_788' title='bbox 3664 4268 3790 4323; x_wconf 85' lang='lat' dir='ltr'><strong>vita</strong></span> 
     </span>
    </p>
   </div>
   <div class='ocr_carea' id='block_1_103' title="bbox 2195 4357 3790 4431">
    <p class='ocr_par' dir='ltr' id='par_1_103' title="bbox 2195 4357 3790 4431">
     <span class='ocr_line' id='line_1_103' title="bbox 2195 4357 3790 4431; baseline 0 -17"><span class='ocrx_word' id='word_1_789' title='bbox 2195 4360 2543 4431; x_wconf 84' lang='lat' dir='ltr'><strong>exspoliatos.</strong></span> <span class='ocrx_word' id='word_1_790' title='bbox 2599 4359 2736 4414; x_wconf 83' lang='lat' dir='ltr'><strong>Nam</strong></span> <span class='ocrx_word' id='word_1_791' title='bbox 2785 4361 2850 4415; x_wconf 91' lang='lat' dir='ltr'><strong>de</strong></span> <span class='ocrx_word' id='word_1_792' title='bbox 2900 4359 3103 4415; x_wconf 91' lang='lat' dir='ltr'><strong>Rachel</strong></span> <span class='ocrx_word' id='word_1_793' title='bbox 3145 4359 3306 4414; x_wconf 88' lang='lat' dir='ltr'><strong>docet</strong></span> <span class='ocrx_word' id='word_1_794' title='bbox 3346 4357 3509 4414; x_wconf 87' lang='lat' dir='ltr'><strong>lectio</strong></span> <span class='ocrx_word' id='word_1_795' title='bbox 3550 4357 3790 4414; x_wconf 89' lang='lat' dir='ltr'><strong>Genesis</strong></span> 
     </span>
    </p>
   </div>
   <div class='ocr_carea' id='block_1_104' title="bbox 2197 4447 3786 4520">
    <p class='ocr_par' dir='ltr' id='par_1_104' title="bbox 2197 4447 3786 4520">
     <span class='ocr_line' id='line_1_104' title="bbox 2197 4447 3786 4520; baseline -0.001 -16"><span class='ocrx_word' id='word_1_796' title='bbox 2197 4453 2407 4520; x_wconf 82' lang='lat' dir='ltr'><strong>(vam,</strong></span> <span class='ocrx_word' id='word_1_797' title='bbox 2461 4450 2538 4520; x_wconf 88' lang='lat'><strong>7),</strong></span> <span class='ocrx_word' id='word_1_798' title='bbox 2589 4449 2679 4504; x_wconf 92' lang='lat' dir='ltr'><strong>ubi</strong></span> <span class='ocrx_word' id='word_1_799' title='bbox 2745 4450 2842 4514; x_wconf 91' lang='lat' dir='ltr'><strong>ait,</strong></span> <span class='ocrx_word' id='word_1_800' title='bbox 2890 4449 3032 4519; x_wconf 89' lang='lat' dir='ltr'><strong>quod</strong></span> <span class='ocrx_word' id='word_1_801' title='bbox 3083 4456 3296 4504; x_wconf 87' lang='lat' dir='ltr'><strong>mortua</strong></span> <span class='ocrx_word' id='word_1_802' title='bbox 3347 4455 3433 4505; x_wconf 90' lang='lat' dir='ltr'><strong>est</strong></span> <span class='ocrx_word' id='word_1_803' title='bbox 3471 4457 3528 4504; x_wconf 89' lang='lat' dir='ltr'><strong>et</strong></span> <span class='ocrx_word' id='word_1_804' title='bbox 3566 4447 3786 4519; x_wconf 87' lang='lat' dir='ltr'><strong>sepulta</strong></span> 
     </span>
    </p>
   </div>
   <div class='ocr_carea' id='block_1_105' title="bbox 2196 4542 3782 4614">
    <p class='ocr_par' dir='ltr' id='par_1_105' title="bbox 2196 4542 3782 4614">
     <span class='ocr_line' id='line_1_105' title="bbox 2196 4542 3782 4614; baseline 0 -16"><span class='ocrx_word' id='word_1_805' title='bbox 2196 4559 2364 4599; x_wconf 89' lang='lat' dir='ltr'><strong>verno</strong></span> <span class='ocrx_word' id='word_1_806' title='bbox 2393 4553 2636 4614; x_wconf 89' lang='lat' dir='ltr'><strong>tempore</strong></span> <span class='ocrx_word' id='word_1_807' title='bbox 2658 4545 2732 4604; x_wconf 91' lang='lat' dir='ltr'><strong>_in</strong></span> <span class='ocrx_word' id='word_1_808' title='bbox 2776 4544 2860 4597; x_wconf 88' lang='lat' dir='ltr'><strong>via</strong></span> <span class='ocrx_word' id='word_1_809' title='bbox 2888 4544 3148 4614; x_wconf 84' lang='lat' dir='ltr'><strong>Ephrata,</strong></span> <span class='ocrx_word' id='word_1_810' title='bbox 3177 4559 3296 4614; x_wconf 64' lang='lat' dir='ltr'><strong>qua:</strong></span> <span class='ocrx_word' id='word_1_811' title='bbox 3322 4551 3409 4599; x_wconf 91' lang='lat' dir='ltr'><strong>est</strong></span> <span class='ocrx_word' id='word_1_812' title='bbox 3437 4542 3782 4598; x_wconf 87' lang='lat' dir='ltr'><strong>Bethlehem.</strong></span> 
     </span>
    </p>
   </div>
   <div class='ocr_carea' id='block_1_106' title="bbox 2194 4635 3781 4708">
    <p class='ocr_par' dir='ltr' id='par_1_106' title="bbox 2194 4635 3781 4708">
     <span class='ocr_line' id='line_1_106' title="bbox 2194 4635 3781 4708; baseline -0.001 -17"><span class='ocrx_word' id='word_1_813' title='bbox 2194 4636 2251 4691; x_wconf 91' lang='lat' dir='ltr'><strong>In</strong></span> <span class='ocrx_word' id='word_1_814' title='bbox 2275 4637 2364 4690; x_wconf 87' lang='lat' dir='ltr'><strong>via</strong></span> <span class='ocrx_word' id='word_1_815' title='bbox 2391 4650 2627 4705; x_wconf 90' lang='lat' dir='ltr'><strong>namque</strong></span> <span class='ocrx_word' id='word_1_816' title='bbox 2649 4636 2857 4706; x_wconf 87' lang='lat' dir='ltr'><strong>sepulta</strong></span> <span class='ocrx_word' id='word_1_817' title='bbox 2880 4646 2982 4701; x_wconf 88' lang='lat' dir='ltr'><strong>est,</strong></span> <span class='ocrx_word' id='word_1_818' title='bbox 2999 4636 3126 4706; x_wconf 90' lang='lat' dir='ltr'><strong>quia</strong></span> <span class='ocrx_word' id='word_1_819' title='bbox 3155 4645 3312 4708; x_wconf 86' lang='lat' dir='ltr'><strong>typus</strong></span> <span class='ocrx_word' id='word_1_820' title='bbox 3355 4644 3473 4690; x_wconf 88' lang='lat' dir='ltr'><strong>erat</strong></span> <span class='ocrx_word' id='word_1_821' title='bbox 3494 4635 3781 4700; x_wconf 61' lang='lat' dir='ltr'><strong>Ecclesiae,</strong></span> 
     </span>
    </p>
   </div>
   <div class='ocr_carea' id='block_1_107' title="bbox 2193 4726 3788 4798">
    <p class='ocr_par' dir='ltr' id='par_1_107' title="bbox 2193 4726 3788 4798">
     <span class='ocr_line' id='line_1_107' title="bbox 2193 4726 3788 4798; baseline -0.001 -15"><span class='ocrx_word' id='word_1_822' title='bbox 2193 4743 2314 4798; x_wconf 56' lang='lat' dir='ltr'><strong>quas</strong></span> <span class='ocrx_word' id='word_1_823' title='bbox 2353 4727 2591 4782; x_wconf 91' lang='lat' dir='ltr'><strong>nondum</strong></span> <span class='ocrx_word' id='word_1_824' title='bbox 2624 4736 2710 4782; x_wconf 91' lang='lat' dir='ltr'><strong>est</strong></span> <span class='ocrx_word' id='word_1_825' title='bbox 2736 4727 2790 4782; x_wconf 93' lang='lat' dir='ltr'><strong>in</strong></span> <span class='ocrx_word' id='word_1_826' title='bbox 2819 4728 3014 4798; x_wconf 89' lang='lat' dir='ltr'><strong>patria,</strong></span> <span class='ocrx_word' id='word_1_827' title='bbox 3041 4727 3134 4782; x_wconf 89' lang='lat' dir='ltr'><strong>sed</strong></span> <span class='ocrx_word' id='word_1_828' title='bbox 3163 4728 3216 4782; x_wconf 92' lang='lat' dir='ltr'><strong>in</strong></span> <span class='ocrx_word' id='word_1_829' title='bbox 3251 4728 3338 4782; x_wconf 91' lang='lat' dir='ltr'><strong>via</strong></span> <span class='ocrx_word' id='word_1_830' title='bbox 3361 4743 3482 4798; x_wconf 71' lang='lat' dir='ltr'><strong>quae</strong></span> <span class='ocrx_word' id='word_1_831' title='bbox 3525 4726 3788 4782; x_wconf 89' lang='lat' dir='ltr'><strong>Christus</strong></span> 
     </span>
    </p>
   </div>
   <div class='ocr_carea' id='block_1_108' title="bbox 2193 4818 3786 4889">
    <p class='ocr_par' dir='ltr' id='par_1_108' title="bbox 2193 4818 3786 4889">
     <span class='ocr_line' id='line_1_108' title="bbox 2193 4818 3786 4889; baseline 0.001 -16"><span class='ocrx_word' id='word_1_832' title='bbox 2193 4826 2296 4884; x_wconf 89' lang='lat' dir='ltr'><strong>est,</strong></span> <span class='ocrx_word' id='word_1_833' title='bbox 2325 4833 2424 4889; x_wconf 91' lang='lat' dir='ltr'><strong>per</strong></span> <span class='ocrx_word' id='word_1_834' title='bbox 2450 4833 2614 4888; x_wconf 90' lang='lat' dir='ltr'><strong>quam</strong></span> <span class='ocrx_word' id='word_1_835' title='bbox 2664 4827 3011 4875; x_wconf 89' lang='lat' dir='ltr'><strong>transeuntes</strong></span> <span class='ocrx_word' id='word_1_836' title='bbox 3049 4828 3195 4882; x_wconf 89' lang='lat' dir='ltr'><strong>eunt,</strong></span> <span class='ocrx_word' id='word_1_837' title='bbox 3226 4828 3282 4875; x_wconf 89' lang='lat' dir='ltr'><strong>et</strong></span> <span class='ocrx_word' id='word_1_838' title='bbox 3327 4818 3457 4875; x_wconf 81' lang='lat' dir='ltr'><strong>flent</strong></span> <span class='ocrx_word' id='word_1_839' title='bbox 3495 4827 3786 4889; x_wconf 73' lang='lat' dir='ltr'><strong>portantes</strong></span> 
     </span>
    </p>
   </div>
   <div class='ocr_carea' id='block_1_109' title="bbox 2193 4911 3783 4980">
    <p class='ocr_par' dir='ltr' id='par_1_109' title="bbox 2193 4911 3783 4980">
     <span class='ocr_line' id='line_1_109' title="bbox 2193 4911 3783 4980; baseline -0.002 -14"><span class='ocrx_word' id='word_1_840' title='bbox 2193 4911 2401 4966; x_wconf 89' lang='lat' dir='ltr'><strong>semina</strong></span> <span class='ocrx_word' id='word_1_841' title='bbox 2435 4924 2551 4966; x_wconf 91' lang='lat' dir='ltr'><strong>sua.</strong></span> <span class='ocrx_word' id='word_1_842' title='bbox 2587 4911 2827 4978; x_wconf 88' lang='lat' dir='ltr'><strong>Quorum</strong></span> <span class='ocrx_word' id='word_1_843' title='bbox 2856 4913 3036 4980; x_wconf 81' lang='lat' dir='ltr'><strong>itaque</strong></span> <span class='ocrx_word' id='word_1_844' title='bbox 3055 4925 3240 4966; x_wconf 89' lang='lat' dir='ltr'><strong>vocem</strong></span> <span class='ocrx_word' id='word_1_845' title='bbox 3264 4912 3318 4966; x_wconf 94' lang='lat' dir='ltr'><strong>in</strong></span> <span class='ocrx_word' id='word_1_846' title='bbox 3343 4911 3558 4967; x_wconf 92' lang='lat' dir='ltr'><strong>excelso</strong></span> <span class='ocrx_word' id='word_1_847' title='bbox 3582 4925 3783 4965; x_wconf 79' lang='lat' dir='ltr'><strong>ascen-</strong></span> 
     </span>
    </p>
   </div>
   <div class='ocr_carea' id='block_1_110' title="bbox 2189 5000 3776 5073">
    <p class='ocr_par' dir='ltr' id='par_1_110' title="bbox 2189 5000 3776 5073">
     <span class='ocr_line' id='line_1_110' title="bbox 2189 5000 3776 5073; baseline -0.001 -18"><span class='ocrx_word' id='word_1_848' title='bbox 2189 5002 2335 5066; x_wconf 87' lang='lat' dir='ltr'><strong>dere,</strong></span> <span class='ocrx_word' id='word_1_849' title='bbox 2371 5009 2427 5056; x_wconf 91' lang='lat' dir='ltr'><strong>et</strong></span> <span class='ocrx_word' id='word_1_850' title='bbox 2463 5017 2651 5057; x_wconf 88' lang='lat' dir='ltr'><strong>eorum</strong></span> <span class='ocrx_word' id='word_1_851' title='bbox 2701 5003 2912 5073; x_wconf 87' lang='lat' dir='ltr'><strong>ploratu</strong></span> <span class='ocrx_word' id='word_1_852' title='bbox 2948 5003 3189 5072; x_wconf 87' lang='lat' dir='ltr'><strong>quotidie</strong></span> <span class='ocrx_word' id='word_1_853' title='bbox 3223 5017 3382 5058; x_wconf 90' lang='lat' dir='ltr'><strong>aures</strong></span> <span class='ocrx_word' id='word_1_854' title='bbox 3410 5001 3506 5058; x_wconf 90' lang='lat' dir='ltr'><strong>Dei</strong></span> <span class='ocrx_word' id='word_1_855' title='bbox 3542 5000 3776 5072; x_wconf 86' lang='lat' dir='ltr'><strong>pulsari,</strong></span> 
     </span>
    </p>
   </div>
   <div class='ocr_carea' id='block_1_111' title="bbox 2189 5091 3781 5165">
    <p class='ocr_par' dir='ltr' id='par_1_111' title="bbox 2189 5091 3781 5165">
     <span class='ocr_line' id='line_1_111' title="bbox 2189 5091 3781 5165; baseline 0 -17"><span class='ocrx_word' id='word_1_856' title='bbox 2189 5107 2348 5148; x_wconf 90' lang='lat' dir='ltr'><strong>nemo</strong></span> <span class='ocrx_word' id='word_1_857' title='bbox 2371 5093 2463 5162; x_wconf 89' lang='lat' dir='ltr'><strong>qui</strong></span> <span class='ocrx_word' id='word_1_858' title='bbox 2500 5109 2632 5149; x_wconf 92' lang='lat' dir='ltr'><strong>sane</strong></span> <span class='ocrx_word' id='word_1_859' title='bbox 2661 5093 2776 5163; x_wconf 92' lang='lat' dir='ltr'><strong>sapi</strong></span> <span class='ocrx_word' id='word_1_860' title='bbox 2804 5102 2983 5163; x_wconf 89' lang='lat' dir='ltr'><strong>potest</strong></span> <span class='ocrx_word' id='word_1_861' title='bbox 3017 5093 3308 5165; x_wconf 88' lang='lat' dir='ltr'><strong>ambigere.</strong></span> <span class='ocrx_word' id='word_1_862' title='bbox 3342 5091 3523 5148; x_wconf 90' lang='lat' dir='ltr'><strong>Verno</strong></span> <span class='ocrx_word' id='word_1_863' title='bbox 3555 5107 3781 5162; x_wconf 88' lang='lat' dir='ltr'><strong>quoque</strong></span> 
     </span>
    </p>
   </div>
   <div class='ocr_carea' id='block_1_112' title="bbox 2190 5181 3781 5254">
    <p class='ocr_par' dir='ltr' id='par_1_112' title="bbox 2190 5181 3781 5254">
     <span class='ocr_line' id='line_1_112' title="bbox 2190 5181 3781 5254; baseline 0.001 -16"><span class='ocrx_word' id='word_1_864' title='bbox 2190 5192 2431 5252; x_wconf 90' lang='lat' dir='ltr'><strong>tempore</strong></span> <span class='ocrx_word' id='word_1_865' title='bbox 2471 5183 2729 5254; x_wconf 88' lang='lat' dir='ltr'><strong>sepelitur</strong></span> <span class='ocrx_word' id='word_1_866' title='bbox 2774 5185 2830 5239; x_wconf 91' lang='lat' dir='ltr'><strong>in</strong></span> <span class='ocrx_word' id='word_1_867' title='bbox 2867 5183 2991 5250; x_wconf 90' lang='lat' dir='ltr'><strong>via,</strong></span> <span class='ocrx_word' id='word_1_868' title='bbox 3025 5185 3152 5254; x_wconf 90' lang='lat' dir='ltr'><strong>quia</strong></span> <span class='ocrx_word' id='word_1_869' title='bbox 3178 5185 3303 5239; x_wconf 92' lang='lat' dir='ltr'><strong>dum</strong></span> <span class='ocrx_word' id='word_1_870' title='bbox 3355 5183 3445 5239; x_wconf 88' lang='lat' dir='ltr'><strong>hic</strong></span> <span class='ocrx_word' id='word_1_871' title='bbox 3475 5183 3528 5238; x_wconf 93' lang='lat' dir='ltr'><strong>in</strong></span> <span class='ocrx_word' id='word_1_872' title='bbox 3551 5181 3781 5240; x_wconf 88' lang='lat' dir='ltr'><strong>Christo</strong></span> 
     </span>
    </p>
   </div>
   <div class='ocr_carea' id='block_1_113' title="bbox 2189 5274 3781 5348">
    <p class='ocr_par' dir='ltr' id='par_1_113' title="bbox 2189 5274 3781 5348">
     <span class='ocr_line' id='line_1_113' title="bbox 2189 5274 3781 5348; baseline -0.001 -17"><span class='ocrx_word' id='word_1_873' title='bbox 2189 5292 2375 5332; x_wconf 86' lang='lat' dir='ltr'><strong>sumus</strong></span> <span class='ocrx_word' id='word_1_874' title='bbox 2407 5317 2421 5340; x_wconf 93' lang='lat'><strong>,</strong></span> <span class='ocrx_word' id='word_1_875' title='bbox 2484 5277 2744 5346; x_wconf 87' lang='lat' dir='ltr'><strong>pariendo</strong></span> <span class='ocrx_word' id='word_1_876' title='bbox 2794 5276 2944 5331; x_wconf 91' lang='lat' dir='ltr'><strong>illum</strong></span> <span class='ocrx_word' id='word_1_877' title='bbox 2994 5274 3196 5348; x_wconf 90' lang='lat' dir='ltr'><strong>jugiter</strong></span> <span class='ocrx_word' id='word_1_878' title='bbox 3248 5274 3662 5338; x_wconf 81' lang='lat' dir='ltr'><strong>mortificamur,</strong></span> <span class='ocrx_word' id='word_1_879' title='bbox 3716 5285 3781 5330; x_wconf 92' lang='lat' dir='ltr'><strong>et</strong></span> 
     </span>
    </p>
   </div>
   <div class='ocr_carea' id='block_1_114' title="bbox 2195 5366 3777 5439">
    <p class='ocr_par' dir='ltr' id='par_1_114' title="bbox 2195 5366 3777 5439">
     <span class='ocr_line' id='line_1_114' title="bbox 2195 5366 3777 5439; baseline -0.001 -17"><span class='ocrx_word' id='word_1_880' title='bbox 2195 5369 2541 5424; x_wconf 87' lang='lat' dir='ltr'><strong>absconditur</strong></span> <span class='ocrx_word' id='word_1_881' title='bbox 2569 5369 2678 5425; x_wconf 88' lang='lat' dir='ltr'><strong>vita</strong></span> <span class='ocrx_word' id='word_1_882' title='bbox 2724 5379 2932 5435; x_wconf 90' lang='lat' dir='ltr'><strong>nostra,</strong></span> <span class='ocrx_word' id='word_1_883' title='bbox 2969 5382 3252 5439; x_wconf 90' lang='lat' dir='ltr'><strong>quousque</strong></span> <span class='ocrx_word' id='word_1_884' title='bbox 3280 5368 3451 5438; x_wconf 88' lang='lat' dir='ltr'><strong>frigus</strong></span> <span class='ocrx_word' id='word_1_885' title='bbox 3476 5366 3777 5422; x_wconf 55' lang='lat' dir='ltr'><strong>infidelitac</strong></span> 
     </span>
    </p>
   </div>
   <div class='ocr_carea' id='block_1_115' title="bbox 2194 5458 3778 5531">
    <p class='ocr_par' dir='ltr' id='par_1_115' title="bbox 2194 5458 3778 5531">
     <span class='ocr_line' id='line_1_115' title="bbox 2194 5458 3778 5531; baseline -0.001 -17"><span class='ocrx_word' id='word_1_886' title='bbox 2194 5460 2262 5514; x_wconf 91' lang='lat' dir='ltr'><strong>tis</strong></span> <span class='ocrx_word' id='word_1_887' title='bbox 2284 5469 2641 5531; x_wconf 86' lang='lat' dir='ltr'><strong>pertranseat,</strong></span> <span class='ocrx_word' id='word_1_888' title='bbox 2674 5469 2735 5515; x_wconf 92' lang='lat' dir='ltr'><strong>ut</strong></span> <span class='ocrx_word' id='word_1_889' title='bbox 2757 5475 2880 5515; x_wconf 92' lang='lat' dir='ltr'><strong>cum</strong></span> <span class='ocrx_word' id='word_1_890' title='bbox 2921 5459 3170 5516; x_wconf 89' lang='lat' dir='ltr'><strong>Christus</strong></span> <span class='ocrx_word' id='word_1_891' title='bbox 3205 5459 3539 5529; x_wconf 87' lang='lat' dir='ltr'><strong>apparuerit,</strong></span> <span class='ocrx_word' id='word_1_892' title='bbox 3563 5458 3653 5528; x_wconf 92' lang='lat' dir='ltr'><strong>qui</strong></span> <span class='ocrx_word' id='word_1_893' title='bbox 3686 5468 3778 5512; x_wconf 91' lang='lat' dir='ltr'><strong>est</strong></span> 
     </span>
    </p>
   </div>
   <div class='ocr_carea' id='block_1_116' title="bbox 2191 5549 3776 5617">
    <p class='ocr_par' dir='ltr' id='par_1_116' title="bbox 2191 5549 3776 5617">
     <span class='ocr_line' id='line_1_116' title="bbox 2191 5549 3776 5617; baseline 0.001 -16"><span class='ocrx_word' id='word_1_894' title='bbox 2191 5551 2298 5615; x_wconf 90' lang='lat' dir='ltr'><strong>via,</strong></span> <span class='ocrx_word' id='word_1_895' title='bbox 2332 5561 2388 5607; x_wconf 88' lang='lat' dir='ltr'><strong>et</strong></span> <span class='ocrx_word' id='word_1_896' title='bbox 2415 5552 2640 5617; x_wconf 88' lang='lat' dir='ltr'><strong>veritas,</strong></span> <span class='ocrx_word' id='word_1_897' title='bbox 2675 5560 2732 5606; x_wconf 93' lang='lat' dir='ltr'><strong>et</strong></span> <span class='ocrx_word' id='word_1_898' title='bbox 2769 5552 2880 5606; x_wconf 88' lang='lat' dir='ltr'><strong>vita</strong></span> <span class='ocrx_word' id='word_1_899' title='bbox 2906 5560 3111 5615; x_wconf 89' lang='lat' dir='ltr'><strong>nostra,</strong></span> <span class='ocrx_word' id='word_1_900' title='bbox 3143 5560 3256 5605; x_wconf 91' lang='lat' dir='ltr'><strong>tum</strong></span> <span class='ocrx_word' id='word_1_901' title='bbox 3290 5549 3452 5605; x_wconf 92' lang='lat' dir='ltr'><strong>simul</strong></span> <span class='ocrx_word' id='word_1_902' title='bbox 3476 5565 3598 5604; x_wconf 91' lang='lat' dir='ltr'><strong>cum</strong></span> <span class='ocrx_word' id='word_1_903' title='bbox 3628 5562 3696 5603; x_wconf 89' lang='lat' dir='ltr'><strong>eo</strong></span> <span class='ocrx_word' id='word_1_904' title='bbox 3716 5558 3776 5605; x_wconf 90' lang='lat' dir='ltr'><strong>et</strong></span> 
     </span>
    </p>
   </div>
   <div class='ocr_carea' id='block_1_117' title="bbox 2191 5639 3774 5714">
    <p class='ocr_par' dir='ltr' id='par_1_117' title="bbox 2191 5639 3774 5714">
     <span class='ocr_line' id='line_1_117' title="bbox 2191 5639 3774 5714; baseline 0 -18"><span class='ocrx_word' id='word_1_905' title='bbox 2191 5642 2293 5712; x_wconf 91' lang='lat' dir='ltr'><strong>ipsi</strong></span> <span class='ocrx_word' id='word_1_906' title='bbox 2318 5658 2671 5712; x_wconf 88' lang='lat' dir='ltr'><strong>appareamus</strong></span> <span class='ocrx_word' id='word_1_907' title='bbox 2698 5641 2966 5714; x_wconf 87' lang='lat' dir='ltr'><strong>ingloria.</strong></span> <span class='ocrx_word' id='word_1_908' title='bbox 2995 5640 3208 5698; x_wconf 85' lang='lat' dir='ltr'><strong>Interea</strong></span> <span class='ocrx_word' id='word_1_909' title='bbox 3227 5649 3411 5698; x_wconf 87' lang='lat' dir='ltr'><strong>autem</strong></span> <span class='ocrx_word' id='word_1_910' title='bbox 3440 5656 3539 5698; x_wconf 85' lang='lat' dir='ltr'><strong>vox</strong></span> <span class='ocrx_word' id='word_1_911' title='bbox 3566 5639 3774 5696; x_wconf 90' lang='lat' dir='ltr'><strong>clamo—</strong></span> 
     </span>
    </p>
   </div>
   <div class='ocr_carea' id='block_1_118' title="bbox 2192 5731 3764 5804">
    <p class='ocr_par' dir='ltr' id='par_1_118' title="bbox 2192 5731 3764 5804">
     <span class='ocr_line' id='line_1_118' title="bbox 2192 5731 3764 5804; baseline 0 -18"><span class='ocrx_word' id='word_1_912' title='bbox 2192 5732 2267 5789; x_wconf 90' lang='lat' dir='ltr'><strong>ris</strong></span> <span class='ocrx_word' id='word_1_913' title='bbox 2295 5733 2535 5804; x_wconf 89' lang='lat' dir='ltr'><strong>quotidie</strong></span> <span class='ocrx_word' id='word_1_914' title='bbox 2564 5733 2820 5788; x_wconf 89' lang='lat' dir='ltr'><strong>inaltatur</strong></span> <span class='ocrx_word' id='word_1_915' title='bbox 2841 5740 2894 5788; x_wconf 90' lang='lat' dir='ltr'><strong>et</strong></span> <span class='ocrx_word' id='word_1_916' title='bbox 2928 5731 3172 5802; x_wconf 89' lang='lat' dir='ltr'><strong>ploratus</strong></span> <span class='ocrx_word' id='word_1_917' title='bbox 3197 5748 3262 5788; x_wconf 87' lang='lat' dir='ltr'><strong>ac</strong></span> <span class='ocrx_word' id='word_1_918' title='bbox 3285 5733 3464 5788; x_wconf 90' lang='lat' dir='ltr'><strong>luctus</strong></span> <span class='ocrx_word' id='word_1_919' title='bbox 3494 5738 3724 5800; x_wconf 87' lang='lat' dir='ltr'><strong>augetur</strong></span> <span class='ocrx_word' id='word_1_920' title='bbox 3752 5747 3764 5796; x_wconf 90' lang='lat'><strong>;</strong></span> 
     </span>
    </p>
   </div>
  </div>
