4032 6358
1172 293 1205 307 ο

306 388 399 449 ηδ

1114 384 1478 443 EXPOSITIO
1514 385 1582 440 IN
1618 383 2057 444 MATTHEUM.
2098 415 2168 427 —
2206 385 2333 441 LIB.
2375 385 2442 453 ll,
2480 385 2636 442 CAP.
2673 386 2731 441 ll.

3472 387 3578 444 M6

298 499 549 561 nimirum
574 498 709 569 quia
743 498 812 553 de
853 497 958 554 hoc
1002 498 1204 555 mundo
1241 498 1353 556 non
1381 515 1570 555 sumus
1598 519 1611 555 :
1636 500 1683 555 si
1730 500 1875 556 enim
1904 503 2318 572 Adesignatur.
2379 504 2568 573 itaque
2620 500 2809 558 didicit
2861 499 3136 568 Herodes,
3182 500 3433 558 Christus
3483 503 3580 560 ubi

296 594 358 649 de
380 591 592 647 mundo
618 605 890 657 essemus,
914 591 1151 647 mundus
1173 593 1319 663 quod
1342 608 1500 648 suum
1526 600 1674 649 esset
1702 593 1887 666 dilige-

293 695 390 742 ret.
417 683 585 740 Nune
614 692 801 739 autem
839 683 1041 739 Rachel
1072 692 1287 749 nostra,
1314 683 1443 739 dum
1477 686 1623 754 parit
1670 685 1725 740 in
1770 685 1882 752 via,

291 777 573 835 tristitiam
605 777 767 847 gerit,
788 777 989 847 quippe
1008 775 1135 847 quia
1156 775 1361 832 dictum
1383 785 1470 832 est
1488 777 1539 831 ei
1556 794 1569 831 :
1585 775 1690 831 Vos
1711 776 1885 847 plora—

285 872 398 926 bitis
425 881 479 924 et
512 869 737 940 ﬂebitis,
772 870 999 923 mundus
1026 884 1145 922 vero
1166 867 1435 939 gaudebit.
1468 866 1577 923 Sed
1606 883 1734 922 mox
1783 868 1882 922 ad~

284 962 424 1018 ditur
442 960 786 1028 consolatio,
808 962 951 1031 quod
985 961 1202 1016 tristitia
1222 971 1393 1015 vestra
1421 970 1649 1016 vertetur
1672 961 1727 1015 in
1756 977 1888 1031 gau-

282 1054 445 1108 dium.
489 1052 657 1110 Unde
684 1052 946 1108 nimirum
974 1068 1316 1124 nequaquam
1338 1051 1428 1109 hic
1456 1051 1574 1107 vult
1591 1051 1885 1119 consolari,

281 1147 401 1217 quia
434 1146 538 1201 ﬁlii
560 1145 690 1217 ejus
736 1162 845 1202 non
885 1155 1015 1203 sunt
1039 1146 1108 1203 de
1145 1147 1251 1203 hoc
1300 1146 1526 1213 mundo,
1576 1146 1673 1202 sed
1716 1154 1886 1202 totam

282 1254 403 1293 cum
452 1238 581 1294 suis
607 1252 679 1294 eo
714 1252 775 1294 se
807 1239 1135 1309 transponit,
1173 1238 1267 1293 ubi
1315 1236 1595 1294 Christum
1639 1254 1753 1294 suae
1801 1254 1887 1294 sa-

283 1329 484 1385 tietatis
539 1329 737 1385 cibum
789 1338 919 1386 ante
966 1346 1025 1386 se
1065 1331 1121 1385 in
1177 1331 1341 1387 domo
1394 1330 1553 1401 panis
1604 1339 1793 1387 natum
1831 1340 1888 1388 et

282 1437 503 1494 passum
540 1430 715 1492 atque
739 1424 1121 1479 resuscitatum
1148 1423 1472 1480 transmisit.
1502 1425 1714 1481 Interea
1757 1426 1885 1495 quia

288 1512 355 1571 de
379 1512 495 1569 hoc
534 1514 605 1567 ad
644 1515 937 1569 materiam
983 1530 1093 1570 suae
1119 1515 1441 1586 quantitatis
1476 1531 1648 1587 pauca
1691 1514 1883 1571 libavi-

296 1619 441 1671 mus,
474 1614 641 1660 restat
668 1621 920 1676 quaerere
950 1605 1111 1679 146
1137 1608 1291 1677 juxta
1332 1608 1640 1675 historiam,
1664 1624 1887 1679 quomo-

289 1694 357 1750 do
376 1695 588 1751 Rachel
625 1698 769 1753 ﬁlios
788 1697 966 1765 ludar,
996 1699 1050 1754 id
1083 1709 1168 1755 est
1198 1699 1535 1767 Bethlehem,
1574 1702 1729 1774 quasi
1757 1717 1885 1760 suos

284 1786 493 1858 ploret;
525 1788 782 1859 profecto
807 1805 930 1844 cum
975 1806 1041 1846 ex
1080 1806 1147 1846 ea
1194 1800 1358 1848 natus
1379 1801 1464 1849 est
1489 1792 1796 1863 Benjamin,
1825 1796 1883 1852 in

1988 596 2277 665 etquando
2324 594 2585 657 venisset,
2649 610 2750 650 nec
2787 603 2970 649 tamen
3017 609 3141 648 eum
3183 603 3476 650 veneratur
3518 601 3581 651 ut

1988 684 2290 751 Christum,
2321 699 2500 756 neque
2528 686 2671 740 unde
2701 686 2774 739 sit
2793 683 3062 756 intelligit,
3095 692 3190 739 aut
3210 686 3279 739 ad
3322 685 3452 757 quid
3485 701 3581 743 ve-

1990 781 2134 836 nerit
2163 779 2486 851 qualiterve,
2508 780 2726 850 penitus
2764 794 2871 833 non
2900 777 3145 848 requirit.
3188 775 3280 834 Sic
3307 787 3365 834 et
3388 793 3580 837 omnes

1989 871 2182 943 iniqui,
2215 872 2461 928 membra
2487 870 2742 926 videlicet
2774 870 3003 936 inimici,
3029 870 3279 941 quamvis
3303 864 3579 926 Christum

1990 962 2123 1020 false
2174 965 2475 1029 nominent,
2542 978 2647 1020 nec
2712 962 3038 1035 intelligunt,
3088 977 3190 1018 nec
3245 971 3580 1019 venerantur

1989 1058 2165 1129 digne,
2211 1072 2313 1115 nec
2357 1057 2664 1129 requirunt,
2733 1058 2830 1113 sed
2888 1064 3291 1128 persequuntur
3348 1070 3473 1111 eum
3520 1056 3578 1111 in

1988 1149 2249 1205 membris
2276 1150 2405 1214 suis,
2439 1157 2494 1206 et
2512 1164 2678 1219 prave
2703 1148 2956 1217 vivendo,
2983 1148 3248 1206 recedunt
3283 1147 3493 1220 procul,
3522 1157 3580 1205 et

1989 1249 2327 1296 avertuntur.

2058 1331 2319 1402 Defuncto
2353 1344 2529 1389 autem
2567 1332 2800 1401 Herode,
2840 1349 2955 1388 ecce
2997 1333 3228 1405 Angelus
3265 1333 3481 1389 Domini
3521 1334 3579 1388 in

1987 1424 2185 1479 somnis
2212 1425 2457 1494 apparuit
2481 1424 2678 1495 Ioseph
2706 1426 2762 1480 in
2804 1424 3038 1495 Egypto
3083 1425 3295 1480 dicens:
3322 1422 3490 1496 Surge
3528 1433 3579 1480 et

1988 1516 2164 1583 accipe
2186 1531 2405 1585 puerum
2430 1525 2479 1570 et
2502 1528 2722 1571 matrem
2749 1515 2887 1586 ejus,
2910 1524 2958 1569 et
2982 1515 3109 1571 vade
3148 1515 3205 1569 in
3249 1525 3446 1568 terram
3491 1511 3577 1569 ls-

1988 1604 2115 1660 rael.
2171 1596 2440 1661 Herodem
2472 1616 2654 1662 autem
2710 1606 2800 1661 hic
2841 1623 2950 1661 non
2987 1620 3111 1661 eum
3144 1605 3402 1662 debemus
3429 1604 3576 1659 acci-

1986 1712 2137 1769 pere,
2168 1714 2330 1770 quem
2358 1710 2547 1771 posma
2569 1700 2834 1756 Joannem
2856 1700 3085 1770 legimus
3106 1700 3409 1756 deeollasse
3443 1717 3456 1754 :
3483 1699 3577 1755 sed

1987 1808 2112 1850 eum
2160 1794 2227 1848 de
2268 1810 2377 1865 quo
2418 1792 2534 1863 jam
2586 1810 2746 1866 supra
2792 1793 3165 1857 disseruimus,
3218 1793 3372 1864 cujus
3410 1790 3579 1847 fuisse

280 1878 427 1948 cilius
456 1880 616 1935 tribu
650 1880 800 1936 nullo
831 1881 992 1937 modo
1016 1881 1330 1938 Bethlehem
1356 1883 1550 1940 civitas
1581 1885 1874 1943 invenitur.
1907 1870 1957 1933 Β
1984 1885 2126 1942 ﬁlius
2154 1886 2295 1942 idem
2316 1902 2379 1942 ac
2409 1902 2826 1943 successor-non
2850 1886 3161 1956 ambigitur.
3184 1883 3347 1949 Tolle,
3379 1883 3574 1953 inquit,

281 1969 426 2039 Quod
472 1970 629 2027 forte
678 1971 900 2029 brevius
962 1974 1252 2041 referatur,
1301 1975 1430 2031 dum
1483 1977 1696 2049 sepulta
1743 1978 1880 2035 inibi

279 2065 420 2138 juxta
450 2065 787 2122 Bethlehem
812 2068 975 2122 invia
1000 2068 1220 2141 legitur,
1248 2078 1310 2124 ut
1338 2086 1405 2125 ex
1426 2079 1633 2127 :eterno
1659 2088 1884 2143 corpus-

280 2156 375 2212 culi
397 2159 490 2213 sui
520 2159 770 2229 hospitio
810 2174 1007 2215 nomen
1049 2160 1243 2216 matris
1277 2162 1571 2231 acceperit.
1604 2162 1700 2219 Sin
1747 2162 1883 2218 alias

282 2252 482 2308 idcirco
502 2251 936 2319 ﬁereinuuitur,
965 2253 1095 2325 quia
1127 2252 1267 2309 Juda
1317 2262 1374 2310 et
1430 2254 1715 2326 Beujamin
1761 2256 1881 2313 dum

284 2346 452 2400 tribus
501 2344 717 2414 juncta:
774 2354 981 2401 erant:
1032 2345 1276 2402 Herodes
1323 2355 1507 2403 autem
1552 2358 1882 2420 praeceperat

283 2451 382 2491 non
430 2436 621 2491 solum
661 2437 718 2491 in
753 2435 1073 2492 Bethlehem
1102 2452 1300 2508 pueros
1327 2437 1664 2504 interimere,
1691 2453 1881 2494 verum

280 2530 414 2585 etin
457 2529 729 2586 omnibus
772 2530 1129 2586 circumcirca
1170 2529 1369 2587 ﬁnibus
1408 2531 1548 2602 ejus,
1578 2547 1686 2601 qua
1719 2532 1882 2589 caedis

279 2621 572 2677 occasione
613 2619 775 2690 jussu
816 2622 964 2693 regis
1009 2630 1268 2694 accepta,
1315 2623 1668 2693 intelligimus
1715 2625 1881 2680 etiam

280 2713 481 2767 multos
516 2714 586 2767 de
625 2712 914 2783 Beniamin
950 2724 1126 2771 morte
1151 2714 1321 2772 fuisse
1334 2727 1664 2788 peremptos.
1695 2716 1881 2773 Plorat

276 2814 456 2859 autem
479 2804 692 2860 Rachel
722 2821 820 2862 eos
844 2807 982 2863 ﬁlios
1011 2823 1162 2874 suos,
1200 2817 1257 2864 et
1297 2823 1406 2864 non
1448 2810 1645 2881 recipit
1686 2826 1883 2868 conso-

275 2884 573 2962 lationem,
614 2899 914 2953 secundum
953 2898 1218 2970 duplicem
1268 2901 1628 2970 quorumdam
1676 2901 1879 2958 intelli-

274 2990 540 3060 gentiam.
576 2988 709 3045 Sive
731 2990 876 3062 quod
902 3006 997 3047 eos
1040 2991 1096 3046 in
1143 2999 1407 3047 arternum
1456 3000 1699 3048 mortuos
1739 2994 1882 3048 testi-

271 3090 471 3138 maret.
501 3081 636 3137 Sive
656 3083 801 3153 quod
823 3082 914 3138 hic
936 3083 1207 3139 consolari
1233 3098 1294 3140 se
1314 3082 1484 3139 nollet
1511 3082 1577 3139 de
1608 3083 1712 3149 his,
1731 3096 1871 3155 quos

266 3176 438 3230 sciret
476 3175 534 3230 in
566 3184 837 3231 aeternum
886 3190 1008 3233 esse
1049 3177 1310 3233 victuros.
1340 3176 1535 3232 Verius
1581 3185 1761 3233 tamen
1805 3178 1860 3233 in

270 3263 507 3329 Rachel,
537 3273 602 3319 ut
628 3266 886 3332 diximus,
912 3267 1086 3338 ﬁgura
1131 3267 1300 3323 totius
1328 3266 1584 3322 Ecclesiae
1613 3267 1873 3337 exprimi-

268 3364 379 3410 tur.
405 3356 481 3410 Et
514 3356 644 3411 ideo
689 3370 759 3411 ex
806 3365 1041 3428 utraque
1082 3365 1239 3427 parte
1283 3355 1362 3410 illi
1389 3356 1497 3412 duo
1542 3356 1631 3411 isti
1682 3371 1873 3411 sensus

269 3447 615 3502 conveniunt
642 3465 656 3500 :
684 3462 782 3502 seu
798 3449 942 3519 quod
968 3463 1077 3504 non
1103 3455 1315 3503 tantum
1335 3456 1647 3518 peremptos
1674 3446 1870 3502 doleat.

270 3535 389 3591 Sed
405 3552 505 3593 eos
528 3538 701 3593 etiam
725 3537 910 3611 lugere
936 3540 1215 3611 probatur,
1244 3553 1382 3610 quos
1408 3539 1643 3609 primum
1666 3539 1877 3609 genitos

274 3630 543 3693 retinere,
568 3629 657 3685 vel
684 3639 837 3685 certe
862 3632 1104 3686 nondum
1150 3632 1365 3703 genitos
1393 3615 1654 3701 generare
1679 3629 1868 3686 voluit.

267 3718 358 3775 Ex
406 3719 603 3790 quibus
640 3721 850 3776 nullam
888 3722 1081 3794 recipit
1136 3721 1585 3785 consolationem,
1621 3734 1685 3775 eo
1730 3719 1875 3790 quod

267 3824 481 3869 eterna
505 3822 689 3870 morte
710 3813 816 3869 sint
844 3813 1130 3885 perempti,
1152 3814 1280 3885 quia
1302 3827 1411 3867 non
1439 3821 1566 3867 sunt
1594 3812 1649 3865 in
1668 3818 1872 3866 aeterna

275 3904 553 3961 soliditate
610 3905 878 3960 mansuri.
910 3904 1018 3961 Seu
1064 3904 1237 3960 noluit
1264 3902 1554 3971 consolari,
1590 3902 1716 3974 quia
1763 3916 1874 3957 non

272 4006 605 4069 supererant
633 4012 774 4067 quos
813 3997 1033 4053 dolebat
1075 3996 1308 4052 amissos
1339 4013 1352 4048 :
1383 4010 1449 4051 eo
1487 3994 1631 4064 quod
1683 3992 1740 4048 hi
1779 3992 1875 4063 qui

268 4093 473 4146 mortui
502 4090 854 4157 videbantur,
884 4090 938 4145 in
970 4089 1300 4146 aeternitatis
1324 4087 1626 4159 perfectum
1662 4097 1869 4160 marty-

268 4184 355 4239 rio
385 4193 548 4239 erant
580 4183 851 4238 translati.
885 4181 1200 4266 Consolatio
1221 4196 1457 4251 namque
1488 4181 1556 4237 de
1586 4196 1646 4237 re
1669 4181 1871 4237 amissa

262 4277 391 4345 jure
415 4278 691 4347 quaeritur
710 4275 1043 4348 praestanda,
1072 4283 1129 4330 et
1152 4289 1259 4331 non
1276 4273 1461 4329 habita
1486 4273 1572 4327 vel
1597 4287 1869 4343 possessa.

268 4369 416 4437 Quia’
438 4384 509 4424 ex
549 4379 714 4423 aucta
760 4367 1016 4423 felicitate
1054 4365 1301 4438 profecto
1351 4364 1605 4436 gaudium
1654 4372 1872 4420 aeterna:

270 4462 397 4516 vita:
436 4461 718 4531 copiosius
754 4461 807 4515 in
831 4468 1107 4530 posterum
1137 4464 1450 4530 generatur.
1477 4455 1867 4513 Verumtamen

271 4567 665 4622 quamcunque
683 4553 876 4607 horum
905 4551 1135 4623 quisque
1162 4564 1420 4605 sensuum
1468 4548 1737 4617 receperit
1782 4547 1868 4602 in-

273 4643 663 4713 telligentiam,
705 4642 970 4713 tropicam
1002 4640 1329 4696 locutionem
1370 4639 1738 4695 intereurrere
1770 4653 1867 4693 ne-

272 4752 430 4792 cesse
484 4745 569 4792 est
602 4751 708 4792 non
756 4735 1006 4806 refugiat.
1042 4734 1122 4789 Ac
1174 4749 1270 4804 per
1300 4733 1403 4788 hoc
1449 4733 1552 4788 etsi
1590 4732 1660 4787 ad
1697 4730 1871 4787 Rama

275 4845 450 4900 usque
498 4844 608 4884 vox
671 4827 915 4899 ploratus
962 4840 1030 4882 ex
1084 4824 1333 4896 sepulcro
1370 4823 1624 4879 Raehelis
1674 4837 1869 4894 perve—

279 4926 426 4980 uisse
470 4922 633 4992 juxta
668 4922 913 4977 litteram
957 4919 1305 4991 praedicatur,
1360 4931 1469 4971 non
1527 4916 1785 4970 abhorret
1838 4930 1870 4970 a

279 5032 428 5081 vero,
459 5016 607 5070 sicut
634 5023 692 5069 et
721 5021 990 5068 mortuam
1018 5025 1127 5066 non
1158 5008 1423 5074 fabulose,
1472 5007 1566 5063 sed
1610 5007 1870 5061 transfor-

278 5119 441 5164 mata
466 5107 756 5163 locutionis
780 5106 966 5171 modo,
995 5110 1120 5173 apte
1141 5102 1281 5157 ﬁlios
1316 5100 1598 5157 deﬂevisse
1618 5115 1869 5171 compro-

279 5198 461 5252 batur.
490 5195 683 5252 Melius
713 5205 890 5250 tamen
920 5208 1019 5264 per
1039 5189 1265 5256 Rachel,
1284 5204 1447 5260 quam
1476 5189 1523 5245 si
1550 5189 1867 5245 Bethlehem

280 5289 475 5343 civitas
508 5285 778 5357 ‘plorasse
832 5284 1127 5348 diceretur,
1190 5280 1406 5352 mystici
1462 5281 1631 5352 ﬁgura
1686 5294 1868 5335 sacra-

282 5388 450 5443 menti
480 5385 843 5441 introducitur
867 5400 882 5449 ;
905 5383 1032 5453 quia
1066 5397 1164 5453 per
1186 5396 1305 5436 eam
1336 5381 1391 5435 in
1426 5380 1680 5435 omnibus
1708 5360 1865 5434 sche—

283 5496 368 5535 ma
389 5478 657 5535 Ecclesiae
676 5476 878 5532 Christi
908 5474 1214 5545 legentibus
1255 5473 1497 5542 apertius
1525 5470 1680 5542 147
1713 5484 1865 5525 com-

282 5572 593 5626 modatur.
623 5568 1049 5626 Commendatur
1093 5573 1276 5622 autem
1307 5579 1406 5637 per
1427 5562 1635 5619 Rachel
1663 5560 1866 5617 Christi

282 5667 531 5724 Ecclesia
567 5680 692 5721 cum
738 5679 838 5720 suo
878 5662 1055 5733 capite
1088 5661 1216 5716 hinc
1261 5660 1387 5716 inde
1424 5666 1535 5712 tam
1577 5655 1866 5711 translatos

282 5768 462 5817 morte
501 5773 664 5828 quam
700 5763 1011 5827 peremptos
1050 5752 1313 5823 supplicio
1353 5746 1672 5812 deﬂevisse;
1721 5746 1863 5801 sicut

280 5861 341 5909 et
354 5867 458 5920 per
484 5848 757 5909 Herodem
788 5845 1037 5903 diabolus
1076 5859 1201 5901 cum
1219 5843 1336 5900 suis
1360 5839 1619 5899 membris
1647 5839 1864 5909 penitus

1893 4596 1952 4663 Ι)

1983 1995 2203 2048 puerum
2229 1988 2278 2032 et
2299 1989 2519 2034 matrem
2541 1980 2655 2047 eius
2679 1996 2699 2044 ;
2731 1994 2957 2050 puerum
3002 1992 3132 2033 sane
3160 1985 3217 2033 et
3239 1994 3346 2033 non
3376 1976 3572 2043 ﬁlium,

1986 2077 2214 2125 matrem
2240 2070 2393 2141 pueri
2422 2078 2476 2126 et
2504 2085 2612 2125 non
2641 2084 2866 2125 uxorem
2890 2085 3066 2125 suam.
3089 2066 3261 2123 Porro
3284 2067 3339 2122 in
3368 2066 3576 2122 somnis

1979 2161 2200 2232 jubetur
2239 2164 2438 2227 redire,
2473 2163 2614 2243 sicut
2667 2170 2721 2217 et
2758 2170 2917 2216 antea
2960 2160 3310 2232 praemonitus
3353 2169 3475 2215 erat
3518 2158 3575 2213 in

1985 2257 2211 2323 somnis,
2238 2266 2299 2311 ut
2326 2257 2381 2312 in
2410 2256 2706 2329 Egyptum
2737 2256 3123 2319 descenderet;
3154 2255 3281 2325 quia
3309 2268 3410 2309 nec
3441 2253 3572 2308 dum

1982 2349 2198 2419 publice
2236 2351 2601 2416 revelabatur,
2650 2350 2737 2403 cui
2781 2347 3018 2421 Angelus
3052 2346 3246 2402 devote
3297 2342 3577 2401 servitutis

1984 2438 2216 2496 cilicium
2252 2439 2549 2495 deferebat.

2056 2530 2303 2599 Defuncti
2323 2541 2445 2585 sunt
2468 2532 2631 2596 enim,
2664 2532 2865 2600 inquit,
2885 2531 2977 2601 qui
2991 2528 3292 2601 quwrebant
3336 2526 3572 2581 animam

1982 2621 2149 2692 pueri.
2208 2620 2309 2676 Ubi
2360 2631 2508 2676 recte
2547 2621 2813 2686 iunuitur,
2845 2619 2992 2689 quod
3036 2633 3163 2690 rege
3220 2616 3429 2673 crudeli
3474 2630 3575 2670 ex-

1984 2710 2204 2775 stincto,
2242 2710 2535 2781 complices
2562 2711 2681 2781 ejus
2704 2709 2850 2765 illico
2876 2709 3109 2780 periere,
3144 2708 3238 2780 qui
3265 2706 3471 2778 pariter
3514 2707 3574 2761 in

1984 2818 2171 2859 necem
2202 2804 2427 2871 Christi,
2460 2804 2678 2860 invidia:
2738 2788 2832 2859 a‘ut
2889 2803 3125 2868 timoris,
3175 2800 3573 2857 adulationisve

1982 2897 2156 2969 gratia
2185 2904 2575 2951 tractaverunt.
2619 2895 2814 2950 Mirum
2844 2896 3031 2968 igitur,
3059 2894 3329 2965 quomodo
3366 2892 3573 2948 dictum

1981 2989 2081 3053 sic,
2112 2987 2205 3059 qui
2242 2988 2561 3057 quaerebant
2603 2986 2845 3042 animam
2894 2985 3078 3057 pueri,
3134 2999 3256 3040 cum
3308 2982 3573 3038 Dominus

1981 3077 2129 3134 dicat
2159 3094 2174 3129 :
2206 3076 2387 3131 Nolite
2418 3077 2599 3130 timere
2643 3092 2732 3131 eos
2769 3076 2858 3147 qui
2898 3092 3086 3145 corpus
3130 3072 3396 3136 occidunt,
3448 3070 3567 3125 ani-

1979 3185 2121 3223 mam
2148 3178 2321 3223 autem
2355 3184 2457 3223 non
2493 3160 2708 3238 possunt
2747 3167 2978 3223 occidere
3008 3165 3223 3239 (Matth.
3264 3181 3322 3229 x,
3347 3162 3462 3234 28).
3500 3160 3566 3217 Si

1980 3259 2125 3314 enim
2166 3258 2346 3314 anima
2394 3258 2684 3314 invisibilis
2712 3266 2768 3315 et
2823 3257 3183 3329 impalpabilis
3230 3270 3341 3312 non
3385 3262 3567 3327 potest

1978 3351 2153 3408 occidi
2182 3352 2350 3408 armis
2362 3351 2484 3407 istis
2504 3351 2806 3422 corporeis,
2826 3350 3099 3421 quomodo
3129 3357 3276 3405 recte
3299 3343 3563 3419 quaei'itur

1978 3445 2045 3499 ad
2068 3443 2421 3515 perdendum,
2448 3443 2749 3513 praesertim
2773 3458 2897 3498 cum
2919 3443 2990 3498 sit
3016 3450 3139 3514 post
3157 3442 3362 3497 exitum
3379 3440 3564 3497 carnis

1978 3536 2143 3592 etiam
2176 3534 2545 3591 immortalis?
2575 3532 2685 3589 Sed
2719 3533 2955 3588 animam
2986 3533 3077 3588 hic
3122 3532 3445 3602 simpliciter
3469 3539 3566 3585 aut

1978 3642 2077 3698 pro
2103 3627 2216 3682 sola
2239 3642 2404 3681 carne
2442 3625 2642 3696 posuit,
2667 3633 2763 3679 aut
2782 3632 2954 3689 certe,
3007 3622 3151 3692 quod
3190 3622 3363 3694 magis
3415 3634 3565 3687 reor,

1976 3735 2075 3792 pro
2124 3720 2235 3774 vita
2300 3719 2586 3788 praesenti;
2635 3718 2762 3787 quia
2828 3732 3215 3787 nonnunquam
3273 3716 3455 3771 anima
3506 3714 3567 3771 in

1978 3810 2276 3880 Scripturis
2323 3825 2423 3881 pro
2450 3809 2562 3863 vita
2604 3808 2707 3864 hac
2748 3808 3037 3878 temporali
3091 3808 3375 3879 accipitur.
3409 3804 3566 3864 Unde

1976 3911 2123 3958 recte
2151 3903 2408 3972 quaesisse
2432 3903 2669 3958 animam
2696 3903 2850 3974 pueri
2893 3909 3163 3968 censetur,
3190 3902 3283 3972 qui
3318 3914 3560 3971 praesen-

1976 4000 2082 4047 tem
2102 3990 2263 4064 148
2274 3992 2391 4064 ejus
2405 3993 2572 4048 vitam
2598 3994 2945 4064 exstinguere
2965 3992 3353 4048 moliebantur.
3373 3990 3481 4047 Sed
3500 4001 3558 4047 et

1975 4084 2293 4149 notandum,
2318 4083 2593 4141 Christum
2619 4085 2859 4141 animam
2881 4084 3154 4148 habuisse,
3174 4084 3318 4155 quod
3350 4082 3558 4153 Apolli-

1976 4181 2195 4237 narista:
2243 4182 2620 4238 contradicere
2679 4189 2967 4236 conantur.
3039 4178 3331 4235 Pluraliter
3377 4185 3562 4232 autem

1972 4274 2203 4330 forsitan
2254 4274 2377 4328 ideo
2420 4274 2695 4338 dicuntur,
2756 4272 2920 4328 etiam
2958 4279 3022 4327 ut
3060 4286 3160 4342 per
3214 4272 3319 4325 hoc
3355 4268 3563 4324 saevitia

1972 4367 2204 4423 Herodis
2232 4368 2470 4423 atrocior
2500 4375 2949 4438 pertractaretur.
2973 4364 3181 4420 Ferunt
3218 4365 3386 4428 enim,
3413 4362 3561 4433 quod

1974 4460 2115 4514 idem
2145 4460 2459 4531 priusquam
2482 4466 2805 4524 moreretur,
2828 4458 2993 4527 jussit
3021 4472 3185 4528 super
3212 4454 3372 4513 funus
3402 4470 3563 4512 suum

1975 4565 2168 4606 omnes
2200 4548 2506 4605 Judazorum
2540 4551 2790 4606 occidere
2821 4549 3135 4615 nobiliores,
3161 4548 3354 4605 saltem
3386 4556 3447 4603 ut
3464 4562 3562 4617 per

1974 4644 2077 4699 hoc
2092 4650 2417 4713 cogerentur
2440 4640 2609 4697 Judaei
2638 4642 2768 4697 ﬁere
2783 4656 2846 4696 ac
2868 4640 2913 4696 si
2941 4648 3172 4697 mortem
3198 4639 3387 4710 ipsius.
3407 4638 3562 4707 Quod

1970 4736 2115 4793 forte
2151 4735 2339 4791 volens
2365 4734 2602 4804 Angelus
2628 4736 2885 4790 innuere:
2916 4733 3161 4803 Defuncti
3186 4743 3326 4797 sunt,
3358 4731 3559 4803 inquit,

1970 4832 2060 4904 qui
2091 4830 2392 4903 quaerebant
2444 4830 2677 4885 animam
2728 4816 2896 4900 pueri.
2923 4828 3160 4885 Possunt
3192 4837 3248 4884 et
3300 4843 3398 4899 pro
3448 4840 3559 4882 uno

1972 4937 2068 4991 per
2103 4921 2500 4993 synecdochen,
2545 4920 2931 4991 quamplurimi
2978 4919 3375 4992 signiﬁcantius
3402 4931 3553 4972 mor—

1975 5010 2051 5064 tui
2081 5008 2364 5081 appellari,
2394 5018 2452 5063 ut
2478 5024 2576 5079 per
2613 5009 2716 5064 hoc
2750 5009 2929 5065 omnis
2964 5010 3098 5064 ordo
3141 5015 3556 5080 perseeutorum

1971 5118 2214 5160 cessasse
2226 5102 2474 5173 persequi
2502 5101 2583 5161 cla
2591 5102 2703 5157 rius
2716 5101 3109 5172 designaretur.
3144 5099 3261 5166 Quo
3275 5097 3554 5165 defuncto,

1971 5200 2160 5247 sancta
2201 5189 2297 5244 Dei
2341 5187 2582 5245 Ecclesia
2627 5188 2682 5243 in
2720 5188 2943 5243 Christo
2963 5187 3171 5251 vivens,
3199 5200 3294 5255 per
3322 5183 3557 5255 amplius

1970 5295 2025 5340 et
2056 5282 2349 5355 perfectius
2369 5281 2438 5336 ad
2471 5280 2746 5337 caelestem
2799 5278 3101 5335 Jerusalem
3132 5274 3377 5348 quotidie
3415 5274 3555 5329 invi-

1973 5383 2137 5430 tatur.
2184 5372 2325 5426 Hine
2345 5386 2475 5426 sane
2514 5379 2698 5443 typum
2729 5369 2983 5425 Ecclesia:
3016 5367 3141 5437 jure
3164 5365 3552 5437 praemisimus,

1972 5467 2098 5522 dum
2123 5480 2229 5520 non
2280 5465 2440 5520 modo
2469 5463 2614 5518 illius
2660 5477 2765 5518 vox
2810 5461 3051 5533 ploratus
3072 5474 3286 5532 quoque
3303 5458 3549 5525 auditur,

1967 5574 2087 5630 qua;
2125 5556 2330 5612 nullum
2356 5556 2546 5611 habuit
2573 5556 2639 5609 de
2660 5553 2873 5609 amissis
2899 5551 3027 5617 ﬁliis
3047 5552 3288 5630 dolorem
3316 5550 3431 5621 jam
3452 5551 3549 5606 de-

1966 5628 2173 5717 functa,
2216 5649 2311 5705 sed
2340 5650 2507 5703 etiam
2535 5661 2632 5717 per
2658 5661 2778 5701 eam
2811 5642 2974 5714 hujus
3008 5628 3265 5701 Ecclesiae
3291 5658 3393 5700 vox
3420 5656 3545 5712 quas

1966 5744 2055 5799 diu
2107 5741 2308 5798 sterilis
2365 5738 2481 5807 jam
2535 5753 2679 5793 nunc
2727 5737 2958 5794 fecunda
3015 5737 3298 5794 sublimius
3359 5732 3544 5790 audita

1970 5834 2324 5907 signiﬁcatur.
2349 5830 2465 5889 Non
2502 5830 2643 5901 quod
2677 5845 2785 5889 non
2814 5830 2925 5888 sint
2965 5832 3059 5903 qui
3096 5846 3194 5903 per
3223 5828 3547 5901 Martyrium
