4032 6358
491 377 590 433 M7

1303 378 1359 434 s.
1399 362 1755 433 piscuasu
1797 346 2142 435 llADBEltTl
2184 380 2472 435 AltBA’l‘lS
2512 378 2963 436 CORBEIENSIS
3645 373 3745 432 με

490 500 685 554 mortui
718 498 1060 568 putabantur,
1089 500 1388 569 prtesertiui
1432 516 1552 552 cum
1592 501 1912 555 zctcruitatis
1933 516 2061 569 aug—
2089 501 2138 561 Α
2170 501 2363 568 pietate
2406 499 2750 564 descendere,
2783 512 2837 554 et
2868 502 3119 555 timerent
3146 516 3210 557 ac
3232 502 3277 557 si
3304 503 3371 557 de
3394 506 3757 574 providentia,

489 601 673 647 mento
702 593 997 645 transvecti
1034 592 1325 646 credantur
1376 593 1667 648 identidem
1715 594 1782 648 ad
1814 593 2066 664 gloriam.

474 685 595 740 Sed
622 685 747 754 quia
775 700 869 738 eos
911 684 1147 738 retinere
1195 701 1297 740 non
1326 685 1496 739 valuit
1529 701 1742 750 omnes,
1780 700 1917 756 quos
1943 700 2070 757 par-

488 775 695 839 turivit,
726 774 810 829 vel
860 774 941 830 eis
990 777 1316 845 persuadere
1366 777 1432 830 ad
1485 776 1642 831 ﬁdem
1672 778 1735 831 de
1767 778 2073 849 tyrannide

487 880 626 934 quos
664 864 728 920 ad
777 866 999 937 prtemia
1065 865 1305 922 melioris
1349 868 1474 922 vitae
1532 866 1738 939 jugiter
1786 869 2068 923 invitabat.

490 954 873 1012 Consolatione
905 956 1053 1012 enim
1076 965 1219 1025 eget,
1254 965 1313 1011 ut
1349 957 1604 1024 diximus,
1634 974 1721 1013 res
1754 959 1975 1025 amissa,
2016 966 2072 1013 et

489 1065 597 1103 non
629 1058 823 1111 aucta;
847 1048 973 1118 quia
1006 1046 1218 1104 felicius
1242 1049 1625 1105 transformata
1661 1052 1713 1105 in
1743 1050 1935 1106 melius
1975 1043 2074 1122 poi

490 1141 596 1195 tius
632 1141 888 1210 gaudium
930 1139 1107 1206 aﬁ'ert,
1159 1157 1323 1210 quam
1376 1157 1690 1208 maerorem,
1723 1154 1778 1197 et
1828 1144 2069 1199 laetitiam

485 1232 791 1289 fruentibus
842 1233 929 1288 illa
974 1245 1275 1290 coacervat.
1316 1235 1466 1291 Unde
1503 1238 1693 1291 beatus
1738 1237 2069 1308 evangelista

484 1322 791 1393 hujusmodi
828 1324 1017 1380 volens
1066 1326 1387 1381 conﬁrmare
1430 1327 1689 1398 ﬁguram,
1734 1328 2069 1384 subtexendo

474 1432 603 1486 quae
630 1425 950 1485 sequuntur,
974 1416 1379 1473 addiditdieens
1406 1433 1421 1471 :

556 1504 790 1576 Surgens
820 1508 1016 1573 accepit
1039 1524 1255 1576 puerum
1280 1518 1329 1562 et
1360 1518 1578 1562 matrem
1607 1510 1743 1579 ejus,
1774 1521 1821 1563 et
1849 1510 1981 1564 venit
2011 1510 2067 1563 in

482 1609 676 1653 terram
700 1599 893 1655 Israel.
923 1601 1155 1656 Audiens
1201 1613 1375 1656 autem
1400 1603 1539 1674 quod
1570 1594 1858 1658 Archelaus
1882 1620 2069 1674 regna-

484 1698 555 1741 ret
585 1690 636 1742 in
664 1688 858 1743 Judwa
888 1707 982 1760 pro
1013 1691 1225 1745 Herode
1245 1704 1391 1761 patre
1411 1708 1530 1758 suo,
1559 1692 1731 1746 timuit
1756 1691 2067 1747 illo'ire.-Et

482 1779 780 1834 admonitus
807 1782 863 1834 in
904 1782 1123 1848 somnis,
1158 1784 1365 1837 secessit
1393 1783 1448 1837 in
1490 1793 1665 1855 partes
1689 1780 1946 1839 Galilwna.
1995 1783 2063 1838 Et

2173 591 2379 645 monuit
2403 606 2524 644 eum
2578 593 2655 645 ire
2699 592 2751 645 in
2801 590 3077 647 Galilaeam
3131 593 3403 649 civitatem
3454 594 3755 663 Nazareth,

2176 698 2279 736 non
2330 692 2548 737 mutans
2601 683 2823 738 visionis
2872 692 3218 754 praeceptum,
3267 686 3359 741 sed
3415 688 3765 748 manifestius

2171 772 2449 842 corrigens
2477 773 2692 842 pietatis
2730 788 2994 828 errorem.
3041 774 3192 830 Unde
3232 778 3493 833 continuo
3521 795 3763 852 evange-

2172 862 2293 917 lista
2315 902 2331 928 ,
2359 871 2416 916 ut
2443 862 2680 932 apertius
2721 864 3127 920 commendaret
3154 866 3235 920 sic
3278 865 3448 924 fuisse
3480 870 3765 939 praedesti-

2172 964 2380 1019 natum,
2408 954 2569 1025 15o
2593 955 2796 1024 adjecit
2823 956 3009 1012 dicens
3036 971 3052 1011 :

2245 1043 2311 1099 Ut
2339 1046 2712 1116 adimpleretur
2754 1048 2892 1118 quod
2920 1050 3176 1120 scriptum
3201 1060 3279 1106 est
3325 1069 3418 1123 per
3456 1056 3762 1125 prophetas,

2168 1136 2418 1206 quoniam
2480 1136 2777 1193 Nazarteus
2835 1142 3128 1197 vocabitur.
3196 1143 3275 1198 Ex
3328 1160 3436 1214 quo
3488 1146 3765 1215 colligitur

2169 1226 2315 1282 aliud
2356 1228 2507 1298 prius
2550 1231 2800 1300 angelum
2841 1247 3178 1302 nequaquam
3224 1236 3569 1305 praecepisse,
3594 1253 3764 1308 quam

2169 1318 2312 1386 quod
2349 1318 2477 1375 hinc
2522 1320 2646 1376 inde
2692 1323 3132 1391 praedestinatum
3180 1335 3319 1380 erat.
3353 1326 3469 1382 Non
3499 1329 3645 1383 enim
3677 1345 3767 1385 re-

2170 1426 2289 1464 rum
2329 1419 2580 1467 eventum
2625 1422 2843 1469 secutus
2869 1423 2951 1469 est
2982 1413 3096 1484 ipse
3144 1431 3457 1486 processus,
3497 1420 3591 1473 sed
3628 1434 3763 1489 pro-

2169 1518 2382 1558 cessum
2432 1504 2551 1573 ejus
2598 1505 2797 1574 passitn
2826 1517 3153 1563 consecutus
3184 1517 3268 1563 est
3300 1524 3488 1564 rerum
3508 1518 3759 1566 eventus.

2168 1595 2287 1651 Non
2336 1596 2653 1667 simpliciter
2700 1598 2936 1667 quidem,
2978 1608 3032 1653 ut
3094 1615 3236 1665 reor,
3285 1616 3575 1672 processus
3623 1618 3765 1672 qua—

2168 1690 2302 1747 libet
2330 1707 2623 1747 causarum
2672 1694 2855 1763 specie
2884 1693 2939 1749 in
2968 1694 3149 1763 aliquo
3182 1694 3631 1762 transformatur;
3667 1696 3765 1751 sed

2170 1783 2225 1837 in
2252 1782 2503 1838 omnibus
2539 1784 3032 1854 praedestinationis
3063 1786 3266 1841 veritas
3298 1786 3374 1841 ita
3398 1794 3558 1841 tenus
3589 1788 3769 1841 adim-

480 1870 683 1924 veniens
718 1870 971 1927 habitavit
1015 1873 1069 1927 in
1110 1872 1315 1927 civitate
1363 1890 1478 1945 quin
1517 1883 1735 1929 vocatur
1777 1873 2067 1930 Nasarctli.
2099 1866 2146 1927 B
2174 1876 2375 1947 pletur,
2414 1885 2474 1930 ut
2504 1876 2683 1948 typice
2712 1885 2989 1948 gestarum
3033 1878 3170 1934 ordo
3208 1878 3578 1934 doctrinarum
3624 1893 3771 1949 pene

481 1962 698 2017 Servari
752 1964 937 2035 itaque
979 1968 1212 2035 typicam
1271 1966 1599 2022 narrationis
1645 1967 1867 2038 ﬁguram
1924 1977 2068 2023 recte

477 2057 747 2123 diximus;
793 2059 918 2127 quia
972 2057 1171 2130 Josepli
1215 2046 1580 2130 apostolorum
1627 2061 1767 2131 gerit
1810 2063 2063 2132 speciem,

477 2164 710 2219 quorum
755 2147 929 2204 oilicio
974 2149 1224 2206 Christus
1269 2151 1892 2215 circumferenduscrat
1940 2168 2068 2223 pas-

476 2239 581 2294 sim
630 2256 725 2311 per
771 2242 1073 2297 universam
1122 2245 1263 2298 hanc
1311 2244 1561 2300 maeroris
1603 2260 1667 2299 ac
1706 2245 2068 2302 tribulationis

479 2331 790 2403 Egyptum.
848 2334 912 2388 Hi
969 2350 1097 2391 vero
1144 2346 1397 2407 tanquam
1447 2335 1703 2393 defuncto
1761 2338 1923 2410 149
1969 2338 2069 2393 lle-

479 2424 641 2489 rode,
681 2423 960 2491 videlicet,
1008 2426 1203 2496 populo
1237 2425 1576 2495 Judaeorum,
1615 2428 1715 2483 sub
1760 2428 1876 2497 ejus
1925 2431 2066 2501 regi-

478 2512 622 2568 mine
668 2514 722 2568 in
764 2515 1018 2584 passione
1060 2515 1272 2571 Domini
1314 2514 1648 2573 inﬁdelitatis
1690 2519 1819 2573 vitio
1861 2536 2067 2590 perem-

472 2613 595 2673 pto,
635 2604 833 2661 Judaeis
877 2608 1173 2678 praedicare
1217 2618 1343 2664 sunt
1390 2609 1574 2675 missi,
1609 2609 1676 2664 ad
1717 2625 1852 2681 quos
1880 2611 2064 2666 Domi-

479 2711 578 2751 nus
607 2697 751 2752 velut
774 2698 841 2752 ad
874 2714 1003 2755 oves
1040 2700 1279 2770 perditas
1304 2700 1479 2757 fuerat
1512 2702 1769 2759 directus.
1812 2702 1917 2759 Sed
1946 2720 2064 2760 ma-

448 2802 635 2847 'nente
683 2794 1024 2850 hereditario
1074 2783 1409 2851 inﬁdelitatis
1451 2798 1763 2864 dominatu,
1820 2807 2065 2854 metuunt

475 2894 532 2940 et
579 2887 858 2951 recedunt,
904 2887 1168 2942 admoniti
1211 2902 1308 2958 per
1336 2889 1511 2945 visum
1559 2891 1730 2945 sancti
1780 2890 2056 2962 Spiritus;

476 2980 678 3033 donum
721 2980 909 3051 gratia!
956 2981 1007 3034 in
1060 2982 1314 3051 gentibus
1357 2983 1806 3054 contemplantes,
1853 2981 1927 3039 'ad
1966 3000 2060 3040 eas

478 3070 818 3127 transferunt
849 3072 1125 3128 Christum
1145 3073 1271 3129 olim
1299 3074 1500 3131 Iudaeis
1528 3076 1773 3131 missum.
1806 3076 2055 3148 Alioquin

476 3161 749 3231 quomodo
771 3161 966 3233 Joseph
993 3164 1213 3219 audiens
1238 3167 1379 3235 quod
1404 3166 1704 3222 Archelaus
1730 3175 1982 3239 regnaret
2006 3167 2059 3221 in

474 3253 658 3309 Judzea
689 3270 787 3326 pro
818 3254 1027 3310 Herode
1061 3264 1213 3325 patre
1243 3273 1360 3324 suo,
1386 3257 1566 3313 timuit
1596 3258 1723 3314 illuc
1750 3259 1850 3323 ire,
1881 3258 1924 3313 si
1968 3273 2065 3329 per

480 3347 729 3418 angelum
773 3350 1070 3403 ascendere
1107 3350 1462 3405 monebatur?
1493 3349 1742 3421 Nunquid
1783 3350 1865 3404 vir
1885 3349 2064 3418 justus

478 3441 673 3495 timere
720 3438 941 3505 debuit,
986 3443 1130 3510 quod
1177 3455 1272 3510 per
1315 3440 1565 3511 angelum
1609 3441 2066 3509 impcratur?Aut

476 3533 523 3586 si
576 3531 862 3586 inﬁrmitas
896 3530 1012 3600 ejus
1053 3530 1185 3596 fuit,
1233 3540 1295 3586 ut
1326 3547 1425 3601 pro
1473 3531 1787 3587 inﬁdelitate
1826 3533 2062 3598 timeret,

475 3626 750 3697 quomodo
782 3641 971 3682 rursus
1006 3634 1066 3681 ut
1107 3626 1161 3681 in
1204 3625 1481 3682 Galil-.eam
1524 3634 1765 3681 transeat
1803 3626 1919 3682 sine
1958 3625 2065 3682 ulla

480 3720 899 3786 reprehensione
936 3727 1186 3774 monetur
1212 3733 1307 3787 per
1352 3718 1646 3789 angelum?
1682 3718 1904 3774 Reverti
1937 3733 2065 3788 ergo

479 3811 545 3863 ad
573 3807 813 3865 Iudaeam
828 3808 1049 3877 jubetur
1078 3818 1132 3863 et
1156 3810 1326 3873 timet,
1362 3809 1412 3863 in
1435 3808 1712 3865 Galilaeam
1734 3824 1863 3864 vero
1892 3811 2066 3879 regio-

478 3915 600 3955 nem
649 3902 888 3972 gentium
953 3901 1258 3979 admonitus
1304 3901 1539 3956 transire
1568 3901 1783 3971 penitus
1830 3916 1937 3956 non
1984 3916 2065 3956 re-

478 4003 651 4048 cusat.
674 3992 781 4048 Aut
804 3993 947 4048 enim
970 4009 1092 4049 eum
1116 3994 1305 4050 timere
1329 3995 1404 4049 ita
1428 4004 1607 4058 tenus,
1630 3996 1673 4049 si
1701 3993 1839 4049 forte
1852 3995 2063 4065 jussum

478 4093 592 4149 est,
624 4101 730 4140 non
769 4085 1039 4156 oportuit,
1091 4093 1183 4139 aut
1211 4093 1358 4141 certe
1376 4101 1472 4156 per
1500 4085 1750 4156 angelum
1776 4088 2066 4157 praeceptio

479 4189 608 4230 mox
633 4176 890 4232 mutanda
917 4175 1104 4231 inferri
1136 4191 1240 4231 non
1271 4176 1475 4232 debuit.
1514 4175 1664 4232 Unde
1709 4175 1912 4245 liquido
1939 4192 2067 4230 con-

480 4275 608 4333 stat,
640 4268 873 4340 typicam
906 4269 959 4322 in
991 4268 1093 4323 hoc
1118 4268 1383 4323 rationem
1425 4275 1695 4323 servatam
1727 4266 1913 4323 fuisse.
1961 4268 2068 4323 Aut

481 4360 621 4416 forte
670 4361 773 4416 hoc
820 4362 891 4415 ita
947 4359 1355 4432 intelligendum
1384 4369 1658 4432 putamus,
1702 4361 1843 4430 quod
1868 4358 2067 4430 Ioseph

480 4455 727 4518 audiens,
761 4453 906 4508 Vade
928 4455 981 4508 in
998 4464 1193 4508 terram
1218 4452 1413 4520 Israel,
1450 4452 1779 4508 intellexerit
1804 4467 1863 4507 se
1893 4453 2068 4522 primo

474 4547 685 4616 jussum
712 4561 833 4601 esse
859 4546 937 4600 ire
966 4544 1020 4599 in
1049 4543 1312 4611 Iudaeam,
1331 4545 1470 4599 haud
1498 4543 1719 4600 dubium
1744 4543 1873 4613 quin
1897 4543 2067 4612 ipsam

483 4636 707 4707 putabat
736 4645 939 4691 terram
964 4634 1149 4690 Israel.
1194 4634 1299 4691 Sed
1326 4644 1612 4705 postquam
1644 4636 1908 4705 comperit
1955 4634 2065 4690 illic

483 4743 712 4799 regnare
762 4726 1110 4793 Archelaum,
1165 4728 1337 4783 noluit
1370 4743 1429 4783 se
1467 4726 1709 4798 periculo
1754 4725 2060 4796 subjicere;

481 4822 784 4891 praesertim
816 4820 958 4890 quod
984 4810 1307 4876 aestimasset
1335 4820 1609 4875 Christum
1640 4829 1695 4875 et
1724 4827 1906 4890 partes
1926 4820 2062 4890 ejus,

485 4916 551 4968 de
600 4928 708 4983 quo
753 4928 1013 4982 responsa
1054 4913 1293 4984 angelica
1348 4910 1474 4967 talia
1526 4919 1880 4976 monuerant,
1937 4910 2063 4966 alibi

486 5024 592 5063 non
628 5022 749 5064 esse
775 5006 1127 5061 habitandum
1155 5021 1317 5076 quam
1355 5007 1408 5060 in
1447 5005 1763 5069 Jerusalem,
1807 5005 1897 5061 ubi
1930 5012 2062 5059 tem-

487 5099 633 5168 plum
662 5097 755 5154 Dei
790 5106 911 5153 erat
956 5109 1009 5152 et
1054 5098 1436 5168 prophetarum
1482 5098 1723 5151 omnium
1755 5095 2065 5151 celebratio.

487 5190 605 5259 Quo
643 5191 886 5263 profecto
918 5191 1090 5244 iturus
1122 5196 1283 5253 esset,
1314 5190 1360 5244 si
1404 5204 1510 5244 non
1544 5188 1843 5244 Archelaus
1872 5187 2068 5241 ibidem

489 5282 606 5336 vice
635 5282 806 5352 patris
835 5280 983 5351 regni
1002 5277 1111 5347 jam
1146 5288 1355 5348 sceptra
1393 5285 1648 5333 moveret.
1685 5274 2069 5331 Verumtamen

490 5372 713 5442 angelus
752 5389 875 5427 cum
921 5372 1176 5434 dixisset,
1229 5367 1369 5423 Vade
1399 5371 1452 5425 in
1495 5380 1690 5423 terram
1731 5366 1920 5431 Israel,
1964 5384 2067 5421 non

489 5462 750 5529 Iudaeam,
790 5464 882 5516 sed
911 5461 1187 5519 Galilzeam
1236 5460 1401 5515 voluit
1432 5458 1673 5529 intelligi,
1714 5473 1873 5528 quam
1903 5457 2067 5511 etiam

489 5556 794 5613 Iudaeorum
818 5557 1045 5630 populus
1072 5556 1360 5619 incolebat,
1391 5556 1443 5609 in
1472 5550 1576 5624 qua
1606 5553 1859 5607 nimirum
1892 5551 2067 5606 Naza-

494 5651 612 5706 retlt
635 5658 847 5706 constat
881 5648 1299 5704 fuisse.Galil:ea
1330 5659 1565 5717 namque
1591 5644 1909 5712 metropolis
1949 5653 2067 5697 erat.

492 5741 703 5808 civitas,
735 5742 801 5797 ad
832 5757 1017 5811 quam,
1045 5740 1190 5794 velut
1232 5755 1359 5810 pars
1401 5740 1452 5793 in
1500 5747 1612 5791 toto
1647 5735 1915 5790 Nazarctli
1953 5750 2067 5804 per-

494 5834 721 5891 tinuisse
745 5835 1028 5908 probatur.
1053 5832 1223 5890 Porro
1257 5832 1446 5887 videns
1483 5830 1705 5900 angelus
1734 5844 1973 5885 errorem
2004 5828 2069 5883 de

2173 1966 2228 2021 in
2258 1967 2511 2022 omnibus
2533 1966 2882 2037 ﬁguratarum
2924 1983 3105 2022 rerum
3143 1977 3485 2024 sacramenta
3520 1968 3767 2024 atl‘crret.

2176 2058 2329 2116 Unde
2377 2059 2632 2113 nimirum
2689 2059 2899 2129 parvuli
2946 2061 3181 2130 primum
3227 2061 3350 2117 ideo
3400 2061 3769 2126 trucidantur,

2171 2164 2401 2221 quorum
2450 2149 2596 2205 nulla
2646 2151 2749 2206 nisi
2820 2151 3133 2207 innocentia
3188 2153 3398 2208 exstitit
3450 2168 3656 2218 causa;
3707 2160 3776 2207 ut

2167 2257 2360 2300 omnes
2386 2242 2691 2313 intelligant
2719 2246 3065 2316 martyrium,
3098 2260 3274 2316 neque
3299 2262 3366 2299 ex
3410 2253 3561 2299 reatu
3589 2245 3772 2315 culpa:

2170 2347 2438 2400 constare,
2474 2351 2649 2406 neque
2692 2351 2759 2392 ex
2809 2337 3026 2403 merito,
3058 2346 3153 2393 aut
3178 2336 3285 2393 ulla
3322 2337 3609 2402 electione,
3657 2336 3772 2393 nisi

2166 2444 2231 2484 ex
2286 2428 2379 2484 Dei
2429 2428 2603 2499 gratia
2661 2428 2898 2499 cuipiam
2952 2429 3259 2498 provenire.
3310 2428 3376 2484 Et
3428 2443 3618 2483 revera
3672 2427 3771 2484 hic

2167 2520 2346 2576 omnia
2377 2519 2456 2575 sic
2494 2528 2880 2585 contexuntur,
2913 2529 2973 2575 ut
2997 2527 3052 2574 et
3092 2520 3293 2576 veritas
3337 2527 3550 2589 pateat,
3593 2527 3651 2573 et
3677 2533 3772 2573 sa-

2167 2617 2572 2664 cramentorum
2603 2608 2777 2677 typica
2806 2607 3173 2678 sutl'ragentur
3198 2607 3433 2678 eloquia.
3463 2606 3603 2664 Hine
3628 2623 3770 2663 sane

2167 2701 2344 2757 adhuc
2391 2710 2573 2756 movet
2616 2698 2847 2770 aliquos,
2901 2700 3045 2771 quod
3083 2700 3260 2757 Lucas
3305 2699 3494 2766 refert,
3543 2716 3772 2756 monar-

2166 2795 2345 2850 cbiam
2379 2795 2527 2866 regni
2576 2792 2809 2850 Herodis
2862 2794 3094 2849 divisam
3141 2795 3195 2849 in
3247 2803 3483 2865 quatuor
3532 2803 3765 2863 partes;

2164 2889 2435 2958 quomodo
2460 2903 2647 2942 verum
2690 2895 2922 2952 constet,
2956 2887 3098 2957 quod
3128 2885 3327 2958 Joseph
3377 2887 3605 2943 audiens
3652 2885 3768 2940 Ar-

2163 2980 2409 3036 chelaum
2438 2995 2694 3050 regnasse
2719 2981 2774 3034 in
2808 2979 3014 3045 Judaea,
3048 2979 3289 3035 timuerit
3323 2979 3413 3034 illo
3440 2979 3542 3045 ire,
3572 2987 3626 3034 et
3653 2993 3769 3033 nou

2165 3074 2336 3144 magis
2375 3073 2430 3128 in
2469 3071 2769 3139 Galilaeam,
2826 3073 2915 3127 ubi
2967 3071 3208 3152 Herodes
3255 3072 3412 3137 alius,
3469 3071 3767 3143 Evangelio

2168 3173 2323 3231 teste,
2377 3178 2633 3235 regnasse
2673 3164 3011 3235 perhibetur.
3062 3164 3171 3220 Sed
3221 3165 3364 3220 hanc
3401 3165 3768 3233 quaestionem

2090 3231 2136 3295 (ἶ
2164 3231 2463 3327 ,Ιοεθρὴιιεξ
2485 3264 2540 3311 et
2566 3231 3071 3327 alii—quamplurimi
3103 3254 3336 3323 solvunt,
3379 3231 3621 3310 dicentes
3650 3255 3770 3325 pri-

2165 3364 2313 3403 mum
2342 3347 2688 3414 Archelaum,
2724 3347 2891 3402 totius
2914 3347 3067 3415 regni
3118 3355 3240 3416 post
3288 3355 3497 3418 patrem
3542 3360 3769 3401 monar-

2166 3441 2343 3496 cbiam
2373 3441 2696 3510 suscepisse,
2738 3449 2902 3511 atque
2943 3440 3033 3495 illo
3074 3439 3435 3495 insolescente
3488 3438 3766 3509 dejectum

2162 3533 2332 3590 fuisse
2380 3550 2407 3587 a
2441 3532 2658 3589 Tiberio
2682 3548 2749 3589 ex
2785 3535 2955 3604 patris
2983 3533 3135 3597 solio,
3169 3534 3506 3604 divisumque
3532 3547 3765 3605 regnum

2167 3627 2220 3680 in
2272 3633 2507 3695 quatuor
2564 3626 2889 3681 tetrarchas.
2941 3624 3182 3692 Quarum
3230 3640 3424 3690 unam,
3477 3625 3764 3681 Galilaeam

2166 3718 2447 3783 videlicet,
2505 3717 2658 3773 fratri
2732 3716 2849 3788 ejus
2906 3716 3105 3775 Herodi
3164 3718 3529 3784 contradidit,
3595 3732 3765 3788 quam

2167 3811 2395 3865 necdum
2434 3818 2775 3881 perceperat,
2819 3811 3037 3881 quando
3066 3808 3368 3866 Archelaus
3411 3811 3592 3866 adhuc
3632 3823 3763 3864 om-

2166 3919 2290 3958 nem
2321 3905 2469 3973 regni
2514 3902 2886 3958 mouarchiam
2935 3918 3034 3959 suo
3068 3902 3275 3959 crudeli
3311 3902 3543 3958 vexabat
3590 3903 3767 3971 impe-

2168 3994 2287 4059 rio;
2322 3994 2418 4047 sed
2452 4004 2639 4062 postea
2671 3992 2820 4062 justo
2862 3993 2958 4048 Dei
2984 3982 3190 4062 judicio
3214 3992 3535 4064 Lugdunum
3562 3992 3765 4048 exsilio

2168 4089 2481 4159 deportatus
2509 4096 2609 4152 est,
2649 4102 2770 4157 qua:
2808 4086 3105 4144 Galliarum
3139 4095 3223 4144 est
3262 4087 3475 4142 civitas.
3522 4083 3589 4140 Et
3628 4084 3763 4139 hinc

2166 4190 2275 4247 est,
2305 4180 2449 4252 quod
2474 4179 2676 4251 Joseph
2705 4189 2866 4236 antea
2893 4196 3015 4237 eum
3042 4181 3191 4236 velut
3211 4179 3481 4235 hteredem
3519 4177 3762 4234 crudeli-

2170 4275 2295 4330 tatis
2316 4274 2570 4344 providus
2596 4272 2872 4328 metuebat
2902 4289 2917 4331 :
2953 4270 3019 4327 Ut
3050 4271 3370 4344 impleretur,
3394 4270 3585 4341 inquit,
3614 4270 3761 4340 quod

2167 4360 2364 4420 dictum
2403 4374 2477 4420 est
2513 4381 2604 4436 per
2643 4365 2950 4435 prophetas,
2994 4364 3243 4435 quoniam
3272 4362 3568 4418 Nasnrwus
3598 4376 3759 4417 voca-

2170 4457 2328 4511 bitur.
2380 4454 2436 4511 Si
2488 4456 2633 4511 enim
2679 4453 2969 4524 cujuslibet
3008 4453 3394 4524 prophetarum
3444 4453 3576 4508 satis
3618 4466 3763 4520 pra:-

2170 4545 2337 4601 ﬁxum
2382 4546 2436 4600 in
2485 4543 2782 4615 Scripturis
2815 4543 3181 4599 testimonium
3211 4542 3504 4603 habuisset,
3545 4555 3756 4610 nequa-

2170 4651 2332 4706 quam
2386 4636 2527 4691 sicut
2570 4635 2771 4690 dictum
2811 4642 2924 4699 est,
2972 4650 3067 4704 per
3113 4635 3401 4705 prophetas
3443 4631 3763 4688 diﬂerenter

2173 4727 2419 4782 dixisset.
2462 4725 2847 4781 Verumtamen
2896 4725 3068 4797 magis
3117 4738 3355 4790 sensum,
3403 4732 3464 4778 ut
3511 4739 3653 4789 reor,
3687 4723 3760 4779 de

2173 4818 2304 4888 ipsis
2350 4831 2569 4872 sumens
2618 4814 3026 4886 Scripturarum
3080 4815 3235 4880 locis,
3294 4830 3404 4870 suae
3454 4812 3760 4883 expleverit

2173 4909 2492 4965 assertionis
2540 4910 2720 4975 ﬁdem,
2754 4909 3010 4980 quoniam
3056 4910 3145 4964 hic
3174 4908 3320 4965 velut
3356 4915 3576 4963 sanctus
3629 4922 3759 4963 san-

2170 5011 2383 5058 ctorum
2399 4999 2688 5056 Nazaraeus
2707 4999 2828 5070 jure
2858 5010 3098 5055 vocatur.
3127 5000 3258 5055 Nam
3282 4999 3572 5056 secundum
3592 4997 3753 5071 151

2176 5090 2491 5146 chraicatn
2506 5090 2791 5145 veritatem
2806 5091 3064 5159 scriptum
3084 5089 3137 5144 in
3155 5089 3291 5144 lsaia
3322 5089 3577 5162 legimus:
3600 5090 3756 5144 Exiet

2172 5183 2315 5252 virga
2359 5183 2422 5235 de
2453 5183 2627 5236 radice
2656 5181 2822 5246 Iesse,
2868 5192 2914 5235 et
2961 5180 3255 5235 Nazara’us
3294 5180 3359 5236 de
3404 5182 3579 5235 radice
3625 5197 3757 5235 con-

2171 5273 2378 5327 scendet
2406 5273 2555 5344 (lsa.
2588 5272 2777 5342 111,1).
2807 5270 2948 5342 Ergo
2977 5271 3241 5327 Nazareth
3288 5288 3396 5326 non
3439 5273 3613 5327 minus
3632 5288 3760 5342 ger—

2173 5377 2295 5417 men
2323 5362 2613 5435 novellum,
2658 5376 2817 5430 quam
2863 5359 2960 5416 llos
3003 5362 3176 5432 campi
3230 5362 3656 5432 interpretatur;
3689 5364 3761 5418 de

2176 5454 2329 5524 cujus
2360 5455 2545 5511 radice
2574 5454 2855 5526 germinis,
2885 5464 2942 5508 ut
2985 5470 3128 5523 reor,
3159 5464 3382 5512 sanctus
3418 5464 3760 5522 sanctorum,

2176 5545 2380 5599 scilicet
2427 5544 2714 5599 Nazararus
2766 5548 3164 5614 nuncupative,
3221 5546 3288 5601 ad
3345 5547 3765 5618 signiﬁcandam

2175 5639 2493 5692 a-ternitatis
2519 5653 2629 5691 sua:
2650 5637 3029 5703 substantiam,
3058 5639 3256 5710 legitur
3280 5640 3610 5695 ascendisse.
3639 5636 3766 5704 Quo

2176 5731 2318 5786 enim
2356 5731 2554 5786 rectius
2589 5731 2903 5799 nutriretur,
2930 5747 3094 5803 quam
3138 5732 3189 5787 ir
3228 5732 3518 5797 Nazaretb,
3556 5749 3620 5787 ex
3649 5746 3762 5801 qua

2177 5838 2371 5888 nomen
2395 5824 2637 5889 daretur,
2655 5838 2763 5893 quo
2780 5832 2925 5880 esset
2948 5823 3226 5893 iudicium,
3249 5825 3373 5897 quia
3396 5820 3768 5880 essentialiter
