4072 6362
255 359 367 417 rsa
1091 350 1455 411 mnsam
1488 348 1557 406 lN
1597 300 1880 405 unum

1983 345 2037 401 li.
2078 375 2148 387 -ο
2184 345 2319 403 LIB.
2359 345 2425 414 ll,
2464 346 2618 404 CAP.
2658 348 2746 405 Ill.
3250 386 3258 393 -
3444 351 3550 410 150

254 476 381 547 ipse
414 471 681 531 sanctitas
725 471 780 527 in
832 469 1125 527 sanctitate
1163 469 1430 533 nutritus,
1457 467 1689 523 Sanctus
1731 478 1856 531 san-
1884 463 1939 525 Α
1960 473 2109 520 ctum
2128 463 2296 521 fuisse
2315 463 2539 521 verbum
2562 465 2775 522 Domini
2805 480 2969 538 super
2993 466 3256 525 Joannem
3272 471 3553 529 Zacharias

253 576 475 622 ctorum
510 570 662 619 recte
688 561 763 617 sit
788 559 1189 632 appellandus?
1223 558 1362 615 Hinc
1389 558 1635 629 profecto
1668 556 1858 628 liquet,

1962 554 2132 611 filium
2154 555 2210 611 in
2232 555 2447 613 deserto
2461 557 2799 614 manifestius
2827 558 3099 626 declaret;
3124 569 3287 631 atque
3313 563 3557 622 insinuet

256 658 395 728 quia
441 655 586 712 sicut
633 652 801 726 elegit
850 661 1067 724 tempus
1115 652 1335 723 quando
1390 658 1739 715 nasceretur,
1804 658 1861 705 et
1954 647 2070 720 jam
2123 656 2249 705 tunc
2291 648 2477 707 Jesum
2529 648 2700 707 ferme
2757 665 3022 708 annorum
3086 651 3254 711 fuisse
3308 656 3552 727 triginta,

256 748 445 807 locum
472 748 526 803 in
571 762 682 818 quo
723 752 1078 803 nasceretur:
1107 744 1182 800 ita
1212 752 1267 800 et
1291 742 1567 801 civitatem
1596 748 1744 798 recte
1770 741 1855 796 di-

254 842 409 899 citur
452 840 703 915 elegisse,
732 838 789 895 in
834 853 942 911 qua
984 838 1151 896 etiam
1179 835 1247 893 ad
1272 834 1610 908 explananda
1638 850 1751 891 suae
1778 834 1863 890 in-

255 932 603 990 carnationis
639 930 899 1004 mysteria
946 929 1348 1004 significantius
1390 927 1738 986 coalesceret.
1764 926 1863 983 Est

258 1027 459 1099 itaque
484 1042 659 1098 usque
687 1025 850 1082 hodie
875 1025 932 1082 in
959 1024 1182 1083 Galilaaa
1220 1024 1431 1081 viculus
1454 1031 1646 1081 contra
1688 1022 1862 1094 regio-

256 1136 391 1177 nem
427 1120 485 1175 in
521 1120 715 1190 quinto
741 1119 954 1176 decimo
989 1120 1108 1193 ejus
1144 1118 1400 1175 milliaria
1434 1118 1502 1175 ad
1539 1115 1861 1174 orientalem

260 1212 508 1284 plagam,
550 1210 706 1281 juxta
748 1220 988 1266 montem
1035 1210 1290 1279 Thabor,
1341 1209 1561 1267 nomine
1609 1207 1860 1273 Nazara,

262 1318 429 1373 quem
456 1301 611 1357 multi
634 1310 831 1372 putant
849 1303 1094 1359 eamdem
1120 1301 1389 1358 Nazareth
1409 1301 1611 1359 dudum
1658 1300 1861 1367 fuisse;

264 1396 365 1452 sed
391 1394 651 1466 paulatim
696 1394 999 1451 deliciendo
1042 1393 1320 1451 civitatem
1355 1394 1410 1450 in
1452 1393 1687 1450 viculum
1715 1408 1864 1450 com-

266 1495 557 1542 mutatam.
600 1485 866 1544 Dominus
915 1494 1096 1542 autem
1126 1487 1182 1545 in
1207 1500 1273 1541 ea
1314 1481 1437 1542 ideo
1484 1485 1776 1552 enutritur,
1806 1493 1866 1540 ut

267 1593 373 1648 per
396 1593 519 1633 eam
543 1578 667 1648 quis
701 1578 827 1644 scit,
877 1579 969 1649 qui
1006 1579 1403 1648 nuncupandus
1434 1586 1542 1645 est,
1567 1592 1637 1634 ex
1665 1592 1729 1634 ea
1754 1577 1867 1647 ple-

270 1666 403 1723 nius
432 1667 802 1739 dignoscatur.
828 1666 965 1723 Nam
994 1667 1285 1726 Nazarmns
1306 1669 1457 1724 varie
1479 1669 1535 1724 in
1569 1667 1869 1739 Scripturis

264 1759 447 1814 sacris
484 1759 772 1830 accipitur.
805 1759 1086 1830 Siquidem
1133 1759 1188 1816 in
1230 1761 1349 1833 lege
1404 1760 1649 1817 Nazami
1685 1769 1865 1829 erant,

1961 742 2179 814 quando
2204 756 2331 797 mox
2356 741 2665 812 baptizatus
2692 741 2761 800 ab
2797 757 2864 799 eo
2893 752 3252 800 monstratur.
3289 743 3443 803 Unde
3470 747 3557 805 ni-

1964 834 2161 889 mirum
2208 841 2419 890 constat
2442 833 2742 906 intelligere
2784 849 2884 893 nos
2924 835 3123 893 debere
3152 835 3288 893 alios
3315 836 3416 896 hos
3440 838 3557 897 dies

1964 932 2285 997 temporum,
2308 926 2546 996 quando,
2561 924 2839 998 Scriptura
2864 934 3024 993 teste,
3049 925 3349 985 Archelaus
3377 928 3558 985 adhuc

1962 1016 2204 1074 Judaeam
2238 1017 2499 1089 regebat;
2530 1018 2685 1083 alios,
2725 1017 2944 1089 quando
2970 1016 3147 1075 Lucas
3172 1034 3272 1090 per
3313 1027 3561 1077 terrenas

1964 1118 2284 1181 potestates,
2307 1124 2459 1167 more
2481 1110 3068 1182 historiographorum,
3092 1112 3404 1183 expressius
3420 1126 3563 1184 pra:-

1966 1216 2156 1259 conem
2205 1200 2412 1259 Christi
2461 1202 2528 1258 ad
2578 1203 2983 1275 praedicandum
3029 1205 3248 1262 venisse
3295 1204 3560 1262 declarat.

1965 1296 2101 1353 Nam
2133 1304 2260 1352 tunc
2296 1295 2582 1363 ChristuS,
2614 1305 2676 1352 ut
2702 1297 3010 1369 conjicitur,
3046 1295 3220 1353 ferme
3260 1296 3403 1355 infra
3434 1305 3564 1354 octo

1967 1403 2230 1445 annorum
2261 1395 2400 1453 erat,
2428 1403 2574 1444 nunc
2588 1404 2720 1445 vero
2735 1388 2852 1461 jam
2877 1389 3023 1445 circa
3050 1388 3271 1461 triginta
3291 1401 3563 1445 annorum
3636 1394 3657 1401 ”
3706 1382 3716 1392 ’

1966 1481 2139 1553 spatia
2168 1482 2510 1537 versabatur.
2536 1480 2595 1536 ln
2622 1489 2832 1537 tantum
2861 1480 3129 1553 siquidem
3143 1482 3259 1554 ipsa
3277 1488 3404 1536 tunc
3418 1495 3565 1538 como

1967 1581 2173 1629 mutata
2189 1580 2316 1629 sunt
2336 1581 2600 1643 tempora,
2618 1580 2746 1629 utet
2770 1570 2970 1628 Judazae
2992 1571 3201 1628 Pilatus
3222 1571 3564 1642 praesideret,

1968 1670 2023 1718 et
2036 1676 2261 1733 regnum
2284 1676 2381 1733 per
2403 1661 2727 1717 tetrarchias
2750 1660 2981 1717 divisum
3007 1661 3109 1717 sub
3128 1660 3465 1732 principibus
3486 1674 3568 1717 sa-

1970 1740 2249 1810 cerdotum
2274 1752 2429 1809 Anna
2452 1760 2508 1808 et
2543 1752 2749 1823 Caipha
2787 1762 3262 1809 commemoretur.
3297 1751 3416 1820 Quo
3444 1766 3565 1823 pro-

270 1866 509 1923 quornm
534 1860 722 1911 votum
752 1851 819 1907 ad
849 1860 1062 1923 tempus
1081 1863 1219 1919 erat,
1238 1864 1333 1909 aut
1358 1862 1507 1909 certe
1528 1868 1559 1908 a
1578 1852 1875 1924 primordio
1900 1835 1949 1898 B
1976 1843 2121 1901 fecto
2135 1852 2301 1915 patet,
2316 1843 2629 1901 Matthaeum
2651 1860 2750 1916 per
2761 1845 2866 1901 hoc
2879 1844 3024 1917 quod
3043 1847 3138 1909 ait,
3155 1845 3221 1900 In
3237 1844 3419 1903 diebus
3434 1844 3563 1912 illis,

270 1961 450 2016 usque
484 1945 553 2000 ad
581 1943 748 2001 finem
783 1943 1029 2002 Nazareni
1059 1945 1510 2004 sanctificationis
1536 1961 1648 2003 suae
1672 1945 1876 2003 ﬁebant

277 2037 482 2109 gratia.
509 2034 582 2093 At
603 2052 738 2093 vero
766 2037 835 2093 de
863 2037 967 2094 hac
987 2038 1209 2095 civitate
1233 2037 1329 2110 qui
1355 2036 1497 2094 forte
1529 2046 1718 2094 essent
1758 2036 1876 2109 lege

275 2128 494 2200 patriae,
521 2127 778 2183 similiter
800 2135 857 2184 et
883 2127 1008 2200 ipsi,
1035 2126 1404 2184 Naaaraisaut
1425 2138 1575 2184 certe
1604 2127 1872 2184 Nazareni

282 2216 584 2287 quamlibet
604 2217 673 2273 ob
704 2215 1110 2275 distinctionem
1152 2226 1278 2275 sunt
1311 2218 1505 2285 vocati.
1544 2219 1692 2275 Inter
1739 2234 1875 2290 quos

280 2308 546 2365 nimirum
585 2307 828 2365 Salvator
861 2308 1157 2367 Nazaraeus
1195 2310 1366 2367 voluit
1417 2310 1699 2382 appellari,
1740 2326 1876 2382 qua-

242 2390 450 2456 'tenns
488 2399 628 2456 idem
666 2408 1072 2472 agnosceretur,
1097 2403 1189 2473 qui
1218 2416 1313 2473 per
1352 2402 1626 2460 Danielem
1662 2403 1878 2459 futurus

274 2490 613 2562 praedicatus
639 2499 724 2549 est
748 2491 986 2551 Sanctus
1012 2502 1350 2551 sanctorum.
1385 2492 1519 2550 Nam
1549 2503 1605 2551 et
1627 2495 1876 2568 discipuli

274 2581 520 2654 Primum
558 2591 689 2640 sunt
712 2583 956 2643 Νικειωί
993 2584 1145 2653 dicti,
1169 2594 1359 2656 postea
1384 2601 1515 2643 vero
1558 2575 1879 2643 Christiani-

275 2675 417 2732 tatis
438 2674 766 2732 vocabulum
810 2677 1114 2735 sortiuntur
1136 2693 1168 2734 a
1197 2677 1437 2746 Christo,
1467 2686 1524 2735 et
1555 2679 1879 2751 generaliter

274 2784 475 2827 omnes
500 2769 800 2828 Christiani
824 2772 1089 2829 hactenus
1123 2781 1525 2845 nuncupantur,
1568 2775 1637 2831 de
1681 2773 1879 2846 quibus

278 2870 438 2918 recte
472 2863 730 2919 canitur:
766 2861 920 2930 Quod
947 2863 1161 2919 candidi
1188 2863 1317 2934 facti
1340 2866 1443 2921 sint
1467 2864 1722 2921 Nazara’i
1762 2865 1879 2937 ejus

279 2950 516 3023 (Thren.
578 2968 651 3017 IV,
698 2951 789 3026 7),
836 2951 1179 3024 splendorem
1238 2953 1350 3011 Deo
1409 2954 1696 3023 dederunt,
1749 2955 1877 3026 quia

280 3043 519 3116 nuptiali
567 3053 721 3101 veste
760 3055 887 3102 sunt
921 3045 1116 3109 induti,
1148 3046 1416 3104 Caeterum
1439 3049 1658 3120 quidam
1704 3050 1878 3106 haere-

283 3136 383 3192 tici
408 3134 679 3192 Nazareni
714 3147 845 3194 sunt
865 3139 1067 3204 vocati,
1089 3152 1159 3195 eo
1195 3141 1339 3211 quod
1378 3141 1432 3196 in
1458 3140 1734 3198 Ch‘ristum
1761 3158 1855 3200 ere

1978 1953 2087 1995 non
2135 1946 2343 1993 tantum
2376 1936 2622 2007 pueritiae
2653 1944 2867 2008 tempus
2894 1936 3222 2002 insinuasse,
3258 1936 3356 1993 sed
3378 1950 3569 1993 omnes

1982 2029 2140 2104 153
2154 2032 2271 2087 dies
2291 2044 2397 2101 quo
2410 2039 2649 2100 caeperat
2672 2030 2921 2086 habitare
2944 2028 3233 2094 Nazareth,
3264 2029 3566 2100 usquedum

1979 2124 2298 2180 ascenderet
2337 2132 2392 2179 et
2441 2123 2559 2195 ipse
2594 2124 2661 2181 de
2710 2124 2953 2191 Galilaea,
3009 2133 3069 2180 ut
3114 2124 3489 2196 baptizaretur
3538 2137 3570 2178 a

1978 2212 2208 2281 Joanne,
2265 2215 2548 2286 centignos
2603 2215 2775 2271 voluit
2815 2217 3208 2273 demonstrare.
3259 2215 3320 2271 ln
3371 2216 3571 2287 quibus

1981 2305 2170 2363 diebus
2221 2321 2343 2362 cum
2403 2307 2580 2363 adhuc
2622 2305 2894 2363 Nazareth
2947 2307 3267 2377 parentibus
3320 2307 3570 2365 subditus

1980 2401 2274 2467 habitaret,
2304 2403 2457 2457 venit
2481 2400 2716 2458 Joannes
2739 2402 3041 2474 praedicans
3078 2401 3408 2471 baptismum
3450 2415 3568 2473 pna-

1980 2493 2220 2550 nitentiae
2246 2495 2301 2549 in
2328 2495 2565 2551 deserto.
2596 2493 2731 2550 Nam
2761 2502 2817 2549 et
2845 2494 3023 2549 Lucas
3066 2494 3171 2549 hoc
3216 2492 3459 2550 insinuat
3489 2492 3571 2548 di—

1981 2602 2144 2645 cens:
2183 2585 2327 2642 Puer
2360 2599 2536 2642 autem
2576 2587 2833 2643 crescebat
2860 2595 2908 2641 et
2934 2585 3357 2655 confortabatur,
3383 2583 3569 2654 plenus

1980 2680 2264 2750 sapientia,
2292 2688 2339 2734 et
2362 2678 2535 2750 gratia
2571 2677 2665 2732 Dei
2685 2684 2797 2734 erat
2827 2692 2946 2731 cum
2967 2675 3080 2730 illo.
3110 2674 3178 2730 Et
3211 2675 3355 2731 ibant
3380 2691 3566 2747 paren-

1981 2780 2057 2827 tes
2084 2771 2197 2842 ejus
2225 2786 2317 2842 per
2338 2785 2513 2825 omnes
2543 2786 2709 2831 annos
2734 2769 2801 2823 in
2818 2767 3116 2825 Jerusalem
3150 2769 3207 2823 in
3237 2768 3321 2823 die
3353 2765 3573 2822 solemni

1984 2861 2206 2919 Pascha:
2236 2861 2387 2934 (Luc.
2417 2878 2478 2930 tt,
2512 2861 2627 2934 40).
2653 2863 2732 2918 Ac
2761 2862 3013 2933 deinceps
3037 2877 3050 2914 :
3080 2859 3213 2915 Cum
3239 2859 3413 2930 factus
3439 2868 3573 2913 esset

1983 2972 2244 3011 annorum
2271 2954 2573 3021 duodecim,
2604 2952 3002 3012 ascendentibus
3032 2950 3138 3006 illis
3164 2952 3223 3006 in
3269 2948 3574 3020 Hierosolgr

1982 3066 2142 3112 mam,
2167 3047 2455 3103 secundum
2478 3045 2907 3103 consuetudinem
2930 3044 3036 3099 diei
3060 3043 3213 3114 festi;
3236 3057 3572 3098 consumma-

1984 3144 2150 3213 lisque
2171 3141 2372 3205 diebus,
2414 3157 2533 3196 cum
2580 3139 2806 3195 redirent
2844 3138 3093 3193 remansit
3136 3152 3268 3208 puer
3312 3134 3470 3193 Jesus
3517 3135 3575 3190 in

276 3227 547 3294 diderint,
576 3229 650 3285 ita
675 3237 879 3298 tamen,
908 3238 968 3288 ut
991 3233 1173 3289 omnia
1200 3233 1412 3290 Veteris
1440 3233 1772 3292 Testamenti
1802 3238 1886 3294 in-
1910 3222 1957 3289 C
1986 3233 2303 3290 Jerusalem.
2340 3231 2553 3289 Etcum
2579 3231 2913 3304 requisissent
2938 3246 3056 3285 eum
3073 3270 3089 3297 ,
3111 3230 3418 3284 invenerunt
3452 3222 3572 3283 eum

282 3320 482 3376 stituta
513 3335 735 3376 servare
761 3323 1109 3379 contendant.
1144 3321 1237 3380 Sic
1265 3324 1410 3380 enim
1436 3324 1713 3381 Christum
1742 3342 1881 3397 prae-

285 3412 475 3470 dicant
501 3413 705 3485 suscipi
732 3413 958 3480 debere,
987 3430 1057 3471 ne
1095 3415 1287 3486 legalis
1328 3416 1577 3475 umbram
1599 3418 1887 3475 videantur

284 3505 564 3561 omittere.
617 3504 858 3574 Quorum
926 3511 1051 3579 quia
1099 3509 1337 3567 schisma
1386 3509 1673 3587 specialem
1724 3511 1887 3583 elegit

284 3598 484 3665 vitam,
514 3598 750 3670 speciale
777 3597 905 3663 sibi,
932 3597 1090 3670 152
1118 3601 1302 3656 nescio
1318 3615 1429 3672 quo
1448 3608 1690 3667 auctore,
1716 3602 1888 3658 Evan-

286 3689 495 3761 gelium
532 3689 873 3753 invenerunt,
908 3692 1052 3761 quod
1093 3691 1495 3749 Nazarenorum
1528 3694 1746 3764 proprie
1792 3710 1888 3751 no-

288 3782 555 3837 minatur.
601 3780 701 3849 Qui
742 3782 897 3852 quasi
942 3783 1008 3837 de
1052 3781 1311 3853 religione
1353 3783 1648 3855 gloriantes
1690 3800 1888 3841 nomen

291 3873 403 3930 sibi
433 3871 741 3929 sanctitatis
783 3871 1067 3939 dederunt,
1095 3881 1151 3928 et
1192 3872 1270 3928 rei
1292 3872 1421 3930 facti
1462 3881 1607 3941 sunt,
1632 3890 1739 3931 non
1768 3891 1888 3933 cre-

297 3964 497 4021 dentes
536 3964 787 4021 omnibus
830 3964 1105 4021 Christum
1143 3966 1213 4023 ad
1258 3966 1526 4036 justitiam
1556 3984 1715 4040 posse
1742 3968 1888 4025 sutil-

295 4073 447 4115 eere.
511 4056 665 4114 Unde
712 4058 1077 4129 superstitiosi
1121 4068 1382 4116 conantes
1428 4076 1565 4117 nova
1616 4061 1891 4119 veteribus

293 4162 544 4213 assuere,
588 4148 827 4220 peiorem
873 4150 1082 4220 operati
1125 4160 1255 4208 sunt
1302 4152 1617 4218 scissuram,
1658 4163 1714 4211 et
1762 4153 1889 4211 facti

294 4252 429 4299 sunt
482 4242 602 4297 sine
644 4240 779 4307 Deo,
832 4242 925 4312 qui
981 4242 1098 4298 sine
1151 4242 1255 4298 fide
1312 4244 1675 4301 inveniuntur.
1718 4245 1890 4302 Porro

295 4332 655 4404 Evangelium
685 4347 810 4388 cum
844 4331 1090 4397 dixisset,
1127 4333 1270 4403 quod
1297 4333 1523 4391 veniens
1546 4334 1810 4390 habitavit
1836 4335 1889 4390 in

297 4427 547 4491 civitate,
595 4440 716 4496 quae
760 4435 987 4482 vocatur
1042 4425 1354 4493 Nazareth,
1396 4436 1457 4482 ut
1508 4427 1893 4498 adimpleretur

298 4519 447 4590 quod
476 4519 681 4574 dictum
704 4527 824 4574 erat
850 4534 948 4588 per
980 4520 1295 4590 prophetas,
1323 4523 1576 4592 quoniam
1602 4521 1891 4579 Nazaraeus

296 4612 609 4676 vocabitur,
641 4611 786 4668 illico
804 4611 1069 4683 adiunxit,
1094 4612 1278 4670 dicens
1307 4627 1323 4667 :

374 4703 531 4777 (Car.
562 4703 675 4776 Ill.)
710 4701 774 4759 In
804 4702 986 4758 diebus
1017 4714 1189 4760 autem
1231 4704 1338 4761 illis
1365 4705 1502 4761 venit
1527 4705 1761 4762 Joannes
1786 4706 1894 4764 Ba-

300 4797 465 4871 ptista
490 4797 786 4868 prcdieans
809 4797 865 4852 in
890 4797 1090 4853 deserto
1115 4798 1322 4854 Judane
1339 4840 1354 4865 ,
1386 4801 1563 4856 dicens
1584 4814 1603 4853 :
1629 4799 1896 4861 Paeniten-

301 4890 440 4944 tiam
487 4890 657 4960 agite.
714 4889 1145 4961 appropinquavit
1189 4891 1328 4945 enim
1374 4907 1586 4962 regnum
1624 4893 1890 4950 caelorum.

302 4979 391 5037 Ex
420 4994 531 5051 quo
558 4996 664 5035 non
691 4980 900 5037 modica
929 4981 1157 5050 quaestio
1193 4981 1407 5037 videtur
1452 4981 1594 5039 inter
1637 4994 1895 5057 utrosque

305 5070 672 5140 evangelistas
699 5072 967 5143 generari.
1013 5070 1149 5127 Nam
1203 5071 1484 5129 Mattheus
1538 5075 1796 5133 continuo
1836 5084 1898 5133 ut

308 5162 577 5218 infantem
600 5163 683 5217 vel
712 5178 938 5235 puerum
963 5179 1030 5220 ex
1060 5162 1296 5235 Egypto
1322 5176 1629 5221 revocatum
1662 5182 1897 5224 comme-

309 5263 513 5321 morat,
541 5255 726 5311 statim
764 5254 919 5325 quasi
954 5256 1009 5310 in
1039 5256 1226 5311 diebus
1266 5256 1372 5313 illis
1408 5255 1668 5313 Joannem
1714 5258 1898 5331 Bapti-

311 5357 455 5405 stam
475 5348 691 5403 venisse
713 5346 1033 5414 conﬁrmat;
1061 5363 1185 5404 cum
1210 5346 1384 5405 Lucas
1408 5365 1552 5406 anno
1582 5350 1770 5424 quinto
1798 5350 1894 5408 de-

310 5440 459 5497 cimo
505 5440 719 5512 imperii
763 5439 965 5496 Tiberii
1010 5438 1282 5505 Caesaris,
1334 5448 1658 5510 procurante
1707 5440 1899 5498 Pontio

312 5531 493 5589 Pilato
533 5530 815 5597 Judmam,
856 5531 1128 5587 tetrarcha
1170 5539 1351 5586 autem
1402 5529 1635 5588 Galilarze
1664 5531 1896 5599 Herode,

317 5624 567 5696 Philippo
595 5634 777 5680 autem
811 5623 981 5681 fratre
1016 5622 1132 5693 ejus
1173 5626 1444 5681 tetrarcha
1468 5626 1665 5681 ltureae
1691 5636 1746 5680 et
1774 5626 1902 5683 Tra-

315 5716 613 5771 ehonitidis
639 5713 910 5786 regionis,
960 5723 1016 5771 et
1059 5715 1289 5787 Lysania
1336 5716 1565 5772 Abilinae
1604 5718 1897 5784 tetrarcha,

316 5809 420 5875 sub
463 5808 801 5883 principibus
838 5814 1177 5865 sacerdotum
1220 5810 1372 5865 Anna
1430 5819 1484 5866 et
1537 5810 1770 5883 Caipha,
1816 5809 1901 5864 fa-

1989 3328 2235 3381 inmedio
2293 3327 2567 3382 doctorum
2612 3323 2789 3396 (Ibid.
2844 3324 2971 3396 42).
3043 3323 3122 3380 Ac
3180 3323 3376 3379 deinde
3436 3322 3575 3378 scri-

1986 3428 2139 3490 ptum
2168 3428 2275 3485 est,
2314 3420 2457 3491 quod
2491 3418 2757 3474 descendit
2784 3434 2902 3473 cum
2925 3419 3002 3473 eis
3031 3424 3079 3471 et
3110 3416 3244 3472 venit
3277 3414 3574 3479 Nazareth,

1988 3520 2037 3565 et
2088 3523 2200 3566 erat
2249 3509 2489 3567 subditus
2536 3508 2643 3564 illis
2689 3507 2865 3579 (Ibid.
2933 3508 3059 3577 51).
3118 3506 3201 3562 Ex
3262 3520 3371 3577 quo
3414 3504 3577 3561 nimi-

1991 3618 2110 3659 rum
2137 3604 2297 3658 datur
2318 3602 2560 3672 intelligi,
2594 3601 2739 3672 quod
2769 3601 2824 3656 in
2846 3600 3052 3657 eisdem
3077 3599 3290 3666 diebus,
3320 3597 3518 3669 quibus
3543 3609 3575 3650 a

1988 3694 2255 3766 principio
2284 3694 2446 3764 cmpit
2478 3693 2725 3749 habitare
2749 3691 3040 3759 Nazareth,
3063 3690 3243 3747 adhuc
3278 3703 3345 3747 eo
3375 3686 3576 3745 ibidem

1991 3797 2383 3853 commorante,
2443 3786 2591 3842 venit
2636 3783 2877 3842 Joannes
2944 3785 3001 3841 in
3061 3785 3337 3841 desertum
3384 3796 3580 3854 parare

1990 3880 2133 3937 viam
2168 3880 2432 3935 adventus
2454 3879 2593 3951 ejus,
2632 3889 2689 3935 et
2722 3878 3054 3951 praedicabat
3086 3877 3484 3951 paenitentiam,
3521 3885 3580 3932 et

1991 3972 2135 4044 quod
2188 3972 2675 4044 appropinquasset
2738 3986 2965 4044 regnum
3046 3970 3329 4028 caelorum.
3400 3968 3581 4041 Atque

1989 4068 2180 4123 eadem
2203 4066 2436 4137 primum
2469 4064 2715 4120 veritatis
2752 4078 2933 4135 praeco
2974 4063 3283 4128 annuntiat,
3322 4076 3444 4132 quae
3486 4060 3582 4117 de-

1994 4171 2143 4211 mum
2167 4170 2265 4227 per
2285 4169 2343 4211 se
2368 4155 2485 4226 ipsa
2518 4152 2731 4210 Veritas
2751 4152 3076 4209 auctoritate
3099 4166 3197 4207 sua
3223 4149 3488 4223 praedicat
3506 4150 3578 4207 ob
3616 4152 3629 4171 ‘

1992 4247 2223 4303 salutem
2261 4246 2520 4314 hominis,
2552 4261 2619 4302 ac
2660 4243 3023 4302 commendat.
3053 4242 3262 4314 Quippe
3310 4241 3441 4313 quia
3470 4255 3577 4297 vox

1976 4338 2220 4413 praeibat
2246 4339 2495 4405 verbum,
2546 4346 2759 4395 rectum
2783 4344 2903 4392 erat
2930 4344 2991 4391 ut
3014 4335 3253 4407 primum
3279 4332 3578 4389 annuntia-

1996 4440 2099 4498 ret,
2129 4430 2273 4503 quod
2292 4437 2480 4502 postea
2504 4444 2571 4484 ex
2596 4429 2788 4484 eodem
2826 4427 2993 4483 verbo
3027 4440 3328 4483 consonum
3362 4424 3580 4482 sonuis-

1996 4533 2116 4592 set;
2151 4523 2450 4595 praedicans
2474 4522 2528 4576 in
2551 4521 2765 4578 deserto
2798 4518 3015 4587 Judaue,
3042 4536 3109 4577 ac
3137 4520 3326 4579 dicens
3352 4537 3367 4575 :
3400 4517 3587 4575 Pleni-

1916 4599 1973 4663 Ῑ)
1996 4618 2209 4674 tentiam
2244 4615 2401 4687 agite,
2432 4614 2863 4685 appropinquavit
2895 4614 3033 4668 enim
3062 4628 3281 4685 regnum
3309 4611 3580 4668 caelorum.

2000 4712 2189 4779 Porro,
2217 4709 2424 4777 dicens,
2456 4707 2641 4763 retulit
2674 4708 2743 4764 ad
2777 4708 2882 4764 hoc
2921 4706 3065 4778 quod
3095 4706 3192 4775 ait,
3223 4706 3582 4778 pauitantiam

1996 4804 2163 4875 agite;
2191 4801 2494 4872 praedicans
2516 4814 2667 4866 vero,
2693 4799 2762 4854 ad
2789 4784 2918 4855 illud
2955 4797 3100 4872 quod
3137 4798 3352 4855 dixerat
3383 4815 3397 4853 :
3439 4794 3582 4863 Quia

1998 4891 2429 4965 appropinquavit
2467 4906 2683 4961 regnum
2734 4890 3000 4946 cwlorum.
3050 4888 3237 4961 Neque
3278 4889 3426 4960 enim
3471 4887 3582 4943 duo

1997 4985 2202 5056 pariter
2222 4983 2385 5039 verba
2411 4983 2675 5054 geminari
2699 4991 2952 5055 poterant
2972 4984 3178 5054 absque
3200 4979 3576 5052 intelligentia,

2004 5075 2093 5131 ubi
2121 5089 2220 5130 nec
2241 5090 2379 5145 apex
2406 5074 2492 5131 vel
2525 5075 2635 5131 iota
2686 5085 2843 5131 vacat
2895 5092 2927 5131 a
2976 5075 3252 5148 mysterio.
3308 5070 3619 5139 Pmniten-'

2002 5165 2133 5221 tiam
2165 5165 2332 5237 igitur
2348 5179 2531 5236 agere,
2561 5176 2645 5221 est
2671 5166 2868 5238 prioris
2908 5167 3032 5223 vita:
3066 5178 3281 5221 errores
3306 5163 3363 5219 in
3396 5177 3455 5217 se
3478 5177 3581 5234 pu-

2003 5259 2139 5325 nire,
2165 5258 2360 5314 deinde
2385 5258 2834 5329 promissionibus
2878 5258 3027 5333 regni
3058 5256 3299 5331 caelestis
3323 5270 3420 5327 spe
3461 5256 3581 5311 ani-

2004 5365 2124 5407 mos
2169 5350 2236 5406 ad
2281 5364 2516 5421 superna
2561 5351 2793 5422 erigere,
2830 5359 2997 5421 atque
3047 5348 3115 5405 ad
3164 5346 3408 5404 melioris
3457 5347 3583 5403 vita:

2005 5453 2159 5500 actus
2185 5443 2365 5498 studia
2416 5457 2731 5513 provocare.
2780 5441 2925 5497 Nihil
2965 5438 3113 5496 enim
3143 5440 3210 5495 ad
3252 5439 3584 5510 persuaden-

2005 5536 2133 5591 dum
2164 5535 2374 5592 animos
2406 5534 2711 5592 auditorum
2742 5535 2917 5606 magis
2959 5533 3139 5590 valere
3166 5533 3385 5605 poterit,
3414 5546 3580 5603 quam

2004 5642 2130 5699 spes
2152 5635 2371 5683 aeternae
2404 5626 2799 5699 promissionis,
2842 5635 2895 5682 et
2942 5634 3118 5683 metus
3169 5634 3580 5689 tormentorum,

2006 5729 2169 5790 atque
2196 5721 2546 5775 comminatio
2568 5719 2763 5774 divina:
2796 5718 3112 5790 maiestatis.
3150 5719 3279 5788 Quae
3323 5717 3578 5773 nimirum

2007 5811 2139 5867 satis
2162 5811 2228 5865 ad
2258 5809 2691 5881 persuadendum
2725 5820 2849 5885 apta
2881 5811 3217 5885 conspiciens
3251 5809 3429 5867 divina
3459 5821 3583 5882 pro-
