  <div class='ocr_page' id='page_1' title='image "/cluster/home/n/w/nwhite01/storage/ocr_20150623/120/hvd.32044015466923/081.png"; bbox 0 0 4032 6358; ppageno 0'>
   <div class='ocr_carea' id='block_1_1' title="bbox 558 361 651 415">
    <p class='ocr_par' dir='ltr' id='par_1_1' title="bbox 558 361 651 415">
     <span class='ocr_line' id='line_1_1' title="bbox 558 361 651 415; baseline -0.022 0"><span class='ocrx_word' id='word_1_1' title='bbox 558 361 651 415; x_wconf 72' lang='grc'><strong>151</strong></span> 
     </span>
    </p>
   </div>
   <div class='ocr_carea' id='block_1_2' title="bbox 1370 354 3028 423">
    <p class='ocr_par' dir='ltr' id='par_1_2' title="bbox 1370 354 3028 423">
     <span class='ocr_line' id='line_1_2' title="bbox 1370 354 3028 423; baseline 0 -2"><span class='ocrx_word' id='word_1_2' title='bbox 1370 367 1427 421; x_wconf 88' lang='lat' dir='ltr'><strong>s.</strong></span> <span class='ocrx_word' id='word_1_3' title='bbox 1472 354 1829 423; x_wconf 80' lang='lat' dir='ltr'><strong>PASCIIASII</strong></span> <span class='ocrx_word' id='word_1_4' title='bbox 1866 363 2215 422; x_wconf 80' lang='lat' dir='ltr'><strong>RADBERTI</strong></span> <span class='ocrx_word' id='word_1_5' title='bbox 2252 362 2543 418; x_wconf 77' lang='lat' dir='ltr'><strong>ABBATIS</strong></span> <span class='ocrx_word' id='word_1_6' title='bbox 2579 363 3028 422; x_wconf 78' lang='lat' dir='ltr'><strong>CORBEIENSIS</strong></span> 
     </span>
    </p>
   </div>
   <div class='ocr_carea' id='block_1_3' title="bbox 3723 368 3832 422">
    <p class='ocr_par' dir='ltr' id='par_1_3' title="bbox 3723 368 3832 422">
     <span class='ocr_line' id='line_1_3' title="bbox 3723 368 3832 422; baseline -0.009 0"><span class='ocrx_word' id='word_1_7' title='bbox 3723 368 3832 422; x_wconf 61' lang='lat'><strong>15‘:</strong></span> 
     </span>
    </p>
   </div>
   <div class='ocr_carea' id='block_1_4' title="bbox 550 476 3831 557">
    <p class='ocr_par' dir='ltr' id='par_1_4' title="bbox 550 476 3831 557">
     <span class='ocr_line' id='line_1_4' title="bbox 550 476 3831 557; baseline 0.002 -22"><span class='ocrx_word' id='word_1_8' title='bbox 550 476 1030 545; x_wconf 81' lang='lat' dir='ltr'><strong>videntia,&#39;voluit</strong></span> <span class='ocrx_word' id='word_1_9' title='bbox 1077 484 1303 540; x_wconf 89' lang='lat' dir='ltr'><strong>dicendo</strong></span> <span class='ocrx_word' id='word_1_10' title='bbox 1346 487 1706 556; x_wconf 70' lang='lat' dir='ltr'><strong>pwnitentiam</strong></span> <span class='ocrx_word' id='word_1_11' title='bbox 1760 487 1920 557; x_wconf 86' lang='lat' dir='ltr'><strong>agite,</strong></span> <span class='ocrx_word' id='word_1_12' title='bbox 1978 498 2138 539; x_wconf 91' lang='lat' dir='ltr'><strong>mon-</strong></span> <span class='ocrx_word' id='word_1_13' title='bbox 2163 486 2215 546; x_wconf 81' lang='grc' dir='ltr'><strong>Α</strong></span> <span class='ocrx_word' id='word_1_14' title='bbox 2241 481 2372 547; x_wconf 88' lang='lat' dir='ltr'><strong>dita,</strong></span> <span class='ocrx_word' id='word_1_15' title='bbox 2426 491 2482 537; x_wconf 88' lang='lat' dir='ltr'><strong>et</strong></span> <span class='ocrx_word' id='word_1_16' title='bbox 2537 482 2658 537; x_wconf 90' lang='lat' dir='ltr'><strong>ideo</strong></span> <span class='ocrx_word' id='word_1_17' title='bbox 2696 482 2855 538; x_wconf 98' lang='lat' dir='ltr'><strong>debet</strong></span> <span class='ocrx_word' id='word_1_18' title='bbox 2894 496 3002 538; x_wconf 92' lang='lat' dir='ltr'><strong>non</strong></span> <span class='ocrx_word' id='word_1_19' title='bbox 3051 482 3324 538; x_wconf 89' lang='lat' dir='ltr'><strong>modicum</strong></span> <span class='ocrx_word' id='word_1_20' title='bbox 3362 483 3633 538; x_wconf 83' lang='lat' dir='ltr'><strong>venerari.</strong></span> <span class='ocrx_word' id='word_1_21' title='bbox 3668 482 3831 541; x_wconf 82' lang='lat' dir='ltr'><strong>Prius</strong></span> 
     </span>
    </p>
   </div>
   <div class='ocr_carea' id='block_1_5' title="bbox 549 572 2133 647">
    <p class='ocr_par' dir='ltr' id='par_1_5' title="bbox 549 572 2133 647">
     <span class='ocr_line' id='line_1_5' title="bbox 549 572 2133 647; baseline 0 -17"><span class='ocrx_word' id='word_1_22' title='bbox 549 581 746 639; x_wconf 84' lang='lat' dir='ltr'><strong>strare,</strong></span> <span class='ocrx_word' id='word_1_23' title='bbox 773 572 915 644; x_wconf 90' lang='lat' dir='ltr'><strong>quod</strong></span> <span class='ocrx_word' id='word_1_24' title='bbox 941 575 1114 645; x_wconf 91' lang='lat' dir='ltr'><strong>prima</strong></span> <span class='ocrx_word' id='word_1_25' title='bbox 1138 576 1209 631; x_wconf 92' lang='lat' dir='ltr'><strong>sit</strong></span> <span class='ocrx_word' id='word_1_26' title='bbox 1236 578 1557 633; x_wconf 89' lang='lat' dir='ltr'><strong>miserorum</strong></span> <span class='ocrx_word' id='word_1_27' title='bbox 1585 577 1779 645; x_wconf 88' lang='lat' dir='ltr'><strong>virtus,</strong></span> <span class='ocrx_word' id='word_1_28' title='bbox 1808 586 1869 632; x_wconf 91' lang='lat' dir='ltr'><strong>ut</strong></span> <span class='ocrx_word' id='word_1_29' title='bbox 1888 592 1986 647; x_wconf 89' lang='lat' dir='ltr'><strong>per</strong></span> <span class='ocrx_word' id='word_1_30' title='bbox 2018 591 2133 646; x_wconf 87' lang='lat' dir='ltr'><strong>poe-</strong></span> 
     </span>
    </p>
   </div>
   <div class='ocr_carea' id='block_1_6' title="bbox 550 663 2130 739">
    <p class='ocr_par' dir='ltr' id='par_1_6' title="bbox 550 663 2130 739">
     <span class='ocr_line' id='line_1_6' title="bbox 550 663 2130 739; baseline 0.002 -21"><span class='ocrx_word' id='word_1_31' title='bbox 550 664 840 720; x_wconf 90' lang='lat' dir='ltr'><strong>nitentiam</strong></span> <span class='ocrx_word' id='word_1_32' title='bbox 868 663 1079 720; x_wconf 90' lang='lat' dir='ltr'><strong>discant</strong></span> <span class='ocrx_word' id='word_1_33' title='bbox 1105 666 1159 721; x_wconf 94' lang='lat' dir='ltr'><strong>in</strong></span> <span class='ocrx_word' id='word_1_34' title='bbox 1184 679 1245 723; x_wconf 88' lang='lat' dir='ltr'><strong>se</strong></span> <span class='ocrx_word' id='word_1_35' title='bbox 1265 668 1534 739; x_wconf 82' lang='lat' dir='ltr'><strong>perimere</strong></span> <span class='ocrx_word' id='word_1_36' title='bbox 1564 676 1804 725; x_wconf 90' lang='lat' dir='ltr'><strong>veterem</strong></span> <span class='ocrx_word' id='word_1_37' title='bbox 1833 668 2130 724; x_wconf 81' lang='lat' dir='ltr'><strong>hominem.</strong></span> 
     </span>
    </p>
   </div>
   <div class='ocr_carea' id='block_1_7' title="bbox 546 755 2132 831">
    <p class='ocr_par' dir='ltr' id='par_1_7' title="bbox 546 755 2132 831">
     <span class='ocr_line' id='line_1_7' title="bbox 546 755 2132 831; baseline 0.003 -21"><span class='ocrx_word' id='word_1_38' title='bbox 546 761 605 810; x_wconf 89' lang='lat' dir='ltr'><strong>et</strong></span> <span class='ocrx_word' id='word_1_39' title='bbox 628 755 808 811; x_wconf 87' lang='lat' dir='ltr'><strong>odisse</strong></span> <span class='ocrx_word' id='word_1_40' title='bbox 828 756 999 823; x_wconf 86' lang='lat' dir='ltr'><strong>vitia;</strong></span> <span class='ocrx_word' id='word_1_41' title='bbox 1028 758 1175 827; x_wconf 90' lang='lat' dir='ltr'><strong>quod</strong></span> <span class='ocrx_word' id='word_1_42' title='bbox 1209 758 1318 814; x_wconf 86' lang='lat' dir='ltr'><strong>nisi</strong></span> <span class='ocrx_word' id='word_1_43' title='bbox 1343 761 1572 831; x_wconf 86' lang='lat' dir='ltr'><strong>quisque</strong></span> <span class='ocrx_word' id='word_1_44' title='bbox 1600 760 1809 826; x_wconf 75' lang='lat' dir='ltr'><strong>fecerit,</strong></span> <span class='ocrx_word' id='word_1_45' title='bbox 1835 775 1941 816; x_wconf 93' lang='lat' dir='ltr'><strong>non</strong></span> <span class='ocrx_word' id='word_1_46' title='bbox 1972 759 2132 815; x_wconf 90' lang='lat' dir='ltr'><strong>modo</strong></span> 
     </span>
    </p>
   </div>
   <div class='ocr_carea' id='block_1_8' title="bbox 546 848 2129 924">
    <p class='ocr_par' dir='ltr' id='par_1_8' title="bbox 546 848 2129 924">
     <span class='ocr_line' id='line_1_8' title="bbox 546 848 2129 924; baseline 0.001 -19"><span class='ocrx_word' id='word_1_47' title='bbox 546 848 779 907; x_wconf 81' lang='lat' dir='ltr'><strong>virtutes</strong></span> <span class='ocrx_word' id='word_1_48' title='bbox 837 851 1266 920; x_wconf 87' lang='lat' dir='ltr'><strong>apprehendere,</strong></span> <span class='ocrx_word' id='word_1_49' title='bbox 1315 867 1505 908; x_wconf 90' lang='lat' dir='ltr'><strong>verum</strong></span> <span class='ocrx_word' id='word_1_50' title='bbox 1575 868 1678 910; x_wconf 91' lang='lat' dir='ltr'><strong>nec</strong></span> <span class='ocrx_word' id='word_1_51' title='bbox 1745 852 2129 924; x_wconf 85' lang='lat' dir='ltr'><strong>suppliciorum</strong></span> 
     </span>
    </p>
   </div>
   <div class='ocr_carea' id='block_1_9' title="bbox 548 942 2131 1025">
    <p class='ocr_par' dir='ltr' id='par_1_9' title="bbox 548 942 2131 1025">
     <span class='ocr_line' id='line_1_9' title="bbox 548 942 2131 1025; baseline -0.001 -26"><span class='ocrx_word' id='word_1_52' title='bbox 548 943 751 1014; x_wconf 85' lang='lat' dir='ltr'><strong>poterit</strong></span> <span class='ocrx_word' id='word_1_53' title='bbox 771 942 938 999; x_wconf 78' lang='lat' dir='ltr'><strong>exitio</strong></span> <span class='ocrx_word' id='word_1_54' title='bbox 986 942 1227 998; x_wconf 85' lang='lat' dir='ltr'><strong>liberari.</strong></span> <span class='ocrx_word' id='word_1_55' title='bbox 1287 943 1631 999; x_wconf 73' lang='lat' dir='ltr'><strong>Paenitentite</strong></span> <span class='ocrx_word' id='word_1_56' title='bbox 1693 958 1906 1014; x_wconf 89' lang='lat' dir='ltr'><strong>quoque</strong></span> <span class='ocrx_word' id='word_1_57' title='bbox 1946 943 2131 1025; x_wconf 34' lang='lat' dir='ltr'><strong>&#39;virtus</strong></span> 
     </span>
    </p>
   </div>
   <div class='ocr_carea' id='block_1_10' title="bbox 547 1033 2132 1108">
    <p class='ocr_par' dir='ltr' id='par_1_10' title="bbox 547 1033 2132 1108">
     <span class='ocr_line' id='line_1_10' title="bbox 547 1033 2132 1108; baseline 0 -20"><span class='ocrx_word' id='word_1_58' title='bbox 547 1033 744 1089; x_wconf 87' lang='lat' dir='ltr'><strong>timore</strong></span> <span class='ocrx_word' id='word_1_59' title='bbox 769 1034 1087 1105; x_wconf 88' lang='lat' dir='ltr'><strong>concipitur,</strong></span> <span class='ocrx_word' id='word_1_60' title='bbox 1111 1033 1271 1108; x_wconf 67' lang='grc'><strong>154</strong></span> <span class='ocrx_word' id='word_1_61' title='bbox 1299 1034 1393 1091; x_wconf 90' lang='lat' dir='ltr'><strong>sed</strong></span> <span class='ocrx_word' id='word_1_62' title='bbox 1417 1036 1531 1106; x_wconf 89' lang='lat' dir='ltr'><strong>ipse</strong></span> <span class='ocrx_word' id='word_1_63' title='bbox 1560 1035 1744 1102; x_wconf 85' lang='lat' dir='ltr'><strong>timor,</strong></span> <span class='ocrx_word' id='word_1_64' title='bbox 1766 1035 1944 1091; x_wconf 88' lang='lat' dir='ltr'><strong>divina</strong></span> <span class='ocrx_word' id='word_1_65' title='bbox 1964 1034 2132 1103; x_wconf 90' lang='lat' dir='ltr'><strong>inspi-</strong></span> 
     </span>
    </p>
   </div>
   <div class='ocr_carea' id='block_1_11' title="bbox 546 1125 2130 1198">
    <p class='ocr_par' dir='ltr' id='par_1_11' title="bbox 546 1125 2130 1198">
     <span class='ocr_line' id='line_1_11' title="bbox 546 1125 2130 1198; baseline 0.002 -20"><span class='ocrx_word' id='word_1_66' title='bbox 546 1132 703 1180; x_wconf 89' lang='lat' dir='ltr'><strong>rante</strong></span> <span class='ocrx_word' id='word_1_67' title='bbox 731 1125 928 1195; x_wconf 88' lang='lat' dir='ltr'><strong>gratia,</strong></span> <span class='ocrx_word' id='word_1_68' title='bbox 960 1125 1224 1196; x_wconf 84' lang='lat' dir='ltr'><strong>tantisper</strong></span> <span class='ocrx_word' id='word_1_69' title='bbox 1266 1128 1333 1181; x_wconf 93' lang='lat' dir='ltr'><strong>de</strong></span> <span class='ocrx_word' id='word_1_70' title='bbox 1359 1127 1621 1198; x_wconf 84' lang='lat' dir='ltr'><strong>sapientia</strong></span> <span class='ocrx_word' id='word_1_71' title='bbox 1652 1128 1959 1197; x_wconf 79' lang='lat' dir='ltr'><strong>generatur.</strong></span> <span class='ocrx_word' id='word_1_72' title='bbox 1992 1125 2130 1181; x_wconf 87' lang='lat' dir='ltr'><strong>Hinc</strong></span> 
     </span>
    </p>
   </div>
   <div class='ocr_carea' id='block_1_12' title="bbox 544 1208 2128 1289">
    <p class='ocr_par' dir='ltr' id='par_1_12' title="bbox 544 1208 2128 1289">
     <span class='ocr_line' id='line_1_12' title="bbox 544 1208 2128 1289; baseline 0.001 -19"><span class='ocrx_word' id='word_1_73' title='bbox 544 1228 781 1284; x_wconf 88' lang='lat' dir='ltr'><strong>namque</strong></span> <span class='ocrx_word' id='word_1_74' title='bbox 802 1208 1064 1286; x_wconf 86' lang='lat' dir='ltr'><strong>scriptum</strong></span> <span class='ocrx_word' id='word_1_75' title='bbox 1087 1225 1170 1273; x_wconf 86' lang='lat' dir='ltr'><strong>est</strong></span> <span class='ocrx_word' id='word_1_76' title='bbox 1186 1233 1200 1272; x_wconf 90' lang='lat'><strong>:</strong></span> <span class='ocrx_word' id='word_1_77' title='bbox 1217 1216 1437 1272; x_wconf 75' lang='lat' dir='ltr'><strong>Initium</strong></span> <span class='ocrx_word' id='word_1_78' title='bbox 1456 1219 1727 1289; x_wconf 76' lang='lat' dir='ltr'><strong>sapientia:</strong></span> <span class='ocrx_word' id='word_1_79' title='bbox 1747 1218 1905 1273; x_wconf 90' lang='lat' dir='ltr'><strong>timor</strong></span> <span class='ocrx_word' id='word_1_80' title='bbox 1915 1217 2128 1272; x_wconf 89' lang='lat' dir='ltr'><strong>Domini</strong></span> 
     </span>
    </p>
   </div>
   <div class='ocr_carea' id='block_1_13' title="bbox 546 1311 2127 1385">
    <p class='ocr_par' dir='ltr' id='par_1_13' title="bbox 546 1311 2127 1385">
     <span class='ocr_line' id='line_1_13' title="bbox 546 1311 2127 1385; baseline 0.001 -18"><span class='ocrx_word' id='word_1_81' title='bbox 546 1311 737 1383; x_wconf 85' lang='lat' dir='ltr'><strong>(Eccli.</strong></span> <span class='ocrx_word' id='word_1_82' title='bbox 769 1330 809 1379; x_wconf 85' lang='grc' dir='ltr'><strong>ι,</strong></span> <span class='ocrx_word' id='word_1_83' title='bbox 837 1313 945 1383; x_wconf 86' lang='lat' dir='ltr'><strong>l6).</strong></span> <span class='ocrx_word' id='word_1_84' title='bbox 979 1312 1259 1384; x_wconf 86' lang='lat' dir='ltr'><strong>Siquidem</strong></span> <span class='ocrx_word' id='word_1_85' title='bbox 1280 1314 1597 1385; x_wconf 70' lang='lat' dir='ltr'><strong>paenitentia</strong></span> <span class='ocrx_word' id='word_1_86' title='bbox 1620 1331 1650 1369; x_wconf 93' lang='lat' dir='ltr'><strong>a</strong></span> <span class='ocrx_word' id='word_1_87' title='bbox 1680 1314 1919 1384; x_wconf 90' lang='lat' dir='ltr'><strong>puniend</strong></span> <span class='ocrx_word' id='word_1_88' title='bbox 1943 1323 2127 1370; x_wconf 90' lang='lat' dir='ltr'><strong>orecte</strong></span> 
     </span>
    </p>
   </div>
   <div class='ocr_carea' id='block_1_14' title="bbox 542 1401 2125 1474">
    <p class='ocr_par' dir='ltr' id='par_1_14' title="bbox 542 1401 2125 1474">
     <span class='ocr_line' id='line_1_14' title="bbox 542 1401 2125 1474; baseline 0.003 -19"><span class='ocrx_word' id='word_1_89' title='bbox 542 1414 673 1456; x_wconf 84' lang='lat' dir='ltr'><strong>voca</strong></span> <span class='ocrx_word' id='word_1_90' title='bbox 683 1401 725 1455; x_wconf 89' lang='lat' dir='ltr'><strong>ri</strong></span> <span class='ocrx_word' id='word_1_91' title='bbox 742 1402 1001 1468; x_wconf 88' lang='lat' dir='ltr'><strong>creditur,</strong></span> <span class='ocrx_word' id='word_1_92' title='bbox 1019 1417 1124 1473; x_wconf 91' lang='lat' dir='ltr'><strong>qua</strong></span> <span class='ocrx_word' id='word_1_93' title='bbox 1138 1402 1367 1474; x_wconf 86' lang='lat' dir='ltr'><strong>quisque</strong></span> <span class='ocrx_word' id='word_1_94' title='bbox 1390 1404 1543 1474; x_wconf 90' lang='lat' dir='ltr'><strong>punit</strong></span> <span class='ocrx_word' id='word_1_95' title='bbox 1557 1420 1677 1474; x_wconf 78' lang='lat' dir='ltr'><strong>quae</strong></span> <span class='ocrx_word' id='word_1_96' title='bbox 1693 1405 1844 1460; x_wconf 92' lang='lat' dir='ltr'><strong>novit</strong></span> <span class='ocrx_word' id='word_1_97' title='bbox 1863 1418 1923 1459; x_wconf 91' lang='lat' dir='ltr'><strong>se</strong></span> <span class='ocrx_word' id='word_1_98' title='bbox 1940 1403 2125 1459; x_wconf 84' lang='lat' dir='ltr'><strong>illicite</strong></span> 
     </span>
    </p>
   </div>
   <div class='ocr_carea' id='block_1_15' title="bbox 543 1494 2125 1568">
    <p class='ocr_par' dir='ltr' id='par_1_15' title="bbox 543 1494 2125 1568">
     <span class='ocr_line' id='line_1_15' title="bbox 543 1494 2125 1568; baseline 0.001 -19"><span class='ocrx_word' id='word_1_99' title='bbox 543 1494 902 1560; x_wconf 87' lang='lat' dir='ltr'><strong>commisisse,</strong></span> <span class='ocrx_word' id='word_1_100' title='bbox 935 1496 1079 1565; x_wconf 89' lang='lat' dir='ltr'><strong>quod</strong></span> <span class='ocrx_word' id='word_1_101' title='bbox 1117 1510 1276 1552; x_wconf 90' lang='lat' dir='ltr'><strong>nemo</strong></span> <span class='ocrx_word' id='word_1_102' title='bbox 1311 1497 1469 1566; x_wconf 82' lang='lat' dir='ltr'><strong>digne</strong></span> <span class='ocrx_word' id='word_1_103' title='bbox 1497 1497 1640 1553; x_wconf 88' lang='lat' dir='ltr'><strong>valet</strong></span> <span class='ocrx_word' id='word_1_104' title='bbox 1664 1513 1849 1568; x_wconf 86' lang='lat' dir='ltr'><strong>agere,</strong></span> <span class='ocrx_word' id='word_1_105' title='bbox 1875 1498 1979 1553; x_wconf 91' lang='lat' dir='ltr'><strong>nisi</strong></span> <span class='ocrx_word' id='word_1_106' title='bbox 2025 1512 2125 1568; x_wconf 89' lang='lat' dir='ltr'><strong>per</strong></span> 
     </span>
    </p>
   </div>
   <div class='ocr_carea' id='block_1_16' title="bbox 542 1585 2123 1657">
    <p class='ocr_par' dir='ltr' id='par_1_16' title="bbox 542 1585 2123 1657">
     <span class='ocr_line' id='line_1_16' title="bbox 542 1585 2123 1657; baseline 0.003 -19"><span class='ocrx_word' id='word_1_107' title='bbox 542 1585 863 1655; x_wconf 84' lang='lat' dir='ltr'><strong>sapientiam</strong></span> <span class='ocrx_word' id='word_1_108' title='bbox 893 1586 1197 1643; x_wconf 86' lang='lat' dir='ltr'><strong>illustratus</strong></span> <span class='ocrx_word' id='word_1_109' title='bbox 1222 1587 1607 1657; x_wconf 80' lang='lat' dir='ltr'><strong>cteperitinter</strong></span> <span class='ocrx_word' id='word_1_110' title='bbox 1629 1588 1831 1643; x_wconf 91' lang='lat' dir='ltr'><strong>bonum</strong></span> <span class='ocrx_word' id='word_1_111' title='bbox 1856 1587 2123 1643; x_wconf 88' lang='lat' dir='ltr'><strong>malumve</strong></span> 
     </span>
    </p>
   </div>
   <div class='ocr_carea' id='block_1_17' title="bbox 538 1677 2123 1737">
    <p class='ocr_par' dir='ltr' id='par_1_17' title="bbox 538 1677 2123 1737">
     <span class='ocr_line' id='line_1_17' title="bbox 538 1677 2123 1737; baseline 0.001 -4"><span class='ocrx_word' id='word_1_112' title='bbox 538 1677 870 1734; x_wconf 89' lang='lat' dir='ltr'><strong>discernere.</strong></span> <span class='ocrx_word' id='word_1_113' title='bbox 911 1677 1019 1735; x_wconf 91' lang='lat' dir='ltr'><strong>Sed</strong></span> <span class='ocrx_word' id='word_1_114' title='bbox 1059 1679 1255 1735; x_wconf 89' lang='lat' dir='ltr'><strong>timore</strong></span> <span class='ocrx_word' id='word_1_115' title='bbox 1285 1691 1587 1737; x_wconf 90' lang='lat' dir='ltr'><strong>commotus</strong></span> <span class='ocrx_word' id='word_1_116' title='bbox 1627 1682 1752 1736; x_wconf 91' lang='lat' dir='ltr'><strong>dum</strong></span> <span class='ocrx_word' id='word_1_117' title='bbox 1793 1678 1934 1735; x_wconf 89' lang='lat' dir='ltr'><strong>mala</strong></span> <span class='ocrx_word' id='word_1_118' title='bbox 1970 1680 2123 1735; x_wconf 89' lang='lat' dir='ltr'><strong>forti-</strong></span> 
     </span>
    </p>
   </div>
   <div class='ocr_carea' id='block_1_18' title="bbox 539 1771 2121 1842">
    <p class='ocr_par' dir='ltr' id='par_1_18' title="bbox 539 1771 2121 1842">
     <span class='ocr_line' id='line_1_18' title="bbox 539 1771 2121 1842; baseline 0.002 -18"><span class='ocrx_word' id='word_1_119' title='bbox 539 1778 624 1825; x_wconf 85' lang='lat' dir='ltr'><strong>ter</strong></span> <span class='ocrx_word' id='word_1_120' title='bbox 653 1771 707 1824; x_wconf 90' lang='lat' dir='ltr'><strong>in</strong></span> <span class='ocrx_word' id='word_1_121' title='bbox 739 1785 798 1826; x_wconf 91' lang='lat' dir='ltr'><strong>se</strong></span> <span class='ocrx_word' id='word_1_122' title='bbox 836 1772 1106 1842; x_wconf 85' lang='lat' dir='ltr'><strong>puniendo</strong></span> <span class='ocrx_word' id='word_1_123' title='bbox 1137 1772 1453 1839; x_wconf 86' lang='lat' dir='ltr'><strong>reluctatur,</strong></span> <span class='ocrx_word' id='word_1_124' title='bbox 1484 1788 1707 1828; x_wconf 90' lang='lat' dir='ltr'><strong>necesse</strong></span> <span class='ocrx_word' id='word_1_125' title='bbox 1745 1780 1829 1827; x_wconf 91' lang='lat' dir='ltr'><strong>est</strong></span> <span class='ocrx_word' id='word_1_126' title='bbox 1872 1786 1967 1842; x_wconf 91' lang='lat' dir='ltr'><strong>spe</strong></span> <span class='ocrx_word' id='word_1_127' title='bbox 1998 1787 2121 1842; x_wconf 85' lang='lat' dir='ltr'><strong>gra-</strong></span> 
     </span>
    </p>
   </div>
   <div class='ocr_carea' id='block_1_19' title="bbox 2240 573 3829 647">
    <p class='ocr_par' dir='ltr' id='par_1_19' title="bbox 2240 573 3829 647">
     <span class='ocr_line' id='line_1_19' title="bbox 2240 573 3829 647; baseline 0.001 -18"><span class='ocrx_word' id='word_1_128' title='bbox 2240 589 2372 630; x_wconf 87' lang='lat' dir='ltr'><strong>sane</strong></span> <span class='ocrx_word' id='word_1_129' title='bbox 2394 583 2521 630; x_wconf 88' lang='lat' dir='ltr'><strong>ante</strong></span> <span class='ocrx_word' id='word_1_130' title='bbox 2546 574 2681 630; x_wconf 89' lang='lat' dir='ltr'><strong>alios</strong></span> <span class='ocrx_word' id='word_1_131' title='bbox 2709 573 2949 630; x_wconf 86' lang='lat' dir='ltr'><strong>Joannes</strong></span> <span class='ocrx_word' id='word_1_132' title='bbox 2983 589 3212 647; x_wconf 79' lang='lat' dir='ltr'><strong>regnum</strong></span> <span class='ocrx_word' id='word_1_133' title='bbox 3238 575 3683 645; x_wconf 73' lang='lat' dir='ltr'><strong>cmlorumprope</strong></span> <span class='ocrx_word' id='word_1_134' title='bbox 3703 588 3829 631; x_wconf 84' lang='lat' dir='ltr'><strong>esse</strong></span> 
     </span>
    </p>
   </div>
   <div class='ocr_carea' id='block_1_20' title="bbox 2234 662 3827 736">
    <p class='ocr_par' dir='ltr' id='par_1_20' title="bbox 2234 662 3827 736">
     <span class='ocr_line' id='line_1_20' title="bbox 2234 662 3827 736; baseline 0.002 -18"><span class='ocrx_word' id='word_1_135' title='bbox 2234 664 2529 734; x_wconf 88' lang='lat' dir='ltr'><strong>praedicat:</strong></span> <span class='ocrx_word' id='word_1_136' title='bbox 2553 678 2655 721; x_wconf 90' lang='lat' dir='ltr'><strong>nec</strong></span> <span class='ocrx_word' id='word_1_137' title='bbox 2678 662 2840 721; x_wconf 89' lang='lat' dir='ltr'><strong>debet</strong></span> <span class='ocrx_word' id='word_1_138' title='bbox 2872 665 3148 721; x_wconf 91' lang='lat' dir='ltr'><strong>contemni</strong></span> <span class='ocrx_word' id='word_1_139' title='bbox 3176 664 3495 736; x_wconf 68' lang='lat' dir='ltr'><strong>paenitentia</strong></span> <span class='ocrx_word' id='word_1_140' title='bbox 3526 679 3624 735; x_wconf 92' lang='lat' dir='ltr'><strong>per</strong></span> <span class='ocrx_word' id='word_1_141' title='bbox 3657 681 3827 736; x_wconf 88' lang='lat' dir='ltr'><strong>quam</strong></span> 
     </span>
    </p>
   </div>
   <div class='ocr_carea' id='block_1_21' title="bbox 2236 754 3827 827">
    <p class='ocr_par' dir='ltr' id='par_1_21' title="bbox 2236 754 3827 827">
     <span class='ocr_line' id='line_1_21' title="bbox 2236 754 3827 827; baseline 0.001 -18"><span class='ocrx_word' id='word_1_142' title='bbox 2236 754 2407 824; x_wconf 88' lang='lat' dir='ltr'><strong>gratis</strong></span> <span class='ocrx_word' id='word_1_143' title='bbox 2430 754 2498 809; x_wconf 89' lang='lat' dir='ltr'><strong>ad</strong></span> <span class='ocrx_word' id='word_1_144' title='bbox 2525 769 2650 809; x_wconf 89' lang='lat' dir='ltr'><strong>eum</strong></span> <span class='ocrx_word' id='word_1_145' title='bbox 2685 754 2872 810; x_wconf 91' lang='lat' dir='ltr'><strong>venire</strong></span> <span class='ocrx_word' id='word_1_146' title='bbox 2920 770 3020 811; x_wconf 91' lang='lat' dir='ltr'><strong>nos</strong></span> <span class='ocrx_word' id='word_1_147' title='bbox 3073 756 3284 810; x_wconf 82' lang='lat' dir='ltr'><strong>invitat.</strong></span> <span class='ocrx_word' id='word_1_148' title='bbox 3336 754 3583 827; x_wconf 79' lang='lat' dir='ltr'><strong>Regnum</strong></span> <span class='ocrx_word' id='word_1_149' title='bbox 3636 756 3827 826; x_wconf 80' lang='lat' dir='ltr'><strong>itaque</strong></span> 
     </span>
    </p>
   </div>
   <div class='ocr_carea' id='block_1_22' title="bbox 2234 838 3843 927">
    <p class='ocr_par' dir='ltr' id='par_1_22' title="bbox 2234 838 3843 927">
     <span class='ocr_line' id='line_1_22' title="bbox 2234 838 3843 927; baseline 0.001 -26"><span class='ocrx_word' id='word_1_150' title='bbox 2234 844 2521 913; x_wconf 64' lang='lat' dir='ltr'><strong>caelorum,</strong></span> <span class='ocrx_word' id='word_1_151' title='bbox 2564 854 2657 900; x_wconf 89' lang='lat' dir='ltr'><strong>aut</strong></span> <span class='ocrx_word' id='word_1_152' title='bbox 2696 838 3017 916; x_wconf 73' lang='lat' dir='ltr'><strong>praesentem</strong></span> <span class='ocrx_word' id='word_1_153' title='bbox 3054 844 3354 927; x_wconf 61' lang='lat' dir='ltr'><strong>Christum,</strong></span> <span class='ocrx_word' id='word_1_154' title='bbox 3384 861 3483 917; x_wconf 87' lang='lat' dir='ltr'><strong>per</strong></span> <span class='ocrx_word' id='word_1_155' title='bbox 3523 860 3685 916; x_wconf 89' lang='lat' dir='ltr'><strong>quem</strong></span> <span class='ocrx_word' id='word_1_156' title='bbox 3730 860 3843 902; x_wconf 22' lang='lat' dir='ltr'><strong>re-t</strong></span> 
     </span>
    </p>
   </div>
   <div class='ocr_carea' id='block_1_23' title="bbox 2237 936 3825 1009">
    <p class='ocr_par' dir='ltr' id='par_1_23' title="bbox 2237 936 3825 1009">
     <span class='ocr_line' id='line_1_23' title="bbox 2237 936 3825 1009; baseline 0.003 -19"><span class='ocrx_word' id='word_1_157' title='bbox 2237 946 2406 1007; x_wconf 90' lang='lat' dir='ltr'><strong>gnant</strong></span> <span class='ocrx_word' id='word_1_158' title='bbox 2455 938 2630 993; x_wconf 88' lang='lat' dir='ltr'><strong>sancti</strong></span> <span class='ocrx_word' id='word_1_159' title='bbox 2677 937 2735 992; x_wconf 91' lang='lat' dir='ltr'><strong>in</strong></span> <span class='ocrx_word' id='word_1_160' title='bbox 2774 936 3109 1003; x_wconf 68' lang='lat' dir='ltr'><strong>caelestibus,</strong></span> <span class='ocrx_word' id='word_1_161' title='bbox 3150 936 3265 1007; x_wconf 86' lang='lat' dir='ltr'><strong>jam</strong></span> <span class='ocrx_word' id='word_1_162' title='bbox 3299 939 3697 1009; x_wconf 87' lang='lat' dir='ltr'><strong>propinquasse</strong></span> <span class='ocrx_word' id='word_1_163' title='bbox 3724 955 3825 994; x_wconf 87' lang='lat' dir='ltr'><strong>na-</strong></span> 
     </span>
    </p>
   </div>
   <div class='ocr_carea' id='block_1_24' title="bbox 2235 1028 3827 1103">
    <p class='ocr_par' dir='ltr' id='par_1_24' title="bbox 2235 1028 3827 1103">
     <span class='ocr_line' id='line_1_24' title="bbox 2235 1028 3827 1103; baseline 0.002 -19"><span class='ocrx_word' id='word_1_164' title='bbox 2235 1028 2439 1085; x_wconf 90' lang='lat' dir='ltr'><strong>scendo</strong></span> <span class='ocrx_word' id='word_1_165' title='bbox 2463 1030 2787 1097; x_wconf 87' lang='lat' dir='ltr'><strong>annuntiat;</strong></span> <span class='ocrx_word' id='word_1_166' title='bbox 2820 1040 2915 1085; x_wconf 91' lang='lat' dir='ltr'><strong>aut</strong></span> <span class='ocrx_word' id='word_1_167' title='bbox 2942 1038 3093 1086; x_wconf 87' lang='lat' dir='ltr'><strong>certe</strong></span> <span class='ocrx_word' id='word_1_168' title='bbox 3115 1029 3466 1102; x_wconf 85' lang='lat' dir='ltr'><strong>Evangelium</strong></span> <span class='ocrx_word' id='word_1_169' title='bbox 3504 1033 3676 1103; x_wconf 90' lang='lat' dir='ltr'><strong>regni,</strong></span> <span class='ocrx_word' id='word_1_170' title='bbox 3721 1048 3827 1103; x_wconf 90' lang='lat' dir='ltr'><strong>per</strong></span> 
     </span>
    </p>
   </div>
   <div class='ocr_carea' id='block_1_25' title="bbox 2232 1121 3825 1192">
    <p class='ocr_par' dir='ltr' id='par_1_25' title="bbox 2232 1121 3825 1192">
     <span class='ocr_line' id='line_1_25' title="bbox 2232 1121 3825 1192; baseline 0.002 -16"><span class='ocrx_word' id='word_1_171' title='bbox 2232 1121 2375 1189; x_wconf 91' lang='lat' dir='ltr'><strong>quod</strong></span> <span class='ocrx_word' id='word_1_172' title='bbox 2396 1136 2588 1177; x_wconf 90' lang='lat' dir='ltr'><strong>omnes</strong></span> <span class='ocrx_word' id='word_1_173' title='bbox 2614 1122 2913 1177; x_wconf 84' lang='lat' dir='ltr'><strong>invitantur</strong></span> <span class='ocrx_word' id='word_1_174' title='bbox 2942 1122 3010 1177; x_wconf 90' lang='lat' dir='ltr'><strong>ad</strong></span> <span class='ocrx_word' id='word_1_175' title='bbox 3050 1137 3294 1192; x_wconf 88' lang='lat' dir='ltr'><strong>superos,</strong></span> <span class='ocrx_word' id='word_1_176' title='bbox 3335 1122 3549 1179; x_wconf 82' lang='lat' dir='ltr'><strong>venisse</strong></span> <span class='ocrx_word' id='word_1_177' title='bbox 3596 1124 3825 1180; x_wconf 87' lang='lat' dir='ltr'><strong>demon-</strong></span> 
     </span>
    </p>
   </div>
   <div class='ocr_carea' id='block_1_26' title="bbox 2231 1214 3823 1287">
    <p class='ocr_par' dir='ltr' id='par_1_26' title="bbox 2231 1214 3823 1287">
     <span class='ocr_line' id='line_1_26' title="bbox 2231 1214 3823 1287; baseline 0.003 -19"><span class='ocrx_word' id='word_1_178' title='bbox 2231 1221 2388 1269; x_wconf 90' lang='lat' dir='ltr'><strong>strat.</strong></span> <span class='ocrx_word' id='word_1_179' title='bbox 2416 1214 2582 1285; x_wconf 85' lang='lat' dir='ltr'><strong>Cujus</strong></span> <span class='ocrx_word' id='word_1_180' title='bbox 2607 1214 2864 1271; x_wconf 88' lang='lat' dir='ltr'><strong>nimirum</strong></span> <span class='ocrx_word' id='word_1_181' title='bbox 2909 1230 3012 1271; x_wconf 75' lang='lat' dir='ltr'><strong>vox</strong></span> <span class='ocrx_word' id='word_1_182' title='bbox 3059 1215 3239 1287; x_wconf 89' lang='lat' dir='ltr'><strong>prima</strong></span> <span class='ocrx_word' id='word_1_183' title='bbox 3287 1225 3392 1283; x_wconf 88' lang='lat' dir='ltr'><strong>est,</strong></span> <span class='ocrx_word' id='word_1_184' title='bbox 3443 1218 3823 1287; x_wconf 75' lang='lat' dir='ltr'><strong>paenitentiam</strong></span> 
     </span>
    </p>
   </div>
   <div class='ocr_carea' id='block_1_27' title="bbox 2229 1305 3823 1378">
    <p class='ocr_par' dir='ltr' id='par_1_27' title="bbox 2229 1305 3823 1378">
     <span class='ocr_line' id='line_1_27' title="bbox 2229 1305 3823 1378; baseline 0.003 -19"><span class='ocrx_word' id='word_1_185' title='bbox 2229 1305 2390 1375; x_wconf 81' lang='lat' dir='ltr'><strong>agite,</strong></span> <span class='ocrx_word' id='word_1_186' title='bbox 2418 1314 2475 1362; x_wconf 87' lang='lat' dir='ltr'><strong>et</strong></span> <span class='ocrx_word' id='word_1_187' title='bbox 2527 1305 2650 1362; x_wconf 91' lang='lat' dir='ltr'><strong>ideo</strong></span> <span class='ocrx_word' id='word_1_188' title='bbox 2688 1306 2812 1377; x_wconf 87' lang='lat' dir='ltr'><strong>jure</strong></span> <span class='ocrx_word' id='word_1_189' title='bbox 2867 1306 3328 1378; x_wconf 81' lang='lat' dir='ltr'><strong>appropinquasse</strong></span> <span class='ocrx_word' id='word_1_190' title='bbox 3375 1308 3635 1364; x_wconf 85' lang='lat' dir='ltr'><strong>continuo</strong></span> <span class='ocrx_word' id='word_1_191' title='bbox 3684 1308 3823 1363; x_wconf 90' lang='lat' dir='ltr'><strong>sub-</strong></span> 
     </span>
    </p>
   </div>
   <div class='ocr_carea' id='block_1_28' title="bbox 2228 1397 2482 1454">
    <p class='ocr_par' dir='ltr' id='par_1_28' title="bbox 2228 1397 2482 1454">
     <span class='ocr_line' id='line_1_28' title="bbox 2228 1397 2482 1454; baseline 0 -1"><span class='ocrx_word' id='word_1_192' title='bbox 2228 1397 2482 1454; x_wconf 81' lang='lat' dir='ltr'><strong>infertur.</strong></span> 
     </span>
    </p>
   </div>
   <div class='ocr_carea' id='block_1_29' title="bbox 2299 1488 3829 1566">
    <p class='ocr_par' dir='ltr' id='par_1_29' title="bbox 2299 1488 3829 1566">
     <span class='ocr_line' id='line_1_29' title="bbox 2299 1488 3829 1566; baseline 0.004 -23"><span class='ocrx_word' id='word_1_193' title='bbox 2299 1488 2403 1543; x_wconf 86' lang='lat' dir='ltr'><strong>Hic</strong></span> <span class='ocrx_word' id='word_1_194' title='bbox 2426 1499 2500 1544; x_wconf 86' lang='lat' dir='ltr'><strong>est</strong></span> <span class='ocrx_word' id='word_1_195' title='bbox 2529 1491 2668 1544; x_wconf 83' lang='lat' dir='ltr'><strong>enim</strong></span> <span class='ocrx_word' id='word_1_196' title='bbox 2694 1490 2761 1545; x_wconf 88' lang='lat' dir='ltr'><strong>de</strong></span> <span class='ocrx_word' id='word_1_197' title='bbox 2786 1507 2890 1561; x_wconf 89' lang='lat' dir='ltr'><strong>quo</strong></span> <span class='ocrx_word' id='word_1_198' title='bbox 2913 1491 3112 1546; x_wconf 88' lang='lat' dir='ltr'><strong>dictum</strong></span> <span class='ocrx_word' id='word_1_199' title='bbox 3139 1500 3212 1547; x_wconf 87' lang='lat' dir='ltr'><strong>est</strong></span> <span class='ocrx_word' id='word_1_200' title='bbox 3242 1509 3336 1563; x_wconf 84' lang='lat' dir='ltr'><strong>per</strong></span> <span class='ocrx_word' id='word_1_201' title='bbox 3364 1491 3567 1548; x_wconf 87' lang='lat' dir='ltr'><strong>Isaiam</strong></span> <span class='ocrx_word' id='word_1_202' title='bbox 3604 1496 3829 1566; x_wconf 78' lang='lat' dir='ltr'><strong>prophe-</strong></span> 
     </span>
    </p>
   </div>
   <div class='ocr_carea' id='block_1_30' title="bbox 2224 1577 3826 1653">
    <p class='ocr_par' dir='ltr' id='par_1_30' title="bbox 2224 1577 3826 1653">
     <span class='ocr_line' id='line_1_30' title="bbox 2224 1577 3826 1653; baseline 0.003 -19"><span class='ocrx_word' id='word_1_203' title='bbox 2224 1589 2332 1634; x_wconf 89' lang='lat' dir='ltr'><strong>tam</strong></span> <span class='ocrx_word' id='word_1_204' title='bbox 2358 1578 2611 1634; x_wconf 80' lang='lat' dir='ltr'><strong>dicentem</strong></span> <span class='ocrx_word' id='word_1_205' title='bbox 2638 1593 2657 1632; x_wconf 89' lang='lat'><strong><em>:</em></strong></span> <span class='ocrx_word' id='word_1_206' title='bbox 2695 1577 2810 1635; x_wconf 70' lang='lat' dir='ltr'><strong>Vos:</strong></span> <span class='ocrx_word' id='word_1_207' title='bbox 2831 1579 3109 1635; x_wconf 84' lang='lat' dir='ltr'><strong>clamantis</strong></span> <span class='ocrx_word' id='word_1_208' title='bbox 3138 1582 3194 1637; x_wconf 88' lang='lat' dir='ltr'><strong>in</strong></span> <span class='ocrx_word' id='word_1_209' title='bbox 3217 1582 3442 1649; x_wconf 86' lang='lat' dir='ltr'><strong>deserto,</strong></span> <span class='ocrx_word' id='word_1_210' title='bbox 3471 1594 3656 1653; x_wconf 85' lang='lat' dir='ltr'><strong>parate</strong></span> <span class='ocrx_word' id='word_1_211' title='bbox 3684 1585 3826 1639; x_wconf 73' lang='lat' dir='ltr'><strong>uiam</strong></span> 
     </span>
    </p>
   </div>
   <div class='ocr_carea' id='block_1_31' title="bbox 2222 1673 3826 1748">
    <p class='ocr_par' dir='ltr' id='par_1_31' title="bbox 2222 1673 3826 1748">
     <span class='ocr_line' id='line_1_31' title="bbox 2222 1673 3826 1748; baseline 0.003 -21"><span class='ocrx_word' id='word_1_212' title='bbox 2222 1673 2467 1739; x_wconf 85' lang='lat' dir='ltr'><strong>Domini,</strong></span> <span class='ocrx_word' id='word_1_213' title='bbox 2522 1682 2688 1729; x_wconf 85' lang='lat' dir='ltr'><strong>rectas</strong></span> <span class='ocrx_word' id='word_1_214' title='bbox 2761 1675 2920 1745; x_wconf 81' lang='lat' dir='ltr'><strong>facite</strong></span> <span class='ocrx_word' id='word_1_215' title='bbox 2976 1677 3192 1730; x_wconf 87' lang='lat' dir='ltr'><strong>semitas</strong></span> <span class='ocrx_word' id='word_1_216' title='bbox 3254 1676 3390 1748; x_wconf 84' lang='lat' dir='ltr'><strong>ejus.</strong></span> <span class='ocrx_word' id='word_1_217' title='bbox 3445 1676 3599 1745; x_wconf 86' lang='lat' dir='ltr'><strong>Quod</strong></span> <span class='ocrx_word' id='word_1_218' title='bbox 3665 1679 3826 1734; x_wconf 79' lang='lat' dir='ltr'><strong>testi-</strong></span> 
     </span>
    </p>
   </div>
   <div class='ocr_carea' id='block_1_32' title="bbox 2223 1768 3827 1841">
    <p class='ocr_par' dir='ltr' id='par_1_32' title="bbox 2223 1768 3827 1841">
     <span class='ocr_line' id='line_1_32' title="bbox 2223 1768 3827 1841; baseline 0.001 -18"><span class='ocrx_word' id='word_1_219' title='bbox 2223 1768 2463 1824; x_wconf 91' lang='lat' dir='ltr'><strong>monium</strong></span> <span class='ocrx_word' id='word_1_220' title='bbox 2515 1770 2770 1840; x_wconf 76' lang='lat' dir='ltr'><strong>ambigue</strong></span> <span class='ocrx_word' id='word_1_221' title='bbox 2818 1771 3056 1841; x_wconf 91' lang='lat' dir='ltr'><strong>positum</strong></span> <span class='ocrx_word' id='word_1_222' title='bbox 3123 1768 3358 1827; x_wconf 90' lang='lat' dir='ltr'><strong>videtur.</strong></span> <span class='ocrx_word' id='word_1_223' title='bbox 3434 1769 3623 1840; x_wconf 82' lang='lat' dir='ltr'><strong>Neque</strong></span> <span class='ocrx_word' id='word_1_224' title='bbox 3689 1773 3827 1826; x_wconf 82' lang='lat' dir='ltr'><strong>satis</strong></span> 
     </span>
    </p>
   </div>
   <div class='ocr_carea' id='block_1_33' title="bbox 538 1851 3829 1935">
    <p class='ocr_par' dir='ltr' id='par_1_33' title="bbox 538 1851 3829 1935">
     <span class='ocr_line' id='line_1_33' title="bbox 538 1851 3829 1935; baseline 0.001 -20"><span class='ocrx_word' id='word_1_225' title='bbox 538 1861 627 1916; x_wconf 87' lang='lat' dir='ltr'><strong>tiae</strong></span> <span class='ocrx_word' id='word_1_226' title='bbox 653 1863 988 1934; x_wconf 89' lang='lat' dir='ltr'><strong>subrigatur,</strong></span> <span class='ocrx_word' id='word_1_227' title='bbox 1013 1873 1283 1934; x_wconf 88' lang='lat' dir='ltr'><strong>quatenus</strong></span> <span class='ocrx_word' id='word_1_228' title='bbox 1307 1880 1406 1935; x_wconf 91' lang='lat' dir='ltr'><strong>per</strong></span> <span class='ocrx_word' id='word_1_229' title='bbox 1436 1866 1577 1921; x_wconf 90' lang='lat' dir='ltr'><strong>hanc</strong></span> <span class='ocrx_word' id='word_1_230' title='bbox 1600 1865 1667 1920; x_wconf 92' lang='lat' dir='ltr'><strong>ad</strong></span> <span class='ocrx_word' id='word_1_231' title='bbox 1694 1879 1758 1919; x_wconf 90' lang='lat' dir='ltr'><strong>ea</strong></span> <span class='ocrx_word' id='word_1_232' title='bbox 1796 1879 1916 1934; x_wconf 67' lang='lat' dir='ltr'><strong>quae</strong></span> <span class='ocrx_word' id='word_1_233' title='bbox 1960 1864 2120 1935; x_wconf 91' lang='lat' dir='ltr'><strong>digna</strong></span> <span class='ocrx_word' id='word_1_234' title='bbox 2148 1851 2198 1912; x_wconf 88' lang='lat' dir='ltr'><strong>B</strong></span> <span class='ocrx_word' id='word_1_235' title='bbox 2224 1870 2491 1932; x_wconf 90' lang='lat' dir='ltr'><strong>apertum,</strong></span> <span class='ocrx_word' id='word_1_236' title='bbox 2517 1873 2701 1919; x_wconf 89' lang='lat' dir='ltr'><strong>utrum</strong></span> <span class='ocrx_word' id='word_1_237' title='bbox 2728 1863 3064 1934; x_wconf 80' lang='lat' dir='ltr'><strong>evangelista</strong></span> <span class='ocrx_word' id='word_1_238' title='bbox 3086 1863 3191 1920; x_wconf 89' lang='lat' dir='ltr'><strong>hoc</strong></span> <span class='ocrx_word' id='word_1_239' title='bbox 3214 1862 3490 1919; x_wconf 78' lang='lat' dir='ltr'><strong>aﬂirmans</strong></span> <span class='ocrx_word' id='word_1_240' title='bbox 3516 1862 3587 1918; x_wconf 93' lang='lat' dir='ltr'><strong>de</strong></span> <span class='ocrx_word' id='word_1_241' title='bbox 3610 1860 3829 1918; x_wconf 84' lang='lat' dir='ltr'><strong>Joanne</strong></span> 
     </span>
    </p>
   </div>
   <div class='ocr_carea' id='block_1_34' title="bbox 535 1955 2121 2028">
    <p class='ocr_par' dir='ltr' id='par_1_34' title="bbox 535 1955 2121 2028">
     <span class='ocr_line' id='line_1_34' title="bbox 535 1955 2121 2028; baseline 0.002 -18"><span class='ocrx_word' id='word_1_242' title='bbox 535 1962 666 2010; x_wconf 85' lang='lat' dir='ltr'><strong>sunt</strong></span> <span class='ocrx_word' id='word_1_243' title='bbox 693 1955 904 2011; x_wconf 90' lang='lat' dir='ltr'><strong>inhiare</strong></span> <span class='ocrx_word' id='word_1_244' title='bbox 945 1965 1285 2011; x_wconf 86' lang='lat' dir='ltr'><strong>consuescat.</strong></span> <span class='ocrx_word' id='word_1_245' title='bbox 1325 1956 1497 2013; x_wconf 84' lang='lat' dir='ltr'><strong>Nemo</strong></span> <span class='ocrx_word' id='word_1_246' title='bbox 1550 1956 1716 2028; x_wconf 79' lang='lat' dir='ltr'><strong>igitur</strong></span> <span class='ocrx_word' id='word_1_247' title='bbox 1765 1971 2121 2013; x_wconf 88' lang='lat' dir='ltr'><strong>consuescere</strong></span> 
     </span>
    </p>
   </div>
   <div class='ocr_carea' id='block_1_35' title="bbox 537 2047 2123 2117">
    <p class='ocr_par' dir='ltr' id='par_1_35' title="bbox 537 2047 2123 2117">
     <span class='ocr_line' id='line_1_35' title="bbox 537 2047 2123 2117; baseline 0.003 -18"><span class='ocrx_word' id='word_1_248' title='bbox 537 2052 690 2100; x_wconf 90' lang='lat' dir='ltr'><strong>recte</strong></span> <span class='ocrx_word' id='word_1_249' title='bbox 716 2054 895 2115; x_wconf 90' lang='lat' dir='ltr'><strong>potest</strong></span> <span class='ocrx_word' id='word_1_250' title='bbox 917 2061 1038 2117; x_wconf 75' lang='lat' dir='ltr'><strong>quae</strong></span> <span class='ocrx_word' id='word_1_251' title='bbox 1066 2047 1324 2103; x_wconf 86' lang='lat' dir='ltr'><strong>sectanda</strong></span> <span class='ocrx_word' id='word_1_252' title='bbox 1361 2056 1507 2114; x_wconf 93' lang='lat' dir='ltr'><strong>sunt,</strong></span> <span class='ocrx_word' id='word_1_253' title='bbox 1539 2048 1585 2103; x_wconf 91' lang='lat' dir='ltr'><strong>si</strong></span> <span class='ocrx_word' id='word_1_254' title='bbox 1608 2062 1715 2103; x_wconf 91' lang='lat' dir='ltr'><strong>non</strong></span> <span class='ocrx_word' id='word_1_255' title='bbox 1745 2048 1896 2117; x_wconf 91' lang='lat' dir='ltr'><strong>prius</strong></span> <span class='ocrx_word' id='word_1_256' title='bbox 1917 2049 2123 2104; x_wconf 91' lang='lat' dir='ltr'><strong>dissue-</strong></span> 
     </span>
    </p>
   </div>
   <div class='ocr_carea' id='block_1_36' title="bbox 538 2139 2119 2210">
    <p class='ocr_par' dir='ltr' id='par_1_36' title="bbox 538 2139 2119 2210">
     <span class='ocr_line' id='line_1_36' title="bbox 538 2139 2119 2210; baseline 0.002 -18"><span class='ocrx_word' id='word_1_257' title='bbox 538 2145 660 2192; x_wconf 85' lang='lat' dir='ltr'><strong>scat</strong></span> <span class='ocrx_word' id='word_1_258' title='bbox 685 2153 805 2208; x_wconf 84' lang='lat' dir='ltr'><strong>quae</strong></span> <span class='ocrx_word' id='word_1_259' title='bbox 826 2139 1102 2195; x_wconf 88' lang='lat' dir='ltr'><strong>contraria</strong></span> <span class='ocrx_word' id='word_1_260' title='bbox 1125 2140 1448 2209; x_wconf 90' lang='lat' dir='ltr'><strong>probantur,</strong></span> <span class='ocrx_word' id='word_1_261' title='bbox 1484 2149 1538 2195; x_wconf 91' lang='lat' dir='ltr'><strong>et</strong></span> <span class='ocrx_word' id='word_1_262' title='bbox 1563 2140 1838 2210; x_wconf 88' lang='lat' dir='ltr'><strong>perimunt</strong></span> <span class='ocrx_word' id='word_1_263' title='bbox 1860 2140 2119 2195; x_wconf 90' lang='lat' dir='ltr'><strong>virtutum</strong></span> 
     </span>
    </p>
   </div>
   <div class='ocr_carea' id='block_1_37' title="bbox 537 2231 2121 2302">
    <p class='ocr_par' dir='ltr' id='par_1_37' title="bbox 537 2231 2121 2302">
     <span class='ocr_line' id='line_1_37' title="bbox 537 2231 2121 2302; baseline 0.003 -18"><span class='ocrx_word' id='word_1_264' title='bbox 537 2231 845 2287; x_wconf 89' lang='lat' dir='ltr'><strong>conamina.</strong></span> <span class='ocrx_word' id='word_1_265' title='bbox 876 2232 1084 2288; x_wconf 93' lang='lat' dir='ltr'><strong>Idcirco</strong></span> <span class='ocrx_word' id='word_1_266' title='bbox 1107 2234 1208 2288; x_wconf 90' lang='lat' dir='ltr'><strong>sub</strong></span> <span class='ocrx_word' id='word_1_267' title='bbox 1231 2233 1335 2287; x_wconf 77' lang='lat' dir='ltr'><strong>har.</strong></span> <span class='ocrx_word' id='word_1_268' title='bbox 1360 2232 1768 2297; x_wconf 86' lang='lat' dir='ltr'><strong>deliberatione,</strong></span> <span class='ocrx_word' id='word_1_269' title='bbox 1812 2231 2121 2302; x_wconf 87' lang='lat' dir='ltr'><strong>quicunque</strong></span> 
     </span>
    </p>
   </div>
   <div class='ocr_carea' id='block_1_38' title="bbox 537 2320 2118 2394">
    <p class='ocr_par' dir='ltr' id='par_1_38' title="bbox 537 2320 2118 2394">
     <span class='ocr_line' id='line_1_38' title="bbox 537 2320 2118 2394; baseline 0.001 -18"><span class='ocrx_word' id='word_1_270' title='bbox 537 2320 831 2376; x_wconf 88' lang='lat' dir='ltr'><strong>salubriter</strong></span> <span class='ocrx_word' id='word_1_271' title='bbox 851 2321 964 2376; x_wconf 94' lang='lat' dir='ltr'><strong>vult</strong></span> <span class='ocrx_word' id='word_1_272' title='bbox 990 2337 1152 2394; x_wconf 88' lang='lat' dir='ltr'><strong>agere</strong></span> <span class='ocrx_word' id='word_1_273' title='bbox 1175 2321 1574 2393; x_wconf 78' lang='lat' dir='ltr'><strong>paenitentiam,</strong></span> <span class='ocrx_word' id='word_1_274' title='bbox 1618 2335 1835 2391; x_wconf 89' lang='lat' dir='ltr'><strong>semper</strong></span> <span class='ocrx_word' id='word_1_275' title='bbox 1873 2321 2118 2378; x_wconf 89' lang='lat' dir='ltr'><strong>timorem</strong></span> 
     </span>
    </p>
   </div>
   <div class='ocr_carea' id='block_1_39' title="bbox 538 2412 2120 2486">
    <p class='ocr_par' dir='ltr' id='par_1_39' title="bbox 538 2412 2120 2486">
     <span class='ocr_line' id='line_1_39' title="bbox 538 2412 2120 2486; baseline 0.003 -19"><span class='ocrx_word' id='word_1_276' title='bbox 538 2412 708 2467; x_wconf 89' lang='lat' dir='ltr'><strong>divini</strong></span> <span class='ocrx_word' id='word_1_277' title='bbox 736 2415 1022 2482; x_wconf 83' lang='lat' dir='ltr'><strong>examinis,</strong></span> <span class='ocrx_word' id='word_1_278' title='bbox 1064 2423 1121 2471; x_wconf 89' lang='lat' dir='ltr'><strong>et</strong></span> <span class='ocrx_word' id='word_1_279' title='bbox 1170 2424 1374 2471; x_wconf 90' lang='lat' dir='ltr'><strong>metum</strong></span> <span class='ocrx_word' id='word_1_280' title='bbox 1423 2430 1708 2486; x_wconf 79' lang='lat' dir='ltr'><strong>ptenarum</strong></span> <span class='ocrx_word' id='word_1_281' title='bbox 1766 2423 1892 2471; x_wconf 87' lang='lat' dir='ltr'><strong>ante</strong></span> <span class='ocrx_word' id='word_1_282' title='bbox 1935 2416 2120 2471; x_wconf 92' lang='lat' dir='ltr'><strong>oculos</strong></span> 
     </span>
    </p>
   </div>
   <div class='ocr_carea' id='block_1_40' title="bbox 536 2503 2117 2578">
    <p class='ocr_par' dir='ltr' id='par_1_40' title="bbox 536 2503 2117 2578">
     <span class='ocr_line' id='line_1_40' title="bbox 536 2503 2117 2578; baseline 0.004 -23"><span class='ocrx_word' id='word_1_283' title='bbox 536 2511 723 2572; x_wconf 90' lang='lat' dir='ltr'><strong>ponat.</strong></span> <span class='ocrx_word' id='word_1_284' title='bbox 763 2503 966 2561; x_wconf 90' lang='lat' dir='ltr'><strong>Deinde</strong></span> <span class='ocrx_word' id='word_1_285' title='bbox 1016 2506 1222 2577; x_wconf 87' lang='lat' dir='ltr'><strong>pudore</strong></span> <span class='ocrx_word' id='word_1_286' title='bbox 1250 2506 1461 2562; x_wconf 85' lang='lat' dir='ltr'><strong>velatus</strong></span> <span class='ocrx_word' id='word_1_287' title='bbox 1490 2505 1695 2578; x_wconf 88' lang='lat' dir='ltr'><strong>jugiter</strong></span> <span class='ocrx_word' id='word_1_288' title='bbox 1744 2516 1871 2561; x_wconf 91' lang='lat' dir='ltr'><strong>ante</strong></span> <span class='ocrx_word' id='word_1_289' title='bbox 1926 2507 2117 2572; x_wconf 91' lang='lat' dir='ltr'><strong>Deum,</strong></span> 
     </span>
    </p>
   </div>
   <div class='ocr_carea' id='block_1_41' title="bbox 541 2598 2121 2670">
    <p class='ocr_par' dir='ltr' id='par_1_41' title="bbox 541 2598 2121 2670">
     <span class='ocr_line' id='line_1_41' title="bbox 541 2598 2121 2670; baseline 0.004 -20"><span class='ocrx_word' id='word_1_290' title='bbox 541 2604 705 2665; x_wconf 90' lang='lat' dir='ltr'><strong>atque</strong></span> <span class='ocrx_word' id='word_1_291' title='bbox 730 2598 1055 2654; x_wconf 86' lang='lat' dir='ltr'><strong>verecundia</strong></span> <span class='ocrx_word' id='word_1_292' title='bbox 1085 2607 1396 2670; x_wconf 90' lang='lat' dir='ltr'><strong>coopertus,</strong></span> <span class='ocrx_word' id='word_1_293' title='bbox 1428 2598 1669 2655; x_wconf 90' lang='lat' dir='ltr'><strong>dolorem</strong></span> <span class='ocrx_word' id='word_1_294' title='bbox 1703 2598 1883 2654; x_wconf 90' lang='lat' dir='ltr'><strong>cordis</strong></span> <span class='ocrx_word' id='word_1_295' title='bbox 1904 2598 2121 2656; x_wconf 83' lang='lat' dir='ltr'><strong>ﬂetibus</strong></span> 
     </span>
    </p>
   </div>
   <div class='ocr_carea' id='block_1_42' title="bbox 535 2690 2120 2763">
    <p class='ocr_par' dir='ltr' id='par_1_42' title="bbox 535 2690 2120 2763">
     <span class='ocr_line' id='line_1_42' title="bbox 535 2690 2120 2763; baseline 0.002 -20"><span class='ocrx_word' id='word_1_296' title='bbox 535 2697 888 2761; x_wconf 87' lang='lat' dir='ltr'><strong>attemperet;</strong></span> <span class='ocrx_word' id='word_1_297' title='bbox 920 2692 1050 2763; x_wconf 90' lang='lat' dir='ltr'><strong>quia</strong></span> <span class='ocrx_word' id='word_1_298' title='bbox 1074 2693 1192 2748; x_wconf 90' lang='lat' dir='ltr'><strong>sine</strong></span> <span class='ocrx_word' id='word_1_299' title='bbox 1217 2692 1402 2748; x_wconf 91' lang='lat' dir='ltr'><strong>dolore</strong></span> <span class='ocrx_word' id='word_1_300' title='bbox 1433 2691 1577 2747; x_wconf 90' lang='lat' dir='ltr'><strong>nulla</strong></span> <span class='ocrx_word' id='word_1_301' title='bbox 1597 2701 1805 2762; x_wconf 90' lang='lat' dir='ltr'><strong>queunt</strong></span> <span class='ocrx_word' id='word_1_302' title='bbox 1836 2707 1958 2749; x_wconf 89' lang='lat' dir='ltr'><strong>esse</strong></span> <span class='ocrx_word' id='word_1_303' title='bbox 2003 2690 2120 2747; x_wconf 86' lang='lat' dir='ltr'><strong>vul-</strong></span> 
     </span>
    </p>
   </div>
   <div class='ocr_carea' id='block_1_43' title="bbox 533 2781 2120 2847">
    <p class='ocr_par' dir='ltr' id='par_1_43' title="bbox 533 2781 2120 2847">
     <span class='ocr_line' id='line_1_43' title="bbox 533 2781 2120 2847; baseline 0.001 -11"><span class='ocrx_word' id='word_1_304' title='bbox 533 2795 688 2847; x_wconf 87' lang='lat' dir='ltr'><strong>nera,</strong></span> <span class='ocrx_word' id='word_1_305' title='bbox 715 2782 759 2836; x_wconf 91' lang='lat' dir='ltr'><strong>si</strong></span> <span class='ocrx_word' id='word_1_306' title='bbox 785 2782 971 2836; x_wconf 86' lang='lat' dir='ltr'><strong>vitalia</strong></span> <span class='ocrx_word' id='word_1_307' title='bbox 1000 2785 1369 2839; x_wconf 89' lang='lat' dir='ltr'><strong>membrorum</strong></span> <span class='ocrx_word' id='word_1_308' title='bbox 1395 2798 1502 2838; x_wconf 92' lang='lat' dir='ltr'><strong>non</strong></span> <span class='ocrx_word' id='word_1_309' title='bbox 1536 2781 1743 2838; x_wconf 85' lang='lat' dir='ltr'><strong>fuerint</strong></span> <span class='ocrx_word' id='word_1_310' title='bbox 1768 2783 2120 2838; x_wconf 81' lang='lat' dir='ltr'><strong>circummur-</strong></span> 
     </span>
    </p>
   </div>
   <div class='ocr_carea' id='block_1_44' title="bbox 537 2868 2114 2943">
    <p class='ocr_par' dir='ltr' id='par_1_44' title="bbox 537 2868 2114 2943">
     <span class='ocr_line' id='line_1_44' title="bbox 537 2868 2114 2943; baseline 0.002 -19"><span class='ocrx_word' id='word_1_311' title='bbox 537 2879 649 2925; x_wconf 85' lang='lat' dir='ltr'><strong>tua.</strong></span> <span class='ocrx_word' id='word_1_312' title='bbox 706 2868 859 2937; x_wconf 82' lang='lat' dir='ltr'><strong>Quod</strong></span> <span class='ocrx_word' id='word_1_313' title='bbox 902 2874 948 2927; x_wconf 87' lang='lat' dir='ltr'><strong>si</strong></span> <span class='ocrx_word' id='word_1_314' title='bbox 1004 2873 1187 2943; x_wconf 87' lang='lat' dir='ltr'><strong>itaque</strong></span> <span class='ocrx_word' id='word_1_315' title='bbox 1241 2872 1434 2928; x_wconf 89' lang='lat' dir='ltr'><strong>vulnus</strong></span> <span class='ocrx_word' id='word_1_316' title='bbox 1474 2873 1654 2928; x_wconf 86' lang='lat' dir='ltr'><strong>cordis</strong></span> <span class='ocrx_word' id='word_1_317' title='bbox 1699 2887 1807 2928; x_wconf 89' lang='lat' dir='ltr'><strong>non</strong></span> <span class='ocrx_word' id='word_1_318' title='bbox 1867 2872 2114 2937; x_wconf 87' lang='lat' dir='ltr'><strong>doluerit,</strong></span> 
     </span>
    </p>
   </div>
   <div class='ocr_carea' id='block_1_45' title="bbox 536 2963 2118 3036">
    <p class='ocr_par' dir='ltr' id='par_1_45' title="bbox 536 2963 2118 3036">
     <span class='ocr_line' id='line_1_45' title="bbox 536 2963 2118 3036; baseline 0.001 -17"><span class='ocrx_word' id='word_1_319' title='bbox 536 2972 842 3019; x_wconf 89' lang='lat' dir='ltr'><strong>emortuum</strong></span> <span class='ocrx_word' id='word_1_320' title='bbox 870 2973 954 3019; x_wconf 92' lang='lat' dir='ltr'><strong>est</strong></span> <span class='ocrx_word' id='word_1_321' title='bbox 984 2963 1134 3027; x_wconf 91' lang='lat' dir='ltr'><strong>illud,</strong></span> <span class='ocrx_word' id='word_1_322' title='bbox 1160 2974 1215 3020; x_wconf 92' lang='lat' dir='ltr'><strong>et</strong></span> <span class='ocrx_word' id='word_1_323' title='bbox 1238 2979 1305 3020; x_wconf 91' lang='lat' dir='ltr'><strong>eo</strong></span> <span class='ocrx_word' id='word_1_324' title='bbox 1334 2965 1507 3036; x_wconf 86' lang='lat' dir='ltr'><strong>magis</strong></span> <span class='ocrx_word' id='word_1_325' title='bbox 1532 2973 1617 3020; x_wconf 91' lang='lat' dir='ltr'><strong>est</strong></span> <span class='ocrx_word' id='word_1_326' title='bbox 1645 2964 1945 3020; x_wconf 90' lang='lat' dir='ltr'><strong>incurabile</strong></span> <span class='ocrx_word' id='word_1_327' title='bbox 1974 2965 2118 3035; x_wconf 90' lang='lat' dir='ltr'><strong>quod</strong></span> 
     </span>
    </p>
   </div>
   <div class='ocr_carea' id='block_1_46' title="bbox 536 3057 2119 3127">
    <p class='ocr_par' dir='ltr' id='par_1_46' title="bbox 536 3057 2119 3127">
     <span class='ocr_line' id='line_1_46' title="bbox 536 3057 2119 3127; baseline 0.001 -16"><span class='ocrx_word' id='word_1_328' title='bbox 536 3071 635 3112; x_wconf 88' lang='lat' dir='ltr'><strong>nec</strong></span> <span class='ocrx_word' id='word_1_329' title='bbox 656 3071 713 3111; x_wconf 90' lang='lat' dir='ltr'><strong>se</strong></span> <span class='ocrx_word' id='word_1_330' title='bbox 736 3057 921 3124; x_wconf 88' lang='lat' dir='ltr'><strong>sentit,</strong></span> <span class='ocrx_word' id='word_1_331' title='bbox 947 3072 1121 3127; x_wconf 89' lang='lat' dir='ltr'><strong>neque</strong></span> <span class='ocrx_word' id='word_1_332' title='bbox 1146 3057 1613 3127; x_wconf 90' lang='lat' dir='ltr'><strong>supervenientem</strong></span> <span class='ocrx_word' id='word_1_333' title='bbox 1636 3057 1959 3112; x_wconf 86' lang='lat' dir='ltr'><strong>medicinam</strong></span> <span class='ocrx_word' id='word_1_334' title='bbox 1997 3072 2119 3113; x_wconf 91' lang='lat' dir='ltr'><strong>sen-</strong></span> 
     </span>
    </p>
   </div>
   <div class='ocr_carea' id='block_1_47' title="bbox 536 3147 2121 3220">
    <p class='ocr_par' dir='ltr' id='par_1_47' title="bbox 536 3147 2121 3220">
     <span class='ocr_line' id='line_1_47' title="bbox 536 3147 2121 3220; baseline 0.001 -18"><span class='ocrx_word' id='word_1_335' title='bbox 536 3148 721 3204; x_wconf 89' lang='lat' dir='ltr'><strong>tiendo</strong></span> <span class='ocrx_word' id='word_1_336' title='bbox 763 3147 905 3205; x_wconf 91' lang='lat' dir='ltr'><strong>valet</strong></span> <span class='ocrx_word' id='word_1_337' title='bbox 934 3150 1228 3220; x_wconf 88' lang='lat' dir='ltr'><strong>suscipere.</strong></span> <span class='ocrx_word' id='word_1_338' title='bbox 1259 3149 1412 3218; x_wconf 85' lang='lat' dir='ltr'><strong>Quod</strong></span> <span class='ocrx_word' id='word_1_339' title='bbox 1441 3150 1487 3205; x_wconf 90' lang='lat' dir='ltr'><strong>si</strong></span> <span class='ocrx_word' id='word_1_340' title='bbox 1512 3150 1713 3205; x_wconf 90' lang='lat' dir='ltr'><strong>sentire</strong></span> <span class='ocrx_word' id='word_1_341' title='bbox 1741 3149 1983 3219; x_wconf 87' lang='lat' dir='ltr'><strong>coeperit,</strong></span> <span class='ocrx_word' id='word_1_342' title='bbox 2015 3150 2121 3205; x_wconf 90' lang='lat' dir='ltr'><strong>erit</strong></span> 
     </span>
    </p>
   </div>
   <div class='ocr_carea' id='block_1_48' title="bbox 2222 1954 3824 2027">
    <p class='ocr_par' dir='ltr' id='par_1_48' title="bbox 2222 1954 3824 2027">
     <span class='ocr_line' id='line_1_48' title="bbox 2222 1954 3824 2027; baseline 0 -18"><span class='ocrx_word' id='word_1_343' title='bbox 2222 1964 2605 2025; x_wconf 89' lang='lat' dir='ltr'><strong>prosequatur,</strong></span> <span class='ocrx_word' id='word_1_344' title='bbox 2634 1970 2705 2010; x_wconf 89' lang='lat' dir='ltr'><strong>an</strong></span> <span class='ocrx_word' id='word_1_345' title='bbox 2734 1955 2850 2027; x_wconf 91' lang='lat' dir='ltr'><strong>ipse</strong></span> <span class='ocrx_word' id='word_1_346' title='bbox 2877 1954 3113 2012; x_wconf 84' lang='lat' dir='ltr'><strong>Joannes</strong></span> <span class='ocrx_word' id='word_1_347' title='bbox 3153 1956 3220 2011; x_wconf 91' lang='lat' dir='ltr'><strong>de</strong></span> <span class='ocrx_word' id='word_1_348' title='bbox 3267 1970 3327 2011; x_wconf 88' lang='lat' dir='ltr'><strong>se</strong></span> <span class='ocrx_word' id='word_1_349' title='bbox 3372 1954 3529 2026; x_wconf 90' lang='lat' dir='ltr'><strong>quasi</strong></span> <span class='ocrx_word' id='word_1_350' title='bbox 3577 1954 3645 2010; x_wconf 93' lang='lat' dir='ltr'><strong>de</strong></span> <span class='ocrx_word' id='word_1_351' title='bbox 3686 1954 3824 2021; x_wconf 89' lang='lat' dir='ltr'><strong>alio,</strong></span> 
     </span>
    </p>
   </div>
   <div class='ocr_carea' id='block_1_49' title="bbox 2222 2032 3824 2121">
    <p class='ocr_par' dir='ltr' id='par_1_49' title="bbox 2222 2032 3824 2121">
     <span class='ocr_line' id='line_1_49' title="bbox 2222 2032 3824 2121; baseline -0.001 -18"><span class='ocrx_word' id='word_1_352' title='bbox 2222 2048 2365 2105; x_wconf 89' lang='lat' dir='ltr'><strong>sicut</strong></span> <span class='ocrx_word' id='word_1_353' title='bbox 2399 2048 2804 2121; x_wconf 90' lang='lat' dir='ltr'><strong>Scripturarum</strong></span> <span class='ocrx_word' id='word_1_354' title='bbox 2847 2064 2967 2104; x_wconf 90' lang='lat' dir='ltr'><strong>mos</strong></span> <span class='ocrx_word' id='word_1_355' title='bbox 3020 2060 3134 2110; x_wconf 88' lang='lat' dir='ltr'><strong>est,</strong></span> <span class='ocrx_word' id='word_1_356' title='bbox 3185 2032 3396 2119; x_wconf 75' lang='lat' dir='ltr'><strong>tropice</strong></span> <span class='ocrx_word' id='word_1_357' title='bbox 3448 2046 3723 2118; x_wconf 89' lang='lat' dir='ltr'><strong>loquatur.</strong></span> <span class='ocrx_word' id='word_1_358' title='bbox 3764 2036 3824 2101; x_wconf 85' lang='lat' dir='ltr'><strong>Si</strong></span> 
     </span>
    </p>
   </div>
   <div class='ocr_carea' id='block_1_50' title="bbox 2171 2134 3829 2210">
    <p class='ocr_par' dir='ltr' id='par_1_50' title="bbox 2171 2134 3829 2210">
     <span class='ocr_line' id='line_1_50' title="bbox 2171 2134 3829 2210; baseline -0.002 -13"><span class='ocrx_word' id='word_1_359' title='bbox 2171 2176 2188 2191; x_wconf 56' lang='grc' dir='ltr'><strong>κ</strong></span> <span class='ocrx_word' id='word_1_360' title='bbox 2221 2142 2365 2197; x_wconf 88' lang='lat' dir='ltr'><strong>enim</strong></span> <span class='ocrx_word' id='word_1_361' title='bbox 2395 2143 2500 2198; x_wconf 87' lang='lat' dir='ltr'><strong>hoc</strong></span> <span class='ocrx_word' id='word_1_362' title='bbox 2541 2140 2803 2197; x_wconf 82' lang='lat' dir='ltr'><strong>Joannem</strong></span> <span class='ocrx_word' id='word_1_363' title='bbox 2830 2141 2897 2197; x_wconf 86' lang='lat' dir='ltr'><strong>de</strong></span> <span class='ocrx_word' id='word_1_364' title='bbox 2941 2156 3000 2197; x_wconf 90' lang='lat' dir='ltr'><strong>se</strong></span> <span class='ocrx_word' id='word_1_365' title='bbox 3036 2141 3237 2197; x_wconf 78' lang='lat' dir='ltr'><strong>dixisse</strong></span> <span class='ocrx_word' id='word_1_366' title='bbox 3250 2134 3624 2210; x_wconf 85' lang='lat' dir='ltr'><strong>intelligamus</strong></span> <span class='ocrx_word' id='word_1_367' title='bbox 3654 2157 3669 2193; x_wconf 91' lang='lat'>:</span> <span class='ocrx_word' id='word_1_368' title='bbox 3699 2137 3829 2194; x_wconf 75' lang='grc' dir='ltr'><strong>Ρω-</strong></span> 
     </span>
    </p>
   </div>
   <div class='ocr_carea' id='block_1_51' title="bbox 2222 2233 3830 2306">
    <p class='ocr_par' dir='ltr' id='par_1_51' title="bbox 2222 2233 3830 2306">
     <span class='ocr_line' id='line_1_51' title="bbox 2222 2233 3830 2306; baseline -0.001 -18"><span class='ocrx_word' id='word_1_369' title='bbox 2222 2235 2497 2288; x_wconf 88' lang='lat' dir='ltr'><strong>nitentiam</strong></span> <span class='ocrx_word' id='word_1_370' title='bbox 2530 2236 2691 2304; x_wconf 86' lang='lat' dir='ltr'><strong>agite,</strong></span> <span class='ocrx_word' id='word_1_371' title='bbox 2730 2234 3164 2306; x_wconf 80' lang='lat' dir='ltr'><strong>appmpinquavit</strong></span> <span class='ocrx_word' id='word_1_372' title='bbox 3212 2234 3353 2288; x_wconf 88' lang='lat' dir='ltr'><strong>enim</strong></span> <span class='ocrx_word' id='word_1_373' title='bbox 3405 2248 3623 2304; x_wconf 80' lang='lat' dir='ltr'><strong>regnum</strong></span> <span class='ocrx_word' id='word_1_374' title='bbox 3664 2233 3830 2287; x_wconf 75' lang='lat' dir='ltr'><strong>ctelo-</strong></span> 
     </span>
    </p>
   </div>
   <div class='ocr_carea' id='block_1_52' title="bbox 2220 2323 3827 2399">
    <p class='ocr_par' dir='ltr' id='par_1_52' title="bbox 2220 2323 3827 2399">
     <span class='ocr_line' id='line_1_52' title="bbox 2220 2323 3827 2399; baseline -0.002 -20"><span class='ocrx_word' id='word_1_375' title='bbox 2220 2342 2338 2380; x_wconf 87' lang='lat' dir='ltr'><strong>rum</strong></span> <span class='ocrx_word' id='word_1_376' title='bbox 2361 2340 2381 2379; x_wconf 89' lang='lat'><strong><em>:</em></strong></span> <span class='ocrx_word' id='word_1_377' title='bbox 2402 2336 2454 2382; x_wconf 88' lang='lat' dir='ltr'><strong>et</strong></span> <span class='ocrx_word' id='word_1_378' title='bbox 2480 2326 2583 2380; x_wconf 82' lang='lat' dir='ltr'><strong>Hic</strong></span> <span class='ocrx_word' id='word_1_379' title='bbox 2614 2336 2688 2382; x_wconf 91' lang='lat' dir='ltr'><strong>est</strong></span> <span class='ocrx_word' id='word_1_380' title='bbox 2713 2328 2804 2399; x_wconf 86' lang='lat' dir='ltr'><strong>qui</strong></span> <span class='ocrx_word' id='word_1_381' title='bbox 2837 2327 3009 2382; x_wconf 81' lang='lat' dir='ltr'><strong>dictus</strong></span> <span class='ocrx_word' id='word_1_382' title='bbox 3035 2335 3112 2381; x_wconf 86' lang='lat' dir='ltr'><strong>est</strong></span> <span class='ocrx_word' id='word_1_383' title='bbox 3145 2342 3240 2396; x_wconf 89' lang='lat' dir='ltr'><strong>per</strong></span> <span class='ocrx_word' id='word_1_384' title='bbox 3259 2324 3461 2380; x_wconf 80' lang='lat' dir='ltr'><strong>Isaiam</strong></span> <span class='ocrx_word' id='word_1_385' title='bbox 3483 2323 3827 2395; x_wconf 72' lang='lat' dir='ltr'><strong>prophetam,</strong></span> 
     </span>
    </p>
   </div>
   <div class='ocr_carea' id='block_1_53' title="bbox 2220 2415 3828 2488">
    <p class='ocr_par' dir='ltr' id='par_1_53' title="bbox 2220 2415 3828 2488">
     <span class='ocr_line' id='line_1_53' title="bbox 2220 2415 3828 2488; baseline -0.002 -16"><span class='ocrx_word' id='word_1_386' title='bbox 2220 2424 2277 2472; x_wconf 91' lang='lat' dir='ltr'><strong>et</strong></span> <span class='ocrx_word' id='word_1_387' title='bbox 2302 2427 2499 2473; x_wconf 67' lang='lat' dir='ltr'><strong>caetera</strong></span> <span class='ocrx_word' id='word_1_388' title='bbox 2536 2432 2656 2487; x_wconf 65' lang='lat' dir='ltr'><strong>qua:</strong></span> <span class='ocrx_word' id='word_1_389' title='bbox 2669 2426 2990 2488; x_wconf 89' lang='lat' dir='ltr'><strong>sequuntur,</strong></span> <span class='ocrx_word' id='word_1_390' title='bbox 3022 2416 3131 2473; x_wconf 88' lang='lat' dir='ltr'><strong>tale</strong></span> <span class='ocrx_word' id='word_1_391' title='bbox 3154 2425 3260 2482; x_wconf 90' lang='lat' dir='ltr'><strong>est,</strong></span> <span class='ocrx_word' id='word_1_392' title='bbox 3287 2430 3354 2471; x_wconf 89' lang='lat' dir='ltr'><strong>ac</strong></span> <span class='ocrx_word' id='word_1_393' title='bbox 3386 2415 3432 2471; x_wconf 92' lang='lat' dir='ltr'><strong>si</strong></span> <span class='ocrx_word' id='word_1_394' title='bbox 3459 2415 3686 2479; x_wconf 88' lang='lat' dir='ltr'><strong>diceret,</strong></span> <span class='ocrx_word' id='word_1_395' title='bbox 3718 2429 3828 2484; x_wconf 80' lang='lat' dir='ltr'><strong>ego</strong></span> 
     </span>
    </p>
   </div>
   <div class='ocr_carea' id='block_1_54' title="bbox 2220 2506 3827 2581">
    <p class='ocr_par' dir='ltr' id='par_1_54' title="bbox 2220 2506 3827 2581">
     <span class='ocr_line' id='line_1_54' title="bbox 2220 2506 3827 2581; baseline -0.002 -16"><span class='ocrx_word' id='word_1_396' title='bbox 2220 2524 2340 2565; x_wconf 90' lang='lat' dir='ltr'><strong>sum</strong></span> <span class='ocrx_word' id='word_1_397' title='bbox 2372 2510 2461 2565; x_wconf 91' lang='lat' dir='ltr'><strong>ille</strong></span> <span class='ocrx_word' id='word_1_398' title='bbox 2489 2511 2581 2579; x_wconf 92' lang='lat' dir='ltr'><strong>qui</strong></span> <span class='ocrx_word' id='word_1_399' title='bbox 2628 2511 2809 2566; x_wconf 87' lang='lat' dir='ltr'><strong>dictus</strong></span> <span class='ocrx_word' id='word_1_400' title='bbox 2829 2525 2949 2565; x_wconf 89' lang='lat' dir='ltr'><strong>sum</strong></span> <span class='ocrx_word' id='word_1_401' title='bbox 2976 2525 3075 2581; x_wconf 91' lang='lat' dir='ltr'><strong>per</strong></span> <span class='ocrx_word' id='word_1_402' title='bbox 3106 2508 3301 2565; x_wconf 89' lang='lat' dir='ltr'><strong>Isaiam</strong></span> <span class='ocrx_word' id='word_1_403' title='bbox 3341 2508 3687 2578; x_wconf 87' lang='lat' dir='ltr'><strong>prophetam.</strong></span> <span class='ocrx_word' id='word_1_404' title='bbox 3718 2506 3827 2562; x_wconf 86' lang='lat' dir='ltr'><strong>So-</strong></span> 
     </span>
    </p>
   </div>
   <div class='ocr_carea' id='block_1_55' title="bbox 2220 2597 3827 2672">
    <p class='ocr_par' dir='ltr' id='par_1_55' title="bbox 2220 2597 3827 2672">
     <span class='ocr_line' id='line_1_55' title="bbox 2220 2597 3827 2672; baseline -0.001 -16"><span class='ocrx_word' id='word_1_405' title='bbox 2220 2601 2293 2656; x_wconf 88' lang='lat' dir='ltr'><strong>let</strong></span> <span class='ocrx_word' id='word_1_406' title='bbox 2324 2601 2470 2657; x_wconf 89' lang='lat' dir='ltr'><strong>enim</strong></span> <span class='ocrx_word' id='word_1_407' title='bbox 2495 2601 2804 2672; x_wconf 91' lang='lat' dir='ltr'><strong>hujusmodi</strong></span> <span class='ocrx_word' id='word_1_408' title='bbox 2843 2602 3045 2657; x_wconf 89' lang='lat' dir='ltr'><strong>locutio</strong></span> <span class='ocrx_word' id='word_1_409' title='bbox 3068 2601 3121 2656; x_wconf 90' lang='lat' dir='ltr'><strong>in</strong></span> <span class='ocrx_word' id='word_1_410' title='bbox 3161 2598 3458 2671; x_wconf 86' lang='lat' dir='ltr'><strong>Scripturis</strong></span> <span class='ocrx_word' id='word_1_411' title='bbox 3485 2597 3827 2669; x_wconf 75' lang='lat' dir='ltr'><strong>frequentis-</strong></span> 
     </span>
    </p>
   </div>
   <div class='ocr_carea' id='block_1_56' title="bbox 2219 2692 3826 2763">
    <p class='ocr_par' dir='ltr' id='par_1_56' title="bbox 2219 2692 3826 2763">
     <span class='ocr_line' id='line_1_56' title="bbox 2219 2692 3826 2763; baseline -0.002 -13"><span class='ocrx_word' id='word_1_412' title='bbox 2219 2696 2355 2750; x_wconf 89' lang='lat' dir='ltr'><strong>sime</strong></span> <span class='ocrx_word' id='word_1_413' title='bbox 2377 2695 2514 2750; x_wconf 85' lang='lat' dir='ltr'><strong>ﬁeri.</strong></span> <span class='ocrx_word' id='word_1_414' title='bbox 2546 2695 2697 2752; x_wconf 89' lang='lat' dir='ltr'><strong>Unde</strong></span> <span class='ocrx_word' id='word_1_415' title='bbox 2722 2694 2811 2751; x_wconf 84' lang='lat' dir='ltr'><strong>hic</strong></span> <span class='ocrx_word' id='word_1_416' title='bbox 2836 2694 3149 2750; x_wconf 75' lang='lat' dir='ltr'><strong>Mattlneus:</strong></span> <span class='ocrx_word' id='word_1_417' title='bbox 3178 2694 3405 2760; x_wconf 76' lang='lat' dir='ltr'><strong>Invenit,</strong></span> <span class='ocrx_word' id='word_1_418' title='bbox 3434 2692 3635 2763; x_wconf 87' lang='lat' dir='ltr'><strong>inquit,</strong></span> <span class='ocrx_word' id='word_1_419' title='bbox 3658 2693 3826 2748; x_wconf 73' lang='lat' dir='ltr'><strong>Iesus</strong></span> 
     </span>
    </p>
   </div>
   <div class='ocr_carea' id='block_1_57' title="bbox 2220 2783 3824 2857">
    <p class='ocr_par' dir='ltr' id='par_1_57' title="bbox 2220 2783 3824 2857">
     <span class='ocr_line' id='line_1_57' title="bbox 2220 2783 3824 2857; baseline 0.001 -17"><span class='ocrx_word' id='word_1_420' title='bbox 2220 2788 2484 2842; x_wconf 83' lang='lat' dir='ltr'><strong>hominem</strong></span> <span class='ocrx_word' id='word_1_421' title='bbox 2514 2788 2774 2842; x_wconf 83' lang='lat' dir='ltr'><strong>sedentem</strong></span> <span class='ocrx_word' id='word_1_422' title='bbox 2806 2788 2862 2842; x_wconf 89' lang='lat' dir='ltr'><strong>in</strong></span> <span class='ocrx_word' id='word_1_423' title='bbox 2904 2786 3096 2842; x_wconf 86' lang='lat' dir='ltr'><strong>telonio</strong></span> <span class='ocrx_word' id='word_1_424' title='bbox 3139 2783 3354 2857; x_wconf 76' lang='lat' dir='ltr'><strong>(Matth.</strong></span> <span class='ocrx_word' id='word_1_425' title='bbox 3385 2800 3464 2850; x_wconf 82' lang='lat' dir='ltr'><strong>Ix,</strong></span> <span class='ocrx_word' id='word_1_426' title='bbox 3489 2784 3568 2855; x_wconf 89' lang='lat'><strong>9),</strong></span> <span class='ocrx_word' id='word_1_427' title='bbox 3613 2794 3671 2840; x_wconf 92' lang='lat' dir='ltr'><strong>et</strong></span> <span class='ocrx_word' id='word_1_428' title='bbox 3705 2801 3824 2842; x_wconf 82' lang='lat' dir='ltr'><strong>non</strong></span> 
     </span>
    </p>
   </div>
   <div class='ocr_carea' id='block_1_58' title="bbox 2221 2876 3821 2947">
    <p class='ocr_par' dir='ltr' id='par_1_58' title="bbox 2221 2876 3821 2947">
     <span class='ocr_line' id='line_1_58' title="bbox 2221 2876 3821 2947; baseline -0.002 -14"><span class='ocrx_word' id='word_1_429' title='bbox 2221 2878 2380 2944; x_wconf 85' lang='lat' dir='ltr'><strong>dixit,</strong></span> <span class='ocrx_word' id='word_1_430' title='bbox 2421 2879 2627 2935; x_wconf 88' lang='lat' dir='ltr'><strong>invenit</strong></span> <span class='ocrx_word' id='word_1_431' title='bbox 2647 2893 2735 2934; x_wconf 92' lang='lat' dir='ltr'><strong>me</strong></span> <span class='ocrx_word' id='word_1_432' title='bbox 2764 2879 3067 2942; x_wconf 87' lang='lat' dir='ltr'><strong>sedentem,</strong></span> <span class='ocrx_word' id='word_1_433' title='bbox 3099 2892 3169 2932; x_wconf 90' lang='lat' dir='ltr'><strong>ne</strong></span> <span class='ocrx_word' id='word_1_434' title='bbox 3198 2876 3354 2946; x_wconf 90' lang='lat' dir='ltr'><strong>quasi</strong></span> <span class='ocrx_word' id='word_1_435' title='bbox 3394 2877 3460 2931; x_wconf 91' lang='lat' dir='ltr'><strong>de</strong></span> <span class='ocrx_word' id='word_1_436' title='bbox 3498 2890 3558 2930; x_wconf 91' lang='lat' dir='ltr'><strong>se</strong></span> <span class='ocrx_word' id='word_1_437' title='bbox 3596 2876 3821 2947; x_wconf 84' lang='lat' dir='ltr'><strong>jactan-</strong></span> 
     </span>
    </p>
   </div>
   <div class='ocr_carea' id='block_1_59' title="bbox 2221 2967 3819 3040">
    <p class='ocr_par' dir='ltr' id='par_1_59' title="bbox 2221 2967 3819 3040">
     <span class='ocr_line' id='line_1_59' title="bbox 2221 2967 3819 3040; baseline 0.001 -17"><span class='ocrx_word' id='word_1_438' title='bbox 2221 2975 2307 3023; x_wconf 91' lang='lat' dir='ltr'><strong>ter</strong></span> <span class='ocrx_word' id='word_1_439' title='bbox 2332 2969 2665 3039; x_wconf 90' lang='lat' dir='ltr'><strong>loqueretur.</strong></span> <span class='ocrx_word' id='word_1_440' title='bbox 2695 2970 2883 3040; x_wconf 89' lang='lat' dir='ltr'><strong>Itaque</strong></span> <span class='ocrx_word' id='word_1_441' title='bbox 2904 2977 2959 3024; x_wconf 90' lang='lat' dir='ltr'><strong>et</strong></span> <span class='ocrx_word' id='word_1_442' title='bbox 2995 2967 3213 3039; x_wconf 83' lang='lat' dir='ltr'><strong>Moyses</strong></span> <span class='ocrx_word' id='word_1_443' title='bbox 3232 2984 3329 3039; x_wconf 89' lang='lat' dir='ltr'><strong>per</strong></span> <span class='ocrx_word' id='word_1_444' title='bbox 3355 2982 3571 3023; x_wconf 90' lang='lat' dir='ltr'><strong>omnem</strong></span> <span class='ocrx_word' id='word_1_445' title='bbox 3603 2977 3819 3024; x_wconf 76' lang='lat' dir='ltr'><strong>textum</strong></span> 
     </span>
    </p>
   </div>
   <div class='ocr_carea' id='block_1_60' title="bbox 2222 3058 3824 3130">
    <p class='ocr_par' dir='ltr' id='par_1_60' title="bbox 2222 3058 3824 3130">
     <span class='ocr_line' id='line_1_60' title="bbox 2222 3058 3824 3130; baseline 0 -15"><span class='ocrx_word' id='word_1_446' title='bbox 2222 3058 2418 3115; x_wconf 88' lang='lat' dir='ltr'><strong>divinae</strong></span> <span class='ocrx_word' id='word_1_447' title='bbox 2447 3060 2581 3130; x_wconf 87' lang='lat' dir='ltr'><strong>legis</strong></span> <span class='ocrx_word' id='word_1_448' title='bbox 2607 3060 2688 3115; x_wconf 91' lang='lat' dir='ltr'><strong>sic</strong></span> <span class='ocrx_word' id='word_1_449' title='bbox 2717 3062 2783 3116; x_wconf 92' lang='lat' dir='ltr'><strong>de</strong></span> <span class='ocrx_word' id='word_1_450' title='bbox 2810 3076 2888 3127; x_wconf 90' lang='lat' dir='ltr'><strong>se,</strong></span> <span class='ocrx_word' id='word_1_451' title='bbox 2921 3077 3013 3116; x_wconf 91' lang='lat' dir='ltr'><strong>seu</strong></span> <span class='ocrx_word' id='word_1_452' title='bbox 3043 3060 3110 3116; x_wconf 92' lang='lat' dir='ltr'><strong>de</strong></span> <span class='ocrx_word' id='word_1_453' title='bbox 3132 3060 3240 3115; x_wconf 92' lang='lat' dir='ltr'><strong>alio</strong></span> <span class='ocrx_word' id='word_1_454' title='bbox 3266 3060 3507 3130; x_wconf 86' lang='lat' dir='ltr'><strong>loquitur</strong></span> <span class='ocrx_word' id='word_1_455' title='bbox 3538 3077 3551 3113; x_wconf 91' lang='lat'>:</span> <span class='ocrx_word' id='word_1_456' title='bbox 3580 3058 3824 3115; x_wconf 75' lang='lat' dir='ltr'><strong>Locutus</strong></span> 
     </span>
    </p>
   </div>
   <div class='ocr_carea' id='block_1_61' title="bbox 2222 3140 3825 3224">
    <p class='ocr_par' dir='ltr' id='par_1_61' title="bbox 2222 3140 3825 3224">
     <span class='ocr_line' id='line_1_61' title="bbox 2222 3140 3825 3224; baseline 0.002 -18"><span class='ocrx_word' id='word_1_457' title='bbox 2222 3159 2299 3206; x_wconf 88' lang='lat' dir='ltr'><strong>est</strong></span> <span class='ocrx_word' id='word_1_458' title='bbox 2324 3140 2579 3206; x_wconf 84' lang='lat' dir='ltr'><strong>Dominus</strong></span> <span class='ocrx_word' id='word_1_459' title='bbox 2610 3153 2679 3207; x_wconf 86' lang='lat' dir='ltr'><strong>ad</strong></span> <span class='ocrx_word' id='word_1_460' title='bbox 2724 3152 2941 3224; x_wconf 80' lang='lat' dir='ltr'><strong>Moysen</strong></span> <span class='ocrx_word' id='word_1_461' title='bbox 2980 3154 3176 3208; x_wconf 88' lang='lat' dir='ltr'><strong>dicens.</strong></span> <span class='ocrx_word' id='word_1_462' title='bbox 3222 3151 3408 3222; x_wconf 82' lang='lat' dir='ltr'><strong>Neque</strong></span> <span class='ocrx_word' id='word_1_463' title='bbox 3433 3153 3579 3208; x_wconf 90' lang='lat' dir='ltr'><strong>enim</strong></span> <span class='ocrx_word' id='word_1_464' title='bbox 3607 3153 3680 3207; x_wconf 85' lang='lat' dir='ltr'><strong>ad</strong></span> <span class='ocrx_word' id='word_1_465' title='bbox 3720 3169 3825 3209; x_wconf 79' lang='lat' dir='ltr'><strong>ex-</strong></span> 
     </span>
    </p>
   </div>
   <div class='ocr_carea' id='block_1_62' title="bbox 536 3214 3826 3315">
    <p class='ocr_par' dir='ltr' id='par_1_62' title="bbox 536 3214 3826 3315">
     <span class='ocr_line' id='line_1_62' title="bbox 536 3214 3826 3315; baseline 0.003 -22"><span class='ocrx_word' id='word_1_466' title='bbox 536 3239 735 3295; x_wconf 71' lang='lat' dir='ltr'><strong>divinaa</strong></span> <span class='ocrx_word' id='word_1_467' title='bbox 756 3240 963 3311; x_wconf 82' lang='lat' dir='ltr'><strong>gratiae,</strong></span> <span class='ocrx_word' id='word_1_468' title='bbox 991 3214 1133 3310; x_wconf 79' lang='lat' dir='ltr'><strong>quod</strong></span> <span class='ocrx_word' id='word_1_469' title='bbox 1158 3214 1424 3298; x_wconf 81' lang='lat' dir='ltr'><strong>sentiendi</strong></span> <span class='ocrx_word' id='word_1_470' title='bbox 1448 3240 1679 3297; x_wconf 85' lang='lat' dir='ltr'><strong>reddidit</strong></span> <span class='ocrx_word' id='word_1_471' title='bbox 1702 3214 1934 3311; x_wconf 79' lang='lat' dir='ltr'><strong>primum</strong></span> <span class='ocrx_word' id='word_1_472' title='bbox 1958 3214 2121 3297; x_wconf 88' lang='lat' dir='ltr'><strong>liber-</strong></span> <span class='ocrx_word' id='word_1_473' title='bbox 2146 3214 2192 3279; x_wconf 62' lang='grc' dir='ltr'><strong>(ἶ</strong></span> <span class='ocrx_word' id='word_1_474' title='bbox 2223 3243 2561 3312; x_wconf 90' lang='lat' dir='ltr'><strong>primendum</strong></span> <span class='ocrx_word' id='word_1_475' title='bbox 2593 3257 2673 3309; x_wconf 91' lang='lat' dir='ltr'><strong>se,</strong></span> <span class='ocrx_word' id='word_1_476' title='bbox 2703 3214 2915 3301; x_wconf 62' lang='lat' dir='ltr'><strong>locutus</strong></span> <span class='ocrx_word' id='word_1_477' title='bbox 2935 3252 3020 3301; x_wconf 90' lang='lat' dir='ltr'><strong>est</strong></span> <span class='ocrx_word' id='word_1_478' title='bbox 3045 3214 3336 3301; x_wconf 46' lang='lat' dir='ltr'><strong>Dominus-</strong></span> <span class='ocrx_word' id='word_1_479' title='bbox 3360 3245 3429 3299; x_wconf 88' lang='lat' dir='ltr'><strong>ad</strong></span> <span class='ocrx_word' id='word_1_480' title='bbox 3472 3259 3580 3309; x_wconf 92' lang='lat' dir='ltr'><strong>me,</strong></span> <span class='ocrx_word' id='word_1_481' title='bbox 3608 3259 3826 3315; x_wconf 84' lang='lat' dir='ltr'><strong>ponere</strong></span> 
     </span>
    </p>
   </div>
   <div class='ocr_carea' id='block_1_63' title="bbox 541 3332 2122 3406">
    <p class='ocr_par' dir='ltr' id='par_1_63' title="bbox 541 3332 2122 3406">
     <span class='ocr_line' id='line_1_63' title="bbox 541 3332 2122 3406; baseline 0.001 -19"><span class='ocrx_word' id='word_1_482' title='bbox 541 3341 729 3387; x_wconf 87' lang='lat' dir='ltr'><strong>tatem.</strong></span> <span class='ocrx_word' id='word_1_483' title='bbox 747 3333 953 3389; x_wconf 86' lang='lat' dir='ltr'><strong>Deinde</strong></span> <span class='ocrx_word' id='word_1_484' title='bbox 973 3333 1192 3390; x_wconf 88' lang='lat' dir='ltr'><strong>libertas</strong></span> <span class='ocrx_word' id='word_1_485' title='bbox 1210 3334 1369 3390; x_wconf 90' lang='lat' dir='ltr'><strong>simul</strong></span> <span class='ocrx_word' id='word_1_486' title='bbox 1388 3349 1507 3389; x_wconf 91' lang='lat' dir='ltr'><strong>cum</strong></span> <span class='ocrx_word' id='word_1_487' title='bbox 1524 3334 1698 3406; x_wconf 87' lang='lat' dir='ltr'><strong>gratia</strong></span> <span class='ocrx_word' id='word_1_488' title='bbox 1714 3332 2122 3404; x_wconf 90' lang='lat' dir='ltr'><strong>infatigabiliter</strong></span> 
     </span>
    </p>
   </div>
   <div class='ocr_carea' id='block_1_64' title="bbox 536 3419 2110 3497">
    <p class='ocr_par' dir='ltr' id='par_1_64' title="bbox 536 3419 2110 3497">
     <span class='ocr_line' id='line_1_64' title="bbox 536 3419 2110 3497; baseline 0.002 -18"><span class='ocrx_word' id='word_1_489' title='bbox 536 3422 695 3480; x_wconf 88' lang='lat' dir='ltr'><strong>debet</strong></span> <span class='ocrx_word' id='word_1_490' title='bbox 724 3425 995 3491; x_wconf 87' lang='lat' dir='ltr'><strong>insistere,</strong></span> <span class='ocrx_word' id='word_1_491' title='bbox 1046 3436 1107 3481; x_wconf 92' lang='lat' dir='ltr'><strong>ut</strong></span> <span class='ocrx_word' id='word_1_492' title='bbox 1137 3419 1460 3483; x_wconf 87' lang='lat' dir='ltr'><strong>medicinam</strong></span> <span class='ocrx_word' id='word_1_493' title='bbox 1498 3426 1739 3497; x_wconf 78' lang='lat' dir='ltr'><strong>quntidie</strong></span> <span class='ocrx_word' id='word_1_494' title='bbox 1783 3426 2110 3492; x_wconf 81' lang='lat' dir='ltr'><strong>exercendo,</strong></span> 
     </span>
    </p>
   </div>
   <div class='ocr_carea' id='block_1_65' title="bbox 532 3515 2115 3589">
    <p class='ocr_par' dir='ltr' id='par_1_65' title="bbox 532 3515 2115 3589">
     <span class='ocr_line' id='line_1_65' title="bbox 532 3515 2115 3589; baseline 0.001 -18"><span class='ocrx_word' id='word_1_495' title='bbox 532 3515 815 3587; x_wconf 90' lang='lat' dir='ltr'><strong>pristinam</strong></span> <span class='ocrx_word' id='word_1_496' title='bbox 843 3519 1057 3574; x_wconf 90' lang='lat' dir='ltr'><strong>animus</strong></span> <span class='ocrx_word' id='word_1_497' title='bbox 1074 3533 1218 3587; x_wconf 66' lang='lat' dir='ltr'><strong>aeger</strong></span> <span class='ocrx_word' id='word_1_498' title='bbox 1238 3534 1269 3573; x_wconf 91' lang='lat' dir='ltr'><strong>a</strong></span> <span class='ocrx_word' id='word_1_499' title='bbox 1298 3519 1509 3574; x_wconf 86' lang='lat' dir='ltr'><strong>medico</strong></span> <span class='ocrx_word' id='word_1_500' title='bbox 1547 3519 1774 3589; x_wconf 87' lang='lat' dir='ltr'><strong>recipiat</strong></span> <span class='ocrx_word' id='word_1_501' title='bbox 1806 3520 2115 3575; x_wconf 89' lang='lat' dir='ltr'><strong>sanitatem.</strong></span> 
     </span>
    </p>
   </div>
   <div class='ocr_carea' id='block_1_66' title="bbox 532 3605 2118 3680">
    <p class='ocr_par' dir='ltr' id='par_1_66' title="bbox 532 3605 2118 3680">
     <span class='ocr_line' id='line_1_66' title="bbox 532 3605 2118 3680; baseline 0.003 -18"><span class='ocrx_word' id='word_1_502' title='bbox 532 3605 673 3664; x_wconf 77' lang='lat' dir='ltr'><strong>Hinc</strong></span> <span class='ocrx_word' id='word_1_503' title='bbox 713 3624 947 3679; x_wconf 91' lang='lat' dir='ltr'><strong>namque</strong></span> <span class='ocrx_word' id='word_1_504' title='bbox 983 3617 1064 3665; x_wconf 90' lang='lat' dir='ltr'><strong>est</strong></span> <span class='ocrx_word' id='word_1_505' title='bbox 1092 3612 1235 3680; x_wconf 91' lang='lat' dir='ltr'><strong>quod</strong></span> <span class='ocrx_word' id='word_1_506' title='bbox 1273 3610 1519 3666; x_wconf 89' lang='lat' dir='ltr'><strong>veritatis</strong></span> <span class='ocrx_word' id='word_1_507' title='bbox 1563 3625 1742 3680; x_wconf 65' lang='lat' dir='ltr'><strong>praeco</strong></span> <span class='ocrx_word' id='word_1_508' title='bbox 1784 3609 1891 3665; x_wconf 89' lang='lat' dir='ltr'><strong>tale</strong></span> <span class='ocrx_word' id='word_1_509' title='bbox 1926 3609 2118 3666; x_wconf 91' lang='lat' dir='ltr'><strong>salutis</strong></span> 
     </span>
    </p>
   </div>
   <div class='ocr_carea' id='block_1_67' title="bbox 532 3698 2112 3771">
    <p class='ocr_par' dir='ltr' id='par_1_67' title="bbox 532 3698 2112 3771">
     <span class='ocr_line' id='line_1_67' title="bbox 532 3698 2112 3771; baseline 0.001 -18"><span class='ocrx_word' id='word_1_510' title='bbox 532 3700 830 3754; x_wconf 89' lang='lat' dir='ltr'><strong>antidotum</strong></span> <span class='ocrx_word' id='word_1_511' title='bbox 903 3699 1283 3771; x_wconf 89' lang='lat' dir='ltr'><strong>languentibus</strong></span> <span class='ocrx_word' id='word_1_512' title='bbox 1351 3700 1603 3771; x_wconf 88' lang='lat' dir='ltr'><strong>proponit</strong></span> <span class='ocrx_word' id='word_1_513' title='bbox 1658 3719 1670 3754; x_wconf 93' lang='lat'><strong>:</strong></span> <span class='ocrx_word' id='word_1_514' title='bbox 1725 3698 2112 3765; x_wconf 74' lang='lat' dir='ltr'><strong>Paenitentiam,</strong></span> 
     </span>
    </p>
   </div>
   <div class='ocr_carea' id='block_1_68' title="bbox 532 3790 2113 3863">
    <p class='ocr_par' dir='ltr' id='par_1_68' title="bbox 532 3790 2113 3863">
     <span class='ocr_line' id='line_1_68' title="bbox 532 3790 2113 3863; baseline 0.001 -20"><span class='ocrx_word' id='word_1_515' title='bbox 532 3790 731 3859; x_wconf 87' lang='lat' dir='ltr'><strong>inquit,</strong></span> <span class='ocrx_word' id='word_1_516' title='bbox 765 3792 925 3861; x_wconf 87' lang='lat' dir='ltr'><strong>agite,</strong></span> <span class='ocrx_word' id='word_1_517' title='bbox 964 3792 1393 3863; x_wconf 78' lang='lat' dir='ltr'><strong>appropinquavit</strong></span> <span class='ocrx_word' id='word_1_518' title='bbox 1422 3794 1561 3846; x_wconf 81' lang='lat' dir='ltr'><strong>enim</strong></span> <span class='ocrx_word' id='word_1_519' title='bbox 1602 3808 1815 3863; x_wconf 84' lang='lat' dir='ltr'><strong>regnum</strong></span> <span class='ocrx_word' id='word_1_520' title='bbox 1847 3792 2113 3847; x_wconf 74' lang='lat' dir='ltr'><strong>ctelorum.</strong></span> 
     </span>
    </p>
   </div>
   <div class='ocr_carea' id='block_1_69' title="bbox 537 3881 2116 3956">
    <p class='ocr_par' dir='ltr' id='par_1_69' title="bbox 537 3881 2116 3956">
     <span class='ocr_line' id='line_1_69' title="bbox 537 3881 2116 3956; baseline 0.003 -21"><span class='ocrx_word' id='word_1_521' title='bbox 537 3881 619 3936; x_wconf 83' lang='lat' dir='ltr'><strong>Ac</strong></span> <span class='ocrx_word' id='word_1_522' title='bbox 671 3881 717 3935; x_wconf 90' lang='lat' dir='ltr'><strong>si</strong></span> <span class='ocrx_word' id='word_1_523' title='bbox 763 3890 1014 3950; x_wconf 90' lang='lat' dir='ltr'><strong>patenter</strong></span> <span class='ocrx_word' id='word_1_524' title='bbox 1048 3881 1273 3949; x_wconf 80' lang='lat' dir='ltr'><strong>diceret,</strong></span> <span class='ocrx_word' id='word_1_525' title='bbox 1331 3884 1517 3954; x_wconf 90' lang='lat' dir='ltr'><strong>puniat</strong></span> <span class='ocrx_word' id='word_1_526' title='bbox 1566 3886 1936 3956; x_wconf 84' lang='lat' dir='ltr'><strong>unusquisque</strong></span> <span class='ocrx_word' id='word_1_527' title='bbox 1974 3885 2116 3941; x_wconf 86' lang='lat' dir='ltr'><strong>mala</strong></span> 
     </span>
    </p>
   </div>
   <div class='ocr_carea' id='block_1_70' title="bbox 532 3958 2116 4047">
    <p class='ocr_par' dir='ltr' id='par_1_70' title="bbox 532 3958 2116 4047">
     <span class='ocr_line' id='line_1_70' title="bbox 532 3958 2116 4047; baseline 0.004 -22"><span class='ocrx_word' id='word_1_528' title='bbox 532 3971 733 4042; x_wconf 90' lang='lat' dir='ltr'><strong>prioris</strong></span> <span class='ocrx_word' id='word_1_529' title='bbox 758 3973 882 4028; x_wconf 62' lang='lat' dir='ltr'><strong>vitae</strong></span> <span class='ocrx_word' id='word_1_530' title='bbox 912 3958 1097 4043; x_wconf 78' lang='lat' dir='ltr'><strong>opera,</strong></span> <span class='ocrx_word' id='word_1_531' title='bbox 1143 3983 1196 4029; x_wconf 92' lang='lat' dir='ltr'><strong>et</strong></span> <span class='ocrx_word' id='word_1_532' title='bbox 1236 3976 1478 4030; x_wconf 89' lang='lat' dir='ltr'><strong>cauterio</strong></span> <span class='ocrx_word' id='word_1_533' title='bbox 1529 3976 1861 4045; x_wconf 62' lang='lat' dir='ltr'><strong>paenitentia:</strong></span> <span class='ocrx_word' id='word_1_534' title='bbox 1900 3976 2116 4047; x_wconf 90' lang='lat' dir='ltr'><strong>putrida</strong></span> 
     </span>
    </p>
   </div>
   <div class='ocr_carea' id='block_1_71' title="bbox 456 4065 2118 4153">
    <p class='ocr_par' dir='ltr' id='par_1_71' title="bbox 456 4065 2118 4153">
     <span class='ocr_line' id='line_1_71' title="bbox 456 4065 2118 4153; baseline 0.003 -37"><span class='ocrx_word' id='word_1_535' title='bbox 456 4130 473 4153; x_wconf 52' lang='grc' dir='ltr'><strong><em>ο</em></strong></span> <span class='ocrx_word' id='word_1_536' title='bbox 538 4065 809 4120; x_wconf 90' lang='lat' dir='ltr'><strong>viscerum</strong></span> <span class='ocrx_word' id='word_1_537' title='bbox 867 4075 1017 4120; x_wconf 89' lang='lat' dir='ltr'><strong>secet</strong></span> <span class='ocrx_word' id='word_1_538' title='bbox 1068 4065 1316 4133; x_wconf 87' lang='lat' dir='ltr'><strong>vulnera,</strong></span> <span class='ocrx_word' id='word_1_539' title='bbox 1366 4067 1624 4137; x_wconf 90' lang='lat' dir='ltr'><strong>quoniam</strong></span> <span class='ocrx_word' id='word_1_540' title='bbox 1665 4067 2118 4139; x_wconf 86' lang='lat' dir='ltr'><strong>appropinquavit</strong></span> 
     </span>
    </p>
   </div>
   <div class='ocr_carea' id='block_1_72' title="bbox 539 4157 2116 4231">
    <p class='ocr_par' dir='ltr' id='par_1_72' title="bbox 539 4157 2116 4231">
     <span class='ocr_line' id='line_1_72' title="bbox 539 4157 2116 4231; baseline 0.003 -18"><span class='ocrx_word' id='word_1_541' title='bbox 539 4157 745 4214; x_wconf 87' lang='lat' dir='ltr'><strong>sanitas</strong></span> <span class='ocrx_word' id='word_1_542' title='bbox 769 4171 932 4228; x_wconf 90' lang='lat' dir='ltr'><strong>quam</strong></span> <span class='ocrx_word' id='word_1_543' title='bbox 955 4157 1309 4227; x_wconf 91' lang='lat' dir='ltr'><strong>perdidimus,</strong></span> <span class='ocrx_word' id='word_1_544' title='bbox 1339 4167 1395 4213; x_wconf 89' lang='lat' dir='ltr'><strong>et</strong></span> <span class='ocrx_word' id='word_1_545' title='bbox 1419 4157 1646 4214; x_wconf 84' lang='lat' dir='ltr'><strong>facultas</strong></span> <span class='ocrx_word' id='word_1_546' title='bbox 1687 4160 1821 4231; x_wconf 91' lang='lat' dir='ltr'><strong>spei,</strong></span> <span class='ocrx_word' id='word_1_547' title='bbox 1849 4166 1909 4214; x_wconf 92' lang='lat' dir='ltr'><strong>ut</strong></span> <span class='ocrx_word' id='word_1_548' title='bbox 1939 4160 2116 4218; x_wconf 88' lang='lat' dir='ltr'><strong>redire</strong></span> 
     </span>
    </p>
   </div>
   <div class='ocr_carea' id='block_1_73' title="bbox 533 4250 2115 4324">
    <p class='ocr_par' dir='ltr' id='par_1_73' title="bbox 533 4250 2115 4324">
     <span class='ocr_line' id='line_1_73' title="bbox 533 4250 2115 4324; baseline 0.003 -19"><span class='ocrx_word' id='word_1_549' title='bbox 533 4250 814 4306; x_wconf 89' lang='lat' dir='ltr'><strong>valeamus</strong></span> <span class='ocrx_word' id='word_1_550' title='bbox 877 4250 1019 4305; x_wconf 90' lang='lat' dir='ltr'><strong>unde</strong></span> <span class='ocrx_word' id='word_1_551' title='bbox 1067 4250 1381 4308; x_wconf 88' lang='lat' dir='ltr'><strong>cecidimus.</strong></span> <span class='ocrx_word' id='word_1_552' title='bbox 1440 4252 1908 4324; x_wconf 84' lang='lat' dir='ltr'><strong>Appropinquavit</strong></span> <span class='ocrx_word' id='word_1_553' title='bbox 1969 4256 2115 4311; x_wconf 88' lang='lat' dir='ltr'><strong>enim</strong></span> 
     </span>
    </p>
   </div>
   <div class='ocr_carea' id='block_1_74' title="bbox 542 4341 2116 4417">
    <p class='ocr_par' dir='ltr' id='par_1_74' title="bbox 542 4341 2116 4417">
     <span class='ocr_line' id='line_1_74' title="bbox 542 4341 2116 4417; baseline 0.005 -20"><span class='ocrx_word' id='word_1_554' title='bbox 542 4357 769 4414; x_wconf 88' lang='lat' dir='ltr'><strong>regnum</strong></span> <span class='ocrx_word' id='word_1_555' title='bbox 794 4341 1077 4398; x_wconf 64' lang='lat' dir='ltr'><strong>caelorum.</strong></span> <span class='ocrx_word' id='word_1_556' title='bbox 1101 4342 1256 4412; x_wconf 89' lang='lat' dir='ltr'><strong>Quod</strong></span> <span class='ocrx_word' id='word_1_557' title='bbox 1283 4344 1388 4400; x_wconf 91' lang='lat' dir='ltr'><strong>nisi</strong></span> <span class='ocrx_word' id='word_1_558' title='bbox 1420 4346 1925 4417; x_wconf 88' lang='lat' dir='ltr'><strong>appropinquasset,</strong></span> <span class='ocrx_word' id='word_1_559' title='bbox 1955 4364 2116 4405; x_wconf 90' lang='lat' dir='ltr'><strong>nemo</strong></span> 
     </span>
    </p>
   </div>
   <div class='ocr_carea' id='block_1_75' title="bbox 532 4432 2114 4508">
    <p class='ocr_par' dir='ltr' id='par_1_75' title="bbox 532 4432 2114 4508">
     <span class='ocr_line' id='line_1_75' title="bbox 532 4432 2114 4508; baseline 0.004 -20"><span class='ocrx_word' id='word_1_560' title='bbox 532 4442 777 4488; x_wconf 90' lang='lat' dir='ltr'><strong>nostrum</strong></span> <span class='ocrx_word' id='word_1_561' title='bbox 810 4432 876 4488; x_wconf 93' lang='lat' dir='ltr'><strong>ad</strong></span> <span class='ocrx_word' id='word_1_562' title='bbox 913 4446 1038 4487; x_wconf 91' lang='lat' dir='ltr'><strong>eum</strong></span> <span class='ocrx_word' id='word_1_563' title='bbox 1087 4434 1267 4489; x_wconf 90' lang='lat' dir='ltr'><strong>redire</strong></span> <span class='ocrx_word' id='word_1_564' title='bbox 1318 4435 1604 4506; x_wconf 91' lang='lat' dir='ltr'><strong>quivisset,</strong></span> <span class='ocrx_word' id='word_1_565' title='bbox 1633 4438 1889 4507; x_wconf 91' lang='lat' dir='ltr'><strong>quoniam</strong></span> <span class='ocrx_word' id='word_1_566' title='bbox 1917 4438 2114 4508; x_wconf 88' lang='lat' dir='ltr'><strong>privati</strong></span> 
     </span>
    </p>
   </div>
   <div class='ocr_carea' id='block_1_76' title="bbox 528 4523 2115 4600">
    <p class='ocr_par' dir='ltr' id='par_1_76' title="bbox 528 4523 2115 4600">
     <span class='ocr_line' id='line_1_76' title="bbox 528 4523 2115 4600; baseline 0.006 -23"><span class='ocrx_word' id='word_1_567' title='bbox 528 4523 759 4595; x_wconf 89' lang='lat' dir='ltr'><strong>pedibus</strong></span> <span class='ocrx_word' id='word_1_568' title='bbox 783 4533 839 4579; x_wconf 92' lang='lat' dir='ltr'><strong>et</strong></span> <span class='ocrx_word' id='word_1_569' title='bbox 859 4525 1044 4581; x_wconf 61' lang='lat' dir='ltr'><strong>caecati</strong></span> <span class='ocrx_word' id='word_1_570' title='bbox 1069 4524 1295 4593; x_wconf 90' lang='lat' dir='ltr'><strong>lumine,</strong></span> <span class='ocrx_word' id='word_1_571' title='bbox 1321 4528 1485 4582; x_wconf 90' lang='lat' dir='ltr'><strong>etiam</strong></span> <span class='ocrx_word' id='word_1_572' title='bbox 1510 4529 1655 4583; x_wconf 89' lang='lat' dir='ltr'><strong>viam</strong></span> <span class='ocrx_word' id='word_1_573' title='bbox 1694 4545 1816 4600; x_wconf 75' lang='lat' dir='ltr'><strong>qua:</strong></span> <span class='ocrx_word' id='word_1_574' title='bbox 1864 4528 2115 4586; x_wconf 86' lang='lat' dir='ltr'><strong>Christus</strong></span> 
     </span>
    </p>
   </div>
   <div class='ocr_carea' id='block_1_77' title="bbox 2218 3333 3824 3407">
    <p class='ocr_par' dir='ltr' id='par_1_77' title="bbox 2218 3333 3824 3407">
     <span class='ocr_line' id='line_1_77' title="bbox 2218 3333 3824 3407; baseline 0.002 -18"><span class='ocrx_word' id='word_1_575' title='bbox 2218 3333 2499 3405; x_wconf 85' lang='lat' dir='ltr'><strong>judicavit.</strong></span> <span class='ocrx_word' id='word_1_576' title='bbox 2533 3334 2740 3407; x_wconf 89' lang='lat' dir='ltr'><strong>Quippe</strong></span> <span class='ocrx_word' id='word_1_577' title='bbox 2786 3353 2886 3393; x_wconf 91' lang='lat' dir='ltr'><strong>nec</strong></span> <span class='ocrx_word' id='word_1_578' title='bbox 2916 3337 3136 3402; x_wconf 91' lang='lat' dir='ltr'><strong>mirum,</strong></span> <span class='ocrx_word' id='word_1_579' title='bbox 3168 3352 3291 3392; x_wconf 89' lang='lat' dir='ltr'><strong>cum</strong></span> <span class='ocrx_word' id='word_1_580' title='bbox 3316 3343 3371 3391; x_wconf 89' lang='lat' dir='ltr'><strong>et</strong></span> <span class='ocrx_word' id='word_1_581' title='bbox 3406 3334 3668 3392; x_wconf 88' lang='lat' dir='ltr'><strong>Dominus</strong></span> <span class='ocrx_word' id='word_1_582' title='bbox 3709 3352 3824 3392; x_wconf 70' lang='lat' dir='ltr'><strong>sa:-</strong></span> 
     </span>
    </p>
   </div>
   <div class='ocr_carea' id='block_1_78' title="bbox 2219 3424 3821 3495">
    <p class='ocr_par' dir='ltr' id='par_1_78' title="bbox 2219 3424 3821 3495">
     <span class='ocr_line' id='line_1_78' title="bbox 2219 3424 3821 3495; baseline 0.003 -18"><span class='ocrx_word' id='word_1_583' title='bbox 2219 3425 2440 3495; x_wconf 86' lang='lat' dir='ltr'><strong>pissime</strong></span> <span class='ocrx_word' id='word_1_584' title='bbox 2467 3424 2601 3480; x_wconf 83' lang='lat' dir='ltr'><strong>dicit</strong></span> <span class='ocrx_word' id='word_1_585' title='bbox 2632 3425 2700 3481; x_wconf 92' lang='lat' dir='ltr'><strong>de</strong></span> <span class='ocrx_word' id='word_1_586' title='bbox 2726 3441 2806 3491; x_wconf 90' lang='lat' dir='ltr'><strong>se,</strong></span> <span class='ocrx_word' id='word_1_587' title='bbox 2836 3425 3007 3483; x_wconf 87' lang='lat' dir='ltr'><strong>Filius</strong></span> <span class='ocrx_word' id='word_1_588' title='bbox 3030 3427 3287 3493; x_wconf 86' lang='lat' dir='ltr'><strong>hominis,</strong></span> <span class='ocrx_word' id='word_1_589' title='bbox 3325 3434 3441 3492; x_wconf 85' lang='lat' dir='ltr'><strong>aut,</strong></span> <span class='ocrx_word' id='word_1_590' title='bbox 3471 3425 3644 3480; x_wconf 86' lang='lat' dir='ltr'><strong>Filius</strong></span> <span class='ocrx_word' id='word_1_591' title='bbox 3691 3427 3821 3491; x_wconf 87' lang='lat' dir='ltr'><strong>Dei,</strong></span> 
     </span>
    </p>
   </div>
   <div class='ocr_carea' id='block_1_79' title="bbox 2219 3516 3823 3589">
    <p class='ocr_par' dir='ltr' id='par_1_79' title="bbox 2219 3516 3823 3589">
     <span class='ocr_line' id='line_1_79' title="bbox 2219 3516 3823 3589; baseline 0.001 -18"><span class='ocrx_word' id='word_1_592' title='bbox 2219 3527 2275 3571; x_wconf 88' lang='lat' dir='ltr'><strong>et</strong></span> <span class='ocrx_word' id='word_1_593' title='bbox 2301 3532 2406 3571; x_wconf 91' lang='lat' dir='ltr'><strong>non</strong></span> <span class='ocrx_word' id='word_1_594' title='bbox 2431 3516 2580 3583; x_wconf 86' lang='lat' dir='ltr'><strong>dicit,</strong></span> <span class='ocrx_word' id='word_1_595' title='bbox 2604 3533 2741 3587; x_wconf 82' lang='lat' dir='ltr'><strong>ego;</strong></span> <span class='ocrx_word' id='word_1_596' title='bbox 2772 3518 3073 3589; x_wconf 65' lang='lat' dir='ltr'><strong>praesertim</strong></span> <span class='ocrx_word' id='word_1_597' title='bbox 3099 3534 3221 3574; x_wconf 92' lang='lat' dir='ltr'><strong>cum</strong></span> <span class='ocrx_word' id='word_1_598' title='bbox 3248 3532 3352 3573; x_wconf 90' lang='lat' dir='ltr'><strong>nec</strong></span> <span class='ocrx_word' id='word_1_599' title='bbox 3374 3516 3552 3572; x_wconf 90' lang='lat' dir='ltr'><strong>minus</strong></span> <span class='ocrx_word' id='word_1_600' title='bbox 3590 3516 3823 3572; x_wconf 89' lang='lat' dir='ltr'><strong>Patrem</strong></span> 
     </span>
    </p>
   </div>
   <div class='ocr_carea' id='block_1_80' title="bbox 2220 3607 3819 3680">
    <p class='ocr_par' dir='ltr' id='par_1_80' title="bbox 2220 3607 3819 3680">
     <span class='ocr_line' id='line_1_80' title="bbox 2220 3607 3819 3680; baseline 0.001 -17"><span class='ocrx_word' id='word_1_601' title='bbox 2220 3625 2319 3679; x_wconf 89' lang='lat' dir='ltr'><strong>per</strong></span> <span class='ocrx_word' id='word_1_602' title='bbox 2344 3623 2423 3675; x_wconf 90' lang='lat' dir='ltr'><strong>se,</strong></span> <span class='ocrx_word' id='word_1_603' title='bbox 2443 3624 2605 3679; x_wconf 93' lang='lat' dir='ltr'><strong>quam</strong></span> <span class='ocrx_word' id='word_1_604' title='bbox 2656 3610 2892 3679; x_wconf 91' lang='lat' dir='ltr'><strong>seipsum</strong></span> <span class='ocrx_word' id='word_1_605' title='bbox 2931 3610 3098 3665; x_wconf 88' lang='lat' dir='ltr'><strong>Deum</strong></span> <span class='ocrx_word' id='word_1_606' title='bbox 3147 3608 3444 3680; x_wconf 86' lang='lat' dir='ltr'><strong>praedicare</strong></span> <span class='ocrx_word' id='word_1_607' title='bbox 3491 3607 3639 3663; x_wconf 91' lang='lat' dir='ltr'><strong>velit.</strong></span> <span class='ocrx_word' id='word_1_608' title='bbox 3671 3607 3819 3664; x_wconf 79' lang='lat' dir='ltr'><strong>Hinc</strong></span> 
     </span>
    </p>
   </div>
   <div class='ocr_carea' id='block_1_81' title="bbox 2219 3698 3822 3771">
    <p class='ocr_par' dir='ltr' id='par_1_81' title="bbox 2219 3698 3822 3771">
     <span class='ocr_line' id='line_1_81' title="bbox 2219 3698 3822 3771; baseline -0.001 -16"><span class='ocrx_word' id='word_1_609' title='bbox 2219 3699 2462 3771; x_wconf 89' lang='lat' dir='ltr'><strong>profecto</strong></span> <span class='ocrx_word' id='word_1_610' title='bbox 2499 3700 2576 3755; x_wconf 89' lang='lat' dir='ltr'><strong>ait</strong></span> <span class='ocrx_word' id='word_1_611' title='bbox 2601 3717 2615 3755; x_wconf 92' lang='lat'><strong>:</strong></span> <span class='ocrx_word' id='word_1_612' title='bbox 2639 3698 2923 3770; x_wconf 86' lang='lat' dir='ltr'><strong>Oportebat</strong></span> <span class='ocrx_word' id='word_1_613' title='bbox 2943 3698 3215 3756; x_wconf 75' lang='lat' dir='ltr'><strong>Christum</strong></span> <span class='ocrx_word' id='word_1_614' title='bbox 3241 3700 3376 3770; x_wconf 90' lang='lat' dir='ltr'><strong>pati,</strong></span> <span class='ocrx_word' id='word_1_615' title='bbox 3402 3708 3451 3754; x_wconf 90' lang='lat' dir='ltr'><strong>et</strong></span> <span class='ocrx_word' id='word_1_616' title='bbox 3479 3715 3751 3770; x_wconf 74' lang='lat' dir='ltr'><strong>resurgere</strong></span> <span class='ocrx_word' id='word_1_617' title='bbox 3783 3718 3822 3754; x_wconf 74' lang='grc' dir='ltr'><strong>τι</strong></span> 
     </span>
    </p>
   </div>
   <div class='ocr_carea' id='block_1_82' title="bbox 2219 3790 3823 3862">
    <p class='ocr_par' dir='ltr' id='par_1_82' title="bbox 2219 3790 3823 3862">
     <span class='ocr_line' id='line_1_82' title="bbox 2219 3790 3823 3862; baseline 0.001 -16"><span class='ocrx_word' id='word_1_618' title='bbox 2219 3794 2440 3847; x_wconf 80' lang='lat' dir='ltr'><strong>mortuis</strong></span> <span class='ocrx_word' id='word_1_619' title='bbox 2465 3794 2618 3847; x_wconf 87' lang='lat' dir='ltr'><strong>tertio</strong></span> <span class='ocrx_word' id='word_1_620' title='bbox 2651 3793 2756 3847; x_wconf 88' lang='lat' dir='ltr'><strong>die.</strong></span> <span class='ocrx_word' id='word_1_621' title='bbox 2781 3791 2849 3845; x_wconf 86' lang='lat' dir='ltr'><strong>Et</strong></span> <span class='ocrx_word' id='word_1_622' title='bbox 2888 3805 3230 3862; x_wconf 89' lang='lat' dir='ltr'><strong>nequaquam</strong></span> <span class='ocrx_word' id='word_1_623' title='bbox 3260 3792 3355 3854; x_wconf 88' lang='lat' dir='ltr'><strong>ait,</strong></span> <span class='ocrx_word' id='word_1_624' title='bbox 3398 3790 3685 3861; x_wconf 90' lang='lat' dir='ltr'><strong>oportebat</strong></span> <span class='ocrx_word' id='word_1_625' title='bbox 3722 3806 3823 3847; x_wconf 81' lang='lat' dir='ltr'><strong>me</strong></span> 
     </span>
    </p>
   </div>
   <div class='ocr_carea' id='block_1_83' title="bbox 2218 3880 3822 3955">
    <p class='ocr_par' dir='ltr' id='par_1_83' title="bbox 2218 3880 3822 3955">
     <span class='ocr_line' id='line_1_83' title="bbox 2218 3880 3822 3955; baseline -0.001 -17"><span class='ocrx_word' id='word_1_626' title='bbox 2218 3885 2351 3953; x_wconf 92' lang='lat' dir='ltr'><strong>pati.</strong></span> <span class='ocrx_word' id='word_1_627' title='bbox 2368 3884 2462 3940; x_wconf 90' lang='lat' dir='ltr'><strong>Sic</strong></span> <span class='ocrx_word' id='word_1_628' title='bbox 2479 3884 2677 3955; x_wconf 90' lang='lat' dir='ltr'><strong>quippe</strong></span> <span class='ocrx_word' id='word_1_629' title='bbox 2698 3892 2755 3939; x_wconf 92' lang='lat' dir='ltr'><strong>et</strong></span> <span class='ocrx_word' id='word_1_630' title='bbox 2782 3882 3041 3949; x_wconf 84' lang='lat' dir='ltr'><strong>Joannes,</strong></span> <span class='ocrx_word' id='word_1_631' title='bbox 3065 3898 3189 3939; x_wconf 92' lang='lat' dir='ltr'><strong>cum</strong></span> <span class='ocrx_word' id='word_1_632' title='bbox 3218 3881 3477 3938; x_wconf 80' lang='lat' dir='ltr'><strong>dixisset:</strong></span> <span class='ocrx_word' id='word_1_633' title='bbox 3503 3880 3664 3953; x_wconf 83' lang='lat' dir='ltr'><strong>Agite</strong></span> <span class='ocrx_word' id='word_1_634' title='bbox 3688 3896 3822 3952; x_wconf 68' lang='lat' dir='ltr'><strong>pte-</strong></span> 
     </span>
    </p>
   </div>
   <div class='ocr_carea' id='block_1_84' title="bbox 2219 3975 3793 4050">
    <p class='ocr_par' dir='ltr' id='par_1_84' title="bbox 2219 3975 3793 4050">
     <span class='ocr_line' id='line_1_84' title="bbox 2219 3975 3793 4050; baseline -0.001 -18"><span class='ocrx_word' id='word_1_635' title='bbox 2219 3978 2525 4044; x_wconf 89' lang='lat' dir='ltr'><strong>nitentiam,</strong></span> <span class='ocrx_word' id='word_1_636' title='bbox 2565 3978 3017 4050; x_wconf 87' lang='lat' dir='ltr'><strong>appropinquavit</strong></span> <span class='ocrx_word' id='word_1_637' title='bbox 3058 3978 3203 4034; x_wconf 91' lang='lat' dir='ltr'><strong>enim</strong></span> <span class='ocrx_word' id='word_1_638' title='bbox 3240 3992 3468 4049; x_wconf 89' lang='lat' dir='ltr'><strong>regnum</strong></span> <span class='ocrx_word' id='word_1_639' title='bbox 3521 3975 3793 4032; x_wconf 65' lang='lat' dir='ltr'><strong>caelorum</strong></span> 
     </span>
    </p>
   </div>
   <div class='ocr_carea' id='block_1_85' title="bbox 2221 4068 3822 4140">
    <p class='ocr_par' dir='ltr' id='par_1_85' title="bbox 2221 4068 3822 4140">
     <span class='ocr_line' id='line_1_85' title="bbox 2221 4068 3822 4140; baseline 0 -17"><span class='ocrx_word' id='word_1_640' title='bbox 2221 4068 2415 4124; x_wconf 89' lang='lat' dir='ltr'><strong>maluit</strong></span> <span class='ocrx_word' id='word_1_641' title='bbox 2451 4068 2717 4125; x_wconf 91' lang='lat' dir='ltr'><strong>occultius</strong></span> <span class='ocrx_word' id='word_1_642' title='bbox 2749 4070 2816 4125; x_wconf 90' lang='lat' dir='ltr'><strong>de</strong></span> <span class='ocrx_word' id='word_1_643' title='bbox 2855 4070 3035 4140; x_wconf 90' lang='lat' dir='ltr'><strong>seipso</strong></span> <span class='ocrx_word' id='word_1_644' title='bbox 3071 4070 3362 4125; x_wconf 85' lang='lat' dir='ltr'><strong>subtexere</strong></span> <span class='ocrx_word' id='word_1_645' title='bbox 3408 4082 3528 4138; x_wconf 65' lang='lat' dir='ltr'><strong>quae</strong></span> <span class='ocrx_word' id='word_1_646' title='bbox 3566 4082 3822 4138; x_wconf 78' lang='lat' dir='ltr'><strong>sequun-</strong></span> 
     </span>
    </p>
   </div>
   <div class='ocr_carea' id='block_1_86' title="bbox 2221 4157 3818 4231">
    <p class='ocr_par' dir='ltr' id='par_1_86' title="bbox 2221 4157 3818 4231">
     <span class='ocr_line' id='line_1_86' title="bbox 2221 4157 3818 4231; baseline 0 -18"><span class='ocrx_word' id='word_1_647' title='bbox 2221 4169 2331 4225; x_wconf 87' lang='lat' dir='ltr'><strong>tur,</strong></span> <span class='ocrx_word' id='word_1_648' title='bbox 2367 4160 2459 4215; x_wconf 85' lang='lat' dir='ltr'><strong>hic</strong></span> <span class='ocrx_word' id='word_1_649' title='bbox 2504 4168 2590 4216; x_wconf 91' lang='lat' dir='ltr'><strong>est</strong></span> <span class='ocrx_word' id='word_1_650' title='bbox 2615 4160 2759 4216; x_wconf 90' lang='lat' dir='ltr'><strong>enim</strong></span> <span class='ocrx_word' id='word_1_651' title='bbox 2793 4159 2883 4230; x_wconf 93' lang='lat' dir='ltr'><strong>qui</strong></span> <span class='ocrx_word' id='word_1_652' title='bbox 2933 4159 3111 4215; x_wconf 90' lang='lat' dir='ltr'><strong>dictus</strong></span> <span class='ocrx_word' id='word_1_653' title='bbox 3161 4158 3323 4231; x_wconf 75' lang='lat'><strong>156</strong></span> <span class='ocrx_word' id='word_1_654' title='bbox 3363 4166 3448 4214; x_wconf 91' lang='lat' dir='ltr'><strong>est</strong></span> <span class='ocrx_word' id='word_1_655' title='bbox 3486 4172 3582 4228; x_wconf 91' lang='lat' dir='ltr'><strong>per</strong></span> <span class='ocrx_word' id='word_1_656' title='bbox 3604 4157 3818 4213; x_wconf 75' lang='lat' dir='ltr'><strong>Isaiam</strong></span> 
     </span>
    </p>
   </div>
   <div class='ocr_carea' id='block_1_87' title="bbox 2218 4247 3823 4321">
    <p class='ocr_par' dir='ltr' id='par_1_87' title="bbox 2218 4247 3823 4321">
     <span class='ocr_line' id='line_1_87' title="bbox 2218 4247 3823 4321; baseline 0 -17"><span class='ocrx_word' id='word_1_657' title='bbox 2218 4251 2535 4320; x_wconf 82' lang='lat' dir='ltr'><strong>praphetam</strong></span> <span class='ocrx_word' id='word_1_658' title='bbox 2557 4290 2572 4317; x_wconf 94' lang='lat'><strong>,</strong></span> <span class='ocrx_word' id='word_1_659' title='bbox 2599 4250 2742 4321; x_wconf 91' lang='lat' dir='ltr'><strong>quod</strong></span> <span class='ocrx_word' id='word_1_660' title='bbox 2777 4249 3033 4305; x_wconf 89' lang='lat' dir='ltr'><strong>continuo</strong></span> <span class='ocrx_word' id='word_1_661' title='bbox 3056 4249 3271 4306; x_wconf 92' lang='lat' dir='ltr'><strong>videtur</strong></span> <span class='ocrx_word' id='word_1_662' title='bbox 3309 4247 3609 4319; x_wconf 89' lang='lat' dir='ltr'><strong>vangelista</strong></span> <span class='ocrx_word' id='word_1_663' title='bbox 3650 4261 3823 4304; x_wconf 88' lang='lat' dir='ltr'><strong>mon-</strong></span> 
     </span>
    </p>
   </div>
   <div class='ocr_carea' id='block_1_88' title="bbox 2219 4341 3456 4409">
    <p class='ocr_par' dir='ltr' id='par_1_88' title="bbox 2219 4341 3456 4409">
     <span class='ocr_line' id='line_1_88' title="bbox 2219 4341 3456 4409; baseline -0.002 -13"><span class='ocrx_word' id='word_1_664' title='bbox 2219 4350 2417 4409; x_wconf 89' lang='lat' dir='ltr'><strong>strare,</strong></span> <span class='ocrx_word' id='word_1_665' title='bbox 2444 4343 2813 4398; x_wconf 89' lang='lat' dir='ltr'><strong>narrationem</strong></span> <span class='ocrx_word' id='word_1_666' title='bbox 2834 4357 2987 4398; x_wconf 90' lang='lat' dir='ltr'><strong>suam</strong></span> <span class='ocrx_word' id='word_1_667' title='bbox 3011 4341 3086 4396; x_wconf 91' lang='lat' dir='ltr'><strong>ita</strong></span> <span class='ocrx_word' id='word_1_668' title='bbox 3109 4349 3456 4397; x_wconf 82' lang='lat' dir='ltr'><strong>connectens.</strong></span> 
     </span>
    </p>
   </div>
   <div class='ocr_carea' id='block_1_89' title="bbox 2289 4431 3813 4507">
    <p class='ocr_par' dir='ltr' id='par_1_89' title="bbox 2289 4431 3813 4507">
     <span class='ocr_line' id='line_1_89' title="bbox 2289 4431 3813 4507; baseline -0.001 -19"><span class='ocrx_word' id='word_1_669' title='bbox 2289 4433 2409 4507; x_wconf 83' lang='lat' dir='ltr'><strong>Ipse</strong></span> <span class='ocrx_word' id='word_1_670' title='bbox 2435 4445 2607 4493; x_wconf 86' lang='lat' dir='ltr'><strong>autem</strong></span> <span class='ocrx_word' id='word_1_671' title='bbox 2631 4434 2864 4489; x_wconf 85' lang='lat' dir='ltr'><strong>Joannes</strong></span> <span class='ocrx_word' id='word_1_672' title='bbox 2917 4433 3137 4488; x_wconf 80' lang='lat' dir='ltr'><strong>habebat</strong></span> <span class='ocrx_word' id='word_1_673' title='bbox 3171 4433 3529 4487; x_wconf 83' lang='lat' dir='ltr'><strong>uestimentum</strong></span> <span class='ocrx_word' id='word_1_674' title='bbox 3575 4431 3639 4486; x_wconf 87' lang='lat' dir='ltr'><strong>de</strong></span> <span class='ocrx_word' id='word_1_675' title='bbox 3674 4434 3813 4503; x_wconf 83' lang='lat' dir='ltr'><strong>pilis</strong></span> 
     </span>
    </p>
   </div>
   <div class='ocr_carea' id='block_1_90' title="bbox 2224 4522 3817 4596">
    <p class='ocr_par' dir='ltr' id='par_1_90' title="bbox 2224 4522 3817 4596">
     <span class='ocr_line' id='line_1_90' title="bbox 2224 4522 3817 4596; baseline -0.003 -14"><span class='ocrx_word' id='word_1_676' title='bbox 2224 4527 2566 4582; x_wconf 84' lang='lat' dir='ltr'><strong>camelorum.</strong></span> <span class='ocrx_word' id='word_1_677' title='bbox 2614 4525 2801 4596; x_wconf 87' lang='lat' dir='ltr'><strong>Neque</strong></span> <span class='ocrx_word' id='word_1_678' title='bbox 2837 4524 3172 4581; x_wconf 89' lang='lat' dir='ltr'><strong>contrarium</strong></span> <span class='ocrx_word' id='word_1_679' title='bbox 3226 4523 3450 4579; x_wconf 90' lang='lat' dir='ltr'><strong>omnino</strong></span> <span class='ocrx_word' id='word_1_680' title='bbox 3505 4522 3665 4578; x_wconf 89' lang='lat' dir='ltr'><strong>debet</strong></span> <span class='ocrx_word' id='word_1_681' title='bbox 3716 4525 3817 4578; x_wconf 82' lang='lat' dir='ltr'><strong>vi-</strong></span> 
     </span>
    </p>
   </div>
   <div class='ocr_carea' id='block_1_91' title="bbox 534 4610 3818 4691">
    <p class='ocr_par' dir='ltr' id='par_1_91' title="bbox 534 4610 3818 4691">
     <span class='ocr_line' id='line_1_91' title="bbox 534 4610 3818 4691; baseline -0.001 -18"><span class='ocrx_word' id='word_1_682' title='bbox 534 4625 620 4673; x_wconf 90' lang='lat' dir='ltr'><strong>est</strong></span> <span class='ocrx_word' id='word_1_683' title='bbox 665 4616 805 4673; x_wconf 90' lang='lat' dir='ltr'><strong>male</strong></span> <span class='ocrx_word' id='word_1_684' title='bbox 850 4620 967 4673; x_wconf 90' lang='lat' dir='ltr'><strong>sani</strong></span> <span class='ocrx_word' id='word_1_685' title='bbox 1015 4621 1444 4691; x_wconf 85' lang='lat' dir='ltr'><strong>perdideramus.</strong></span> <span class='ocrx_word' id='word_1_686' title='bbox 1478 4620 1650 4690; x_wconf 88' lang='lat' dir='ltr'><strong>Quam</strong></span> <span class='ocrx_word' id='word_1_687' title='bbox 1700 4623 1843 4677; x_wconf 90' lang='lat' dir='ltr'><strong>viam</strong></span> <span class='ocrx_word' id='word_1_688' title='bbox 1886 4621 2111 4679; x_wconf 85' lang='lat' dir='ltr'><strong>veniens</strong></span> <span class='ocrx_word' id='word_1_689' title='bbox 2138 4610 2357 4684; x_wconf 87' lang='lat' dir='ltr'><strong>Dderi,</strong></span> <span class='ocrx_word' id='word_1_690' title='bbox 2385 4618 2528 4688; x_wconf 89' lang='lat' dir='ltr'><strong>quod</strong></span> <span class='ocrx_word' id='word_1_691' title='bbox 2556 4618 2699 4674; x_wconf 87' lang='lat' dir='ltr'><strong>idem</strong></span> <span class='ocrx_word' id='word_1_692' title='bbox 2734 4615 2970 4674; x_wconf 88' lang='lat' dir='ltr'><strong>Joannes</strong></span> <span class='ocrx_word' id='word_1_693' title='bbox 3012 4616 3163 4683; x_wconf 89' lang='lat' dir='ltr'><strong>alibi,</strong></span> <span class='ocrx_word' id='word_1_694' title='bbox 3216 4615 3284 4673; x_wconf 89' lang='lat' dir='ltr'><strong>de</strong></span> <span class='ocrx_word' id='word_1_695' title='bbox 3327 4631 3387 4671; x_wconf 90' lang='lat' dir='ltr'><strong>se</strong></span> <span class='ocrx_word' id='word_1_696' title='bbox 3434 4616 3818 4686; x_wconf 87' lang='lat' dir='ltr'><strong>interrogatus</strong></span> 
     </span>
    </p>
   </div>
   <div class='ocr_carea' id='block_1_92' title="bbox 529 4711 2114 4786">
    <p class='ocr_par' dir='ltr' id='par_1_92' title="bbox 529 4711 2114 4786">
     <span class='ocr_line' id='line_1_92' title="bbox 529 4711 2114 4786; baseline 0.001 -19"><span class='ocrx_word' id='word_1_697' title='bbox 529 4728 726 4783; x_wconf 89' lang='lat' dir='ltr'><strong>parare</strong></span> <span class='ocrx_word' id='word_1_698' title='bbox 748 4711 1004 4780; x_wconf 81' lang='lat' dir='ltr'><strong>Joannes,</strong></span> <span class='ocrx_word' id='word_1_699' title='bbox 1034 4715 1267 4785; x_wconf 88' lang='lat' dir='ltr'><strong>primum</strong></span> <span class='ocrx_word' id='word_1_700' title='bbox 1292 4716 1627 4786; x_wconf 87' lang='lat' dir='ltr'><strong>poenitentiae</strong></span> <span class='ocrx_word' id='word_1_701' title='bbox 1648 4730 1867 4786; x_wconf 87' lang='lat' dir='ltr'><strong>gressus</strong></span> <span class='ocrx_word' id='word_1_702' title='bbox 1897 4724 1958 4769; x_wconf 90' lang='lat' dir='ltr'><strong>ut</strong></span> <span class='ocrx_word' id='word_1_703' title='bbox 1990 4730 2114 4784; x_wconf 87' lang='lat' dir='ltr'><strong>per-</strong></span> 
     </span>
    </p>
   </div>
   <div class='ocr_carea' id='block_1_93' title="bbox 528 4803 2111 4877">
    <p class='ocr_par' dir='ltr' id='par_1_93' title="bbox 528 4803 2111 4877">
     <span class='ocr_line' id='line_1_93' title="bbox 528 4803 2111 4877; baseline 0.001 -19"><span class='ocrx_word' id='word_1_704' title='bbox 528 4804 719 4860; x_wconf 90' lang='lat' dir='ltr'><strong>venias</strong></span> <span class='ocrx_word' id='word_1_705' title='bbox 740 4804 806 4859; x_wconf 93' lang='lat' dir='ltr'><strong>ad</strong></span> <span class='ocrx_word' id='word_1_706' title='bbox 831 4804 971 4859; x_wconf 89' lang='lat' dir='ltr'><strong>viam</strong></span> <span class='ocrx_word' id='word_1_707' title='bbox 988 4807 1258 4877; x_wconf 84' lang='lat' dir='ltr'><strong>proponit.</strong></span> <span class='ocrx_word' id='word_1_708' title='bbox 1275 4805 1446 4873; x_wconf 87' lang='lat' dir='ltr'><strong>Quam</strong></span> <span class='ocrx_word' id='word_1_709' title='bbox 1463 4806 1554 4876; x_wconf 89' lang='lat' dir='ltr'><strong>qui</strong></span> <span class='ocrx_word' id='word_1_710' title='bbox 1580 4803 1865 4875; x_wconf 77' lang='lat' dir='ltr'><strong>Spreverit,</strong></span> <span class='ocrx_word' id='word_1_711' title='bbox 1882 4818 1989 4858; x_wconf 93' lang='lat' dir='ltr'><strong>non</strong></span> <span class='ocrx_word' id='word_1_712' title='bbox 2018 4820 2111 4860; x_wconf 85' lang='lat' dir='ltr'><strong>so-</strong></span> 
     </span>
    </p>
   </div>
   <div class='ocr_carea' id='block_1_94' title="bbox 528 4893 2113 4966">
    <p class='ocr_par' dir='ltr' id='par_1_94' title="bbox 528 4893 2113 4966">
     <span class='ocr_line' id='line_1_94' title="bbox 528 4893 2113 4966; baseline 0 -15"><span class='ocrx_word' id='word_1_713' title='bbox 528 4895 640 4951; x_wconf 91' lang='lat' dir='ltr'><strong>lum</strong></span> <span class='ocrx_word' id='word_1_714' title='bbox 669 4893 850 4966; x_wconf 90' lang='lat' dir='ltr'><strong>perdit</strong></span> <span class='ocrx_word' id='word_1_715' title='bbox 883 4896 1026 4965; x_wconf 91' lang='lat' dir='ltr'><strong>quod</strong></span> <span class='ocrx_word' id='word_1_716' title='bbox 1050 4896 1322 4965; x_wconf 81' lang='lat' dir='ltr'><strong>promittit</strong></span> <span class='ocrx_word' id='word_1_717' title='bbox 1353 4910 1538 4951; x_wconf 91' lang='lat' dir='ltr'><strong>verum</strong></span> <span class='ocrx_word' id='word_1_718' title='bbox 1558 4896 1721 4951; x_wconf 89' lang='lat' dir='ltr'><strong>etiam</strong></span> <span class='ocrx_word' id='word_1_719' title='bbox 1741 4902 1965 4966; x_wconf 90' lang='lat' dir='ltr'><strong>propter</strong></span> <span class='ocrx_word' id='word_1_720' title='bbox 1982 4910 2113 4952; x_wconf 90' lang='lat' dir='ltr'><strong>con-</strong></span> 
     </span>
    </p>
   </div>
   <div class='ocr_carea' id='block_1_95' title="bbox 528 4985 2110 5057">
    <p class='ocr_par' dir='ltr' id='par_1_95' title="bbox 528 4985 2110 5057">
     <span class='ocr_line' id='line_1_95' title="bbox 528 4985 2110 5057; baseline 0.001 -16"><span class='ocrx_word' id='word_1_721' title='bbox 528 4994 793 5057; x_wconf 90' lang='lat' dir='ltr'><strong>temptum</strong></span> <span class='ocrx_word' id='word_1_722' title='bbox 840 4985 1013 5056; x_wconf 88' lang='lat' dir='ltr'><strong>magis</strong></span> <span class='ocrx_word' id='word_1_723' title='bbox 1054 4987 1179 5041; x_wconf 91' lang='lat' dir='ltr'><strong>ruit.</strong></span> <span class='ocrx_word' id='word_1_724' title='bbox 1214 4985 1350 5042; x_wconf 83' lang='lat' dir='ltr'><strong>Hinc</strong></span> <span class='ocrx_word' id='word_1_725' title='bbox 1392 5001 1607 5057; x_wconf 91' lang='lat' dir='ltr'><strong>quoque</strong></span> <span class='ocrx_word' id='word_1_726' title='bbox 1651 4986 1849 5043; x_wconf 89' lang='lat' dir='ltr'><strong>Paulus</strong></span> <span class='ocrx_word' id='word_1_727' title='bbox 1890 4986 1994 5042; x_wconf 87' lang='lat' dir='ltr'><strong>ait:</strong></span> <span class='ocrx_word' id='word_1_728' title='bbox 2027 4986 2110 5043; x_wconf 79' lang='lat' dir='ltr'><strong>An</strong></span> 
     </span>
    </p>
   </div>
   <div class='ocr_carea' id='block_1_96' title="bbox 526 5074 2108 5147">
    <p class='ocr_par' dir='ltr' id='par_1_96' title="bbox 526 5074 2108 5147">
     <span class='ocr_line' id='line_1_96' title="bbox 526 5074 2108 5147; baseline 0.001 -17"><span class='ocrx_word' id='word_1_729' title='bbox 526 5075 741 5147; x_wconf 81' lang='lat' dir='ltr'><strong>ignoras</strong></span> <span class='ocrx_word' id='word_1_730' title='bbox 764 5075 905 5147; x_wconf 88' lang='lat' dir='ltr'><strong>quod</strong></span> <span class='ocrx_word' id='word_1_731' title='bbox 935 5076 1225 5147; x_wconf 85' lang='lat' dir='ltr'><strong>benignitas</strong></span> <span class='ocrx_word' id='word_1_732' title='bbox 1255 5074 1353 5130; x_wconf 88' lang='lat' dir='ltr'><strong>Dei</strong></span> <span class='ocrx_word' id='word_1_733' title='bbox 1390 5077 1461 5130; x_wconf 91' lang='lat' dir='ltr'><strong>ad</strong></span> <span class='ocrx_word' id='word_1_734' title='bbox 1482 5078 1835 5147; x_wconf 63' lang='lat' dir='ltr'><strong>paenitentiam</strong></span> <span class='ocrx_word' id='word_1_735' title='bbox 1863 5088 1914 5132; x_wconf 85' lang='lat' dir='ltr'><strong>te</strong></span> <span class='ocrx_word' id='word_1_736' title='bbox 1939 5078 2108 5131; x_wconf 82' lang='lat' dir='ltr'><strong>addu-</strong></span> 
     </span>
    </p>
   </div>
   <div class='ocr_carea' id='block_1_97' title="bbox 527 5167 2106 5241">
    <p class='ocr_par' dir='ltr' id='par_1_97' title="bbox 527 5167 2106 5241">
     <span class='ocr_line' id='line_1_97' title="bbox 527 5167 2106 5241; baseline 0.003 -18"><span class='ocrx_word' id='word_1_737' title='bbox 527 5170 645 5224; x_wconf 82' lang='lat' dir='ltr'><strong>cit?</strong></span> <span class='ocrx_word' id='word_1_738' title='bbox 686 5167 989 5224; x_wconf 86' lang='lat' dir='ltr'><strong>Secundum</strong></span> <span class='ocrx_word' id='word_1_739' title='bbox 1028 5168 1279 5223; x_wconf 86' lang='lat' dir='ltr'><strong>duritiam</strong></span> <span class='ocrx_word' id='word_1_740' title='bbox 1327 5178 1494 5234; x_wconf 89' lang='lat' dir='ltr'><strong>tuam,</strong></span> <span class='ocrx_word' id='word_1_741' title='bbox 1539 5170 1733 5241; x_wconf 90' lang='lat' dir='ltr'><strong>inquit,</strong></span> <span class='ocrx_word' id='word_1_742' title='bbox 1779 5173 2106 5227; x_wconf 76' lang='lat' dir='ltr'><strong>tltesaurizas</strong></span> 
     </span>
    </p>
   </div>
   <div class='ocr_carea' id='block_1_98' title="bbox 526 5258 2107 5335">
    <p class='ocr_par' dir='ltr' id='par_1_98' title="bbox 526 5258 2107 5335">
     <span class='ocr_line' id='line_1_98' title="bbox 526 5258 2107 5335; baseline -0.001 -17"><span class='ocrx_word' id='word_1_743' title='bbox 526 5264 620 5318; x_wconf 86' lang='lat' dir='ltr'><strong>tibi</strong></span> <span class='ocrx_word' id='word_1_744' title='bbox 645 5265 800 5329; x_wconf 90' lang='lat' dir='ltr'><strong>iram,</strong></span> <span class='ocrx_word' id='word_1_745' title='bbox 845 5261 1003 5334; x_wconf 81' lang='lat'><strong>155</strong></span> <span class='ocrx_word' id='word_1_746' title='bbox 1034 5263 1088 5315; x_wconf 88' lang='lat' dir='ltr'><strong>in</strong></span> <span class='ocrx_word' id='word_1_747' title='bbox 1116 5261 1201 5315; x_wconf 89' lang='lat' dir='ltr'><strong>die</strong></span> <span class='ocrx_word' id='word_1_748' title='bbox 1223 5262 1318 5317; x_wconf 81' lang='lat' dir='ltr'><strong>ine</strong></span> <span class='ocrx_word' id='word_1_749' title='bbox 1341 5258 1389 5317; x_wconf 80' lang='lat' dir='ltr'><strong>et</strong></span> <span class='ocrx_word' id='word_1_750' title='bbox 1416 5262 1741 5319; x_wconf 78' lang='lat' dir='ltr'><strong>reuelationis</strong></span> <span class='ocrx_word' id='word_1_751' title='bbox 1758 5265 1895 5335; x_wconf 87' lang='lat' dir='ltr'><strong>justi</strong></span> <span class='ocrx_word' id='word_1_752' title='bbox 1914 5264 2107 5335; x_wconf 83' lang='lat' dir='ltr'><strong>judicii</strong></span> 
     </span>
    </p>
   </div>
   <div class='ocr_carea' id='block_1_99' title="bbox 532 5351 2103 5426">
    <p class='ocr_par' dir='ltr' id='par_1_99' title="bbox 532 5351 2103 5426">
     <span class='ocr_line' id='line_1_99' title="bbox 532 5351 2103 5426; baseline 0.001 -17"><span class='ocrx_word' id='word_1_753' title='bbox 532 5355 632 5409; x_wconf 88' lang='lat' dir='ltr'><strong>Dei</strong></span> <span class='ocrx_word' id='word_1_754' title='bbox 669 5351 849 5424; x_wconf 86' lang='lat' dir='ltr'><strong>(Rom.</strong></span> <span class='ocrx_word' id='word_1_755' title='bbox 877 5371 938 5420; x_wconf 82' lang='grc' dir='ltr'><strong>ιι,</strong></span> <span class='ocrx_word' id='word_1_756' title='bbox 974 5354 1052 5423; x_wconf 77' lang='grc'><strong>4).</strong></span> <span class='ocrx_word' id='word_1_757' title='bbox 1076 5352 1415 5425; x_wconf 89' lang='lat' dir='ltr'><strong>Quapropter</strong></span> <span class='ocrx_word' id='word_1_758' title='bbox 1443 5369 1605 5410; x_wconf 89' lang='lat' dir='ltr'><strong>nemo</strong></span> <span class='ocrx_word' id='word_1_759' title='bbox 1630 5367 1849 5426; x_wconf 88' lang='lat' dir='ltr'><strong>spernat</strong></span> <span class='ocrx_word' id='word_1_760' title='bbox 1874 5356 2103 5426; x_wconf 91' lang='lat' dir='ltr'><strong>primam</strong></span> 
     </span>
    </p>
   </div>
   <div class='ocr_carea' id='block_1_100' title="bbox 526 5444 2105 5518">
    <p class='ocr_par' dir='ltr' id='par_1_100' title="bbox 526 5444 2105 5518">
     <span class='ocr_line' id='line_1_100' title="bbox 526 5444 2105 5518; baseline 0.001 -18"><span class='ocrx_word' id='word_1_761' title='bbox 526 5444 794 5518; x_wconf 90' lang='lat' dir='ltr'><strong>praeconis</strong></span> <span class='ocrx_word' id='word_1_762' title='bbox 825 5446 880 5501; x_wconf 92' lang='lat' dir='ltr'><strong>in</strong></span> <span class='ocrx_word' id='word_1_763' title='bbox 900 5445 1283 5517; x_wconf 81' lang='lat' dir='ltr'><strong>praedicatione</strong></span> <span class='ocrx_word' id='word_1_764' title='bbox 1314 5458 1523 5511; x_wconf 87' lang='lat' dir='ltr'><strong>vocem,</strong></span> <span class='ocrx_word' id='word_1_765' title='bbox 1553 5460 1714 5501; x_wconf 92' lang='lat' dir='ltr'><strong>nemo</strong></span> <span class='ocrx_word' id='word_1_766' title='bbox 1760 5446 1971 5501; x_wconf 90' lang='lat' dir='ltr'><strong>initium</strong></span> <span class='ocrx_word' id='word_1_767' title='bbox 2018 5461 2105 5503; x_wconf 88' lang='lat' dir='ltr'><strong>sa-</strong></span> 
     </span>
    </p>
   </div>
   <div class='ocr_carea' id='block_1_101' title="bbox 528 5537 2102 5612">
    <p class='ocr_par' dir='ltr' id='par_1_101' title="bbox 528 5537 2102 5612">
     <span class='ocr_line' id='line_1_101' title="bbox 528 5537 2102 5612; baseline 0.001 -19"><span class='ocrx_word' id='word_1_768' title='bbox 528 5537 661 5594; x_wconf 90' lang='lat' dir='ltr'><strong>lutis</strong></span> <span class='ocrx_word' id='word_1_769' title='bbox 684 5538 953 5610; x_wconf 89' lang='lat' dir='ltr'><strong>negligat,</strong></span> <span class='ocrx_word' id='word_1_770' title='bbox 1001 5556 1162 5596; x_wconf 91' lang='lat' dir='ltr'><strong>nemo</strong></span> <span class='ocrx_word' id='word_1_771' title='bbox 1212 5540 1385 5612; x_wconf 91' lang='lat' dir='ltr'><strong>prima</strong></span> <span class='ocrx_word' id='word_1_772' title='bbox 1434 5538 1733 5595; x_wconf 87' lang='lat' dir='ltr'><strong>Salvatoris</strong></span> <span class='ocrx_word' id='word_1_773' title='bbox 1783 5539 2102 5595; x_wconf 86' lang='lat' dir='ltr'><strong>documenta</strong></span> 
     </span>
    </p>
   </div>
   <div class='ocr_carea' id='block_1_102' title="bbox 529 5632 2100 5704">
    <p class='ocr_par' dir='ltr' id='par_1_102' title="bbox 529 5632 2100 5704">
     <span class='ocr_line' id='line_1_102' title="bbox 529 5632 2100 5704; baseline -0.001 -15"><span class='ocrx_word' id='word_1_774' title='bbox 529 5638 879 5697; x_wconf 87' lang='lat' dir='ltr'><strong>contemnat;</strong></span> <span class='ocrx_word' id='word_1_775' title='bbox 910 5645 1088 5701; x_wconf 90' lang='lat' dir='ltr'><strong>neque</strong></span> <span class='ocrx_word' id='word_1_776' title='bbox 1112 5632 1463 5704; x_wconf 88' lang='lat' dir='ltr'><strong>parvipendat</strong></span> <span class='ocrx_word' id='word_1_777' title='bbox 1489 5632 1821 5704; x_wconf 67' lang='lat' dir='ltr'><strong>poenitentiae</strong></span> <span class='ocrx_word' id='word_1_778' title='bbox 1844 5632 2100 5699; x_wconf 85' lang='lat' dir='ltr'><strong>fructum,</strong></span> 
     </span>
    </p>
   </div>
   <div class='ocr_carea' id='block_1_103' title="bbox 527 5721 2103 5798">
    <p class='ocr_par' dir='ltr' id='par_1_103' title="bbox 527 5721 2103 5798">
     <span class='ocr_line' id='line_1_103' title="bbox 527 5721 2103 5798; baseline 0.003 -20"><span class='ocrx_word' id='word_1_779' title='bbox 527 5731 653 5798; x_wconf 89' lang='lat' dir='ltr'><strong>post</strong></span> <span class='ocrx_word' id='word_1_780' title='bbox 672 5721 826 5792; x_wconf 82' lang='lat' dir='ltr'><strong>cujus</strong></span> <span class='ocrx_word' id='word_1_781' title='bbox 847 5724 1176 5793; x_wconf 82' lang='lat' dir='ltr'><strong>praeconium</strong></span> <span class='ocrx_word' id='word_1_782' title='bbox 1207 5726 1467 5781; x_wconf 79' lang='lat' dir='ltr'><strong>caelorum</strong></span> <span class='ocrx_word' id='word_1_783' title='bbox 1502 5741 1729 5794; x_wconf 89' lang='lat' dir='ltr'><strong>regnum</strong></span> <span class='ocrx_word' id='word_1_784' title='bbox 1776 5739 1944 5795; x_wconf 91' lang='lat' dir='ltr'><strong>prope</strong></span> <span class='ocrx_word' id='word_1_785' title='bbox 1989 5725 2103 5782; x_wconf 85' lang='lat' dir='ltr'><strong>fore</strong></span> 
     </span>
    </p>
   </div>
   <div class='ocr_carea' id='block_1_104' title="bbox 531 5812 2101 5887">
    <p class='ocr_par' dir='ltr' id='par_1_104' title="bbox 531 5812 2101 5887">
     <span class='ocr_line' id='line_1_104' title="bbox 531 5812 2101 5887; baseline 0.001 -15"><span class='ocrx_word' id='word_1_786' title='bbox 531 5816 905 5872; x_wconf 90' lang='lat' dir='ltr'><strong>annuntiatur.</strong></span> <span class='ocrx_word' id='word_1_787' title='bbox 939 5812 1214 5884; x_wconf 88' lang='lat' dir='ltr'><strong>Nusquam</strong></span> <span class='ocrx_word' id='word_1_788' title='bbox 1241 5817 1390 5874; x_wconf 89' lang='lat' dir='ltr'><strong>enim</strong></span> <span class='ocrx_word' id='word_1_789' title='bbox 1425 5820 1575 5887; x_wconf 86' lang='lat' dir='ltr'><strong>prius</strong></span> <span class='ocrx_word' id='word_1_790' title='bbox 1598 5819 1716 5876; x_wconf 78' lang='lat' dir='ltr'><strong>haec</strong></span> <span class='ocrx_word' id='word_1_791' title='bbox 1736 5834 1838 5876; x_wconf 80' lang='lat' dir='ltr'><strong>vox</strong></span> <span class='ocrx_word' id='word_1_792' title='bbox 1875 5816 1976 5874; x_wconf 86' lang='lat' dir='ltr'><strong>fuit</strong></span> <span class='ocrx_word' id='word_1_793' title='bbox 2003 5832 2101 5874; x_wconf 89' lang='lat' dir='ltr'><strong>an-</strong></span> 
     </span>
    </p>
   </div>
   <div class='ocr_carea' id='block_1_105' title="bbox 2217 4708 3813 4783">
    <p class='ocr_par' dir='ltr' id='par_1_105' title="bbox 2217 4708 3813 4783">
     <span class='ocr_line' id='line_1_105' title="bbox 2217 4708 3813 4783; baseline -0.002 -16"><span class='ocrx_word' id='word_1_794' title='bbox 2217 4728 2405 4768; x_wconf 88' lang='lat' dir='ltr'><strong>rursns</strong></span> <span class='ocrx_word' id='word_1_795' title='bbox 2429 4713 2503 4766; x_wconf 92' lang='lat' dir='ltr'><strong>ait</strong></span> <span class='ocrx_word' id='word_1_796' title='bbox 2530 4730 2543 4765; x_wconf 91' lang='lat'><strong>:</strong></span> <span class='ocrx_word' id='word_1_797' title='bbox 2573 4711 2685 4783; x_wconf 85' lang='lat' dir='ltr'><strong>Ego</strong></span> <span class='ocrx_word' id='word_1_798' title='bbox 2714 4729 2812 4766; x_wconf 72' lang='lat' dir='ltr'><strong>rex</strong></span> <span class='ocrx_word' id='word_1_799' title='bbox 2837 4711 3113 4766; x_wconf 83' lang='lat' dir='ltr'><strong>clamantis</strong></span> <span class='ocrx_word' id='word_1_800' title='bbox 3141 4712 3198 4766; x_wconf 89' lang='lat' dir='ltr'><strong>in</strong></span> <span class='ocrx_word' id='word_1_801' title='bbox 3244 4710 3470 4775; x_wconf 85' lang='lat' dir='ltr'><strong>deserto,</strong></span> <span class='ocrx_word' id='word_1_802' title='bbox 3513 4708 3656 4780; x_wconf 92' lang='lat' dir='ltr'><strong>quod</strong></span> <span class='ocrx_word' id='word_1_803' title='bbox 3684 4708 3813 4778; x_wconf 87' lang='lat' dir='ltr'><strong>jam</strong></span> 
     </span>
    </p>
   </div>
   <div class='ocr_carea' id='block_1_106' title="bbox 2216 4797 3814 4874">
    <p class='ocr_par' dir='ltr' id='par_1_106' title="bbox 2216 4797 3814 4874">
     <span class='ocr_line' id='line_1_106' title="bbox 2216 4797 3814 4874; baseline -0.004 -16"><span class='ocrx_word' id='word_1_804' title='bbox 2216 4803 2357 4860; x_wconf 93' lang='lat' dir='ltr'><strong>idem</strong></span> <span class='ocrx_word' id='word_1_805' title='bbox 2382 4803 2739 4874; x_wconf 81' lang='lat' dir='ltr'><strong>praemiserat,</strong></span> <span class='ocrx_word' id='word_1_806' title='bbox 2757 4811 2816 4858; x_wconf 85' lang='lat' dir='ltr'><strong>ut</strong></span> <span class='ocrx_word' id='word_1_807' title='bbox 2836 4801 3181 4874; x_wconf 73' lang='lat' dir='ltr'><strong>protulimus,</strong></span> <span class='ocrx_word' id='word_1_808' title='bbox 3197 4800 3414 4870; x_wconf 88' lang='lat' dir='ltr'><strong>quando</strong></span> <span class='ocrx_word' id='word_1_809' title='bbox 3428 4798 3562 4854; x_wconf 77' lang='lat' dir='ltr'><strong>dixit</strong></span> <span class='ocrx_word' id='word_1_810' title='bbox 3585 4816 3600 4853; x_wconf 91' lang='lat'><strong>:</strong></span> <span class='ocrx_word' id='word_1_811' title='bbox 3618 4797 3814 4853; x_wconf 76' lang='grc' dir='ltr'><strong>Ρωηὲ-</strong></span> 
     </span>
    </p>
   </div>
   <div class='ocr_carea' id='block_1_107' title="bbox 2214 4887 3808 4966">
    <p class='ocr_par' dir='ltr' id='par_1_107' title="bbox 2214 4887 3808 4966">
     <span class='ocr_line' id='line_1_107' title="bbox 2214 4887 3808 4966; baseline -0.004 -17"><span class='ocrx_word' id='word_1_812' title='bbox 2214 4894 2429 4949; x_wconf 85' lang='lat' dir='ltr'><strong>tentiam</strong></span> <span class='ocrx_word' id='word_1_813' title='bbox 2459 4895 2616 4965; x_wconf 85' lang='lat' dir='ltr'><strong>agite,</strong></span> <span class='ocrx_word' id='word_1_814' title='bbox 2647 4891 3075 4966; x_wconf 78' lang='lat' dir='ltr'><strong>appropinquavit</strong></span> <span class='ocrx_word' id='word_1_815' title='bbox 3109 4890 3247 4945; x_wconf 83' lang='lat' dir='ltr'><strong>enim</strong></span> <span class='ocrx_word' id='word_1_816' title='bbox 3286 4905 3499 4960; x_wconf 84' lang='lat' dir='ltr'><strong>regnum</strong></span> <span class='ocrx_word' id='word_1_817' title='bbox 3525 4887 3808 4943; x_wconf 66' lang='lat' dir='ltr'><strong>calorum.</strong></span> 
     </span>
    </p>
   </div>
   <div class='ocr_carea' id='block_1_108' title="bbox 2215 4979 3807 5053">
    <p class='ocr_par' dir='ltr' id='par_1_108' title="bbox 2215 4979 3807 5053">
     <span class='ocr_line' id='line_1_108' title="bbox 2215 4979 3807 5053; baseline -0.004 -14"><span class='ocrx_word' id='word_1_818' title='bbox 2215 4985 2316 5053; x_wconf 88' lang='lat' dir='ltr'><strong>Qui</strong></span> <span class='ocrx_word' id='word_1_819' title='bbox 2365 5000 2553 5041; x_wconf 91' lang='lat' dir='ltr'><strong>vocem</strong></span> <span class='ocrx_word' id='word_1_820' title='bbox 2591 4985 2712 5040; x_wconf 90' lang='lat' dir='ltr'><strong>ideo</strong></span> <span class='ocrx_word' id='word_1_821' title='bbox 2759 5000 2818 5041; x_wconf 92' lang='lat' dir='ltr'><strong>se</strong></span> <span class='ocrx_word' id='word_1_822' title='bbox 2859 4983 3190 5048; x_wconf 88' lang='lat' dir='ltr'><strong>nominavit,</strong></span> <span class='ocrx_word' id='word_1_823' title='bbox 3226 4996 3294 5036; x_wconf 93' lang='lat' dir='ltr'><strong>eo</strong></span> <span class='ocrx_word' id='word_1_824' title='bbox 3315 4979 3458 5053; x_wconf 89' lang='lat' dir='ltr'><strong>quod</strong></span> <span class='ocrx_word' id='word_1_825' title='bbox 3503 4979 3807 5050; x_wconf 85' lang='lat' dir='ltr'><strong>propheta,</strong></span> 
     </span>
    </p>
   </div>
   <div class='ocr_carea' id='block_1_109' title="bbox 2218 5071 3807 5148">
    <p class='ocr_par' dir='ltr' id='par_1_109' title="bbox 2218 5071 3807 5148">
     <span class='ocr_line' id='line_1_109' title="bbox 2218 5071 3807 5148; baseline -0.006 -15"><span class='ocrx_word' id='word_1_826' title='bbox 2218 5076 2423 5148; x_wconf 89' lang='lat' dir='ltr'><strong>Spiritu</strong></span> <span class='ocrx_word' id='word_1_827' title='bbox 2452 5084 2642 5131; x_wconf 89' lang='lat' dir='ltr'><strong>sancto</strong></span> <span class='ocrx_word' id='word_1_828' title='bbox 2667 5075 2964 5141; x_wconf 86' lang='lat' dir='ltr'><strong>revelante,</strong></span> <span class='ocrx_word' id='word_1_829' title='bbox 2986 5073 3140 5145; x_wconf 92' lang='lat' dir='ltr'><strong>prius</strong></span> <span class='ocrx_word' id='word_1_830' title='bbox 3164 5087 3288 5127; x_wconf 90' lang='lat' dir='ltr'><strong>eum</strong></span> <span class='ocrx_word' id='word_1_831' title='bbox 3318 5071 3391 5126; x_wconf 89' lang='lat' dir='ltr'><strong>ita</strong></span> <span class='ocrx_word' id='word_1_832' title='bbox 3413 5077 3657 5134; x_wconf 65' lang='lat' dir='ltr'><strong>vocarat,</strong></span> <span class='ocrx_word' id='word_1_833' title='bbox 3685 5084 3807 5125; x_wconf 89' lang='lat' dir='ltr'><strong>non</strong></span> 
     </span>
    </p>
   </div>
   <div class='ocr_carea' id='block_1_110' title="bbox 2212 5159 3806 5239">
    <p class='ocr_par' dir='ltr' id='par_1_110' title="bbox 2212 5159 3806 5239">
     <span class='ocr_line' id='line_1_110' title="bbox 2212 5159 3806 5239; baseline -0.005 -16"><span class='ocrx_word' id='word_1_834' title='bbox 2212 5183 2307 5224; x_wconf 87' lang='lat' dir='ltr'><strong>sua</strong></span> <span class='ocrx_word' id='word_1_835' title='bbox 2335 5166 2552 5239; x_wconf 89' lang='lat' dir='ltr'><strong>quidem</strong></span> <span class='ocrx_word' id='word_1_836' title='bbox 2599 5166 2996 5236; x_wconf 88' lang='lat' dir='ltr'><strong>assumptione,</strong></span> <span class='ocrx_word' id='word_1_837' title='bbox 3043 5163 3137 5219; x_wconf 88' lang='lat' dir='ltr'><strong>sed</strong></span> <span class='ocrx_word' id='word_1_838' title='bbox 3184 5160 3484 5217; x_wconf 81' lang='lat' dir='ltr'><strong>assertione</strong></span> <span class='ocrx_word' id='word_1_839' title='bbox 3523 5159 3806 5216; x_wconf 78' lang='lat' dir='ltr'><strong>veritatis.</strong></span> 
     </span>
    </p>
   </div>
   <div class='ocr_carea' id='block_1_111' title="bbox 2213 5253 3803 5329">
    <p class='ocr_par' dir='ltr' id='par_1_111' title="bbox 2213 5253 3803 5329">
     <span class='ocr_line' id='line_1_111' title="bbox 2213 5253 3803 5329; baseline -0.005 -15"><span class='ocrx_word' id='word_1_840' title='bbox 2213 5259 2429 5314; x_wconf 87' lang='lat' dir='ltr'><strong>Nullum</strong></span> <span class='ocrx_word' id='word_1_841' title='bbox 2455 5259 2623 5329; x_wconf 85' lang='lat' dir='ltr'><strong>igitur</strong></span> <span class='ocrx_word' id='word_1_842' title='bbox 2640 5258 2869 5313; x_wconf 87' lang='lat' dir='ltr'><strong>verbum</strong></span> <span class='ocrx_word' id='word_1_843' title='bbox 2895 5257 3014 5312; x_wconf 93' lang='lat' dir='ltr'><strong>sine</strong></span> <span class='ocrx_word' id='word_1_844' title='bbox 3046 5270 3181 5310; x_wconf 90' lang='lat' dir='ltr'><strong>voce</strong></span> <span class='ocrx_word' id='word_1_845' title='bbox 3201 5253 3441 5317; x_wconf 87' lang='lat' dir='ltr'><strong>auditur,</strong></span> <span class='ocrx_word' id='word_1_846' title='bbox 3466 5265 3644 5322; x_wconf 89' lang='lat' dir='ltr'><strong>neque</strong></span> <span class='ocrx_word' id='word_1_847' title='bbox 3686 5265 3803 5308; x_wconf 78' lang='lat' dir='ltr'><strong>vox</strong></span> 
     </span>
    </p>
   </div>
   <div class='ocr_carea' id='block_1_112' title="bbox 2212 5344 3808 5423">
    <p class='ocr_par' dir='ltr' id='par_1_112' title="bbox 2212 5344 3808 5423">
     <span class='ocr_line' id='line_1_112' title="bbox 2212 5344 3808 5423; baseline -0.004 -16"><span class='ocrx_word' id='word_1_848' title='bbox 2212 5352 2490 5423; x_wconf 90' lang='lat' dir='ltr'><strong>quidpiam</strong></span> <span class='ocrx_word' id='word_1_849' title='bbox 2511 5351 2628 5406; x_wconf 91' lang='lat' dir='ltr'><strong>sine</strong></span> <span class='ocrx_word' id='word_1_850' title='bbox 2652 5349 2808 5407; x_wconf 90' lang='lat' dir='ltr'><strong>verbi</strong></span> <span class='ocrx_word' id='word_1_851' title='bbox 2828 5348 3181 5421; x_wconf 89' lang='lat' dir='ltr'><strong>intelligentia</strong></span> <span class='ocrx_word' id='word_1_852' title='bbox 3203 5346 3367 5403; x_wconf 82' lang='lat' dir='ltr'><strong>valet.</strong></span> <span class='ocrx_word' id='word_1_853' title='bbox 3390 5344 3808 5401; x_wconf 79' lang='lat' dir='ltr'><strong>Formamrita-</strong></span> 
     </span>
    </p>
   </div>
   <div class='ocr_carea' id='block_1_113' title="bbox 2214 5440 3812 5516">
    <p class='ocr_par' dir='ltr' id='par_1_113' title="bbox 2214 5440 3812 5516">
     <span class='ocr_line' id='line_1_113' title="bbox 2214 5440 3812 5516; baseline 0 -19"><span class='ocrx_word' id='word_1_854' title='bbox 2214 5460 2320 5516; x_wconf 89' lang='lat' dir='ltr'><strong>que</strong></span> <span class='ocrx_word' id='word_1_855' title='bbox 2362 5445 2418 5499; x_wconf 92' lang='lat' dir='ltr'><strong>in</strong></span> <span class='ocrx_word' id='word_1_856' title='bbox 2475 5458 2611 5499; x_wconf 90' lang='lat' dir='ltr'><strong>voce</strong></span> <span class='ocrx_word' id='word_1_857' title='bbox 2650 5443 2799 5499; x_wconf 91' lang='lat' dir='ltr'><strong>velut</strong></span> <span class='ocrx_word' id='word_1_858' title='bbox 2843 5442 3109 5514; x_wconf 86' lang='lat' dir='ltr'><strong>quoddam</strong></span> <span class='ocrx_word' id='word_1_859' title='bbox 3159 5440 3489 5512; x_wconf 67' lang='lat' dir='ltr'><strong>praeconium</strong></span> <span class='ocrx_word' id='word_1_860' title='bbox 3529 5440 3711 5506; x_wconf 91' lang='lat' dir='ltr'><strong>verbi,</strong></span> <span class='ocrx_word' id='word_1_861' title='bbox 3739 5453 3812 5497; x_wconf 77' lang='lat' dir='ltr'><strong>ut</strong></span> 
     </span>
    </p>
   </div>
   <div class='ocr_carea' id='block_1_114' title="bbox 2214 5533 3805 5608">
    <p class='ocr_par' dir='ltr' id='par_1_114' title="bbox 2214 5533 3805 5608">
     <span class='ocr_line' id='line_1_114' title="bbox 2214 5533 3805 5608; baseline -0.002 -15"><span class='ocrx_word' id='word_1_862' title='bbox 2214 5538 2467 5608; x_wconf 84' lang='lat' dir='ltr'><strong>deinceps</strong></span> <span class='ocrx_word' id='word_1_863' title='bbox 2492 5551 2624 5593; x_wconf 90' lang='lat' dir='ltr'><strong>voce</strong></span> <span class='ocrx_word' id='word_1_864' title='bbox 2656 5536 2883 5608; x_wconf 80' lang='lat' dir='ltr'><strong>dilapsa,</strong></span> <span class='ocrx_word' id='word_1_865' title='bbox 2929 5535 3151 5593; x_wconf 89' lang='lat' dir='ltr'><strong>verbum</strong></span> <span class='ocrx_word' id='word_1_866' title='bbox 3181 5534 3412 5590; x_wconf 89' lang='lat' dir='ltr'><strong>interius</strong></span> <span class='ocrx_word' id='word_1_867' title='bbox 3438 5533 3626 5605; x_wconf 90' lang='lat' dir='ltr'><strong>vigens</strong></span> <span class='ocrx_word' id='word_1_868' title='bbox 3661 5548 3805 5603; x_wconf 86' lang='lat' dir='ltr'><strong>per-</strong></span> 
     </span>
    </p>
   </div>
   <div class='ocr_carea' id='block_1_115' title="bbox 2212 5626 3805 5701">
    <p class='ocr_par' dir='ltr' id='par_1_115' title="bbox 2212 5626 3805 5701">
     <span class='ocr_line' id='line_1_115' title="bbox 2212 5626 3805 5701; baseline -0.003 -16"><span class='ocrx_word' id='word_1_869' title='bbox 2212 5630 2462 5701; x_wconf 89' lang='lat' dir='ltr'><strong>cipiatur.</strong></span> <span class='ocrx_word' id='word_1_870' title='bbox 2492 5629 2722 5685; x_wconf 85' lang='lat' dir='ltr'><strong>Mittitur</strong></span> <span class='ocrx_word' id='word_1_871' title='bbox 2746 5638 2802 5685; x_wconf 90' lang='lat' dir='ltr'><strong>et</strong></span> <span class='ocrx_word' id='word_1_872' title='bbox 2826 5629 3062 5685; x_wconf 88' lang='lat' dir='ltr'><strong>Joannes</strong></span> <span class='ocrx_word' id='word_1_873' title='bbox 3086 5627 3344 5683; x_wconf 90' lang='lat' dir='ltr'><strong>divinitus</strong></span> <span class='ocrx_word' id='word_1_874' title='bbox 3369 5634 3496 5682; x_wconf 89' lang='lat' dir='ltr'><strong>ante</strong></span> <span class='ocrx_word' id='word_1_875' title='bbox 3525 5626 3805 5692; x_wconf 77' lang='lat' dir='ltr'><strong>Verbum,</strong></span> 
     </span>
    </p>
   </div>
   <div class='ocr_carea' id='block_1_116' title="bbox 2211 5717 3810 5793">
    <p class='ocr_par' dir='ltr' id='par_1_116' title="bbox 2211 5717 3810 5793">
     <span class='ocr_line' id='line_1_116' title="bbox 2211 5717 3810 5793; baseline -0.001 -16"><span class='ocrx_word' id='word_1_876' title='bbox 2211 5732 2271 5777; x_wconf 92' lang='lat' dir='ltr'><strong>ut</strong></span> <span class='ocrx_word' id='word_1_877' title='bbox 2294 5736 2391 5793; x_wconf 87' lang='lat' dir='ltr'><strong>per</strong></span> <span class='ocrx_word' id='word_1_878' title='bbox 2421 5723 2538 5793; x_wconf 88' lang='lat' dir='ltr'><strong>ejus</strong></span> <span class='ocrx_word' id='word_1_879' title='bbox 2565 5721 2894 5793; x_wconf 79' lang='lat' dir='ltr'><strong>praeconium</strong></span> <span class='ocrx_word' id='word_1_880' title='bbox 2938 5719 3182 5786; x_wconf 89' lang='lat' dir='ltr'><strong>verbum,</strong></span> <span class='ocrx_word' id='word_1_881' title='bbox 3229 5718 3375 5788; x_wconf 92' lang='lat' dir='ltr'><strong>quod</strong></span> <span class='ocrx_word' id='word_1_882' title='bbox 3422 5717 3479 5772; x_wconf 92' lang='lat' dir='ltr'><strong>in</strong></span> <span class='ocrx_word' id='word_1_883' title='bbox 3523 5717 3810 5789; x_wconf 88' lang='lat' dir='ltr'><strong>principio</strong></span> 
     </span>
    </p>
   </div>
   <div class='ocr_carea' id='block_1_117' title="bbox 2212 5808 3810 5884">
    <p class='ocr_par' dir='ltr' id='par_1_117' title="bbox 2212 5808 3810 5884">
     <span class='ocr_line' id='line_1_117' title="bbox 2212 5808 3810 5884; baseline -0.003 -16"><span class='ocrx_word' id='word_1_884' title='bbox 2212 5821 2329 5869; x_wconf 89' lang='lat' dir='ltr'><strong>erat</strong></span> <span class='ocrx_word' id='word_1_885' title='bbox 2360 5813 2498 5883; x_wconf 89' lang='lat' dir='ltr'><strong>apud</strong></span> <span class='ocrx_word' id='word_1_886' title='bbox 2523 5813 2712 5878; x_wconf 90' lang='lat' dir='ltr'><strong>Deum,</strong></span> <span class='ocrx_word' id='word_1_887' title='bbox 2743 5810 2952 5882; x_wconf 90' lang='lat' dir='ltr'><strong>plenius</strong></span> <span class='ocrx_word' id='word_1_888' title='bbox 2975 5809 3324 5881; x_wconf 88' lang='lat' dir='ltr'><strong>intelligatur.</strong></span> <span class='ocrx_word' id='word_1_889' title='bbox 3340 5808 3577 5867; x_wconf 85' lang='lat' dir='ltr'><strong>Joannes</strong></span> <span class='ocrx_word' id='word_1_890' title='bbox 3594 5809 3810 5884; x_wconf 83' lang='lat' dir='ltr'><strong>quippe</strong></span> 
     </span>
    </p>
   </div>
  </div>
