4032 6358
227 366 343 425 153

1043 356 1402 419 EXPOSITIO
1440 355 1506 411 IN
1548 349 1985 410 MATTHJEUM.
2018 379 2088 390 —-
2129 348 2258 405 LIB.
2301 349 2366 416 ll,
2399 348 2554 404 CAP.
2596 347 2680 403 ιιι.

3399 347 3500 402 154

221 489 354 560 iure
392 500 490 540 vox
550 492 639 538 est
699 480 1030 552 appellatus,
1082 474 1208 544 quia
1266 470 1418 526 verbi
1478 468 1810 560 praeconium
1836 469 1891 530 Α
1914 465 2059 535 quod
2080 465 2214 560 foris
2241 462 2551 530 exhibetur,
2573 464 2722 518 intus
2748 461 2877 532 quid
2908 470 3034 560 agat
3068 462 3279 531 plenius
3311 472 3500 560 osten-

225 559 366 636 fuit:
394 588 449 634 et
467 576 593 632 ideo
615 575 682 630 de
704 589 764 630 se
789 571 1070 628 confessus
1091 575 1176 623 est
1196 565 1342 636 quod
1369 562 1500 618 olim
1529 576 1589 616 se
1632 559 1816 630 appel-

227 672 390 726 latum
415 675 669 731 noverat,
695 674 749 720 et
777 661 1020 734 implevit
1038 659 1185 714 vocis
1211 654 1465 719 ofﬁcium,
1496 662 1556 708 ut
1579 652 1814 708 Verbum

228 762 364 834 quod
401 763 455 815 in
500 759 773 831 principio
800 765 920 812 erat
957 754 1115 824 digne
1145 749 1555 820 intelligeretur.
1593 743 1812 810 Parate,

231 854 417 923 inquit,
447 854 594 906 viam
619 849 856 914 Domini,
893 856 1059 901 rectas
1107 843 1262 912 facite
1315 841 1525 896 semitas
1567 838 1704 909 ejus.
1735 836 1813 891 Ac

227 949 278 1002 si
302 953 554 1015 patenter
589 943 760 1007 dicat,
789 940 916 1009 quia
964 937 1223 1000 Verbum,
1271 931 1415 1003 quod
1460 931 1512 986 in
1546 927 1812 1001 principio

223 1045 354 1101 erat,
393 1035 568 1090 corda
625 1030 964 1088 credentium
1016 1026 1291 1081 illustrare
1336 1023 1506 1088 venit,
1555 1020 1813 1075 mundate

226 1137 480 1190 mentem,
522 1125 785 1195 corrigite
813 1137 1012 1185 mores,
1041 1131 1102 1174 ut
1126 1134 1250 1173 eum
1277 1115 1547 1172 credendo
1574 1114 1733 1184 digne
1755 1113 1810 1168 in

223 1220 368 1275 vobis
389 1218 675 1288 suscipere
700 1215 944 1270 valeatis.
975 1212 1157 1268 Nostis
1198 1211 1361 1281 igitur
1387 1207 1531 1279 quod
1570 1207 1658 1261 via
1687 1220 1811 1260 ver-

223 1313 282 1366 bi
303 1312 363 1366 ad
390 1326 491 1366 cor
518 1309 796 1378 dirigitur,
829 1315 885 1362 et
909 1305 1030 1361 ideo
1054 1312 1241 1375 parate
1267 1303 1448 1366 ﬁdem,
1476 1310 1536 1355 ut
1571 1315 1665 1370 per
1689 1313 1810 1354 eam

225 1404 283 1456 in
312 1418 405 1458 cor
425 1410 672 1457 vestrum
707 1398 958 1454 Christus
993 1395 1344 1468 ingrediatur.
1376 1393 1602 1464 Dirigite
1628 1404 1808 1447 mores

226 1496 287 1548 in
307 1495 578 1563 aequitate,
605 1501 662 1544 ut
691 1505 790 1559 per
830 1504 923 1544 eos
951 1488 1004 1542 in
1035 1487 1210 1549 vobis,
1247 1484 1393 1540 velut
1443 1498 1542 1554 per
1589 1482 1808 1537 semitas

235 1584 476 1655 justitire,
505 1597 716 1652 gressus
747 1579 939 1634 salutis
965 1586 1149 1648 ponat.
1177 1575 1463 1638 Habitabo,
1495 1573 1688 1642 inquit,
1718 1588 1807 1640 per

235 1677 386 1744 ﬁdem
420 1676 577 1729 corda
619 1690 822 1728 eorum.
870 1671 938 1727 Et
979 1670 1312 1742 Apostolus:
1358 1665 1462 1720 Per
1489 1667 1646 1736 ﬁdem
1668 1666 1804 1720 enim

225 1766 575 1828 ambulamus,
605 1776 652 1818 et
683 1781 788 1818 non
813 1780 907 1834 per
933 1763 1153 1834 speciem
1203 1759 1291 1829 (II
1313 1758 1436 1814 Cor.
1458 1776 1514 1823 v,
1541 1759 1617 1829 7).
1653 1757 1804 1814 Unde

1919 559 2098 613 datur.
2122 556 2226 611 Per
2241 557 2514 612 desertum
2535 569 2789 624 namque,
2816 569 2924 622 quo
2952 553 3186 623 primum
3208 553 3498 620 exclamat,

1917 650 2056 720 agite
2077 647 2476 720 ptenitentiam,
2508 647 2754 717 designat
2774 659 2889 710 eos,
2922 660 3061 716 quos
3103 645 3347 716 Spiritus
3374 662 3499 702 san-

1916 740 1987 796 cti
2014 740 2188 812 gratia
2221 741 2552 802 deseruerat,
2584 746 2643 792 ut
2670 752 2767 808 per
2810 737 2914 792 hoc
2962 751 3072 791 non
3118 737 3300 792 minus
3342 746 3500 808 aptus

1913 831 2247 902 paenitentiae
2272 829 2424 884 locus
2445 829 2721 892 doceatur,
2776 843 2937 896 quam
2983 825 3170 896 quales
3221 835 3346 902 sunt
3391 828 3496 898 ipsi

1915 901 2055 976 inter
2083 935 2240 990 quos,
2285 919 2434 974 velut
2475 919 2615 974 inter
2663 921 2856 973 surdos
2914 919 3208 983 auditores,
3265 901 3495 990 regnum

1913 1010 2174 1066 caelorum
2203 1009 2488 1065 advenisse
2523 1007 2742 1074 clamat,
2776 1009 2821 1063 si
2864 1023 2922 1063 se
2958 1009 3105 1063 vitiis
3151 1018 3492 1064 vacuassent.

1912 1103 2047 1158 Nam
2074 1102 2311 1158 cilicium
2344 1104 2411 1159 de
2437 1102 2764 1158 camelorum
2783 1101 2915 1173 'pilis
2943 1111 3279 1168 contextum,
3312 1112 3490 1158 auste-

1911 1209 1986 1248 ra:
2016 1193 2148 1248 satis
2175 1194 2299 1248 vitae
2320 1193 2578 1248 iudicium
2600 1201 2703 1258 est,
2732 1207 2827 1262 per
2846 1207 3008 1260 quam
3035 1193 3493 1263 concupiscentia-

1911 1301 2030 1341 rum
2056 1286 2325 1342 incentiva
2379 1284 2683 1350 freuautur,
2729 1293 2784 1339 et
2820 1285 3046 1356 ﬁguram
3093 1286 3233 1356 gerit
3279 1300 3489 1351 eorum,

1908 1377 2002 1448 qui
2031 1386 2373 1432 terrenarum
2418 1392 2602 1432 rerum
2644 1377 2819 1448 pressi
2845 1377 3162 1443 honoribus,
3213 1379 3279 1432 ad
3329 1378 3490 1433 ﬁdem

1907 1470 2151 1536 veniunt,
2201 1471 2437 1525 maxime
2487 1470 2554 1525 de
2607 1468 2870 1525 Gentibus
2911 1469 3205 1540 aggregati.
3253 1469 3331 1522 Ex
3383 1484 3491 1540 quo

1905 1563 2170 1633 propheta
2211 1562 2280 1616 ad
2328 1560 2604 1616 cmlestem
2639 1559 2965 1625 Jerusalem,
3001 1560 3252 1615 videlicet
3301 1560 3488 1616 Eccle-

1907 1655 2001 1710 sia:
2031 1655 2276 1724 loquens,
2305 1653 2632 1723 rcpromittit
2652 1667 2666 1706 :
2686 1651 2996 1718 Inundntio,
3030 1652 3224 1721 inquit,
3259 1653 3490 1708 camelo-

1908 1763 2024 1799 rum
2073 1746 2264 1815 operiet
2317 1753 2364 1797 te
2406 1743 2541 1814 (Isa.
2589 1759 2680 1809 ιι,
2731 1743 2806 1813 6).
2839 1742 2985 1810 Quos
3039 1759 3163 1798 cum
3209 1744 3277 1799 ad
3325 1744 3488 1800 ﬁdem

217 1875 332 1915 cum
373 1858 515 1912 ﬁdes
562 1857 620 1911 in
675 1855 829 1911 nobis
865 1856 1094 1910 habetur
1142 1860 1314 1917 recta,
1352 1851 1438 1905 via
1475 1850 1685 1906 Domini
1734 1847 1800 1902 ad
1829 1835 1879 1896 Β
1907 1837 2106 1894 Christi
2335 1837 2424 1891 hic
2462 1836 2833 1906 pmnitentiam
2869 1837 3220 1906 persuadens,
3252 1834 3490 1892 Joannes

216 1965 307 2006 cor
328 1949 592 2021 dirigitur
622 1968 634 2002 :
667 1957 725 2003 et
771 1948 899 2003 dum
946 1961 1128 2002 mores
1179 1953 1460 2000 mutantur
1489 1943 1542 1997 in
1583 1943 1801 1998 melius.

215 2049 386 2096 rectas
411 2041 515 2096 Dei
547 2045 607 2095 in
630 2039 787 2096 nobis
809 2040 1032 2095 semitas
1058 2052 1446 2109 praeparamus.

283 2131 402 2201 Ipse
432 2140 619 2184 autem
655 2127 892 2184 Joannes
935 2129 1154 2182 habebat
1192 2128 1548 2182 vestimentum
1578 2126 1645 2180 de
1687 2125 1805 2195 pilis

212 2222 562 2284 camelorum,
594 2231 642 2274 et
666 2237 854 2274 zonam
875 2206 1143 2291 pellic'eam
1168 2220 1307 2273 circa
1332 2205 1533 2271 lumbos
1558 2217 1694 2284 ejus.
1722 2215 1802 2269 Ex

211 2330 316 2383 quo
363 2315 635 2368 nimirum
686 2313 761 2367 ita
808 2314 1066 2368 debemus
1115 2313 1398 2367 advertere
1451 2309 1807 2374 habitum,‘et

210 2405 693 2459 conversationem
726 2419 790 2458 ac
822 2404 1045 2469 victum,
1093 2411 1154 2456 ut
1195 2401 1599 2456 meminerimus
1625 2409 1805 2472 gesto—

211 2509 333 2546 rum
388 2494 688 2548 veritatem
739 2493 1110 2564 prtedicatoris
1138 2492 1471 2563 paenitentia:
1514 2506 1803 2561 personam

206 2582 376 2636 simul
419 2592 477 2637 et
522 2584 889 2653 paenitentum
939 2583 1193 2654 operibus
1246 2581 1505 2638 exhibere
1551 2581 1802 2637 formam.

206 2674 348 2730 Nam
377 2675 535 2730 locus
554 2674 986 2730 conversationis
1003 2673 1120 2744 ejus
1147 2689 1253 2728 non
1290 2671 1591 2742 frequentia
1628 2672 1800 2728 homi-

207 2782 372 2832 num,
399 2767 502 2821 sed
547 2765 827 2820 desertum
877 2765 1150 2820 scribitur.
1178 2762 1416 2820 Vestitus
1445 2779 1659 2834 quoque
1698 2779 1804 2820 non

205 2857 395 2912 mollis
425 2864 487 2911 et
516 2855 804 2919 delicatus,
831 2863 889 2907 ut
909 2854 1109 2910 ﬂuxum
1139 2855 1380 2909 libidinis
1403 2856 1687 2919 enutriret,
1712 2854 1806 2910 sed

204 2949 425 3019 rigidus
454 2957 622 3018 atque
640 2961 821 3016 aSper,
847 2962 914 3000 ex
944 2947 1066 3016 pilis
1111 2945 1265 3016 157
1301 2946 1634 3001 camelorum
1675 2947 1805 3001 insi-

203 3052 437 3095 nuatur.
471 3042 676 3096 Deinde
703 3041 880 3095 victus
899 3055 1062 3111 quam
1098 3024 1274 3094 tenuis
1315 3049 1476 3109 atque
1515 3040 1805 3095 inusitatus

139 3195 146 3202 ο
203 3133 404 3199 fuerit,
423 3133 586 3189 nobis
615 3135 916 3190 tacentibus
941 3132 1218 3204 Scriptura
1241 3134 1440 3202 prodit.
1459 3134 1805 3203 Quandoqui-

1909 1929 2121 1993 invitat,
2159 1928 2288 1998 quid
2318 1926 2461 1981 aliud
2501 1941 2662 1996 quam
2684 1936 2892 1982 vestem
2934 1941 3001 1982 ex
3037 1927 3266 1982 camelis
3301 1927 3488 1983 confe-

1908 2031 2054 2076 ctam
2074 2021 2141 2075 ad
2157 2019 2433 2075 Christum
2457 2017 2720 2074 mittendo
2740 2018 2961 2072 indutus
2981 2018 3268 2088 portatur?
3287 2019 3367 2073 Ac
3393 2033 3489 2088 per

1908 2098 2012 2170 hoc
2053 2114 2183 2170 hinc
2228 2113 2352 2168 inde
2395 2113 2576 2168 divina
2605 2112 2973 2168 doctrinarum
3017 2110 3263 2167 redolent
3303 2127 3490 2167 sacra-

1909 2215 2121 2273 menta;
2150 2215 2420 2277 quatenus
2460 2221 2558 2276 per
2603 2205 2705 2261 hoc
2749 2206 3171 2269 demonstretur,
3219 2205 3365 2275 quod
3413 2204 3487 2260 illi

1908 2301 1976 2355 ad
2004 2301 2253 2356 decorem
2306 2298 2608 2354 indumenti
2646 2298 2848 2355 Christi
2891 2299 3201 2369 pertineant
3251 2299 3342 2368 qui
3391 2313 3489 2368 per

1907 2393 2306 2464 paenitentiam,
2336 2408 2582 2462 asperam
2616 2402 2783 2465 agunt
2807 2393 2997 2458 vitam,
3029 2402 3087 2448 et
3130 2408 3283 2448 suam
3327 2405 3490 2462 super

1907 2483 2184 2539 Christum
2205 2485 2414 2554 peccati
2446 2485 2722 2555 deponunt
2751 2487 3044 2541 sarcinam.
3077 2487 3224 2542 Zona
3272 2502 3490 2559 quoque

1906 2579 2129 2650 pellicea
2153 2579 2297 2635 circa
2320 2579 2531 2634 lumbos
2553 2580 2688 2650 ejus,
2703 2594 2802 2650 per
2821 2595 2984 2648 quam
3008 2579 3355 2635 mortiﬁcatio
3367 2595 3490 2635 car-

1909 2672 1993 2726 nis
2015 2671 2358 2742 exprimitur,
2387 2685 2482 2726 eos
2525 2670 2784 2736 insinuat,
2826 2670 2916 2740 qui
2963 2670 3124 2726 ﬁdem
3169 2670 3490 2742 recipientes

1907 2762 2109 2818 Christi
2130 2762 2327 2817 lumbis
2353 2762 2471 2832 ejus
2495 2761 2863 2826 adhaeserunt,
2894 2775 2991 2831 per
3037 2760 3181 2829 quod
3209 2759 3491 2842 propagati

1906 2870 1973 2910 ex
1995 2854 2202 2911 semine
2247 2855 2490 2910 luere-des
2513 2853 2610 2908 Dei
2653 2862 2709 2908 et
2757 2853 3068 2909 cohaeredes
3107 2851 3310 2910 Christi
3341 2852 3491 2906 inve-

1908 2947 2150 3002 niuntur.
2176 2945 2347 3001 Porro
2375 2961 2472 3015 per
2498 2945 2738 3001 locustas
2766 2933 2935 3001 Judaii
2991 2945 3225 3002 veritate
3273 2943 3493 3015 fugaces

1908 3055 2016 3096 non
2040 3039 2316 3095 immerito
2363 3038 2732 3108 designantur,
2770 3038 2863 3107 qui
2910 3052 3008 3109 per
3036 3037 3208 3108 legem
3233 3037 3492 3091 virtutum

1911 3133 2028 3189 alas
2063 3134 2388 3189 videbantur
2412 3131 2638 3198 all'erre;
2665 3133 2809 3187 unde
2839 3131 2992 3201 quasi
3027 3131 3351 3202 quibusdam
3372 3143 3492 3184 cor-

202 3225 338 3280 dem
372 3239 483 3280 non
511 3225 616 3279 nisi
645 3240 744 3294 per
771 3226 1002 3295 gratiam
1044 3239 1110 3279 eo
1157 3225 1365 3280 servari
1411 3239 1570 3294 posse
1615 3224 1802 3290 vitam,
1833 3219 1879 3282 C
1907 3241 2100 3298 porum
2135 3226 2360 3283 saltibus
2387 3227 2671 3283 sublimius
2711 3241 2742 3281 a
2784 3234 2930 3282 terra
2973 3223 3355 3282 efferebantur.
3385 3223 3493 3281 Sed

204 3327 413 3370 natura
439 3315 690 3370 confiteri
719 3316 927 3379 suadet,
955 3313 1098 3383 quod
1130 3314 1329 3368 imitari
1350 3329 1456 3369 non
1485 3315 1664 3370 audet.
1704 3315 1807 3372 De-

202 3408 582 3476 cebatitaque
611 3422 755 3471 eum,
788 3406 874 3462 cui
905 3407 1139 3476 primum
1165 3405 1490 3475 praedicandi
1525 3405 1807 3476 privilegia

205 3501 378 3570 regni
412 3499 673 3555 ctelorum
703 3498 1134 3561 committuntur,
1186 3508 1448 3566 quantum
1487 3495 1807 3551 mortalibus

207 3592 304 3646 fas
349 3602 454 3656 est,
502 3592 701 3646 imitari
752 3590 1050 3660 angelicam
1096 3587 1286 3653 vitam,
1331 3596 1385 3642 et
1413 3586 1578 3644 rebus
1621 3587 1808 3644 mundi

203 3682 553 3752 exspoliari;
595 3691 863 3752 quatenus
896 3696 997 3752 per
1046 3695 1168 3735 eum
1223 3679 1490 3736 discerent
1532 3680 1806 3734 auditores

204 3774 372 3845 quod
396 3774 536 3828 idem
561 3774 742 3828 verbis
768 3773 1024 3828 monebat
1047 3771 1302 3843 operibus
1339 3769 1653 3840 adimplere.
1685 3769 1803 3824 Pri~

211 3884 377 3924 mum
406 3869 569 3939 igitur
599 3867 970 3938 paenitentiam
1001 3865 1112 3922 suis
1154 3865 1408 3936 proponit
1447 3862 1804 3929 auditoribus,

212 3974 322 4030 per
353 3974 514 4028 quam
543 3967 628 4013 est
647 3958 856 4013 reditus
876 3958 944 4012 ab
973 3971 1178 4021 errore,
1207 3970 1458 4010 recursus
1482 3969 1514 4008 a
1552 3953 1801 4021 crimine,

207 4051 446 4108 abolitio
489 4065 620 4105 vero
648 4049 856 4122 peccati
900 4056 956 4103 et
993 4062 1312 4119 progressus
1350 4047 1418 4102 ad
1466 4047 1800 4117 paradisum.

207 4141 430 4198 Deinde
468 4141 691 4196 exhibet
732 4140 969 4194 vivendo
997 4139 1140 4208 quod
1166 4139 1345 4204 docet,
1386 4147 1446 4193 ut
1489 4153 1682 4193 omnes
1723 4137 1804 4192 in-

208 4243 404 4291 struat
433 4233 707 4298 doctores,
737 4233 790 4288 in
821 4246 879 4286 se
917 4231 1067 4301 prius
1113 4230 1372 4285 damnare
1426 4244 1458 4282 a
1509 4227 1703 4298 quibus
1751 4235 1807 4283 et

206 4327 362 4380 alios
396 4323 674 4388 cohibent,
697 4331 860 4393 atque
889 4322 1143 4393 cperibus
1167 4319 1444 4390 expedire,
1469 4333 1804 4389 quaecunque

207 4414 540 4472 monuerint
570 4423 631 4468 ut
657 4422 904 4484 agantur.
927 4412 1116 4468 infelix
1144 4412 1372 4467 nimium
1407 4409 1578 4466 nostri
1624 4409 1804 4465 saeculi

204 4518 379 4570 aetas,
429 4505 648 4576 quando
698 4504 977 4560 rarissime
1018 4503 1289 4559 invenitur
1341 4502 1537 4572 aliquis
1575 4501 1805 4557 vivendo

1909 3320 2034 3390 quia
2060 3319 2298 3374 litteram
2331 3319 2447 3374 sine
2477 3318 2674 3389 spiritu
2702 3326 2830 3374 sunt
2863 3318 3056 3384 secuti,
3086 3331 3321 3372 messem
3363 3315 3497 3388 legis

1906 3410 2021 3466 suis
2046 3409 2189 3464 male
2218 3410 2624 3480 interpretando
2644 3408 3005 3464 corrodebant
3028 3406 3300 3463 dentibus.
3328 3406 3500 3461 Erant

1905 3502 2051 3557 enim
2105 3517 2236 3556 aura
2270 3501 2578 3570 cupiditatis
2628 3499 2792 3554 flante
2834 3501 2979 3571 vagi,
3023 3498 3279 3569 operibus
3323 3495 3497 3552 infm-

1905 3592 2108 3657 ctuosi,
2143 3592 2322 3646 verbis
2351 3591 2582 3661 queruli,
2612 3590 3057 3646 circumferentes
3085 3605 3144 3645 se
3162 3591 3310 3646 omni
3333 3601 3495 3646 vento

1907 3686 2184 3743 doctrinae.
2219 3684 2324 3740 Sed
2372 3685 2718 3755 postmodum
2759 3685 2911 3739 multi
2964 3698 3152 3740 eorum
3191 3685 3330 3739 ﬁunt
3370 3699 3496 3740 san-

1906 3787 2119 3835 ctorum
2146 3777 2402 3832 alimonia
2430 3791 2537 3831 una
2568 3792 2695 3854 cum
2724 3776 2882 3832 melle
2909 3776 3166 3842 silvestri,
3191 3784 3248 3832 et
3269 3776 3495 3832 satietas

1905 3873 2312 3944 prophetarum.
2341 3870 2443 3925 Mel
2465 3878 2649 3926 autem
2675 3870 2732 3925 in
2764 3871 2945 3926 cibum
2987 3885 3097 3925 non
3129 3885 3200 3926 ex
3243 3869 3495 3926 alveariis

1908 3965 2060 4036 legis,
2089 3964 2187 4020 sed
2204 3978 2268 4018 ex
2298 3962 2507 4018 truncis
2521 3961 2847 4017 silvestrium
2862 3962 3124 4040 arborum
3142 3960 3489 4031 pmlibatur:

1908 4062 1966 4108 ut
1997 4069 2096 4123 per
2125 4053 2228 4108 hoc
2259 4051 2532 4123 gentilitas
2556 4059 2747 4106 vocata
2777 4051 2844 4105 ad
2873 4051 3128 4122 gratiam,
3161 4065 3326 4122 quam
3376 4049 3493 4106 dul-

1904 4145 1984 4200 cis
2004 4144 2075 4199 sit
2101 4144 2303 4199 Christi
2331 4143 2546 4213 corpori
2576 4143 2798 4207 sociata,
2827 4142 3140 4212 expressius
3164 4141 3489 4197 declaretur.

1904 4235 2043 4290 Hinc
2071 4235 2328 4290 nimirum
2355 4234 2529 4289 David
2558 4248 2762 4290 canens
2803 4233 2984 4290 aiebat
3007 4232 3350 4288 rlnvem’mus
3377 4248 3492 4288 eam

1903 4329 1960 4383 in
1980 4329 2178 4398 campis
2209 4326 2353 4383 silete
2391 4325 2564 4400 (Psal.
2592 4342 2778 4392 cxxxr,
2809 4325 2886 4398 6),
2919 4325 3062 4382 inter
3097 4341 3234 4396 quas
3259 4325 3494 4382 Joannes

1905 4418 2021 4488 ejus
2061 4419 2281 4476 dulcare
2317 4429 2528 4489 pastus,
2573 4419 2846 4488 iucundus
2888 4420 3186 4490 saginatur.
3242 4417 3493 4474 Forsitan

1907 4518 1963 4565 et
1993 4507 2267 4566 Jonathan
2319 4509 2461 4565 ﬁlius
2509 4507 2638 4564 Saul
2685 4509 2739 4564 in
2775 4509 2921 4564 hunc
2949 4508 3146 4564 saltum
3178 4509 3492 4579 devenerat,

203 4597 595 4669 evangelium
633 4597 840 4653 habens
859 4596 1113 4662 formam.
1136 4596 1228 4652 sed
1255 4611 1442 4651 omnes
1456 4595 1805 4665 praesentium
1834 4588 1884 4648 Ι)
1911 4603 2003 4658 ubi
2039 4603 2106 4656 ad
2137 4602 2474 4673 superﬁciem
2505 4610 2662 4658 terrae
2691 4601 2798 4658 mel
2829 4602 2974 4657 istud
3000 4602 3256 4658 manabat
3287 4600 3339 4670 (Ι
3362 4599 3490 4672 Reg.

206 4707 404 4748 rerum
443 4699 723 4745 sectantur
754 4691 1009 4756 honores,
1037 4698 1098 4744 ut
1126 4704 1223 4759 per
1249 4687 1334 4743 fas
1363 4697 1416 4745 et
1444 4687 1598 4744 nefas
1636 4688 1807 4760 magis

207 4799 461 4854 praeesse
491 4782 722 4846 valeant,
749 4798 912 4852 quam
943 4783 1218 4854 prodesse.
1257 4782 1646 4838 Verumtamen
1677 4798 1799 4837 om-

207 4890 310 4930 nes
341 4888 409 4928 ea
441 4872 761 4942 praedicant,
784 4888 902 4942 quae
938 4873 1028 4927 vix
1052 4873 1210 4942 pauci
1236 4879 1421 4928 tenere
1453 4872 1693 4928 moribus
1737 4887 1803 4928 ac

205 4973 353 5034 vita,
409 4966 583 5022 velint
611 4984 625 5021 :
655 4966 780 5037 quia
826 4965 954 5019 dum
1023 4971 1394 5033 paupertatem
1455 4963 1802 5032 persuadent,

206 5059 400 5115 cuncti
423 5071 657 5127 regnare
681 5056 941 5126 cupiunt:
967 5051 1081 5122 ejus
1110 5054 1363 5108 nimirum
1382 5051 1619 5107 fautores
1649 5051 1801 5117 facti,

206 5153 372 5221 cuius
403 5147 795 5204 beatitudinem
818 5146 997 5216 operis
1023 5146 1235 5200 etiamsi
1248 5145 1480 5216 possint,
1501 5145 1801 5215 praesertim

208 5260 337 5300 cum
362 5242 599 5298 debeant
625 5239 871 5310 implere,
900 5239 1068 5309 digito
1092 5254 1308 5295 movere
1337 5239 1530 5294 nolint.
1561 5239 1632 5294 At
1668 5253 1798 5295 vero

209 5334 458 5390 Joannes
481 5333 609 5402 quia
651 5332 882 5388 formam
917 5331 1306 5402 contemptoris
1351 5331 1636 5402 praesentis
1670 5331 1796 5386 vitae

213 5425 266 5480 in
316 5441 379 5481 se
415 5423 789 5488 transformat,
818 5437 926 5477 non
975 5422 1149 5478 solum
1190 5423 1394 5493 appetit
1425 5421 1569 5476 mala
1615 5421 1800 5478 mundi

210 5518 447 5588 perpeti,
481 5516 575 5572 sed
595 5516 758 5571 etiam
786 5513 1031 5569 habitum
1060 5523 1222 5584 atque
1265 5514 1468 5568 victum
1502 5513 1664 5571 talem
1716 5513 1801 5568 iu-

209 5612 401 5677 sumit,
461 5611 615 5667 velut
661 5613 852 5668 beatus
901 5611 1138 5667 Hilarius
1185 5611 1369 5676 tradit,
1419 5612 1510 5680 qui
1559 5609 1798 5665 omnium

210 5718 406 5757 eorum
451 5701 681 5772 ﬁguram
711 5712 896 5775 gerat;
943 5718 1079 5771 quos
1119 5702 1364 5772 exemplo
1395 5701 1656 5757 doctrina:
1683 5715 1798 5756 suae

211 5795 360 5850 velut
386 5796 538 5851 intra
575 5809 772 5865 corpus
813 5794 1118 5852 mandendo
1163 5792 1379 5862 trajicit.
1433 5793 1501 5849 Ut
1548 5809 1644 5865 per
1692 5793 1796 5849 hoc

1914 4709 2022 4760 xlv,
2052 4693 2165 4766 27).
2203 4691 2321 4760 Quo
2349 4701 2562 4763 gustato
2599 4692 2872 4762 paululum
2913 4691 3247 4748 illuminatus
3275 4690 3488 4762 legitur,

1909 4793 1967 4840 ut
2000 4800 2099 4854 per
2120 4784 2226 4840 hoc
2255 4785 2494 4854 apertius
2541 4783 2914 4855 designaretur
2941 4783 3116 4855 gratia
3162 4783 3493 4853 Redempto-

1907 4877 1982 4932 ris
2031 4875 2087 4931 in
2148 4875 2448 4931 Ecclesiam
2499 4874 2568 4930 de
2627 4874 2877 4947 gentibus
2925 4873 3278 4942 confluxisse;
3325 4887 3491 4943 quam

1905 4969 2134 5038 quisque
2184 4965 2444 5036 attigerit,
2505 4980 2611 5022 non
2674 4965 2848 5021 solum
2903 4964 3258 5029 illuminatur,
3299 4977 3488 5018 verum

1904 5060 2071 5115 etiam
2100 5059 2327 5114 interius
2351 5057 2584 5113 refectus
2613 5059 3017 5114 corroboratur.

1979 5149 2124 5206 Tunc
2153 5150 2325 5204 exibat
2354 5149 2423 5202 ad
2456 5166 2570 5204 eum
2606 5149 2974 5220 Hierosolyma
3008 5157 3055 5202 et
3083 5146 3252 5201 omnis
3287 5142 3482 5197 ludam

1905 5253 1953 5297 et
1975 5242 2142 5296 omnis
2168 5241 2308 5312 regio
2334 5241 2474 5295 circa
2503 5239 2815 5307 Iordanem,
2839 5249 2887 5295 et
2913 5237 3314 5309 baptizabantur
3357 5251 3479 5288 cou-

1903 5335 2108 5404 ﬁtentes
2131 5342 2340 5402 peccata
2369 5348 2488 5386 sua.
2523 5331 2623 5388 Ubi
2645 5332 2941 5388 notandum
2971 5327 3116 5400 quod
3161 5327 3284 5382 ideo
3315 5327 3487 5381 contio

1907 5433 2085 5480 tentur
2128 5433 2354 5494 peccata
2405 5439 2523 5490 sua,
2573 5431 2633 5478 ut
2690 5423 2834 5494 digni
2887 5419 3191 5477 efﬁciantur
3233 5417 3486 5488 baptismi

1905 5517 2101 5586 gratia,
2130 5517 2428 5573 secundum
2453 5517 2598 5586 quod
2619 5515 2925 5578 audierant,
2945 5513 3301 5583 paenitentiam
3326 5511 3483 5581 agite,

1904 5607 2332 5677 appropinquavit
2362 5608 2499 5661 enim
2525 5619 2741 5676 regnum
2763 5603 3031 5658 caelorum.
3056 5602 3210 5659 Unde
3238 5609 3486 5672 apparet,

1902 5697 2105 5752 nullum
2138 5709 2284 5754 recte
2306 5698 2571 5769 pmnitere
2602 5710 2780 5766 posse,
2821 5695 2923 5750 nisi
2957 5696 3190 5766 primum
3221 5693 3483 5749 conﬁtea-

1903 5801 1991 5849 tur
2009 5800 2234 5862 peccata
2263 5806 2382 5859 sua,
2411 5798 2466 5845 et
2493 5787 2691 5859 prioris
2715 5789 2844 5845 vitae
2877 5804 3091 5847 errores
3118 5783 3480 5852 damnaverit,
