4032 6358
606 342 707 401 185

1384 347 1442 403 S.
1479 344 1834 404 PASCHASII
1877 340 2228 398 RADBEltTl
2257 340 2550 397 ABBATIS
2586 337 3041 397 CORliElENSIS

3770 338 3875 395 £56

594 472 653 518 ut
671 460 934 519 efﬁciatur
960 461 1186 518 idoneus
1203 464 1564 534 percipienda:
1590 462 1795 532 gratias,
1829 469 1885 515 et
1927 470 2040 514 tum
2075 458 2172 513 de-
2199 459 2254 522 Α
2277 454 2569 512 Joannem:
2595 454 2875 521 Memento,
2899 452 3097 524 inquit,
3119 452 3255 507 unde
3277 451 3548 519 cecideris,
3569 463 3617 507 et
3644 469 3743 523 age
3760 470 3872 526 pa:-

595 568 745 609 mum
802 552 1002 608 divinis
1041 554 1424 624 mysteriorum
1467 551 1824 608 sacramentis
1869 550 1923 605 in
1972 547 2177 605 Christi

591 657 827 712 corpore
856 652 1224 698 consecretur.
1281 631 1442 714 159
1485 642 1755 697 Praeterea
1797 657 1865 697 ex
1920 654 1987 696 eo
2033 638 2177 711 quod

591 732 882 803 Apostolus
909 734 984 789 ait
1008 752 1021 789 :
1048 733 1187 800 Quia
1214 734 1327 789 sine
1352 734 1651 805 paenitentia
1676 742 1795 787 sunt
1838 732 1978 787 dona
2005 741 2053 786 et
2090 747 2176 786 vo-

592 828 737 880 eatio
766 824 944 897 (Rom.
969 843 1046 892 XI,
1095 827 1209 898 29),
1243 828 1675 899 non‘incongrue
1704 825 2002 897 legentibus
2030 839 2176 893 qua:-

592 918 696 973 stio
725 930 1036 990 generatur.
1060 920 1195 988 Quia
1227 921 1481 976 nimirum
1504 923 1549 975 si
1580 923 1697 977 sine
1712 921 2029 993 paenitentia
2047 926 2179 975 sunt

590 1012 730 1067 dona
760 1012 1025 1085 mysterii,
1055 1023 1111 1069 et
1138 1016 1294 1071 nobis
1327 1016 1382 1069 in
1428 1017 1698 1086 baptismo
1723 1016 2059 1071 condonatur
2084 1028 2173 1070 re-

589 1101 779 1157 missio
803 1113 1173 1173 peccatorum,
1198 1106 1412 1161 videtur
1433 1124 1538 1162 non
1568 1116 1717 1163 recte
1763 1108 1828 1162 ad
1878 1124 2001 1162 eum
2052 1122 2174 1163 cur-

593 1196 837 1251 rentibus
883 1198 1200 1267 pmnitentia
1244 1200 1390 1255 velut
1449 1202 1667 1271 indigna
1716 1201 2020 1272 prmdicari.
2067 1201 2175 1258 Sed

588 1287 918 1357 pmoitentiaa
963 1289 1156 1346 modus
1203 1291 1393 1362 triplex
1436 1294 1719 1364 accipitur,
1768 1296 1895 1349 dum
1927 1295 2071 1351 aliud
2102 1297 2174 1353 sit

586 1392 805 1433 errores
829 1379 1117 1446 vitiorum,
1149 1389 1203 1436 et
1226 1384 1473 1439 universa
1501 1386 1696 1440 diaboli
1731 1401 1895 1456 opera
1922 1402 2020 1456 per
2061 1402 2174 1456 pas—

587 1472 871 1527 nitentiam
903 1475 1336 1532 abrenuntiando
1372 1488 1498 1533 ante
1526 1479 1856 1535 ablutionem
1880 1479 2047 1536 fontis
2080 1495 2174 1552 pe-

594 1562 739 1619 nitus
785 1566 1167 1635 condemnari,
1218 1570 1362 1625 aliud
1416 1580 1539 1642 post
1588 1572 1789 1628 fontem
1839 1573 2173 1631 remissionis

592 1656 701 1713 labi
731 1659 783 1712 in
810 1670 1125 1743 peccatum,
1157 1672 1214 1718 et
1239 1679 1334 1734 per
1367 1666 1737 1735 paenitentiam
1780 1667 1974 1723 iterum
2012 1686 2173 1726 reno-

589 1752 727 1805 vari.
759 1752 869 1809 Nec
896 1770 1001 1809 non
1024 1766 1079 1810 et
1112 1756 1238 1812 illud
1274 1760 1415 1828 quod
1447 1761 1688 1831 quotidie
1714 1763 1886 1816 sancti
1916 1777 1946 1816 a
1975 1763 2172 1820 talibus

2281 548 2572 615 nitentium,
2610 558 2657 603 et
2687 548 2869 619 priora
2896 563 3052 617 opera
3078 556 3171 601 tua
3200 545 3286 615 fac
3330 545 3514 618 (Apoc.
3567 563 3628 613 tt,
3669 548 3745 613 5).
3795 548 3876 605 Ea

2278 640 2531 696 videlicet
2557 655 2677 711 quae
2706 640 2940 710 primum
2963 654 3062 710 per
3081 637 3404 695 charitatem
3438 638 3706 696 debueras
3738 656 3877 712 ope-

2278 734 2410 789 rari.
2427 733 2697 790 Caeterum
2718 732 2919 788 Paulus
2947 731 3223 804 apostolus
3244 732 3312 788 ad
3337 730 3593 789 Hebraeos
3618 733 3874 805 loquens,

2278 845 2387 886 non
2409 830 2581 886 solum
2613 830 2752 885 hanc
2777 844 2940 900 quam
2960 828 3216 894 diximus,
3256 836 3382 883 ante
3410 828 3742 900 baptismum
3775 844 3878 885 ne-

2277 929 2368 993 gat
2393 920 2767 991 paenitentiam
2798 920 3095 991 agendam;
3125 935 3311 975 verum
3353 920 3528 991 ipsum
3559 921 3875 991 baptisma-

2279 1012 2349 1068 tis
2368 1027 2563 1066 nomen
2586 1010 2961 1081 pmnitentiam
2996 1010 3249 1082 appellat.
3284 1008 3615 1081 Impossibile
3642 1021 3738 1071 est.
3784 1012 3876 1068 in-

2275 1105 2415 1175 quit,
2446 1121 2532 1158 eos
2558 1104 2649 1171 qui
2677 1101 2835 1156 semel
2874 1113 2993 1156 sunt
3024 1101 3332 1168 illuminati,
3355 1113 3691 1172 gustaverunt
3708 1104 3877 1159 etiam

2275 1197 2472 1251 donum
2501 1194 2722 1260 caeleste,
2745 1204 2794 1248 et
2810 1195 3089 1264 participes
3117 1195 3247 1264 facti
3275 1205 3394 1250 sunt
3423 1194 3650 1263 Spiritus
3670 1198 3875 1265 sancti,

2273 1298 2613 1360 gustaverunt
2637 1287 2976 1341 nihilominus
2999 1288 3196 1341 bonum
3228 1286 3320 1342 Dei
3356 1287 3585 1353 verbum,
3622 1290 3876 1343 virtutes-

2273 1397 2374 1451 que
2403 1378 2585 1434 διεσαΙὲ
2618 1379 2843 1444 renturi,
2872 1388 2921 1432 et
2951 1377 3185 1448 prolapsi
3215 1387 3359 1444 sunt,
3408 1381 3649 1433 renornri
3680 1396 3876 1436 rursus

2273 1472 2342 1524 ad
2387 1471 2764 1541 pmuitentiam,
2810 1486 2994 1524 rursus
3040 1468 3401 1540 cruciﬁgentes
3428 1471 3632 1524 sibimet
3660 1468 3877 1526 Filium

2274 1563 2393 1629 Dei,
2426 1572 2474 1616 et
2501 1563 2725 1617 ostentui
2749 1562 2993 1616 habentes
3024 1560 3184 1633 (Heb.
3210 1577 3285 1625 vt,
3321 1560 3402 1635 4).
3432 1561 3570 1630 Quid
3595 1562 3742 1618 enim
3784 1570 3877 1619 est

2274 1652 2416 1723 quod
2439 1653 2585 1716 dicit,
2615 1652 2948 1722 impossibile
2979 1653 3313 1708 illuminatos
3367 1668 3557 1708 rursus
3604 1654 3871 1710 renovari

2274 1747 2343 1802 ad
2369 1746 2785 1818 paenitentiam?
2814 1744 3067 1815 Nunquid
3094 1745 3233 1801 hanc
3259 1745 3510 1809 alteram,
3535 1762 3697 1816 quam
3726 1747 3874 1802 dixi-

585 1855 887 1913 purgantur
916 1846 1146 1912 delictis,
1175 1848 1294 1904 sine
1320 1849 1516 1919 quibus
1550 1861 1737 1906 nostra
1768 1852 2002 1908 humana
2028 1868 2170 1908 mor-

2275 1855 2395 1896 mus
2441 1847 2564 1911 post
2618 1838 2869 1908 gratiam,
2925 1839 3157 1908 denegat
3229 1839 3642 1910 paenitentiam?
3685 1839 3874 1896 Absit.

585 1933 784 2000 talitas,
812 1943 903 1990 aut
926 1937 1035 2004 vix,
1062 1948 1321 1993 autcertc
1347 1940 1569 1996 minime
1599 1950 1777 2011 potest
1804 1942 2170 2010 vivere.Quo-

580 2035 702 2078 rum
742 2025 893 2094 prior
921 2028 1252 2097 paenitentiae
1311 2032 1500 2086 modus
1542 2032 1663 2087 ideo
1710 2033 2056 2103 praedicatur,
2111 2044 2171 2091 ut

587 2113 751 2169 homo
784 2117 876 2186 qui
922 2118 1091 2173 Deum
1142 2129 1418 2177 auctorem
1474 2138 1652 2187 suum,
1686 2125 2009 2181 declinando
2043 2137 2166 2198 post

580 2222 646 2263 ea
677 2223 796 2277 qua:
827 2226 964 2265 vana
991 2222 1138 2279 sunt,
1160 2224 1579 2287 contempserat,
1607 2225 1661 2272 et
1694 2233 1792 2289 per
1835 2227 2042 2274 reatum
2074 2221 2168 2277 irae

581 2296 725 2353 filius
768 2299 940 2355 factus
989 2312 1129 2369 erat,
1180 2305 1396 2360 tandem
1442 2308 1495 2361 in
1541 2314 1890 2380 semetipsum
1926 2311 2163 2379 rediens,

578 2390 837 2460 pristinos
863 2394 986 2448 vitae
1006 2411 1222 2453 errores
1246 2400 1550 2455 rudimento
1580 2400 1703 2455 ﬁdei
1754 2401 1997 2459 funditus
2036 2418 2165 2459 con-

575 2478 881 2538 demnaret.
909 2483 1024 2540 Non
1048 2488 1195 2542 enim
1217 2498 1332 2544 erat
1353 2490 1438 2546 fas
1460 2492 1668 2548 duobus
1692 2495 1924 2551 dominis
1936 2497 2160 2564 servire,

575 2571 686 2628 imo
712 2578 933 2646 proprio
955 2579 1207 2636 veniente
1240 2590 1444 2638 rectum
1470 2596 1609 2651 erat,
1635 2593 1694 2639 ut
1736 2587 1881 2657 quod
1928 2587 2163 2646 infausto

573 2672 823 2722 tenuerat
850 2671 1104 2739 primum,
1134 2673 1480 2743 relinqueret,
1505 2684 1562 2732 et
1586 2677 1805 2747 puniret
1828 2679 1883 2733 in
1911 2694 1969 2733 se
1996 2682 2159 2750 quid-

575 2756 704 2825 quid
734 2758 787 2812 in
815 2774 882 2815 eo
910 2762 1049 2817 male
1091 2763 1327 2832 vivebat,
1364 2770 1632 2837 quatenus
1675 2783 1770 2838 per
1813 2770 1917 2825 hoc
1968 2772 2161 2827 divinae

575 2848 763 2917 gratia:
787 2866 959 2921 capax
985 2864 1150 2909 esset.
1177 2856 1561 2913 Verumtamen
1591 2859 1704 2914 hmo
1736 2867 1794 2913 ut
1821 2870 2008 2930 ageret
2052 2878 2159 2918 non

576 2959 675 3000 sua
710 2946 954 3014 libertas,
991 2964 1055 3005 eo
1107 2951 1249 3020 quod
1276 2962 1421 3008 esset
1463 2954 1709 3009 servituti
1748 2956 2013 3022 addictus,
2063 2960 2159 3013 sed

580 3038 823 3094 vocantis
843 3040 1018 3111 gratia
1048 3042 1182 3107 fuit;
1214 3057 1334 3112 quae
1362 3046 1535 3115 gratia
1564 3060 1670 3100 non
1698 3046 1875 3101 solum
1902 3048 2011 3103 reis
2032 3064 2156 3118 pec-

575 3137 694 3185 cata
708 3132 877 3200 gratis
900 3132 1140 3200 indulsit,
1170 3136 1264 3191 sed
1285 3136 1450 3191 etiam
1479 3136 1790 3194 facultatem
1817 3141 2007 3210 agendi
2036 3158 2156 3212 qua:

2273 1933 2391 1990 Non
2422 1936 2566 1991 enim
2603 1935 2748 1991 illam
2782 1937 3048 2008 denegare
3073 1936 3295 2008 poterit,
3340 1952 3506 2007 quam
3536 1936 3679 1992 idem
3726 1936 3877 1992 mul-

2275 2028 2433 2084 toties
2467 2029 2765 2100 praedicare
2804 2030 3085 2099 probatur.
3136 2029 3244 2085 Sed
3290 2030 3436 2101 quod
3494 2030 3627 2087 dicit
3669 2046 3874 2088 rursus

2272 2123 2523 2178 renovari
2553 2123 2618 2178 ad
2647 2124 3044 2194 paenitentiam,
3076 2124 3183 2179 tale
3209 2133 3294 2179 est
3324 2139 3391 2179 ac
3420 2126 3465 2179 si
3511 2124 3738 2188 diceret,
3766 2125 3875 2180 imo

2269 2215 2530 2285 possibile
2551 2224 2637 2271 est
2656 2231 2751 2271 cos
2775 2232 2962 2272 rursus
2989 2216 3254 2273 reiterare
3276 2215 3629 2287 baptismum.
3655 2214 3875 2287 Baptis-

2269 2324 2416 2362 mum
2447 2310 2609 2380 igitur
2648 2310 2750 2365 hoc
2786 2308 2906 2366 loco
2942 2311 3320 2381 paenitentiam
3355 2309 3607 2380 appellat,
3643 2318 3701 2365 et
3741 2310 3875 2367 ideo

2269 2408 2417 2456 recte
2444 2409 2606 2472 negat
2631 2403 2881 2457 renovari
2922 2418 3082 2473 posse
3117 2418 3310 2459 rursus
3349 2402 3417 2457 ad
3460 2401 3869 2472 pmoitentiam.

2267 2493 2402 2561 Quia
2426 2494 2569 2550 sicut
2595 2494 2846 2551 Christus
2865 2495 3035 2553 semel
3064 2504 3313 2551 mortuus
3350 2502 3434 2550 est
3473 2510 3576 2565 pro
3616 2495 3874 2566 peccatis

2266 2584 2469 2641 nostris
2503 2603 2517 2639 :
2547 2585 2621 2640 ita
2650 2592 2706 2642 et
2734 2601 2835 2641 nos
2871 2600 2996 2641 cum
3050 2584 3141 2640 illo
3181 2600 3278 2656 per
3316 2570 3646 2655 baptismum
3690 2585 3871 2642 semel

2263 2685 2481 2746 oportet
2522 2676 2682 2732 mori.
2728 2677 2786 2732 in
2833 2692 2942 2747 quo
2970 2677 3228 2734 nimirum
3274 2677 3575 2746 baptismo,
3616 2676 3759 2733 dona
3807 2685 3872 2734 et

2266 2770 2519 2827 remissio
2542 2770 2660 2826 sine
2687 2770 3009 2840 poenitentia
3034 2770 3433 2826 condonantur.
3459 2769 3596 2838 Quia
3609 2768 3870 2840 profecto

2267 2860 2418 2929 illud,
2456 2863 2600 2932 quod
2635 2862 2973 2917 renascimur
2998 2872 3060 2918 ut
3101 2861 3195 2917 ﬁlii
3239 2862 3334 2917 Dei
3372 2862 3578 2928 simus,
3624 2877 3723 2933 per
3760 2863 3870 2919 ba-

2264 2955 2523 3025 ptismum
2555 2956 2724 3025 gratis
2747 2954 2998 3010 omnibus
3039 2954 3403 3026 prmlargitur.
3451 2952 3719 3009 Caeterum
3760 2954 3865 3023 qui

2262 3054 2384 3117 post
2412 3047 2517 3101 hoc
2544 3046 2835 3117 deliquerit
2863 3048 2930 3101 ad
2969 3056 3218 3113 mortem,
3254 3047 3502 3116 quamvis
3525 3048 3580 3102 in
3606 3062 3863 3117 quacum-

2262 3153 2368 3207 que
2394 3138 2480 3192 die
2506 3152 2803 3194 conversus
2825 3137 3006 3201 fuerit,
3035 3138 3215 3194 omnia
3240 3136 3356 3207 ejus
3380 3145 3602 3209 peccata
3621 3137 3863 3193 oblivio-

577 3222 852 3288 moneb‘at,
885 3223 1058 3291 dedit;
1106 3241 1172 3282 ac
1199 3228 1391 3284 deinde
1421 3230 1695 3295 meritum,
1723 3246 1829 3303 quo
1855 3235 2158 3304 perciperet
2184 3225 2231 3289 C
2262 3231 2316 3284 ni
2343 3231 2647 3295 tradantur,
2682 3245 2788 3285 non
2819 3238 3000 3285 tamen
3033 3232 3151 3286 sine
3188 3230 3368 3300 aliqua
3398 3231 3663 3303 condigna
3689 3230 3863 3286 satis-

576 3309 810 3378 quisque
847 3328 967 3382 qua:
992 3317 1259 3383 promissa
1281 3328 1431 3385 sunt,
1458 3319 1668 3390 plenius
1699 3324 2049 3380 condonavit.
2096 3327 2164 3383 Et

577 3403 697 3458 ideo
715 3405 843 3476 jure
867 3408 1067 3463 clamat
1084 3411 1374 3480 Apostolus
1398 3432 1411 3469 :
1433 3414 1586 3482 Quod
1604 3418 1715 3473 sine
1735 3421 2033 3490 paenitentia
2055 3424 2159 3477 sint

574 3494 713 3549 dona
747 3508 794 3551 et
821 3502 1051 3564 roratio,
1089 3505 1389 3573 praesertim
1434 3508 1575 3577 quod
1618 3520 1810 3566 cuncta
1855 3514 2025 3583 gratis
2064 3514 2160 3569 do-

571 3594 797 3651 nantur,
823 3589 876 3643 in
907 3598 1112 3647 tantum
1143 3602 1204 3648 ut
1228 3596 1390 3650 etiam
1423 3598 1535 3668 ipsa
1564 3602 1879 3669 poenitentia
1926 3602 2016 3659 Dei
2063 3605 2159 3661 do-

573 3693 700 3734 num
752 3693 900 3739 recte
957 3685 1189 3743 dicatur.
1243 3688 1493 3762 Nunquid
1566 3694 1730 3766 igitur
1793 3696 1897 3751 ulla
1949 3700 2156 3771 religio-

570 3773 658 3829 nis
684 3778 999 3843 ptenitentia
1023 3782 1144 3836 sine
1166 3783 1261 3837 Dei
1286 3785 1459 3855 gratia
1482 3788 1650 3842 videri
1687 3799 1883 3859 potest,
1917 3808 2152 3862 praesero

570 3866 665 3919 tim
693 3882 813 3922 cum
845 3873 1103 3940 propheta
1128 3877 1361 3944 postulet
1390 3898 1403 3932 :
1433 3879 1683 3936 Converte
1705 3900 1804 3948 me,
1834 3885 2074 3952 Domine,
2103 3897 2153 3943 et

570 3969 844 4046 convertar
869 3962 938 4015 ad
961 3972 1010 4016 te
1037 3965 1172 4032 (Jer.
1198 3970 1480 4033 xxxt,18).
1513 3970 1811 4040 Quomodo,
1848 3976 2040 4046 inquit,
2077 3989 2147 4046 tu,

569 4045 797 4106 Domine
817 4090 832 4118 ,
861 4054 1178 4111 convertisti
1210 4073 1315 4124 me,
1349 4069 1403 4115 et
1431 4061 1515 4132 egi
1544 4045 1937 4131 paenitentiam,
1971 4045 2151 4125 osten-

566 4140 691 4196 disti
720 4144 850 4198 mihi
888 4155 942 4200 et
985 4152 1223 4216 percussi
1273 4149 1447 4206 femur
1472 4168 1672 4208 meum.
1703 4158 1779 4212 Ac
1809 4159 1853 4212 si
1901 4168 2149 4229 patenter

565 4235 791 4300 diceret,
817 4237 942 4307 quia
969 4239 1068 4294 nisi
1100 4255 1188 4295 me
1207 4244 1592 4311 convertisses,
1619 4248 1807 4319 utique
1827 4266 1895 4305 ex
1919 4268 2006 4307 me
2031 4269 2120 4324 pos

563 4327 844 4382 nitentiam
878 4344 984 4385 non
1012 4331 1264 4402 egissem.
1302 4333 1455 4390 Unde
1500 4335 1703 4407 liquido
1743 4352 1978 4407 constat,
2002 4346 2143 4414 quod

559 4419 876 4489 pmnitentia
908 4421 1002 4476 Dei
1031 4422 1101 4478 sit
1130 4423 1354 4491 donum,
1389 4429 1481 4484 sed
1513 4438 1690 4484 tamen
1718 4432 2008 4501 Apostolus
2049 4438 2143 4492 ha-

561 4512 739 4580 ptismi
762 4514 992 4583 gratiam
1018 4523 1074 4570 et
1099 4518 1470 4574 remissionem
1492 4531 1840 4591 peccatorum
1889 4527 2007 4582 sine
2051 4529 2138 4583 illa

2263 3325 2496 3381 factione
2567 3326 2748 3382 delicti
2819 3325 3078 3380 immunis
3153 3339 3182 3378 a
3254 3323 3574 3394 pmnitcntia
3650 3322 3863 3392 poterit

2259 3418 2490 3489 expiari.
2531 3418 2681 3474 Unde
2705 3417 2952 3472 fortassis
2991 3416 3093 3470 hoc
3125 3415 3323 3470 Paulus
3351 3414 3536 3470 volens
3581 3428 3857 3481 annuere,

2263 3513 2380 3566 sine
2433 3510 2756 3581 poenitentia
2801 3509 2939 3563 dixit
2996 3510 3136 3562 dona
3191 3506 3565 3571 remissionis,
3628 3512 3684 3559 et
3752 3520 3859 3558 vo-

2255 3602 2557 3665 cationem,
2605 3614 2771 3670 quam
2828 3600 2883 3652 in
2947 3598 3049 3653 hac
3118 3598 3314 3652 iterum
3355 3597 3401 3651 si
3448 3594 3630 3663 lapsus
3679 3593 3859 3650 fuerit

2255 3695 2524 3766 quispiam
2586 3693 2860 3748 credimus
2933 3690 3301 3746 necessarium
3391 3686 3703 3758 adimplere.
3772 3686 3858 3742 At

2254 3802 2384 3842 vero
2447 3787 2513 3840 de
2581 3785 2667 3840 his
2726 3785 2819 3855 qui
2867 3799 2973 3839 non
3037 3782 3174 3836 adeo
3235 3788 3485 3851 peccant,
3545 3787 3601 3835 et
3658 3787 3853 3834 tamen

2253 3880 2461 3948 seipsos
2490 3877 2731 3947 quotidie
2762 3891 2859 3946 per
2893 3875 3128 3929 lamenta
3170 3871 3523 3927 districtionis
3560 3870 3854 3940 purgando

2257 3972 2408 4042 161
2444 3970 2706 4040 puniunt,
2749 3969 2951 4024 dictum
2993 3966 3319 4036 accipimus,
3357 3963 3501 4034 quod
3544 3961 3749 4032 Septies
3786 3961 3853 4017 in

2250 4068 2336 4120 die
2366 4064 2522 4117 cadat
2537 4064 2740 4133 justus,
2773 4070 2821 4115 et
2846 4061 3089 4131 resurgit.
3119 4058 3275 4113 Cadit
3298 4057 3517 4127 quidem
3538 4070 3635 4126 per
3655 4053 3849 4108 varios

2250 4157 2570 4211 delictorum
2607 4168 2887 4218 excessus,
2935 4151 3053 4206 sine
3082 4151 3278 4220 quibus
3322 4157 3505 4215 nostra
3536 4145 3848 4203 mortalitas

2246 4263 2353 4303 non
2382 4247 2649 4310 subsistit,
2667 4245 2759 4301 sed
2788 4244 3024 4315 resurgit
3049 4240 3192 4297 illico
3218 4256 3317 4311 per
3339 4239 3596 4295 humilem
3616 4237 3845 4295 confes-

2246 4342 2476 4406 sionem,
2502 4340 2691 4394 ﬁrmus
2715 4338 2769 4393 in
2802 4336 3098 4408 proposito,
3130 4335 3231 4391 etsi
3279 4333 3485 4404 fragilis
3527 4331 3845 4388 inveniatur

2245 4432 2298 4486 lu
2320 4445 2563 4486 excessu.
2599 4428 2850 4498 Alioquin
2901 4442 3006 4481 non
3055 4423 3235 4494 justus
3282 4424 3484 4480 interea
3515 4429 3844 4478 censeretur

2243 4523 2368 4577 dum
2412 4522 2674 4577 incideret
2700 4522 2753 4575 in
2786 4528 3021 4583 reatum,
3072 4520 3116 4573 si
3148 4533 3253 4573 non
3286 4516 3616 4585 justiﬁeatus
3656 4515 3840 4571 conti-

560 4608 900 4677 pmnitentia,
936 4626 1056 4682 quas
1076 4614 1290 4683 publice
1310 4618 1658 4686 peccantibus
1683 4620 1846 4675 datttr
1880 4622 1933 4677 in
1959 4624 2141 4679 Eccle-
2165 4605 2170 4665 ί

2258 4630 2351 4670 riuo
2381 4614 2590 4669 veniam
2622 4620 2922 4667 resumeret
2951 4626 3019 4666 ex
3047 4611 3276 4666 indultu.
3311 4609 3646 4681 Quapropter
3668 4623 3838 4666 nemo

561 4702 661 4767 sia,
693 4702 810 4757 dari
854 4706 1076 4763 omnino
1104 4707 1372 4777 perhibet,
1422 4718 1477 4764 et
1518 4726 1855 4780 nequaquam
1906 4713 1973 4768 de
2014 4714 2134 4781 hac,

556 4807 654 4865 per
692 4806 851 4863 quam
881 4797 1110 4866 quisque
1140 4800 1482 4855 abrenuntiat
1516 4801 1763 4867 diabolo,
1797 4811 1852 4858 et
1892 4806 2141 4861 omnibus

555 4887 810 4958 operibus
841 4887 957 4958 ejus
997 4890 1247 4948 Christus
1279 4900 1369 4947 aut
1400 4892 1635 4949 Joannes
1681 4896 1838 4966 ιω
1878 4902 2037 4952 tacet.
2079 4897 2136 4953 ln

556 4977 658 5033 hac
688 4979 884 5049 quippe
915 4978 1021 5034 non
1051 4980 1217 5035 multa
1245 4982 1489 5050 corporis
1511 4985 1772 5052 quaeritur
1800 4986 2132 5041 satisfactio:

556 5070 611 5124 in
642 5070 729 5125 illa
761 5086 892 5127 vero
921 5071 1203 5142 prolixius,
1224 5072 1376 5141 juxta
1402 5075 1813 5131 aestimationem
1842 5079 2047 5145 delicti,
2079 5088 2133 5135 et

555 5160 790 5218 fructum
828 5165 1159 5235 pmnitentim
1185 5164 1302 5232 ejus
1321 5166 1410 5235 qui
1443 5182 1538 5221 sua
1564 5167 1723 5223 deﬂet
1757 5178 1958 5235 errata,
1995 5180 2128 5225 tem-

554 5269 657 5327 pus
681 5256 986 5312 insumitur.
1016 5257 1125 5310 Ntm
1158 5257 1374 5327 quidem
1411 5266 1469 5312 ut
1494 5256 1560 5313 de
1586 5261 1738 5314 venia
1782 5261 1834 5314 in
1880 5276 1987 5316 uno
2035 5277 2129 5316 eo-

555 5349 783 5421 demque
811 5362 1084 5409 momento
1114 5351 1417 5410 diuidamus
1439 5358 1705 5419 conversi,
1730 5358 1822 5413 sed
1852 5367 1910 5413 ut
1933 5373 1998 5413 ex
2028 5359 2128 5415 hoc

554 5443 893 5501 satisfaciens
932 5463 1057 5503 reus
1109 5449 1174 5502 ad
1216 5449 1491 5515 meritum,
1538 5458 1719 5519 potum
1768 5451 2128 5524 lacrymarum

553 5534 818 5604 percipiat
840 5536 892 5589 in
918 5552 1248 5593 mensuram.
1274 5539 1444 5594 Porro
1464 5538 1531 5593 de
1554 5540 1638 5595 his
1659 5541 1748 5611 qui
1776 5550 1902 5596 ante
1927 5543 2125 5597 donum

552 5640 690 5681 vana
719 5630 908 5683 sectati
936 5640 1059 5685 sunt
1118 5632 1358 5687 instituta
1378 5673 1393 5698 ,
1424 5632 1556 5687 dicit
1600 5631 1889 5704 Apostolus
1915 5652 1928 5686 :
1959 5631 2125 5699 Quem

552 5736 673 5791 ergo
699 5723 928 5791 fructum
972 5725 1249 5791 nabmstis,
1281 5726 1332 5780 in
1376 5727 1562 5797 quibus
1606 5743 1742 5781 nunc
1777 5727 2078 5782 erubescitis
2102 5728 2129 5783 .’

553 5806 729 5881 (Rom.
772 5827 859 5880 ιι,
885 5812 1001 5885 21.)
1046 5814 1122 5869 De
1167 5816 1291 5873 istis
1323 5830 1451 5871 vero
1486 5815 1611 5872 alibi
1655 5817 1833 5872 divina
1877 5833 1976 5872 vos
2027 5833 2124 5889 per

2245 4722 2310 4762 ex
2344 4705 2594 4761 omnibus
2634 4705 2908 4759 invenitur
2929 4704 3019 4773 qui
3056 4702 3413 4768 confessione,
3436 4702 3666 4758 veritate
3700 4718 3837 4773 pro-

2246 4799 2424 4863 dente,
2453 4813 2559 4852 non
2583 4776 2757 4869 egeai.
2783 4795 2989 4852 Idcirco
3012 4796 3190 4852 nullus
3211 4812 3271 4852 se
3293 4805 3534 4861 excuset,
3556 4804 3837 4866 quatenus

2244 4890 2368 4945 dum
2397 4898 2556 4944 vacat
2602 4889 3033 4944 misericordiam
3086 4904 3191 4942 non
3219 4889 3482 4957 requirat.
3516 4886 3629 4941 Non
3676 4889 3835 4944 enim

2239 4980 2523 5035 erubescat
2547 4981 2792 5036 confiteri
2832 4980 3040 5035 medico
3064 4978 3172 5047 jam
3223 4979 3598 5050 pro‘omnibus
3628 4980 3834 5034 imnio-

2237 5070 2376 5136 lato,
2424 5072 2566 5141 quod
2618 5072 2706 5126 isti
2735 5072 2938 5126 dudum
2970 5086 3075 5126 non
3105 5070 3499 5127 erubescebant
3541 5068 3833 5139 publicare

2234 5164 2453 5230 Joanni,
2497 5167 2732 5221 nondum
2776 5165 2968 5220 salutis
2993 5164 3236 5221 antidoto
3266 5165 3469 5220 eisdem
3499 5162 3831 5233 quantulum

2236 5259 2535 5328 propalato.
2584 5258 2736 5325 Quod
2794 5259 2838 5313 si
2890 5259 3056 5328 igitur
3093 5258 3517 5328 circumquaque
3571 5257 3639 5311 ad
3689 5271 3826 5312 eum

2234 5359 2516 5417 eXcuntes,
2542 5349 2937 5405 conﬁtebantur
2983 5360 3205 5420 peccata
3255 5366 3371 5413 sua,
3405 5350 3632 5404 necdum
3674 5349 3826 5403 veri-

2236 5451 2346 5499 tate
2392 5451 2666 5516 percepta,
2708 5442 2837 5513 quid
2891 5452 3050 5513 putas
3104 5442 3411 5497 faciendum
3458 5451 3543 5497 est
3596 5441 3682 5495 his
3720 5442 3821 5509 qui

2232 5547 2354 5607 post
2384 5537 2595 5603 veniam
2615 5536 2875 5592 hactenus
2896 5545 3243 5605 peccatorum
3269 5535 3505 5589 tenebris
3535 5531 3821 5587 involvun-

2235 5628 2355 5683 tur?
2384 5628 2484 5695 Qui
2514 5627 2755 5699 profecto
2790 5628 2893 5683 nisi
2922 5627 2988 5682 ad
3044 5628 3214 5682 lucem
3255 5624 3608 5681 confessionis
3647 5639 3817 5677 vene-

2233 5720 2384 5785 rint,
2439 5719 2777 5775 tenebrarum
2831 5720 3058 5791 caligine
3108 5718 3418 5775 circumfusi
3481 5725 3698 5771 mauent
3758 5715 3816 5767 in

2234 5822 2428 5870 morte.
2454 5814 2589 5885 Quia
2617 5815 2795 5869 omnis
2815 5815 2907 5884 qui
2932 5822 3115 5869 manet
3138 5813 3193 5870 in
3221 5819 3397 5869 morte
3423 5807 3603 5867 adhuc
3640 5808 3695 5861 in
3725 5814 3813 5861 te-
