4072 6362
189 373 294 428 157

1007 364 1370 424 EXPOSITIO
1410 365 1476 422 IN
1516 362 1954 422 MATTHEUM.
1993 395 2058 404 ——
2097 364 2224 420 LIB.
2265 364 2328 432 ll,
2365 365 2517 422 CAP.
2555 367 2643 422 lli.

3360 372 3466 434 1153

185 489 369 546 ..ειη-ξε,
395 497 498 550 est,
529 494 584 539 et
612 484 784 540 nescit
810 498 918 553 quo
945 492 1052 547 eat,
1084 484 1209 553 quia
1253 483 1492 538 tenebrae
1520 484 1765 539 obcmca-
1796 488 1845 546 Α
1875 491 1997 536 rent
2025 500 2037 536 :
2087 480 2198 538 Nos
2243 499 2349 538 non
2399 499 2569 553 genus
2609 500 2797 540 sumus
2848 486 3184 558 viperarum,
3233 492 3332 546 sed
3364 491 3463 549 lilii

181 588 376 637 verunt
399 577 587 633 oculos
615 575 751 644 ejus.
786 576 840 630 In
872 584 1048 630 morte
1075 576 1240 647 igitur
1279 591 1498 632 manere
1532 585 1616 631 est
1637 577 1769 630 hac-

183 684 343 730 tenus
383 669 520 726 infra
564 667 762 736 januas
803 667 1013 738 peccati
1045 666 1417 723 circumcludi.
1456 666 1532 722 De
1575 667 1774 738 quibus

176 766 362 837 januis
384 777 544 816 nemo
573 769 656 815 est
681 759 772 829 qui
805 758 1022 823 evadat,
1047 757 1150 812 nisi
1181 767 1372 828 agente
1400 757 1490 812 illo
1515 757 1582 812 ad
1611 771 1770 826 quem

181 855 352 912 David
404 852 621 907 dicebat
669 868 681 903 :
738 847 841 915 Qui
891 847 1095 902 exultas
1140 863 1221 901 me
1269 847 1334 901 de
1382 849 1545 917 portis
1589 847 1772 901 mortis

181 946 351 1018 (Psal.
423 963 512 1010 ix,
563 943 674 1014 l4).
725 943 880 1010 Quod
947 941 1034 997 hic
1087 941 1282 1010 nempe
1329 939 1562 996 Joannes
1611 940 1772 996 intel-

179 1041 352 1113 ligens
384 1057 397 1092 :

263 1129 460 1186 Videas
500 1128 692 1182 multos
723 1125 1120 1180 Pharisaeorum
1153 1133 1201 1179 et
1242 1123 1663 1180 Sadducwor-um
1693 1139 1773 1177 vc-

179 1227 381 1280 πίθηκε
413 1224 483 1276 ad
511 1222 825 1290 baptismum
854 1234 1032 1282 suum,
1062 1216 1300 1270 dicebat:
1331 1213 1614 1285 Progenies
1638 1214 1773 1283 vipe-

181 1331 389 1379 rarum,
415 1314 533 1384 quis
579 1312 718 1366 vobis
747 1309 1118 1364 demonstravit
1159 1296 1346 1376 'fugere
1377 1324 1408 1359 a
1439 1305 1620 1375 futura
1653 1305 1775 1358 ira?

178 1409 255 1462 Ac
284 1409 332 1461 si
365 1414 619 1476 patenter
653 1404 891 1467 diceret,
922 1415 1080 1456 nemo
1106 1401 1206 1455 nisi
1237 1399 1428 1456 unicus
1457 1400 1548 1454 Dei
1577 1398 1768 1465 Filius,

178 1513 344 1566 quem
395 1495 549 1550 vobis
591 1494 831 1548 futurum
885 1492 1182 1555 annuntio,
1240 1500 1294 1545 et
1349 1506 1447 1560 per
1498 1489 1772 1546 modicum

182 1589 516 1644 ostensionis
537 1587 702 1658 digito
734 1585 853 1640 luce
873 1585 1070 1640 clarius
1091 1584 1537 1654 praemonstrabo.
1566 1582 1769 1652 Proge-

183 1683 330 1736 niem
362 1691 540 1734 autem
565 1680 876 1749 viperarum
901 1692 994 1732 eos
1019 1677 1273 1746 appellat,
1299 1677 1424 1746 quia
1449 1670 1773 1730 de'venena-

180 1776 250 1830 tis
273 1773 596 1845 parentibus
619 1772 755 1836 uati,
780 1787 875 1826 sua
902 1771 1136 1840 primum
1159 1771 1442 1840 oportebat
1464 1769 1771 1825 conﬁtendo

1873 576 2105 633 Abrahae
2154 579 2482 634 sanctissimi
2531 579 2854 649 patriarcha:
2900 595 3204 636 censemur.
3251 583 3462 651 Quibus

1874 672 2057 743 itaque
2084 672 2207 728 talia
2233 674 2335 728 sibi
2363 674 2746 744 plaudentibus
2782 690 2794 728 :

1948 766 2031 822 Ne
2054 767 2241 831 velitis,
2295 769 2485 838 inquit,
2520 769 2692 822 dicere
2740 769 2882 822 intra
2916 783 3026 834 vos,
3055 777 3256 838 patrem
3303 768 3465 824 habe-

1874 872 1990 911 mus
2042 859 2327 913 Abraham.
2369 859 2505 926 Quia
2562 874 2667 912 non
2700 858 2881 914 carnis
2941 857 3060 923 ﬁlii,
3109 857 3202 913 sed
3253 859 3459 928 gratiae,

1875 961 2336 1005 connumerantur
2369 951 2421 1005 in
2456 950 2681 1006 semine.
2713 948 2828 1004 Non
2859 949 3002 1004 enim
3031 949 3171 1018 quod
3213 965 3277 1004 ex
3302 965 3465 1006 carne

1875 1042 2114 1111 suscepit
2137 1042 2413 1096 Abraham
2442 1043 2708 1098 haeredem
2735 1041 2941 1108 habuit,
2963 1041 3058 1096 sed
3081 1041 3220 1110 quod
3245 1056 3310 1096 ex
3335 1041 3461 1096 ﬁde.

1874 1133 2081 1189 Idcirco
2131 1135 2176 1188 si
2229 1135 2391 1191 vultis
2434 1150 2555 1190 esse
2587 1135 2639 1190 iu
2690 1135 2916 1200 semine,
2963 1134 3124 1189 ﬁdem
3177 1134 3463 1190 imitamini

1873 1227 1990 1297 ejus
2032 1244 2045 1281 :
2097 1227 2351 1297 quoniam
2403 1244 2511 1282 non
2552 1242 2620 1283 ex
2658 1227 2910 1298 operibus
2958 1226 3093 1298 legis
3133 1224 3465 1295 justiﬁcatus

1873 1327 1975 1384 est,
2008 1321 2102 1374 sed
2159 1321 2284 1388 quia
2314 1321 2548 1376 credidit
2575 1321 2708 1386 Deo,
2743 1329 3048 1389 reputatum
3079 1327 3162 1374 est
3198 1319 3250 1376 ei
3289 1319 3356 1372 ad
3372 1317 3462 1387 ju-

1873 1409 2098 1465 stitiam.
2130 1411 2407 1482 Siquidem
2456 1423 2511 1468 et
2557 1429 2655 1469 vos
2705 1412 2826 1470 ﬁdei
2876 1429 3042 1482 opera
3071 1412 3318 1484 probate,
3368 1429 3466 1484 per

1874 1515 2034 1569 quam
2067 1501 2160 1556 lilii
2193 1506 2486 1559 secundum
2518 1504 2833 1560 interiorem
2857 1505 3129 1562 hominem
3153 1507 3292 1562 sitis.
3317 1505 3465 1559 Alio.

1874 1594 2002 1664 quin
2029 1611 2098 1650 ne
2133 1596 2308 1652 velitis
2337 1612 2434 1652 vos
2461 1598 2640 1652 dicere
2671 1598 2832 1664 ﬁlios,
2871 1601 3015 1669 quod
3061 1599 3219 1671 133
3252 1608 3462 1654 tantum

1873 1702 1938 1741 ex
1973 1703 2139 1743 carne
2172 1689 2331 1754 estis,
2371 1689 2498 1744 dum
2529 1689 2719 1744 lsmael
2753 1682 3092 1760 nequaquam
3119 1698 3464 1760 computatur

1875 1779 1928 1833 in
1955 1779 2180 1834 semine.
2225 1779 2409 1835 Facite
2452 1797 2583 1851 ergo
2623 1781 2830 1836 fructus
2880 1782 3067 1853 dignos
3105 1783 3460 1852 poenitentiae,

177 1881 384 1921 venena
434 1865 646 1920 fraudis
693 1865 930 1933 antiquae
961 1864 1261 1933 deponere,
1318 1871 1374 1918 et
1409 1872 1520 1918 tum
1553 1863 1770 1918 demum
1799 1853 1846 1916 Β
1873 1872 2124 1928 videlicet
2172 1872 2382 1928 fructus
2429 1874 2698 1943 baptismi,
2734 1876 2778 1929 si
2814 1873 2989 1944 placet
3031 1889 3128 1944 per
3177 1889 3463 1946 regenera-

103 1963 126 1982 ⁸
178 1957 283 2011 ﬁde
313 1955 519 2011 Christi
548 1956 764 2010 indutos
793 1954 995 2010 fontem
1024 1969 1133 2008 suae
1163 1953 1500 2024 purgationis
1537 1954 1764 2009 intrare.

177 2045 354 2113 Quam
385 2045 792 2116 permistionem
837 2050 1046 2098 naturze
1081 2045 1374 2098 secundum
1405 2044 1768 2116 physiologos,

179 2138 235 2192 in
261 2153 456 2192 eorum
485 2137 948 2207 comparationem
971 2137 1226 2191 decenter
1249 2135 1543 2191 adinvenit.
1565 2135 1771 2192 Ferunt

183 2243 426 2297 namque
451 2229 751 2296 viperarum
783 2242 904 2282 esse
931 2238 1204 2292 naturam,
1231 2228 1374 2298 quod
1407 2227 1606 2283 femina
1643 2231 1769 2285 dum

177 2318 428 2386 concipit
469 2326 624 2386 caput
653 2317 818 2370 maris
842 2331 938 2370 ore
959 2316 1328 2386 permulgeus,
1361 2316 1528 2372 nimio
1560 2317 1769 2374 fervore

175 2409 428 2464 libidinis
471 2409 614 2463 virus
661 2408 778 2477 ejus
823 2408 1140 2474 exhauriat;
1187 2425 1294 2478 quo
1325 2421 1646 2480 consumpto
1677 2428 1772 2466 ex-

174 2503 382 2574 templo
409 2504 550 2556 idem
603 2501 877 2557 masculus
907 2511 1078 2557 morte
1108 2503 1381 2573 depereat.
1409 2504 1476 2558 At
1522 2520 1651 2560 vero
1681 2504 1771 2560 illa

171 2596 299 2649 dum
334 2604 547 2665 tempus
571 2591 816 2663 pariendi
845 2593 1158 2660 advenerit,
1207 2593 1407 2649 fetibus
1436 2605 1770 2665 praegravata

173 2687 468 2756 perimitur
499 2702 514 2740 :
549 2687 864 2755 discerpunt
885 2687 1028 2741 enim
1057 2687 1270 2758 ungulis
1309 2687 1502 2742 matris
1534 2697 1766 2756 uterum,

173 2788 221 2834 et
263 2779 484 2850 pariter
531 2793 656 2833 cum
709 2777 819 2832 vita
871 2775 1054 2834 eﬁ‘usis
1112 2779 1412 2834 visceribus
1453 2790 1766 2851 egeruntur.

177 2872 339 2944 162
371 2869 464 2926 Sic
497 2871 680 2940 itaque
709 2869 952 2926 θαυάωί
976 2881 1139 2940 caput
1168 2870 1289 2934 viri,
1342 2871 1486 2942 quod
1521 2871 1770 2928 Christus

172 2973 271 3025 rst,
313 2978 417 3016 ore
457 2961 622 3016 livido
655 2961 1002 3031 perimentes,
1035 2969 1266 3016 matrem
1313 2978 1486 3027 suam,
1519 2963 1768 3018 videlicet

172 3069 539 3125 synagogam,
582 3053 967 3124 prophetarum
1002 3052 1087 3107 vel
1113 3068 1299 3108 eorum
1319 3093 1334 3118 ,
1361 3053 1428 3108 de
1476 3070 1582 3125 qua
1615 3057 1766 3112 nasci

172 3147 476 3200 debuerant
503 3145 745 3199 cruentis
794 3145 1045 3200 manibus
1067 3145 1404 3200 occiderunt.
1433 3145 1578 3213 Quos
1627 3146 1766 3202 forte

1873 1968 2073 2025 tionem
2132 1969 2254 2024 lidei
2303 1969 2452 2038 regni
2485 1969 2724 2024 hieredes
2779 1968 2919 2023 ﬁeri.
2969 1968 3117 2024 Alias
3168 1977 3348 2024 autem
3393 1983 3461 2024 ex

1870 2071 2025 2134 patre
2053 2062 2266 2117 diabolo
2285 2062 2433 2122 estis,
2461 2061 2588 2131 quia
2620 2061 2664 2116 si
2690 2061 2781 2115 lilii
2815 2061 3010 2116 essetis
3043 2060 3295 2125 Abrabte,
3332 2075 3461 2130 ope-

1869 2173 1930 2211 ra
1982 2157 2152 2227 patris
2181 2155 2366 2226 utique
2405 2155 2694 2210 fecissetis.
2727 2155 2842 2221 Qua
2887 2154 2952 2209 de
2982 2167 3145 2208 causa
3170 2168 3238 2208 ne
3267 2152 3464 2222 glorie-

1872 2250 2027 2314 miui,
2059 2264 2153 2303 vos
2202 2249 2576 2302 tantummodo
2606 2263 2670 2301 ex
2694 2261 2860 2301 carne
2895 2247 3035 2301 ﬁlios
3076 2261 3197 2301 esse
3225 2260 3460 2316 praeser-

1871 2341 1967 2395 tim
1995 2358 2116 2396 cum
2146 2341 2264 2395 sitis
2292 2340 2514 2395 alterius
2535 2356 2599 2396 ex
2627 2340 2948 2394 imitatione.
2969 2339 3035 2393 Et
3066 2339 3187 2395 ideo
3207 2339 3263 2394 hi
3286 2339 3459 2411 magis

1869 2435 2167 2506 probantur
2189 2432 2302 2499 ﬁlii,
2330 2433 2422 2502 qui
2446 2448 2544 2502 per
2570 2432 2728 2487 ﬁdem
2753 2441 3126 2503 pr0pagantur
3149 2431 3206 2486 in
3229 2431 3456 2487 semine.

1872 2526 2025 2582 Unde
2059 2540 2074 2580 :

1944 2617 2138 2671 Potens
2165 2627 2236 2671 est
2265 2617 2430 2682 Deus,
2462 2616 2651 2686 inquit,
2677 2616 2740 2670 de
2764 2615 3028 2686 lapidibus
3053 2617 3169 2670 istis
3203 2616 3460 2670 suscitare

1871 2710 2007 2779 ﬁlios
2056 2709 2301 2762 Abrahae.
2355 2709 2453 2763 Ubi
2496 2708 2751 2762 nimirum
2804 2707 3042 2778 potentia
3092 2707 3207 2772 Dei,
3253 2707 3338 2762 cui
3370 2715 3457 2762 est

1871 2801 2126 2874 possibile
2154 2817 2316 2857 omne
2345 2803 2489 2872 quod
2517 2801 2667 2867 velit,
2705 2817 2813 2856 non
2845 2801 2966 2855 ideo
2994 2800 3318 2870 praedicatur
3343 2799 3460 2854 exi-

1871 2895 2000 2958 mia,
2044 2904 2100 2948 ut
2128 2903 2334 2948 tantum
2365 2893 2692 2964 suspiciatur
2713 2892 3021 2958 laudabilis,
3054 2907 3240 2946 verum
3265 2892 3454 2958 etiam,

1871 2995 1930 3038 ut
1962 3000 2028 3039 ex
2053 2986 2154 3040 hoc
2179 2999 2367 3039 eorum
2399 2983 2742 3055 reirangatur
2781 2984 3079 3047 temeritas,
3116 2991 3170 3038 et
3196 2982 3458 3052 incipiant

1867 3074 2358 3144 prazdestinationis
2383 3074 2476 3130 Dei
2503 3089 2665 3144 opera
2690 3075 2950 3144 cogitare.
2981 3073 3116 3140 Quia
3150 3073 3290 3128 sicut
3318 3072 3456 3128 nihil

1871 3166 1937 3220 ab
1974 3181 2040 3220 eo
2068 3165 2481 3235 przedestinatur
2524 3166 2666 3234 quod
2707 3182 2812 3222 non
2844 3164 3018 3236 possit
3047 3183 3058 3217 :
3091 3165 3162 3220 ita
3193 3163 3456 3233 quidquid

173 3238 371 3292 videns
398 3237 576 3290 adhuc
602 3236 838 3306 Spiritus
883 3237 1055 3292 sancti
1105 3236 1356 3308 indagine
1402 3253 1511 3292 sua:
1557 3237 1764 3293 fraudis

1871 3231 2310 3329 praedestinatum
2340 3231 2556 3324 fuerit;
2582 3275 2688 3314 non
2721 3261 2823 3315 nisi
2841 3231 3051 3326 justitia
3073 3231 3330 3323 dictante,
3344 3231 3456 3314 iaut

171 3345 385 3383 venena
415 3329 740 3384 intrinsecus
777 3329 1082 3393 occultare,
1121 3330 1242 3399 jure
1291 3345 1520 3386 censura
1565 3332 1763 3386 severi-

173 3422 298 3475 tatis
321 3422 571 3490 increpat
611 3436 724 3487 eos,
753 3436 922 3490 quare
951 3422 1103 3490 prius
1132 3421 1356 3476 callidas
1401 3423 1507 3477 doli
1534 3424 1762 3478 astutias

173 3530 276 3568 non
305 3514 671 3578 evomuerint,
696 3524 752 3569 et
777 3516 855 3569 sic
885 3515 1100 3569 demmn
1143 3503 1411 3570 intrarent
1431 3517 1497 3571 ad
1537 3517 1760 3584 fontem,

174 3606 258 3659 ubi
296 3606 552 3660 columba
583 3607 700 3660 sine
741 3606 863 3662 felle
901 3608 1278 3664 amaritudinis
1307 3609 1679 3679 deargentata,
1711 3612 1765 3666 in

173 3695 386 3764 pallore
431 3697 548 3750 auri
579 3697 820 3767 quotidie
852 3699 1028 3764 gratia
1064 3698 1299 3770 Spiritus
1331 3701 1502 3755 sancti
1549 3701 1766 3756 dealba-

173 3796 283 3852 tur,
306 3797 367 3842 et
409 3789 666 3858 deinceps
692 3790 811 3843 sine
835 3805 964 3860 ruga
989 3798 1043 3845 et
1072 3791 1189 3846 sine
1231 3791 1440 3844 macula
1469 3808 1589 3845 cum
1613 3792 1767 3847 Chri-

173 3889 258 3934 sto
291 3880 354 3933 in
399 3889 536 3933 terra
573 3880 850 3952 gradiens,
879 3882 1059 3936 omnia
1084 3890 1392 3951 serpentum
1419 3897 1616 3954 genera
1654 3885 1765 3940 suis

171 3969 466 4026 conculcat
489 3972 732 4040 pedibus,
760 3984 812 4027 et
843 3974 1052 4042 repellit
1082 3973 1404 4036 incredulos.

243 4082 438 4138 Facite
499 4102 618 4155 ergo
681 4086 882 4154 fructus
943 4087 1126 4157 dignos
1184 4087 1764 4156 pmuitentiw,inquit,

171 4190 234 4228 ac
275 4175 326 4228 si
385 4185 570 4243 aperte
601 4175 840 4241 diceret,
911 4177 1078 4231 nolite
1131 4177 1390 4231 insultare
1420 4177 1562 4247 quod
1587 4176 1764 4244 facio,

171 4269 280 4322 imo
349 4282 470 4337 qua:
529 4267 649 4322 dico
695 4268 797 4338 piis
845 4268 1132 4338 adimplete
1181 4269 1457 4338 operibus,
1503 4277 1556 4322 ct
1605 4267 1769 4326 facile

171 4357 388 4413 fructus
423 4358 616 4430 dignos
647 4360 976 4427 pmnitentim
1001 4374 1163 4428 quam
1193 4361 1463 4430 praedico:
1497 4361 1623 4430 quia
1651 4360 1768 4415 nul-

171 4450 251 4505 lus
290 4458 538 4503 vestrum
593 4444 708 4504 suis
737 4449 817 4504 vel
865 4459 1080 4520 patrum
1117 4448 1448 4518 justiﬁcatur
1492 4453 1764 4522 operibus,

169 4543 258 4610 qui
285 4557 483 4595 omnes
527 4541 622 4595 ira:
650 4539 742 4595 ﬁlii
784 4557 881 4612 per
907 4551 1114 4596 reatum
1158 4541 1282 4597 facti
1330 4543 1480 4598 estis.
1514 4543 1768 4615 Magister

172 4635 361 4704 itaque
387 4632 644 4703 perfecta:
685 4636 1017 4704 poenitentia:
1047 4634 1282 4690 Joannes
1311 4634 1502 4698 factus,
1534 4652 1640 4690 non
1680 4653 1766 4692 so-

173 4725 282 4779 lum
305 4725 559 4780 exhibuit
579 4726 632 4780 in
655 4741 712 4781 sc
730 4742 1015 4796 personam
1037 4728 1373 4798 paenitentis,
1391 4743 1574 4782 verum
1600 4730 1764 4784 etiam

173 4819 356 4889 qualis
389 4817 582 4872 debeat
620 4833 740 4873 esse.
790 4821 983 4874 modus
1029 4828 1278 4887 patenter
1319 4821 1592 4886 insinuat,
1641 4823 1764 4877 dum

173 4911 454 4982 subiungit
479 4929 491 4963 :
515 4909 698 4965 Facite
721 4912 906 4981 dignos
926 4912 1240 4981 pcenitentiae
1268 4912 1489 4980 fructus.
1518 4912 1766 4982 Alioquin

173 5002 433 5072 baptismi
479 5001 700 5066 ablutio,
750 5019 854 5058 non
896 5003 1115 5058 abolitio
1157 5003 1386 5073 peccati,
1432 5005 1525 5060 sed
1565 5005 1769 5061 delusio

170 5093 470 5164 judicatur.
501 5093 732 5150 Fructus
765 5096 927 5166 igitur
953 5095 1284 5165 pmnitentize
1333 5096 1545 5167 dignus,
1581 5098 1767 5152 morti-

178 5185 368 5240 ﬁcatio
401 5187 614 5252 carnis,
658 5189 1006 5256 omniumque
1060 5187 1316 5242 vitiorum
1363 5199 1466 5252 est,
1504 5195 1767 5257 qua‘tcnus

177 5292 274 5345 per
299 5277 461 5331 ﬁdem
489 5286 606 5332 sata
631 5279 888 5333 virtutum
923 5280 1146 5340 semina,
1175 5296 1403 5336 messem
1433 5281 1556 5335 boni
1587 5282 1766 5352 Operis

177 5371 452 5440 copiosius
492 5373 849 5427 accumulcnt.
883 5374 1086 5440 Quibus
1116 5375 1266 5428 dilati
1291 5415 1304 5437 ,
1332 5375 1586 5428 damnum
1622 5377 1764 5445 quod

177 5462 284 5517 sibi
319 5463 633 5526 intulerant,
670 5463 1027 5536 suffragi-ante
1075 5466 1270 5536 gratia,
1322 5466 1529 5522 meritis
1557 5481 1764 5521 recom-

177 5565 428 5626 pensent.
461 5556 569 5611 Sed
599 5573 720 5612 cum
777 5559 971 5613 talibus
1000 5573 1094 5614 eos
1143 5575 1318 5629 przcco
1363 5561 1607 5614 veritatis
1638 5575 1762 5629 per-

177 5647 404 5701 celleret
437 5649 894 5718 increpationibus
917 5689 930 5714 ,
987 5650 1173 5704 videns
1211 5650 1348 5705 fastu
1385 5651 1635 5704 elationis
1675 5665 1763 5705 eo-

179 5751 302 5790 rum
348 5739 419 5793 ob
450 5739 860 5809 pnerogativam
889 5738 1108 5794 Patrum
1163 5741 1483 5796 intrinsecus
1521 5742 1760 5797 animum

181 5839 414 5894 tumere,
448 5831 685 5884 occurrit
711 5831 1128 5900 cogitationibus
1166 5847 1371 5897 eorum,
1419 5830 1574 5903 quasi
1618 5832 1762 5889 dice-

1867 3361 2014 3408 certe
2040 3354 2410 3409 misericordia
2442 3352 2794 3424 suffragante,
2827 3351 3313 3406 consummabitur.
3336 3350 3456 3406 Pri-

1869 3461 1952 3498 ma
2010 3445 2171 3514 igitur
2203 3445 2507 3499 rudimenta
2557 3444 2678 3497 lidei
2729 3454 2852 3497 sunt
2885 3460 2980 3512 pro
3027 3451 3177 3498 certo
3230 3443 3458 3500 credere

1869 3535 2036 3590 Deum
2073 3536 2333 3605 quidquid
2373 3535 2600 3589 voluerit
2629 3549 2806 3604 posse.
2839 3535 3040 3588 Deinde
3071 3535 3351 3588 subnixius
3372 3535 3454 3589 in-

1868 3627 2144 3697 telligere,
2203 3627 2344 3695 quod
2388 3635 2584 3680 cuncta
2626 3625 2772 3694 juste
2801 3625 3057 3695 providus
3111 3625 3456 3695 dispensator

1867 3730 2030 3787 atque
2057 3718 2356 3773 clementer
2385 3717 2655 3788 disponat.
2682 3717 2818 3771 Hinc
2840 3725 2922 3771 est
2952 3726 3132 3772 autem
3160 3718 3303 3786 quod
3331 3733 3456 3788 pro—

1868 3811 2009 3867 lecto
2032 3811 2332 3882 simplicem
2359 3811 2618 3867 lectorem
2652 3811 2786 3865 satis
2815 3810 3003 3880 juvare
3033 3811 3248 3880 opinor,
3280 3812 3324 3864 si
3355 3825 3454 3880 pro

1865 3915 2015 3960 certo
2042 3905 2350 3969 crediderit,
2402 3906 2542 3974 quod
2575 3905 2718 3959 Deus
2746 3904 2836 3974 qui
2891 3915 3085 3958 cuncta
3135 3903 3341 3958 creavit
3386 3919 3456 3960 ex

1869 3997 2057 4062 nihilo,
2080 4007 2271 4068 potens
2294 3998 2364 4053 sit
2383 4013 2448 4052 ex
2479 3998 2745 4066 lapidibus
2775 3996 2914 4050 ﬁlios
2939 3996 3172 4050 Abrahze
3193 3994 3454 4062 formare,

1867 4097 1922 4142 et
1947 4087 2091 4142 velut
2111 4105 2178 4142 ex
2211 4088 2503 4158 propagine
2531 4087 2607 4141 illi
2634 4088 2995 4159 repromissos
3023 4088 3266 4142 lueredes
3289 4087 3453 4142 etiam

1867 4198 1933 4237 ex
1965 4181 2203 4251 quolibet
2243 4181 2462 4251 pultere
2495 4182 2778 4236 suscitare.
2811 4180 3065 4250 Alioquin
3121 4180 3246 4234 ﬁdei
3305 4178 3451 4234 rudio

1869 4284 2048 4330 menta
2079 4275 2311 4329 nondum
2337 4275 2594 4345 percepit.
2628 4273 2685 4329 Si
2709 4275 2853 4329 enim
2883 4274 3091 4331 Graecia
3122 4275 3455 4346 portentosis

1868 4368 2006 4422 niale
2032 4369 2146 4422 suis
2189 4367 2400 4422 erudita
2427 4367 2656 4423 fallaciis
2700 4368 3079 4424 Deucalionem
3130 4377 3324 4424 conata
3371 4377 3455 4425 est

1869 4476 2113 4517 asserere
2147 4461 2369 4525 mundo,
2395 4462 2591 4530 quibus
2621 4463 2790 4516 creati
2827 4461 2936 4517 sint
2965 4462 3217 4516 homines
3249 4462 3455 4532 lapides

1869 4554 2185 4624 aSpersisse.
2219 4553 2345 4624 quid
2398 4561 2557 4623 putas
2579 4593 2593 4617 ,
2645 4555 2788 4624 quod
2838 4554 3012 4625 magis
3048 4553 3320 4610 latendum
3350 4561 3453 4619 est,

1871 4648 2038 4701 Deum
2086 4660 2273 4699 verum
2326 4659 2390 4698 ac
2434 4645 2611 4699 vivum
2669 4661 2737 4700 ex
2785 4645 3050 4715 lapidibus
3100 4645 3238 4700 ﬁlios
3285 4645 3458 4698 Abra-

1871 4737 1951 4791 bze
1997 4735 2316 4808 simpliciter
2363 4750 2467 4790 non
2513 4751 2672 4806 posse
2721 4737 2948 4792 creare?
2997 4735 3148 4792 Unde
3199 4735 3456 4808 Virgilius

1874 4828 2021 4882 Maro
2043 4845 2054 4880 :

1999 4965 2227 5014 Continuo
2252 4963 2339 5011 bas
2359 4962 2517 5024 leges,
2543 4969 2826 5025 aeternaque
2851 4961 3032 5012 finiera
3057 4964 3204 5012 certis

1999 5025 2226 5089 lmpOsuit
2253 5031 2420 5074 natura
2447 5025 2590 5085 locis;
2616 5039 2710 5087 quo
2735 5033 2955 5089 tempore
2978 5030 3184 5089 primum

2000 5088 2264 5137 Deucalion
2293 5101 2490 5136 vacuum
2519 5089 2704 5148 lapides
2726 5088 2917 5148 jactavit
2945 5088 2993 5138 in
3017 5088 3202 5137 orbem.

2001 5149 2135 5199 Unde
2165 5149 2388 5200 homines
2414 5153 2508 5199 nati
2535 5152 2706 5200 durum
2730 5164 2904 5209 genus.

1875 5277 2070 5334 Volens
2106 5294 2303 5333 annum
2343 5280 2847 5351 octingentesimum
2898 5281 3164 5335 decimum
3194 5285 3318 5332 ante
3347 5277 3452 5333 Ro-

1875 5387 2016 5425 mam
2046 5373 2318 5426 conditam
2354 5373 2659 5441 signiﬁcare
2689 5392 2701 5428 :
2736 5373 2971 5444 quando,
3009 5380 3076 5425 'ut
3120 5371 3291 5435 aiunt,
3326 5372 3455 5427 Am-

1871 5462 2033 5531 pbion
2092 5462 2284 5516 tertius
2337 5478 2366 5517 a
2413 5462 2652 5533 Cecrope
2701 5462 2927 5517 Athenis
2988 5463 3250 5533 regnavit.
3289 5462 3456 5532 Cujus

1870 5568 2064 5624 nempe
2123 5553 2452 5624 temporibus
2515 5569 2777 5622 aquarum
2859 5553 3137 5609 inundatio
3192 5555 3454 5626 majorem

1871 5644 2162 5702 Thessalia:
2204 5645 2384 5715 populi
2431 5654 2638 5715 partem
2668 5645 2993 5714 absumpsit,
3038 5646 3227 5715 paucis
3246 5627 3345 5717 per
3373 5660 3454 5701 re-

1871 5739 2012 5811 l'ugia
2061 5738 2322 5794 montium
2371 5738 2630 5793 liberatis.
2686 5737 2837 5794 Unde
2882 5749 2937 5795 et
2989 5740 3226 5796 fabulam
3284 5741 3454 5794 intro-

1875 5833 2043 5904 duxit.
2071 5831 2221 5890 Tunc
2250 5832 2432 5901 itaque
2462 5831 2514 5886 in
2566 5841 2746 5890 monte
2786 5833 3056 5894 Parnasso
3093 5850 3256 5905 quam
3292 5832 3452 5890 multi
