4032 6358
615 360 720 418 159

1434 366 1494 422 S.
1530 363 1888 422 PASCHASll
1924 357 2275 418 RADBERTI
2309 357 2604 414 ABBATIS
2643 358 3092 417 CORBEIENSIS

3796 368 3902 422 160

615 472 955 543 transpositi,
1002 472 1146 529 circa
1199 489 1359 544 quem
1403 472 1696 530 Deucalion
1738 473 1984 529 mortalis
2027 485 2198 541 regno
2223 473 2271 535 Α
2301 469 2486 525 dratos
2519 469 2743 541 lapides,
2776 473 2973 542 quibus
3027 473 3265 530 caelestis
3308 473 3399 530 illa
3438 475 3634 532 civitas
3664 476 3902 534 Jerusa-

615 565 944 638 potiebatur,
971 579 1108 635 quos
1139 573 1267 620 tunc
1294 565 1503 622 ratibus
1545 567 1612 620 ad
1657 580 1716 620 se
1745 564 2009 636 fugientes
2042 561 2203 633 165.

616 655 918 726 suscipiens
941 670 1041 727 per
1065 656 1278 727 gemina
1317 654 1560 724 ejusdem
1605 654 1808 710 montis
1835 655 1964 726 juga
1993 655 2201 708 interea

615 746 771 811 fovit,
802 746 954 812 aluit,
985 754 1148 816 atque
1175 745 1431 801 servavit.
1479 745 1628 812 Quos
1671 747 1887 801 demum
1920 744 2202 798 remittens

615 838 837 905 saeculo,
873 838 1073 894 dicitur
1103 853 1273 909 genus
1303 838 1582 894 hominum
1615 853 1920 908 reparasse,
1958 852 2024 892 ac
2062 836 2110 891 si
2133 836 2201 892 de

615 933 908 1003 lapidibus,
938 948 1075 1002 quos
1119 933 1265 987 unda
1308 932 1562 995 nudarat,
1596 941 1726 988 tunc
1763 932 1873 988 nati
1904 939 2105 986 essent.
2131 930 2204 986 At

613 1038 746 1079 vero
798 1025 843 1079 si
893 1024 1164 1094 sapientes
1193 1024 1373 1080 saeculi
1401 1023 1470 1079 de
1516 1024 1602 1079 his
1649 1023 1774 1078 talia
1806 1023 2098 1089 ﬁnxerunt,
2142 1032 2201 1077 ut

613 1116 1044 1188 quamplurimos
1071 1117 1187 1172 suis
1215 1126 1483 1172 caecarent
1513 1117 1782 1190 tenebris;
1817 1125 2022 1187 quanto
2056 1133 2200 1172 nunc

612 1209 917 1282 religiosius
966 1217 1052 1264 est
1088 1208 1331 1275 credere,
1380 1210 1525 1279 quod
1551 1210 1805 1265 omnibus
1845 1224 2036 1264 verum
2080 1205 2200 1264 luce

613 1297 815 1354 clarius
841 1298 1207 1367 praedicatur?
1235 1295 1444 1354 Tamen
1489 1299 1630 1367 quod
1657 1299 1935 1369 signanter
1962 1297 2199 1352 Joannes

612 1390 680 1446 de
708 1389 975 1459 lapidibus
1019 1389 1141 1444 istis
1189 1388 1348 1456 dixit,
1381 1403 1446 1444 ac
1484 1389 1530 1444 si
1561 1388 1771 1458 aliquos
1805 1387 2200 1458 subterpositos

611 1481 779 1552 digito
801 1481 1223 1546 demonstraret,
1251 1494 1596 1550 nequaquam
1617 1488 1772 1535 vacat
1785 1481 2066 1550 mysterio.
2091 1478 2200 1536 Sed

610 1569 856 1642 profecto
906 1587 1069 1626 unam
1120 1571 1313 1626 harum
1362 1579 1456 1625 aut
1504 1580 1652 1626 certe
1687 1578 1975 1640 utramque
2016 1584 2198 1626 rerum

607 1667 723 1721 vult
744 1665 1086 1738 promulgare
1109 1651 1354 1735 ﬁguram.
1371 1663 1509 1731 Quia
1531 1664 1779 1735 mystice,
1808 1672 1868 1718 ut
1897 1663 2069 1729 aiunt,
2094 1664 2199 1719 hoc

608 1759 702 1814 illo
723 1759 1027 1831 agebantur
1052 1758 1107 1812 in
1134 1757 1278 1823 loco,
1303 1757 1394 1813 ubi
1416 1755 1739 1838 Jesusﬁlius
1765 1755 1884 1810 Nun
1911 1755 2196 1812 duodecim

2301 559 2406 615 lem
2433 561 2751 626 aediﬁcetur,
2766 564 3066 633 praesertim
3088 565 3232 634 quod
3256 575 3372 620 tum
3387 565 3453 620 de
3465 581 3573 622 una
3593 569 3906 640 eademque

2302 653 2603 709 substantia
2651 654 2798 710 facta
2845 666 2991 712 esset
3045 658 3198 712 verbi
3257 658 3561 715 translatio.
3604 659 3712 717 Sed
3767 664 3905 733 quia

2300 742 2458 816 longe
2479 745 2641 801 altius
2661 747 2803 801 idem
2825 749 3055 804 docente
3076 749 3283 821 Spiritu
3310 760 3500 806 sancto
3512 767 3574 806 ac
3595 753 3906 821 perfectius

2302 838 2580 903 eruditur,
2623 854 2733 894 non
2769 841 3061 896 verborum
3102 851 3321 898 secutus
3359 851 3446 898 est
3492 846 3901 913 sonoritatem;

2303 930 2398 984 sed
2443 944 2700 984 sensuum
2750 930 3178 999 profunditatem
3224 933 3436 1002 plenius
3483 943 3787 1000 scrutatur,
3850 948 3907 991 et

2302 1032 2664 1092 congruenter
2708 1022 2841 1077 satis
2885 1023 3176 1092 eloquitur.
3227 1023 3576 1080 Przemiscrat
3618 1027 3771 1080 enim
3812 1043 3907 1081 su-

2300 1115 2486 1184 perius
2510 1154 2524 1177 ,
2577 1111 2854 1167 Generatio
2891 1115 3210 1183 viperarum,
3252 1129 3359 1169 non
3390 1117 3534 1185 quod
3564 1117 3896 1171 earumdem

2301 1213 2485 1260 essent
2515 1213 2724 1260 natura:
2757 1205 3047 1260 existentia
3069 1247 3082 1270 ,
3140 1206 3234 1261 sed
3275 1208 3402 1276 quia
3437 1208 3653 1263 fuerant
3682 1224 3908 1264 veneno

2301 1295 2563 1351 doctrinae
2593 1311 2736 1361 suae,
2791 1304 2846 1350 et
2878 1296 3215 1352 inﬁdelitatis
3267 1299 3402 1353 vitio
3455 1301 3774 1369 transpositi
3837 1302 3906 1356 ad

2300 1391 2672 1461 propaginem.
2705 1391 2774 1445 Et
2797 1391 2918 1446 ideo
2942 1406 3009 1446 ne
3031 1391 3330 1462 glorientur
3354 1408 3423 1447 ex
3455 1394 3660 1448 semine
3688 1395 3906 1460 carnis,

2303 1480 2434 1535 facit
2487 1482 2851 1552 anastrophen
2896 1484 2963 1536 ad
3007 1491 3197 1553 gentes
3223 1485 3411 1552 ,oquod
3451 1485 3508 1538 hi
3549 1493 3760 1539 tantum
3799 1487 3906 1540 ha-

2301 1571 2536 1627 beantur
2572 1573 2688 1638 ﬁlii,
2719 1574 2813 1643 qui
2853 1572 3054 1628 fuerint
3104 1575 3404 1630 secundum
3447 1575 3768 1630 interiorem
3800 1578 3902 1632 ho-

2301 1666 2502 1722 minem
2528 1681 2626 1737 per
2640 1667 2867 1737 gratiam
2898 1667 3465 1735 suscitati.Suscitati,
3492 1669 3740 1740 inquam,
3770 1672 3908 1739 quia

2301 1758 2525 1812 veniens
2561 1757 2813 1814 Christus
2859 1760 3071 1829 accepit
3118 1775 3343 1815 uxorem
3392 1761 3579 1816 fratris
3628 1762 3905 1828 defuncti,

607 1851 816 1924 lapides
869 1853 936 1908 de
963 1851 1143 1907 medio
1177 1849 1429 1905 Jordanis
1471 1849 1529 1903 in
1579 1835 1783 1904 terram
1839 1846 2202 1918 tranSportari
2227 1835 2278 1899 Β
2303 1849 2513 1906 scilicet
2531 1851 2856 1919 patriarchae
2875 1851 3108 1906 Abrahae
3132 1869 3146 1917 ;
3173 1853 3370 1922 quippe
3395 1855 3521 1923 quia
3545 1869 3644 1923 per
3672 1854 3905 1919 Saram,

605 1941 856 2013 iusserat,
891 1951 1054 2013 atque
1097 1941 1234 1998 alios
1259 1956 1328 1996 ex
1372 1949 1520 1995 terra
1549 1941 1606 1995 in
1641 1942 1832 1996 eodem
1861 1940 2015 1996 alveo
2041 1942 2199 1998 resti-

605 2043 787 2089 tuerat
835 2032 976 2105 (Jos.
1005 2048 1083 2099 iv,
1106 2032 1184 2102 8).
1212 2032 1295 2086 Ad
1341 2046 1479 2103 quos
1528 2041 1658 2086 tunc
1703 2031 1952 2087 fortassis
1993 2032 2200 2103 lapides

607 2125 836 2196 digitum
854 2125 1172 2190 extendens,
1205 2121 1420 2178 aiebat:
1449 2121 1651 2177 Potens
1694 2131 1778 2178 est
1802 2121 1942 2178 Deus
1968 2139 2036 2178 ex
2065 2123 2200 2193 lapi-

605 2216 764 2272 dibus
793 2217 932 2283 istis,
960 2231 1059 2288 per
1104 2230 1241 2288 quos
1267 2213 1577 2270 Judaeorum
1606 2217 1824 2272 necatio
1852 2226 1909 2273 et
1954 2218 2196 2289 gentium

607 2308 676 2364 ad
731 2308 869 2364 lucis
916 2307 1150 2378 speciem
1203 2305 1610 2373 transformatio
1671 2308 2003 2379 praeﬁgitur,
2057 2309 2198 2366 ﬁlios

602 2400 854 2467 Abrahae,
880 2400 1020 2456 sicut
1038 2400 1368 2472 promissum
1388 2408 1492 2464 est,
1517 2400 1804 2456 suscitare.
1822 2400 2054 2458 Prorsus
2067 2402 2194 2473 quia

602 2495 659 2551 in
681 2494 787 2550 illis
814 2493 1080 2564 lapidibus
1121 2493 1224 2549 etsi
1254 2507 1365 2548 non
1393 2502 1608 2559 natura,
1636 2502 1817 2550 tamen
1849 2495 2023 2566 figura
2064 2511 2196 2567 gen-

600 2585 736 2640 tium
765 2593 918 2650 erat,
963 2599 1075 2639 non
1122 2584 1401 2639 immerito
1448 2584 1709 2641 scribitur
1749 2597 1817 2648 ex
1861 2585 2055 2640 iisdem
2100 2601 2196 2643 eos

600 2675 846 2731 silicibus
873 2676 1237 2744 suscitandos,
1265 2677 1322 2731 in
1362 2676 1559 2746 quibus
1584 2675 1699 2746 jam
1733 2676 1862 2732 olim
1891 2679 2067 2749 gratia
2101 2694 2194 2734 sa-

601 2766 730 2822 lutis
775 2782 964 2823 eorum
991 2769 1448 2839 praetendebatur.
1480 2769 1560 2824 Ac
1590 2769 1637 2824 si
1666 2777 1918 2839 patenter
1947 2769 2153 2825 diceret
2177 2785 2192 2824 :

600 2856 780 2914 Nolite
828 2859 1030 2926 dicere,
1077 2868 1286 2929 patrem
1339 2861 1600 2916 habemus
1636 2861 1946 2929 Abraham;
2002 2871 2195 2933 potens

601 2957 688 3006 est
708 2952 853 3006 enim
897 2951 1042 3007 Deus
1067 2966 1137 3007 ex
1184 2952 1453 3022 lapidibus
1500 2954 1644 3018 istis,
1690 2951 1897 3008 scilicet
1938 2968 2036 3024 per
2070 2969 2193 3010 eam

600 3045 830 3116 gratiam
856 3061 976 3116 qua:
1022 3046 1078 3102 in
1125 3045 1259 3118 ipsis
1296 3046 1641 3118 praeﬁgurata
1685 3047 2021 3114 ostenditur,
2053 3046 2194 3103 ﬁlios

600 3139 834 3195 Abraha:
858 3141 1123 3196 suscitare
1161 3141 1227 3196 de
1258 3149 1432 3195 morte
1459 3140 1525 3195 ad
1553 3141 1749 3205 vitam,
1777 3141 1844 3195 dc
1865 3141 2105 3195 tenebris
2124 3139 2189 3195 ad

2304 1949 2481 1994 mater
2522 1941 2766 1995 omnium
2822 1949 3069 1996 nostrum
3117 1942 3361 1997 Ecclesia
3416 1944 3795 2014 significatur;
3854 1956 3909 2000 et

2302 2034 2589 2088 suscitavit
2618 2048 2686 2087 ex
2719 2050 2784 2089 ea
2815 2034 2954 2089 ﬁlios
2989 2050 3090 2104 per
3128 2036 3383 2106 gratiam,
3423 2052 3522 2106 per
3556 2053 3721 2107 quam
3753 2039 3906 2095 idem

2302 2127 2429 2182 olim
2459 2129 2528 2182 ob
2555 2127 2878 2197 praesagium
2910 2137 3168 2198 genuerat
3197 2127 3389 2182 ﬁlium.
3417 2129 3571 2184 Unde
3596 2131 3907 2186 secundum

2303 2215 2476 2288 legem
2509 2233 2698 2272 omnes
2723 2219 2814 2288 qui
2843 2234 2909 2273 ex
2945 2218 3051 2274 ﬁde
3079 2228 3242 2284 sunt,
3287 2221 3458 2290 patris
3492 2221 3616 2292 jure
3649 2222 3908 2280 haeredes

2302 2311 2542 2367 defuncti
2594 2327 2704 2365 non
2750 2311 2929 2367 minus
2970 2328 3133 2382 quam
3182 2311 3276 2367 ﬁlii
3331 2321 3710 2383 supputantur.
3758 2315 3907 2372 Hinc

2301 2417 2517 2471 quoque
2561 2402 2846 2472 signanter
2888 2403 3113 2458 verbum
3139 2444 3154 2469 ,
3204 2403 3349 2474 quod
3389 2415 3580 2474 potens
3627 2405 3702 2458 sit
3750 2405 3906 2461 Deus

2300 2493 2586 2558 suscitare,
2621 2493 2870 2557 inseruit,
2901 2501 2960 2547 ut
2988 2509 3380 2564 recognoceres
3411 2494 3464 2548 in
3487 2492 3708 2550 Christo
3731 2511 3904 2565 quem

2299 2582 2560 2655 praedicat
2613 2584 2870 2654 compleri
2920 2586 3064 2654 quod
3122 2585 3325 2639 dudum
3386 2585 3600 2657 Moyses
3654 2601 3724 2640 ex
3777 2586 3904 2658 lege

2298 2675 2657 2730 mandaverat
2708 2674 2885 2746 (Deut.
2923 2691 3051 2740 xxv,
3101 2674 3177 2744 5).
3204 2673 3468 2745 Praecepit
3487 2690 3635 2747 ergo,
3653 2676 3700 2730 si
3723 2675 3903 2733 frater

2299 2765 2586 2822 defunctus
2637 2775 2785 2820 esset
2826 2766 2941 2820 sine
2987 2766 3208 2831 liberis,
3253 2776 3311 2821 ut
3366 2767 3412 2820 is
3463 2767 3556 2837 qui
3611 2779 3902 2836 superstes

2299 2855 2466 2910 fuerit
2502 2856 2672 2911 frater
2701 2855 2837 2924 ejus,
2894 2857 3125 2927 accipiat
3169 2871 3394 2912 uxorem
3431 2857 3687 2923 defuncti,
3722 2866 3778 2913 et
3807 2875 3903 2915 su-

2299 2949 2458 3003 scitet
2501 2964 2568 3002 ex
2593 2961 2658 3002 ea
2687 2963 2875 3003 semen
2907 2947 3094 3003 fratris
3124 2950 3230 3015 sui,
3273 2950 3360 3004 cui
3387 2965 3511 3004 cum
3538 2960 3698 3006 natus
3726 2949 3905 3007 fuerit

2301 3039 2462 3104 ﬁlius,
2489 3036 2736 3109 profecto
2763 3040 2937 3094 haeres
2964 3038 3206 3094 defuncti
3243 3041 3367 3106 erit,
3411 3050 3466 3095 et
3507 3041 3563 3096 in
3599 3051 3750 3097 sorte
3779 3059 3900 3098 sua:

2301 3131 2661 3188 successionis
2692 3142 3100 3185 annumeratur.
3131 3132 3212 3187 Ob
3244 3131 3398 3201 cujus
3430 3135 3670 3205 mysterii
3705 3150 3898 3189 sacra-

601 3227 798 3295 lucem,
831 3231 898 3284 de
927 3245 1036 3285 non
1059 3239 1220 3301 genie
1249 3231 1305 3285 in
1335 3239 1575 3302 geniem,
1604 3239 1665 3285 ιη
1691 3239 1747 3285 ει
1777 3231 1878 3301 ipsi
1909 3246 2008 3301 per
2031 3231 2195 3286 ﬁdem
2221 3210 2268 3272 C
2299 3231 2540 3277 mentum
2578 3222 2826 3277 Christus
2870 3223 3116 3289 veniens,
3150 3225 3278 3294 quia
3304 3224 3576 3280 Abraham
3602 3226 3903 3284 defunctus

602 3321 780 3378 renati
801 3322 935 3376 tanti
970 3322 1143 3392 patris
1167 3322 1491 3392 quandoque
1530 3321 1775 3377 haeredes
1823 3322 2190 3377 inveniantur.

602 3413 754 3470 Alias
789 3421 972 3468 autem
1002 3412 1210 3483 lapides
1239 3412 1482 3469 Gentiles
1510 3421 1698 3479 vocat,
1736 3413 1807 3468 ob
1837 3412 2018 3468 cordis
2049 3411 2197 3467 duri-

603 3505 757 3570 tiam,
784 3504 870 3558 vel
903 3511 1052 3559 certe
1095 3503 1239 3574 quod
1271 3503 1570 3561 idololatrae
1614 3503 1820 3575 lapides
1872 3502 2192 3559 adorabant.

600 3595 738 3652 Hinc
764 3611 979 3669 quoque
1003 3597 1160 3669 juxta
1189 3596 1532 3653 Psalmistam
1555 3595 1795 3652 :Similes
1817 3595 1922 3650 illis
1947 3597 2080 3666 [iant
2105 3597 2195 3667 qui

602 3689 805 3757 faciunt
831 3705 916 3755 ea,
937 3698 987 3743 et
1019 3705 1196 3744 omnes
1221 3689 1310 3761 qui
1332 3688 1604 3758 conﬁdunt
1643 3689 1699 3744 in
1729 3689 1802 3742 eis
1827 3684 2003 3759 (Psal.
2035 3701 2192 3753 exui,

601 3781 714 3852 16).
739 3781 916 3851 Atque
938 3779 1090 3846 alibi,
1121 3795 1189 3836 eo
1213 3781 1358 3851 quod
1384 3781 1488 3852 ipsi
1508 3780 1707 3852 lapidei
1730 3787 1914 3834 essent
1934 3778 2194 3833 Dominus

601 3888 700 3942 per
734 3875 1086 3943 prophetam:
1110 3872 1384 3942 Auferam,
1415 3874 1662 3943 inquit,a
1689 3874 1828 3928 vobis
1854 3873 2121 3944 lapideum
2145 3882 2194 3928 et

601 3962 737 4017 dabo
752 3964 892 4016 vobis
907 3979 999 4016 cor
1012 3978 1259 4016 carneum
1285 3963 1501 4034 (Ezech.
1522 3978 1598 4028 χι,
1619 3963 1727 4034 l9).
1745 3963 2054 4018 Secundum
2077 3963 2192 4018 efﬁ-

602 4054 857 4112 cientiam
884 4054 1053 4126 igitur
1070 4054 1272 4124 operis,
1289 4061 1345 4109 et
1361 4069 1469 4110 non
1491 4054 1787 4109 secundum
1811 4053 2190 4121 substantiam,

602 4142 845 4201 Gentiles
887 4145 1093 4216 lapides
1123 4145 1463 4217 appellantur
1505 4163 1520 4200 :
1569 4146 1695 4215 quia
1735 4145 1890 4216 juxta
1941 4154 2192 4200 naturam

601 4237 730 4292 boni
773 4247 828 4293 et
878 4237 1294 4294 incontaminati
1325 4245 1452 4293 sunt
1492 4238 1695 4303 creati;
1727 4245 1784 4292 at
1812 4252 1944 4293 vero
1986 4239 2194 4308 seipsos

603 4330 1001 4400 corrumpendo
1024 4344 1125 4400 per
1146 4330 1329 4384 varias
1361 4344 1542 4385 rerum
1555 4326 1894 4396 eilicientias,
1917 4327 2048 4384 facti
2068 4336 2196 4384 sunt

603 4432 664 4478 ut
684 4439 789 4478 non
814 4431 1021 4488 essent,
1049 4428 1108 4478 et
1144 4421 1266 4477 ideo
1293 4438 1402 4478 non
1434 4422 1730 4492 incongrue
1749 4420 1957 4491 lapides
1995 4435 2193 4476 vocan-

607 4523 712 4569 tur.
738 4514 813 4570 De
850 4513 1049 4584 quibus
1090 4513 1347 4569 nimirum
1390 4513 1656 4583 lapidibus
1685 4522 1877 4584 potens
1907 4521 1992 4568 est
2027 4512 2189 4579 Deus,

2299 3313 2417 3368 sine
2466 3313 2652 3368 liberis
2697 3313 3030 3382 approbatur
3079 3313 3235 3381 ﬁdei,
3281 3329 3349 3370 eo
3402 3315 3547 3385 quod
3593 3330 3785 3371 omnes
3826 3333 3900 3373 ex

2299 3421 2462 3462 carne
2509 3405 2628 3474 ejus
2667 3407 2967 3478 degeneres
2992 3416 3198 3472 essent,
3251 3418 3444 3479 potens
3481 3410 3745 3465 astruitur
3794 3427 3899 3467 su-

2299 3499 2498 3553 scitare
2529 3497 2669 3553 ﬁlios
2709 3499 2900 3568 ipsius,
2935 3499 3088 3569 juxta
3141 3501 3285 3571 quod
3325 3501 3652 3570 promissum
3714 3502 3904 3560 fuerat

2297 3591 2345 3645 ci
2367 3607 2380 3656 ;
2402 3606 2470 3646 ne
2498 3601 2684 3645 tantus
2708 3592 3020 3660 patriarcha
3043 3593 3240 3648 divinis
3254 3595 3563 3664 privaretur
3585 3599 3898 3667 promissis.

2297 3682 2506 3738 Interea
2535 3698 2604 3738 ne
2629 3692 2685 3738 et
2705 3683 2809 3754 ipsi
2831 3684 3146 3740 viderentur
3175 3686 3525 3752 immunes,si
3555 3705 3612 3744 se
3637 3705 3666 3743 a
3692 3689 3906 3748 talibus

2296 3775 2559 3830 donorum
2611 3777 2969 3832 sacramentis
3028 3779 3248 3848 penitus
3307 3782 3690 3848 abdicassent,
3741 3798 3905 3839 com-

2298 3869 2535 3924 minatur
2551 3871 2712 3942 166
2734 3870 2896 3937 illico,
2929 3871 3173 3940 exempla
3197 3887 3415 3927 sumens
3442 3873 3507 3928 de
3534 3874 3898 3944 agricultura.

2367 3960 2493 4014 lam
2544 3964 2716 4027 enim,
2769 3963 2972 4033 inquit,
3029 3965 3228 4018 securis
3279 3965 3348 4018 ad
3390 3966 3592 4019 radices
3638 3965 3898 4022 arborum

2295 4055 2469 4125 posita
2510 4063 2606 4109 est.
2648 4054 2832 4108 Omnis
2875 4073 2997 4126 ergo
3025 4057 3184 4110 arbor
3211 4073 3329 4128 quae
3365 4073 3468 4110 non
3495 4057 3620 4126 facit
3658 4056 3902 4126 fructicm

2297 4143 2489 4198 bonum
2530 4145 2820 4210 excidetur,
2864 4157 2910 4200 et
2951 4147 3006 4201 in
3047 4148 3220 4217 ignem
3275 4148 3528 4202 mittetur.
3570 4147 3742 4202 Porro
3792 4164 3904 4216 per

2298 4238 2523 4292 arbores
2552 4238 2861 4294 animorum
2885 4247 3085 4295 statum
3110 4238 3426 4312 signiﬁcari,
3457 4255 3615 4296 nemo
3650 4241 3745 4310 qui
3775 4256 3903 4296 am-

2296 4328 2451 4398 bigit,
2490 4330 2535 4386 si
2573 4328 2884 4400 Scripturas
2911 4340 3130 4387 sanctas
3173 4332 3384 4403 legerit,
3410 4333 3536 4402 quia
3567 4332 3900 4402 frequenta-

2301 4422 2566 4477 tissimum
2612 4431 2700 4478 est
2731 4439 2827 4493 per
2853 4438 2980 4488 eas,
3015 4422 3280 4480 bonorum
3330 4423 3664 4479 malornmve
3704 4422 3900 4477 homi-

2298 4529 2424 4569 num
2451 4515 2741 4584 qualitates
2769 4517 3097 4585 exprimere.
3143 4515 3319 4584 Habet
3349 4516 3515 4586 igitur
3541 4531 3692 4570 suam
3736 4517 3900 4586 agri-

605 4621 711 4659 non
738 4605 860 4660 dico
889 4605 1217 4661 resuscitare
1256 4604 1396 4660 ﬁlios
1421 4607 1654 4661 Abrahae
1683 4605 1838 4675 quasi
1885 4621 1953 4660 ex
1984 4605 2186 4676 aliquo,
2218 4591 2268 4650 Ι)
2295 4607 2564 4661 culturam
2607 4623 2779 4678 genus
2821 4609 3142 4672 humanum,
3189 4609 3333 4678 quod
3363 4609 3613 4664 Christus
3660 4611 3903 4666 veniens

600 4697 702 4753 sed
751 4696 1278 4753 omnino'suscitare
1319 4697 1467 4753 velut
1505 4711 1574 4752 ex
1621 4697 1810 4752 nihilo.
1852 4697 1990 4766 Quia
2037 4699 2189 4768 prius

607 4804 728 4844 cum
776 4798 963 4844 essent
1006 4803 1106 4860 per
1152 4789 1321 4845 Deum
1349 4828 1365 4855 ,
1415 4792 1622 4859 seipsos
1667 4789 2064 4860 corrumpendo
2105 4788 2186 4845 fe-

605 4887 800 4934 cerunt
839 4893 904 4933 ac
942 4879 990 4933 si
1033 4894 1139 4934 non
1167 4892 1390 4934 essent:
1429 4878 1709 4950 Scriptura
1738 4888 1895 4945 teste,
1927 4879 2185 4951 quoniam

611 4972 769 5045 165
798 4987 987 5027 omnes
1013 4981 1201 5044 gentes
1239 4973 1318 5027 sic
1356 4981 1482 5028 sunt
1515 4981 1641 5026 ante
1671 4973 1839 5028 Deum
1879 4975 2034 5044 quasi
2081 4989 2186 5028 non

608 5067 736 5130 sint,
776 5075 832 5120 et
860 5065 914 5119 in
941 5063 1114 5120 nihilo
1139 5071 1480 5134 reputantur.
1511 5063 1656 5134 Ergo
1681 5065 1774 5133 qui
1805 5073 1960 5118 erant
1984 5063 2188 5135 lapides

608 5167 828 5228 propter
869 5157 1124 5212 duritiam
1158 5164 1214 5212 et
1257 5159 1606 5227 asperitatem
1646 5156 1855 5227 peccati
1891 5155 2038 5211 nullo
2067 5158 2186 5211 usui

609 5252 743 5322 apti,
787 5251 987 5306 virtute
1034 5249 1131 5304 Dei
1162 5249 1291 5304 facti
1325 5258 1453 5304 sunt
1483 5247 1690 5318 lapides
1719 5247 1852 5314 vivi,
1883 5248 1974 5316 qui
2024 5263 2189 5317 super

615 5328 816 5401 ié‘ﬁani
839 5347 1150 5411 volvuntur,
1165 5343 1290 5400 etin
1305 5344 1672 5399 sanctuarium
1697 5341 1793 5397 Dei
1821 5335 2036 5397 tandem
2065 5355 2189 5413 pre-

612 5438 889 5496 tiosissimi
933 5448 1345 5511 computantur;
1378 5440 1574 5509 quibus
1603 5439 1842 5494 caelestis
1889 5438 1981 5492 illa
2027 5438 2185 5494 Jeru-
2221 5476 2224 5480 η

609 5529 783 5590 salem
811 5535 1163 5599 construitur,
1209 5541 1264 5588 et
1303 5547 1494 5587 omnes
1543 5531 1684 5586 muri
1724 5530 1841 5600 ejus
1874 5545 1971 5600 per
1999 5546 2188 5601 gyrum

610 5623 666 5681 in
699 5623 916 5681 Christo
944 5640 1009 5679 ex
1057 5624 1187 5696 ipsis
1244 5622 1668 5680 coaediﬁcantur.
1727 5622 1806 5677 Ex
1849 5637 1957 5693 quo
2010 5621 2189 5692 aptius

539 5768 542 5770 η
611 5721 861 5779 fortassis
903 5720 1179 5775 videretur
1207 5717 1535 5790 evangelista
1585 5716 1922 5790 signiﬁcasse
1951 5714 1995 5769 si
2039 5715 2188 5769 dice—

609 5823 730 5876 ret:
759 5811 960 5872 Potens
997 5820 1085 5869 est
1105 5811 1248 5870 Deus
1283 5813 1349 5871 de
1376 5811 1644 5884 lapidibus
1671 5809 1790 5869 istis
1826 5823 2021 5881 parare
2045 5822 2188 5879 qua-

2293 4698 2543 4754 excolere
2573 4699 2801 4753 nimium
2831 4698 3177 4754 infecundum
3203 4714 3302 4770 per
3332 4699 3669 4755 inﬁdelitatis
3686 4700 3903 4756 intem-

2290 4789 2595 4860 perantiam
2647 4791 2880 4855 invenit;
2923 4790 3018 4845 sed
3047 4789 3299 4846 omnibus
3350 4789 3617 4846 libertatis
3653 4791 3901 4850 arbitrio

2290 4893 2390 4949 per
2439 4880 2664 4950 gratiam
2716 4878 2965 4934 restituto
3015 4879 3272 4950 deinceps
3313 4879 3587 4935 licentiam
3652 4879 3902 4937 fructiﬁ-

2291 4971 2452 5027 candi
2493 4971 2657 5025 dedit.
2691 4969 2840 5026 Unde
2868 4971 3016 5041 justo
3050 4971 3146 5026 Dei
3179 4971 3384 5040 judicio
3404 4970 3519 5041 jam
3550 4972 3786 5027 securim
3814 4975 3898 5029 ad

2300 5064 2510 5118 radices
2554 5063 2810 5117 arborum
2863 5064 3094 5133 positam
3124 5064 3514 5129 comminatur,
3539 5072 3810 5134 quatenus
3841 5068 3898 5121 si

2297 5171 2395 5225 per
2422 5155 2582 5210 ﬁdem
2613 5156 2850 5211 fructum
2881 5157 3101 5226 pietatis
3126 5173 3232 5213 non
3261 5158 3584 5228 protulerint
3626 5157 3901 5214 excidan-

2297 5256 2386 5302 tur
2433 5263 2463 5302 a
2507 5247 2762 5318 praasenti
2804 5247 2913 5302 vita
2939 5289 2955 5312 ,
2999 5248 3084 5302 vel
3132 5258 3276 5303 certe
3313 5263 3344 5303 a
3398 5260 3543 5304 terra
3582 5249 3895 5305 viventium

2297 5358 2403 5412 qua
2451 5341 2622 5396 sancti
2670 5356 2792 5396 cum
2825 5341 3056 5396 Domino
3083 5349 3208 5397 sunt
3258 5343 3555 5413 regnatnri.
3606 5341 3895 5398 Arborum

2296 5435 2478 5503 itaque
2506 5447 2539 5485 a
2567 5431 2839 5487 nonnullis
2889 5446 2988 5502 pro
3033 5432 3294 5502 qualitate
3319 5441 3553 5502 quatuor
3576 5445 3894 5487 connume-

2293 5536 2485 5580 rantur
2513 5539 2743 5594 genera;
2778 5523 2905 5593 quia
2949 5531 3076 5579 sunt
3119 5532 3214 5578 aut
3266 5523 3421 5578 bona:
3456 5521 3772 5587 viriditatis,
3829 5532 3894 5576 et

2295 5620 2529 5675 fructum
2581 5619 2694 5674 suis
2738 5619 3073 5688 temporibus
3116 5619 3316 5673 bonum
3361 5618 3570 5683 ferunt;
3619 5624 3713 5670 aut
3752 5626 3898 5670 sunt

2293 5713 2434 5768 male
2476 5712 2697 5777 virides,
2737 5720 2792 5767 et
2843 5711 3077 5766 fructum
3121 5711 3320 5766 malum
3352 5710 3535 5766 ferunt
3567 5727 3581 5764 :
3609 5717 3701 5763 aut
3725 5719 3897 5764 certe

2295 5813 2420 5861 sunt
2442 5804 2780 5862 solummodo
2804 5803 3006 5862 virides
3031 5818 3131 5873 per
3166 5804 3430 5874 vigorem,
3464 5811 3522 5860 et
3552 5810 3777 5859 manent
3801 5801 3896 5856 in-
