  <div class='ocr_page' id='page_1' title='image "/cluster/home/n/w/nwhite01/storage/ocr_20150623/120/hvd.32044015466923/086.png"; bbox 0 0 4032 6358; ppageno 0'>
   <div class='ocr_carea' id='block_1_1' title="bbox 165 355 2617 424">
    <p class='ocr_par' dir='ltr' id='par_1_1' title="bbox 165 355 2617 424">
     <span class='ocr_line' id='line_1_1' title="bbox 165 355 2617 424; baseline -0.002 -7"><span class='ocrx_word' id='word_1_1' title='bbox 165 364 249 419; x_wconf 61' lang='grc' dir='ltr'><strong>εει</strong></span> <span class='ocrx_word' id='word_1_2' title='bbox 976 360 1342 419; x_wconf 77' lang='lat' dir='ltr'><strong>EXPOSITIO</strong></span> <span class='ocrx_word' id='word_1_3' title='bbox 1375 359 1443 416; x_wconf 84' lang='lat' dir='ltr'><strong>IN</strong></span> <span class='ocrx_word' id='word_1_4' title='bbox 1483 357 1919 416; x_wconf 69' lang='lat' dir='ltr'><strong>MATTHEUI.</strong></span> <span class='ocrx_word' id='word_1_5' title='bbox 1957 387 2028 399; x_wconf 94' lang='lat'><strong>—</strong></span> <span class='ocrx_word' id='word_1_6' title='bbox 2066 357 2194 414; x_wconf 85' lang='lat' dir='ltr'><strong>LIB.</strong></span> <span class='ocrx_word' id='word_1_7' title='bbox 2231 356 2297 424; x_wconf 87' lang='lat' dir='ltr'><strong>ll,</strong></span> <span class='ocrx_word' id='word_1_8' title='bbox 2338 355 2492 415; x_wconf 80' lang='lat' dir='ltr'><strong>CAP.</strong></span> <span class='ocrx_word' id='word_1_9' title='bbox 2531 356 2617 413; x_wconf 86' lang='lat' dir='ltr'><strong>lll.</strong></span> 
     </span>
    </p>
   </div>
   <div class='ocr_carea' id='block_1_2' title="bbox 3329 357 3434 412">
    <p class='ocr_par' dir='ltr' id='par_1_2' title="bbox 3329 357 3434 412">
     <span class='ocr_line' id='line_1_2' title="bbox 3329 357 3434 412; baseline 0.01 -1"><span class='ocrx_word' id='word_1_10' title='bbox 3329 357 3434 412; x_wconf 71' lang='grc'><strong>162</strong></span> 
     </span>
    </p>
   </div>
   <div class='ocr_carea' id='block_1_3' title="bbox 170 470 3437 546">
    <p class='ocr_par' dir='ltr' id='par_1_3' title="bbox 170 470 3437 546">
     <span class='ocr_line' id='line_1_3' title="bbox 170 470 3437 546; baseline -0.001 -16"><span class='ocrx_word' id='word_1_11' title='bbox 170 475 480 539; x_wconf 57' lang='lat' dir='ltr'><strong>fructuosa,</strong></span> <span class='ocrx_word' id='word_1_12' title='bbox 513 489 693 545; x_wconf 88' lang='lat' dir='ltr'><strong>neque</strong></span> <span class='ocrx_word' id='word_1_13' title='bbox 715 474 968 530; x_wconf 75' lang='lat' dir='ltr'><strong>.fructnm</strong></span> <span class='ocrx_word' id='word_1_14' title='bbox 989 515 1004 540; x_wconf 91' lang='lat'><strong>,</strong></span> <span class='ocrx_word' id='word_1_15' title='bbox 1040 491 1106 531; x_wconf 87' lang='lat' dir='ltr'><strong>eo</strong></span> <span class='ocrx_word' id='word_1_16' title='bbox 1134 477 1278 546; x_wconf 90' lang='lat' dir='ltr'><strong>quod</strong></span> <span class='ocrx_word' id='word_1_17' title='bbox 1319 485 1448 533; x_wconf 87' lang='lat' dir='ltr'><strong>sunt</strong></span> <span class='ocrx_word' id='word_1_18' title='bbox 1491 475 1704 532; x_wconf 74' lang='lat' dir='ltr'><strong>steriles</strong></span> <span class='ocrx_word' id='word_1_19' title='bbox 1730 515 1747 540; x_wconf 98' lang='lat'><strong>,</strong></span> <span class='ocrx_word' id='word_1_20' title='bbox 1775 477 1830 538; x_wconf 76' lang='grc' dir='ltr'>Α</span> <span class='ocrx_word' id='word_1_21' title='bbox 1851 487 2069 545; x_wconf 90' lang='lat' dir='ltr'><strong>quoque</strong></span> <span class='ocrx_word' id='word_1_22' title='bbox 2107 488 2206 544; x_wconf 89' lang='lat' dir='ltr'><strong>per</strong></span> <span class='ocrx_word' id='word_1_23' title='bbox 2227 473 2450 530; x_wconf 90' lang='lat' dir='ltr'><strong>easdem</strong></span> <span class='ocrx_word' id='word_1_24' title='bbox 2494 472 2549 528; x_wconf 91' lang='lat' dir='ltr'><strong>in</strong></span> <span class='ocrx_word' id='word_1_25' title='bbox 2581 471 2777 528; x_wconf 66' lang='lat' dir='ltr'><strong>calum</strong></span> <span class='ocrx_word' id='word_1_26' title='bbox 2807 470 3176 537; x_wconf 89' lang='lat' dir='ltr'><strong>sustollimur,</strong></span> <span class='ocrx_word' id='word_1_27' title='bbox 3205 470 3437 528; x_wconf 82' lang='lat' dir='ltr'><strong>fructiﬁ-</strong></span> 
     </span>
    </p>
   </div>
   <div class='ocr_carea' id='block_1_4' title="bbox 174 565 1746 638">
    <p class='ocr_par' dir='ltr' id='par_1_4' title="bbox 174 565 1746 638">
     <span class='ocr_line' id='line_1_4' title="bbox 174 565 1746 638; baseline -0.002 -15"><span class='ocrx_word' id='word_1_28' title='bbox 174 583 388 638; x_wconf 81' lang='lat' dir='ltr'><strong>nsquam</strong></span> <span class='ocrx_word' id='word_1_29' title='bbox 427 566 650 632; x_wconf 89' lang='lat' dir='ltr'><strong>ferunt,</strong></span> <span class='ocrx_word' id='word_1_30' title='bbox 691 567 940 636; x_wconf 60' lang='lat' dir='ltr'><strong>quaedam</strong></span> <span class='ocrx_word' id='word_1_31' title='bbox 972 582 1102 622; x_wconf 91' lang='lat' dir='ltr'><strong>vero</strong></span> <span class='ocrx_word' id='word_1_32' title='bbox 1133 566 1248 637; x_wconf 91' lang='lat' dir='ltr'><strong>jam</strong></span> <span class='ocrx_word' id='word_1_33' title='bbox 1277 569 1556 624; x_wconf 63' lang='lat' dir='ltr'><strong>exhaustae</strong></span> <span class='ocrx_word' id='word_1_34' title='bbox 1598 565 1746 621; x_wconf 91' lang='lat' dir='ltr'><strong>omni</strong></span> 
     </span>
    </p>
   </div>
   <div class='ocr_carea' id='block_1_5' title="bbox 168 657 1748 728">
    <p class='ocr_par' dir='ltr' id='par_1_5' title="bbox 168 657 1748 728">
     <span class='ocr_line' id='line_1_5' title="bbox 168 657 1748 728; baseline -0.002 -14"><span class='ocrx_word' id='word_1_35' title='bbox 168 659 434 714; x_wconf 69' lang='lat' dir='ltr'><strong>viriditate</strong></span> <span class='ocrx_word' id='word_1_36' title='bbox 464 673 563 712; x_wconf 86' lang='lat' dir='ltr'><strong>sua</strong></span> <span class='ocrx_word' id='word_1_37' title='bbox 590 699 606 724; x_wconf 93' lang='lat'><strong>,</strong></span> <span class='ocrx_word' id='word_1_38' title='bbox 652 657 904 728; x_wconf 81' lang='lat' dir='ltr'><strong>quamvis</strong></span> <span class='ocrx_word' id='word_1_39' title='bbox 956 658 1130 713; x_wconf 88' lang='lat' dir='ltr'><strong>adhuc</strong></span> <span class='ocrx_word' id='word_1_40' title='bbox 1176 659 1451 714; x_wconf 84' lang='lat' dir='ltr'><strong>radicibus</strong></span> <span class='ocrx_word' id='word_1_41' title='bbox 1473 672 1690 713; x_wconf 82' lang='lat' dir='ltr'><strong>sursum</strong></span> <span class='ocrx_word' id='word_1_42' title='bbox 1716 672 1748 712; x_wconf 92' lang='lat' dir='ltr'><strong>a</strong></span> 
     </span>
    </p>
   </div>
   <div class='ocr_carea' id='block_1_6' title="bbox 175 747 1749 819">
    <p class='ocr_par' dir='ltr' id='par_1_6' title="bbox 175 747 1749 819">
     <span class='ocr_line' id='line_1_6' title="bbox 175 747 1749 819; baseline -0.003 -15"><span class='ocrx_word' id='word_1_43' title='bbox 175 758 311 804; x_wconf 84' lang='lat' dir='ltr'><strong>terra</strong></span> <span class='ocrx_word' id='word_1_44' title='bbox 343 747 671 819; x_wconf 73' lang='lat' dir='ltr'><strong>erigantur;</strong></span> <span class='ocrx_word' id='word_1_45' title='bbox 703 747 830 816; x_wconf 84' lang='lat' dir='ltr'><strong>quia</strong></span> <span class='ocrx_word' id='word_1_46' title='bbox 858 747 1096 802; x_wconf 90' lang='lat' dir='ltr'><strong>nondum</strong></span> <span class='ocrx_word' id='word_1_47' title='bbox 1125 747 1385 818; x_wconf 60' lang='lat' dir='ltr'><strong>praecisa},</strong></span> <span class='ocrx_word' id='word_1_48' title='bbox 1419 747 1505 803; x_wconf 92' lang='lat' dir='ltr'><strong>vel</strong></span> <span class='ocrx_word' id='word_1_49' title='bbox 1551 747 1749 816; x_wconf 89' lang='lat' dir='ltr'><strong>impul-</strong></span> 
     </span>
    </p>
   </div>
   <div class='ocr_carea' id='block_1_7' title="bbox 183 835 1750 907">
    <p class='ocr_par' dir='ltr' id='par_1_7' title="bbox 183 835 1750 907">
     <span class='ocr_line' id='line_1_7' title="bbox 183 835 1750 907; baseline -0.003 -13"><span class='ocrx_word' id='word_1_50' title='bbox 183 839 312 894; x_wconf 83' lang='lat' dir='ltr'><strong>sione</strong></span> <span class='ocrx_word' id='word_1_51' title='bbox 337 837 547 907; x_wconf 87' lang='lat' dir='ltr'><strong>aliqua,</strong></span> <span class='ocrx_word' id='word_1_52' title='bbox 585 837 956 904; x_wconf 89' lang='lat' dir='ltr'><strong>destiterunt,</strong></span> <span class='ocrx_word' id='word_1_53' title='bbox 1008 851 1112 892; x_wconf 92' lang='lat' dir='ltr'><strong>nec</strong></span> <span class='ocrx_word' id='word_1_54' title='bbox 1163 837 1231 892; x_wconf 91' lang='lat' dir='ltr'><strong>ad</strong></span> <span class='ocrx_word' id='word_1_55' title='bbox 1280 837 1425 892; x_wconf 84' lang='lat' dir='ltr'><strong>aliud</strong></span> <span class='ocrx_word' id='word_1_56' title='bbox 1467 852 1632 907; x_wconf 90' lang='lat' dir='ltr'><strong>quam</strong></span> <span class='ocrx_word' id='word_1_57' title='bbox 1682 835 1750 890; x_wconf 89' lang='lat' dir='ltr'><strong>ad</strong></span> 
     </span>
    </p>
   </div>
   <div class='ocr_carea' id='block_1_8' title="bbox 184 925 1751 998">
    <p class='ocr_par' dir='ltr' id='par_1_8' title="bbox 184 925 1751 998">
     <span class='ocr_line' id='line_1_8' title="bbox 184 925 1751 998; baseline -0.003 -15"><span class='ocrx_word' id='word_1_58' title='bbox 184 944 290 983; x_wconf 85' lang='lat' dir='ltr'><strong>usus</strong></span> <span class='ocrx_word' id='word_1_59' title='bbox 311 928 521 998; x_wconf 87' lang='lat' dir='ltr'><strong>ignium</strong></span> <span class='ocrx_word' id='word_1_60' title='bbox 550 927 817 982; x_wconf 87' lang='lat' dir='ltr'><strong>hactenus</strong></span> <span class='ocrx_word' id='word_1_61' title='bbox 845 935 1211 981; x_wconf 80' lang='lat' dir='ltr'><strong>reservantur.</strong></span> <span class='ocrx_word' id='word_1_62' title='bbox 1239 926 1480 994; x_wconf 90' lang='lat' dir='ltr'><strong>Quarum</strong></span> <span class='ocrx_word' id='word_1_63' title='bbox 1510 925 1751 980; x_wconf 91' lang='lat' dir='ltr'><strong>omnium</strong></span> 
     </span>
    </p>
   </div>
   <div class='ocr_carea' id='block_1_9' title="bbox 185 1016 1754 1088">
    <p class='ocr_par' dir='ltr' id='par_1_9' title="bbox 185 1016 1754 1088">
     <span class='ocr_line' id='line_1_9' title="bbox 185 1016 1754 1088; baseline -0.002 -15"><span class='ocrx_word' id='word_1_64' title='bbox 185 1018 402 1088; x_wconf 80' lang='lat' dir='ltr'><strong>exempla</strong></span> <span class='ocrx_word' id='word_1_65' title='bbox 434 1017 483 1072; x_wconf 91' lang='lat' dir='ltr'><strong>si</strong></span> <span class='ocrx_word' id='word_1_66' title='bbox 519 1017 646 1086; x_wconf 87' lang='lat' dir='ltr'><strong>quis</strong></span> <span class='ocrx_word' id='word_1_67' title='bbox 678 1016 988 1086; x_wconf 89' lang='lat' dir='ltr'><strong>diligentius</strong></span> <span class='ocrx_word' id='word_1_68' title='bbox 1015 1016 1148 1072; x_wconf 82' lang='lat' dir='ltr'><strong>velit</strong></span> <span class='ocrx_word' id='word_1_69' title='bbox 1173 1018 1630 1081; x_wconf 80' lang='lat' dir='ltr'><strong>animadvertere,</strong></span> <span class='ocrx_word' id='word_1_70' title='bbox 1659 1032 1754 1086; x_wconf 89' lang='lat' dir='ltr'><strong>po-</strong></span> 
     </span>
    </p>
   </div>
   <div class='ocr_carea' id='block_1_10' title="bbox 187 1109 1752 1182">
    <p class='ocr_par' dir='ltr' id='par_1_10' title="bbox 187 1109 1752 1182">
     <span class='ocr_line' id='line_1_10' title="bbox 187 1109 1752 1182; baseline 0.001 -17"><span class='ocrx_word' id='word_1_71' title='bbox 187 1113 292 1167; x_wconf 84' lang='lat' dir='ltr'><strong>terit</strong></span> <span class='ocrx_word' id='word_1_72' title='bbox 316 1113 369 1166; x_wconf 92' lang='lat' dir='ltr'><strong>in</strong></span> <span class='ocrx_word' id='word_1_73' title='bbox 406 1111 516 1166; x_wconf 86' lang='lat' dir='ltr'><strong>hac</strong></span> <span class='ocrx_word' id='word_1_74' title='bbox 554 1109 889 1182; x_wconf 77' lang='lat' dir='ltr'><strong>agricultura</strong></span> <span class='ocrx_word' id='word_1_75' title='bbox 914 1110 1082 1166; x_wconf 87' lang='lat' dir='ltr'><strong>totius</strong></span> <span class='ocrx_word' id='word_1_76' title='bbox 1109 1110 1366 1166; x_wconf 64' lang='lat' dir='ltr'><strong>Ecclesiae</strong></span> <span class='ocrx_word' id='word_1_77' title='bbox 1385 1111 1752 1177; x_wconf 89' lang='lat' dir='ltr'><strong>considerare,</strong></span> 
     </span>
    </p>
   </div>
   <div class='ocr_carea' id='block_1_11' title="bbox 187 1201 1757 1275">
    <p class='ocr_par' dir='ltr' id='par_1_11' title="bbox 187 1201 1757 1275">
     <span class='ocr_line' id='line_1_11' title="bbox 187 1201 1757 1275; baseline 0 -17"><span class='ocrx_word' id='word_1_78' title='bbox 187 1205 292 1275; x_wconf 84' lang='lat' dir='ltr'><strong>quia</strong></span> <span class='ocrx_word' id='word_1_79' title='bbox 319 1213 450 1258; x_wconf 88' lang='lat' dir='ltr'><strong>sunt</strong></span> <span class='ocrx_word' id='word_1_80' title='bbox 485 1202 732 1258; x_wconf 69' lang='lat' dir='ltr'><strong>hazretici</strong></span> <span class='ocrx_word' id='word_1_81' title='bbox 778 1201 1053 1257; x_wconf 89' lang='lat' dir='ltr'><strong>viriditate</strong></span> <span class='ocrx_word' id='word_1_82' title='bbox 1089 1202 1210 1257; x_wconf 87' lang='lat' dir='ltr'><strong>fidei</strong></span> <span class='ocrx_word' id='word_1_83' title='bbox 1255 1201 1374 1271; x_wconf 88' lang='lat' dir='ltr'><strong>jam</strong></span> <span class='ocrx_word' id='word_1_84' title='bbox 1427 1202 1757 1258; x_wconf 83' lang='lat' dir='ltr'><strong>intrinsecus</strong></span> 
     </span>
    </p>
   </div>
   <div class='ocr_carea' id='block_1_12' title="bbox 187 1293 1758 1364">
    <p class='ocr_par' dir='ltr' id='par_1_12' title="bbox 187 1293 1758 1364">
     <span class='ocr_line' id='line_1_12' title="bbox 187 1293 1758 1364; baseline -0.004 -12"><span class='ocrx_word' id='word_1_85' title='bbox 187 1295 410 1359; x_wconf 81' lang='lat' dir='ltr'><strong>arefacti,</strong></span> <span class='ocrx_word' id='word_1_86' title='bbox 436 1303 609 1362; x_wconf 88' lang='lat' dir='ltr'><strong>atque</strong></span> <span class='ocrx_word' id='word_1_87' title='bbox 638 1293 837 1348; x_wconf 83' lang='lat' dir='ltr'><strong>viroris</strong></span> <span class='ocrx_word' id='word_1_88' title='bbox 869 1293 1046 1364; x_wconf 85' lang='lat' dir='ltr'><strong>gratia</strong></span> <span class='ocrx_word' id='word_1_89' title='bbox 1075 1331 1092 1358; x_wconf 88' lang='lat'><strong>,</strong></span> <span class='ocrx_word' id='word_1_90' title='bbox 1129 1293 1233 1348; x_wconf 90' lang='lat' dir='ltr'><strong>etsi</strong></span> <span class='ocrx_word' id='word_1_91' title='bbox 1276 1293 1450 1348; x_wconf 90' lang='lat' dir='ltr'><strong>adhuc</strong></span> <span class='ocrx_word' id='word_1_92' title='bbox 1490 1293 1543 1346; x_wconf 92' lang='lat' dir='ltr'><strong>in</strong></span> <span class='ocrx_word' id='word_1_93' title='bbox 1593 1307 1758 1348; x_wconf 89' lang='lat' dir='ltr'><strong>carne</strong></span> 
     </span>
    </p>
   </div>
   <div class='ocr_carea' id='block_1_13' title="bbox 185 1385 1759 1460">
    <p class='ocr_par' dir='ltr' id='par_1_13' title="bbox 185 1385 1759 1460">
     <span class='ocr_line' id='line_1_13' title="bbox 185 1385 1759 1460; baseline -0.001 -18"><span class='ocrx_word' id='word_1_94' title='bbox 185 1389 297 1450; x_wconf 89' lang='lat' dir='ltr'><strong>sint,</strong></span> <span class='ocrx_word' id='word_1_95' title='bbox 326 1386 612 1442; x_wconf 85' lang='lat' dir='ltr'><strong>denudati.</strong></span> <span class='ocrx_word' id='word_1_96' title='bbox 648 1385 788 1441; x_wconf 85' lang='lat' dir='ltr'><strong>Sunt</strong></span> <span class='ocrx_word' id='word_1_97' title='bbox 823 1396 881 1441; x_wconf 91' lang='lat' dir='ltr'><strong>et</strong></span> <span class='ocrx_word' id='word_1_98' title='bbox 904 1387 1124 1456; x_wconf 87' lang='lat' dir='ltr'><strong>quidam</strong></span> <span class='ocrx_word' id='word_1_99' title='bbox 1169 1387 1271 1442; x_wconf 92' lang='lat' dir='ltr'><strong>sub</strong></span> <span class='ocrx_word' id='word_1_100' title='bbox 1315 1386 1586 1460; x_wconf 83' lang='lat' dir='ltr'><strong>hypocrisi</strong></span> <span class='ocrx_word' id='word_1_101' title='bbox 1627 1385 1759 1441; x_wconf 87' lang='lat' dir='ltr'><strong>deli-</strong></span> 
     </span>
    </p>
   </div>
   <div class='ocr_carea' id='block_1_14' title="bbox 187 1479 1760 1550">
    <p class='ocr_par' dir='ltr' id='par_1_14' title="bbox 187 1479 1760 1550">
     <span class='ocr_line' id='line_1_14' title="bbox 187 1479 1760 1550; baseline -0.001 -14"><span class='ocrx_word' id='word_1_102' title='bbox 187 1489 442 1536; x_wconf 75' lang='lat' dir='ltr'><strong>tescentes</strong></span> <span class='ocrx_word' id='word_1_103' title='bbox 491 1481 545 1534; x_wconf 92' lang='lat' dir='ltr'><strong>in</strong></span> <span class='ocrx_word' id='word_1_104' title='bbox 594 1479 862 1545; x_wconf 83' lang='lat' dir='ltr'><strong>Ecclesia,</strong></span> <span class='ocrx_word' id='word_1_105' title='bbox 910 1495 1139 1550; x_wconf 88' lang='lat' dir='ltr'><strong>quorum</strong></span> <span class='ocrx_word' id='word_1_106' title='bbox 1197 1479 1406 1535; x_wconf 91' lang='lat' dir='ltr'><strong>fructus</strong></span> <span class='ocrx_word' id='word_1_107' title='bbox 1455 1479 1602 1535; x_wconf 92' lang='lat' dir='ltr'><strong>omni</strong></span> <span class='ocrx_word' id='word_1_108' title='bbox 1637 1479 1760 1534; x_wconf 80' lang='lat' dir='ltr'><strong>felle</strong></span> 
     </span>
    </p>
   </div>
   <div class='ocr_carea' id='block_1_15' title="bbox 190 1572 1754 1643">
    <p class='ocr_par' dir='ltr' id='par_1_15' title="bbox 190 1572 1754 1643">
     <span class='ocr_line' id='line_1_15' title="bbox 190 1572 1754 1643; baseline -0.002 -15"><span class='ocrx_word' id='word_1_109' title='bbox 190 1573 557 1628; x_wconf 85' lang='lat' dir='ltr'><strong>amaritudinis</strong></span> <span class='ocrx_word' id='word_1_110' title='bbox 580 1573 788 1643; x_wconf 87' lang='lat' dir='ltr'><strong>peccati</strong></span> <span class='ocrx_word' id='word_1_111' title='bbox 817 1573 1138 1643; x_wconf 74' lang='lat' dir='ltr'><strong>contagione</strong></span> <span class='ocrx_word' id='word_1_112' title='bbox 1180 1573 1422 1627; x_wconf 89' lang='lat' dir='ltr'><strong>amarior</strong></span> <span class='ocrx_word' id='word_1_113' title='bbox 1442 1572 1754 1627; x_wconf 89' lang='lat' dir='ltr'><strong>invenitur:</strong></span> 
     </span>
    </p>
   </div>
   <div class='ocr_carea' id='block_1_16' title="bbox 195 1664 1762 1735">
    <p class='ocr_par' dir='ltr' id='par_1_16' title="bbox 195 1664 1762 1735">
     <span class='ocr_line' id='line_1_16' title="bbox 195 1664 1762 1735; baseline 0.001 -17"><span class='ocrx_word' id='word_1_114' title='bbox 195 1666 278 1735; x_wconf 88' lang='lat' dir='ltr'><strong>qui</strong></span> <span class='ocrx_word' id='word_1_115' title='bbox 318 1674 500 1718; x_wconf 89' lang='lat' dir='ltr'><strong>autem</strong></span> <span class='ocrx_word' id='word_1_116' title='bbox 552 1664 850 1719; x_wconf 89' lang='lat' dir='ltr'><strong>comederit</strong></span> <span class='ocrx_word' id='word_1_117' title='bbox 888 1681 955 1720; x_wconf 90' lang='lat' dir='ltr'><strong>ex</strong></span> <span class='ocrx_word' id='word_1_118' title='bbox 1010 1664 1277 1720; x_wconf 88' lang='lat' dir='ltr'><strong>fructibus</strong></span> <span class='ocrx_word' id='word_1_119' title='bbox 1317 1679 1504 1720; x_wconf 89' lang='lat' dir='ltr'><strong>eorum</strong></span> <span class='ocrx_word' id='word_1_120' title='bbox 1553 1680 1762 1720; x_wconf 91' lang='lat' dir='ltr'><strong>veneno</strong></span> 
     </span>
    </p>
   </div>
   <div class='ocr_carea' id='block_1_17' title="bbox 189 1756 1762 1828">
    <p class='ocr_par' dir='ltr' id='par_1_17' title="bbox 189 1756 1762 1828">
     <span class='ocr_line' id='line_1_17' title="bbox 189 1756 1762 1828; baseline 0.001 -17"><span class='ocrx_word' id='word_1_121' title='bbox 189 1756 475 1826; x_wconf 82' lang='lat' dir='ltr'><strong>iniquitatis</strong></span> <span class='ocrx_word' id='word_1_122' title='bbox 503 1756 650 1812; x_wconf 89' lang='lat' dir='ltr'><strong>illico</strong></span> <span class='ocrx_word' id='word_1_123' title='bbox 674 1765 987 1827; x_wconf 86' lang='lat' dir='ltr'><strong>peremptus</strong></span> <span class='ocrx_word' id='word_1_124' title='bbox 1013 1797 1028 1822; x_wconf 93' lang='lat'><strong>,</strong></span> <span class='ocrx_word' id='word_1_125' title='bbox 1059 1757 1232 1813; x_wconf 89' lang='lat' dir='ltr'><strong>salute</strong></span> <span class='ocrx_word' id='word_1_126' title='bbox 1276 1759 1494 1828; x_wconf 88' lang='lat' dir='ltr'><strong>propria</strong></span> <span class='ocrx_word' id='word_1_127' title='bbox 1521 1797 1536 1823; x_wconf 94' lang='lat'><strong>,</strong></span> <span class='ocrx_word' id='word_1_128' title='bbox 1574 1772 1694 1827; x_wconf 65' lang='lat' dir='ltr'><strong>quae</strong></span> <span class='ocrx_word' id='word_1_129' title='bbox 1729 1773 1762 1813; x_wconf 87' lang='lat' dir='ltr'><strong>a</strong></span> 
     </span>
    </p>
   </div>
   <div class='ocr_carea' id='block_1_18' title="bbox 1850 564 3436 637">
    <p class='ocr_par' dir='ltr' id='par_1_18' title="bbox 1850 564 3436 637">
     <span class='ocr_line' id='line_1_18' title="bbox 1850 564 3436 637; baseline -0.003 -13"><span class='ocrx_word' id='word_1_130' title='bbox 1850 576 2038 624; x_wconf 91' lang='lat' dir='ltr'><strong>cantes</strong></span> <span class='ocrx_word' id='word_1_131' title='bbox 2064 569 2204 634; x_wconf 92' lang='lat' dir='ltr'><strong>Deo;</strong></span> <span class='ocrx_word' id='word_1_132' title='bbox 2242 576 2336 622; x_wconf 90' lang='lat' dir='ltr'><strong>aut</strong></span> <span class='ocrx_word' id='word_1_133' title='bbox 2374 574 2524 622; x_wconf 90' lang='lat' dir='ltr'><strong>certe</strong></span> <span class='ocrx_word' id='word_1_134' title='bbox 2565 564 2914 637; x_wconf 89' lang='lat' dir='ltr'><strong>complantati</strong></span> <span class='ocrx_word' id='word_1_135' title='bbox 2959 565 3014 620; x_wconf 93' lang='lat' dir='ltr'><strong>in</strong></span> <span class='ocrx_word' id='word_1_136' title='bbox 3072 572 3219 620; x_wconf 87' lang='lat' dir='ltr'><strong>terra</strong></span> <span class='ocrx_word' id='word_1_137' title='bbox 3245 605 3262 630; x_wconf 88' lang='lat'><strong>,</strong></span> <span class='ocrx_word' id='word_1_138' title='bbox 3311 579 3436 620; x_wconf 87' lang='lat' dir='ltr'><strong>car-</strong></span> 
     </span>
    </p>
   </div>
   <div class='ocr_carea' id='block_1_19' title="bbox 1851 656 3436 728">
    <p class='ocr_par' dir='ltr' id='par_1_19' title="bbox 1851 656 3436 728">
     <span class='ocr_line' id='line_1_19' title="bbox 1851 656 3436 728; baseline -0.001 -13"><span class='ocrx_word' id='word_1_139' title='bbox 1851 660 2007 716; x_wconf 88' lang='lat' dir='ltr'><strong>nales</strong></span> <span class='ocrx_word' id='word_1_140' title='bbox 2036 660 2103 715; x_wconf 83' lang='lat' dir='ltr'><strong>ad</strong></span> <span class='ocrx_word' id='word_1_141' title='bbox 2141 660 2248 715; x_wconf 92' lang='lat' dir='ltr'><strong>ima</strong></span> <span class='ocrx_word' id='word_1_142' title='bbox 2281 659 2605 723; x_wconf 89' lang='lat' dir='ltr'><strong>radicantes,</strong></span> <span class='ocrx_word' id='word_1_143' title='bbox 2627 656 2740 728; x_wconf 91' lang='lat' dir='ltr'><strong>jam</strong></span> <span class='ocrx_word' id='word_1_144' title='bbox 2763 657 2904 728; x_wconf 88' lang='lat' dir='ltr'><strong>apud</strong></span> <span class='ocrx_word' id='word_1_145' title='bbox 2935 657 3137 714; x_wconf 89' lang='lat' dir='ltr'><strong>inferos</strong></span> <span class='ocrx_word' id='word_1_146' title='bbox 3159 657 3436 714; x_wconf 90' lang='lat' dir='ltr'><strong>destinati.</strong></span> 
     </span>
    </p>
   </div>
   <div class='ocr_carea' id='block_1_20' title="bbox 1851 748 3439 820">
    <p class='ocr_par' dir='ltr' id='par_1_20' title="bbox 1851 748 3439 820">
     <span class='ocr_line' id='line_1_20' title="bbox 1851 748 3439 820; baseline 0 -14"><span class='ocrx_word' id='word_1_147' title='bbox 1851 750 1922 806; x_wconf 82' lang='lat' dir='ltr'><strong>Et</strong></span> <span class='ocrx_word' id='word_1_148' title='bbox 1947 750 2264 816; x_wconf 89' lang='lat' dir='ltr'><strong>notandum,</strong></span> <span class='ocrx_word' id='word_1_149' title='bbox 2301 750 2445 820; x_wconf 92' lang='lat' dir='ltr'><strong>quod</strong></span> <span class='ocrx_word' id='word_1_150' title='bbox 2470 749 2678 806; x_wconf 88' lang='lat' dir='ltr'><strong>securis</strong></span> <span class='ocrx_word' id='word_1_151' title='bbox 2705 763 2814 804; x_wconf 90' lang='lat' dir='ltr'><strong>non</strong></span> <span class='ocrx_word' id='word_1_152' title='bbox 2847 749 3007 820; x_wconf 90' lang='lat' dir='ltr'><strong>juxta</strong></span> <span class='ocrx_word' id='word_1_153' title='bbox 3047 748 3302 814; x_wconf 86' lang='lat' dir='ltr'><strong>radicem,</strong></span> <span class='ocrx_word' id='word_1_154' title='bbox 3341 748 3439 806; x_wconf 78' lang='lat' dir='ltr'><strong>sed</strong></span> 
     </span>
    </p>
   </div>
   <div class='ocr_carea' id='block_1_21' title="bbox 1851 841 3442 913">
    <p class='ocr_par' dir='ltr' id='par_1_21' title="bbox 1851 841 3442 913">
     <span class='ocr_line' id='line_1_21' title="bbox 1851 841 3442 913; baseline -0.001 -15"><span class='ocrx_word' id='word_1_155' title='bbox 1851 842 2164 913; x_wconf 75' lang='lat' dir='ltr'><strong>expressius</strong></span> <span class='ocrx_word' id='word_1_156' title='bbox 2196 843 2264 898; x_wconf 92' lang='lat' dir='ltr'><strong>ad</strong></span> <span class='ocrx_word' id='word_1_157' title='bbox 2295 842 2534 898; x_wconf 89' lang='lat' dir='ltr'><strong>radicem</strong></span> <span class='ocrx_word' id='word_1_158' title='bbox 2572 841 2827 912; x_wconf 91' lang='lat' dir='ltr'><strong>ponitur;</strong></span> <span class='ocrx_word' id='word_1_159' title='bbox 2860 849 2921 895; x_wconf 93' lang='lat' dir='ltr'><strong>ut</strong></span> <span class='ocrx_word' id='word_1_160' title='bbox 2945 841 3125 897; x_wconf 90' lang='lat' dir='ltr'><strong>omnis</strong></span> <span class='ocrx_word' id='word_1_161' title='bbox 3153 841 3247 911; x_wconf 93' lang='lat' dir='ltr'><strong>qui</strong></span> <span class='ocrx_word' id='word_1_162' title='bbox 3276 841 3442 896; x_wconf 89' lang='lat' dir='ltr'><strong>sentit</strong></span> 
     </span>
    </p>
   </div>
   <div class='ocr_carea' id='block_1_22' title="bbox 1855 933 3443 1007">
    <p class='ocr_par' dir='ltr' id='par_1_22' title="bbox 1855 933 3443 1007">
     <span class='ocr_line' id='line_1_22' title="bbox 1855 933 3443 1007; baseline 0.001 -19"><span class='ocrx_word' id='word_1_163' title='bbox 1855 933 2125 1007; x_wconf 88' lang='lat' dir='ltr'><strong>intelligat</strong></span> <span class='ocrx_word' id='word_1_164' title='bbox 2170 949 2401 992; x_wconf 80' lang='lat' dir='ltr'><strong>examen</strong></span> <span class='ocrx_word' id='word_1_165' title='bbox 2427 933 2635 1003; x_wconf 84' lang='lat' dir='ltr'><strong>iudicii,</strong></span> <span class='ocrx_word' id='word_1_166' title='bbox 2665 943 2723 990; x_wconf 92' lang='lat' dir='ltr'><strong>et</strong></span> <span class='ocrx_word' id='word_1_167' title='bbox 2745 935 3091 1006; x_wconf 77' lang='lat' dir='ltr'><strong>prtesentiam</strong></span> <span class='ocrx_word' id='word_1_168' title='bbox 3141 935 3443 1005; x_wconf 90' lang='lat' dir='ltr'><strong>majestatis</strong></span> 
     </span>
    </p>
   </div>
   <div class='ocr_carea' id='block_1_23' title="bbox 1854 1022 3442 1094">
    <p class='ocr_par' dir='ltr' id='par_1_23' title="bbox 1854 1022 3442 1094">
     <span class='ocr_line' id='line_1_23' title="bbox 1854 1022 3442 1094; baseline 0.001 -18"><span class='ocrx_word' id='word_1_169' title='bbox 1854 1037 2028 1092; x_wconf 90' lang='lat' dir='ltr'><strong>usque</strong></span> <span class='ocrx_word' id='word_1_170' title='bbox 2077 1023 2144 1076; x_wconf 89' lang='lat' dir='ltr'><strong>ad</strong></span> <span class='ocrx_word' id='word_1_171' title='bbox 2189 1022 2508 1078; x_wconf 83' lang='lat' dir='ltr'><strong>divisionem</strong></span> <span class='ocrx_word' id='word_1_172' title='bbox 2541 1023 2736 1078; x_wconf 72' lang='lat' dir='ltr'><strong>anima:</strong></span> <span class='ocrx_word' id='word_1_173' title='bbox 2783 1022 3122 1094; x_wconf 88' lang='lat' dir='ltr'><strong>contingere.</strong></span> <span class='ocrx_word' id='word_1_174' title='bbox 3181 1022 3335 1078; x_wconf 90' lang='lat' dir='ltr'><strong>Unde</strong></span> <span class='ocrx_word' id='word_1_175' title='bbox 3382 1037 3442 1077; x_wconf 90' lang='lat' dir='ltr'><strong>se</strong></span> 
     </span>
    </p>
   </div>
   <div class='ocr_carea' id='block_1_24' title="bbox 1857 1113 3447 1185">
    <p class='ocr_par' dir='ltr' id='par_1_24' title="bbox 1857 1113 3447 1185">
     <span class='ocr_line' id='line_1_24' title="bbox 1857 1113 3447 1185; baseline -0.001 -16"><span class='ocrx_word' id='word_1_176' title='bbox 1857 1114 2018 1170; x_wconf 87' lang='lat' dir='ltr'><strong>debet</strong></span> <span class='ocrx_word' id='word_1_177' title='bbox 2066 1113 2240 1170; x_wconf 86' lang='lat' dir='ltr'><strong>ﬁdelis</strong></span> <span class='ocrx_word' id='word_1_178' title='bbox 2269 1115 2482 1171; x_wconf 83' lang='lat' dir='ltr'><strong>animus</strong></span> <span class='ocrx_word' id='word_1_179' title='bbox 2511 1116 2659 1170; x_wconf 92' lang='lat' dir='ltr'><strong>omni</strong></span> <span class='ocrx_word' id='word_1_180' title='bbox 2697 1117 2828 1170; x_wconf 90' lang='lat' dir='ltr'><strong>hora</strong></span> <span class='ocrx_word' id='word_1_181' title='bbox 2867 1117 3126 1185; x_wconf 91' lang='lat' dir='ltr'><strong>omnique</strong></span> <span class='ocrx_word' id='word_1_182' title='bbox 3171 1121 3447 1170; x_wconf 89' lang='lat' dir='ltr'><strong>momento</strong></span> 
     </span>
    </p>
   </div>
   <div class='ocr_carea' id='block_1_25' title="bbox 1857 1205 3450 1279">
    <p class='ocr_par' dir='ltr' id='par_1_25' title="bbox 1857 1205 3450 1279">
     <span class='ocr_line' id='line_1_25' title="bbox 1857 1205 3450 1279; baseline 0 -17"><span class='ocrx_word' id='word_1_183' title='bbox 1857 1205 2300 1276; x_wconf 66' lang='lat' dir='ltr'><strong>drcumspicere,</strong></span> <span class='ocrx_word' id='word_1_184' title='bbox 2327 1222 2397 1262; x_wconf 90' lang='lat' dir='ltr'><strong>ne</strong></span> <span class='ocrx_word' id='word_1_185' title='bbox 2418 1206 2664 1266; x_wconf 89' lang='lat' dir='ltr'><strong>feriatur.</strong></span> <span class='ocrx_word' id='word_1_186' title='bbox 2695 1217 2750 1263; x_wconf 88' lang='lat' dir='ltr'><strong>et</strong></span> <span class='ocrx_word' id='word_1_187' title='bbox 2790 1208 2870 1264; x_wconf 91' lang='lat' dir='ltr'><strong>sic</strong></span> <span class='ocrx_word' id='word_1_188' title='bbox 2898 1207 3082 1263; x_wconf 90' lang='lat' dir='ltr'><strong>vivere</strong></span> <span class='ocrx_word' id='word_1_189' title='bbox 3108 1208 3265 1279; x_wconf 90' lang='lat' dir='ltr'><strong>quasi</strong></span> <span class='ocrx_word' id='word_1_190' title='bbox 3307 1222 3450 1264; x_wconf 84' lang='lat' dir='ltr'><strong>sem-</strong></span> 
     </span>
    </p>
   </div>
   <div class='ocr_carea' id='block_1_26' title="bbox 1859 1297 3448 1370">
    <p class='ocr_par' dir='ltr' id='par_1_26' title="bbox 1859 1297 3448 1370">
     <span class='ocr_line' id='line_1_26' title="bbox 1859 1297 3448 1370; baseline 0.002 -18"><span class='ocrx_word' id='word_1_191' title='bbox 1859 1313 1958 1369; x_wconf 88' lang='lat' dir='ltr'><strong>per</strong></span> <span class='ocrx_word' id='word_1_192' title='bbox 1987 1297 2080 1352; x_wconf 92' lang='lat' dir='ltr'><strong>illo</strong></span> <span class='ocrx_word' id='word_1_193' title='bbox 2116 1297 2398 1354; x_wconf 90' lang='lat' dir='ltr'><strong>tremendo</strong></span> <span class='ocrx_word' id='word_1_194' title='bbox 2444 1299 2681 1354; x_wconf 81' lang='lat' dir='ltr'><strong>examini</strong></span> <span class='ocrx_word' id='word_1_195' title='bbox 2721 1299 2918 1356; x_wconf 88' lang='lat' dir='ltr'><strong>debeat</strong></span> <span class='ocrx_word' id='word_1_196' title='bbox 2945 1299 3285 1370; x_wconf 55' lang='lat' dir='ltr'><strong>praesentari.</strong></span> <span class='ocrx_word' id='word_1_197' title='bbox 3315 1299 3448 1367; x_wconf 83' lang='lat' dir='ltr'><strong>Quis</strong></span> 
     </span>
    </p>
   </div>
   <div class='ocr_carea' id='block_1_27' title="bbox 1859 1389 3449 1463">
    <p class='ocr_par' dir='ltr' id='par_1_27' title="bbox 1859 1389 3449 1463">
     <span class='ocr_line' id='line_1_27' title="bbox 1859 1389 3449 1463; baseline -0.001 -17"><span class='ocrx_word' id='word_1_198' title='bbox 1859 1391 2003 1446; x_wconf 92' lang='lat' dir='ltr'><strong>enim</strong></span> <span class='ocrx_word' id='word_1_199' title='bbox 2036 1407 2261 1447; x_wconf 90' lang='lat' dir='ltr'><strong>securus</strong></span> <span class='ocrx_word' id='word_1_200' title='bbox 2303 1406 2426 1448; x_wconf 89' lang='lat' dir='ltr'><strong>esse</strong></span> <span class='ocrx_word' id='word_1_201' title='bbox 2466 1393 2697 1463; x_wconf 92' lang='lat' dir='ltr'><strong>poterit,</strong></span> <span class='ocrx_word' id='word_1_202' title='bbox 2745 1394 2872 1448; x_wconf 91' lang='lat' dir='ltr'><strong>dum</strong></span> <span class='ocrx_word' id='word_1_203' title='bbox 2921 1393 3142 1458; x_wconf 90' lang='lat' dir='ltr'><strong>dicitur,</strong></span> <span class='ocrx_word' id='word_1_204' title='bbox 3183 1405 3313 1449; x_wconf 91' lang='lat' dir='ltr'><strong>ecce</strong></span> <span class='ocrx_word' id='word_1_205' title='bbox 3331 1389 3449 1460; x_wconf 88' lang='lat' dir='ltr'><strong>jam</strong></span> 
     </span>
    </p>
   </div>
   <div class='ocr_carea' id='block_1_28' title="bbox 1861 1482 3450 1555">
    <p class='ocr_par' dir='ltr' id='par_1_28' title="bbox 1861 1482 3450 1555">
     <span class='ocr_line' id='line_1_28' title="bbox 1861 1482 3450 1555; baseline -0.001 -17"><span class='ocrx_word' id='word_1_206' title='bbox 1861 1483 2068 1538; x_wconf 88' lang='lat' dir='ltr'><strong>securis</strong></span> <span class='ocrx_word' id='word_1_207' title='bbox 2095 1482 2163 1537; x_wconf 91' lang='lat' dir='ltr'><strong>ad</strong></span> <span class='ocrx_word' id='word_1_208' title='bbox 2202 1483 2412 1539; x_wconf 89' lang='lat' dir='ltr'><strong>radices</strong></span> <span class='ocrx_word' id='word_1_209' title='bbox 2446 1484 2702 1540; x_wconf 91' lang='lat' dir='ltr'><strong>arborum</strong></span> <span class='ocrx_word' id='word_1_210' title='bbox 2730 1484 2909 1555; x_wconf 87' lang='lat' dir='ltr'><strong>posita</strong></span> <span class='ocrx_word' id='word_1_211' title='bbox 2944 1485 3063 1540; x_wconf 85' lang='lat' dir='ltr'><strong>est?</strong></span> <span class='ocrx_word' id='word_1_212' title='bbox 3086 1483 3238 1552; x_wconf 85' lang='lat' dir='ltr'><strong>Quod</strong></span> <span class='ocrx_word' id='word_1_213' title='bbox 3267 1483 3313 1539; x_wconf 92' lang='lat' dir='ltr'><strong>si</strong></span> <span class='ocrx_word' id='word_1_214' title='bbox 3341 1497 3450 1538; x_wconf 91' lang='lat' dir='ltr'><strong>non</strong></span> 
     </span>
    </p>
   </div>
   <div class='ocr_carea' id='block_1_29' title="bbox 1861 1572 3452 1644">
    <p class='ocr_par' dir='ltr' id='par_1_29' title="bbox 1861 1572 3452 1644">
     <span class='ocr_line' id='line_1_29' title="bbox 1861 1572 3452 1644; baseline 0.002 -19"><span class='ocrx_word' id='word_1_215' title='bbox 1861 1572 2027 1634; x_wconf 89' lang='lat' dir='ltr'><strong>videt,</strong></span> <span class='ocrx_word' id='word_1_216' title='bbox 2059 1572 2221 1644; x_wconf 77' lang='lat'><strong>168</strong></span> <span class='ocrx_word' id='word_1_217' title='bbox 2252 1573 2442 1627; x_wconf 86' lang='lat' dir='ltr'><strong>saltem</strong></span> <span class='ocrx_word' id='word_1_218' title='bbox 2491 1575 2875 1634; x_wconf 89' lang='lat' dir='ltr'><strong>sentiet.eam.</strong></span> <span class='ocrx_word' id='word_1_219' title='bbox 2914 1573 3098 1643; x_wconf 82' lang='lat' dir='ltr'><strong>Itaque</strong></span> <span class='ocrx_word' id='word_1_220' title='bbox 3127 1575 3173 1630; x_wconf 90' lang='lat' dir='ltr'><strong>si</strong></span> <span class='ocrx_word' id='word_1_221' title='bbox 3203 1589 3305 1630; x_wconf 91' lang='lat' dir='ltr'><strong>nec</strong></span> <span class='ocrx_word' id='word_1_222' title='bbox 3329 1589 3452 1629; x_wconf 86' lang='lat' dir='ltr'><strong>sen-</strong></span> 
     </span>
    </p>
   </div>
   <div class='ocr_carea' id='block_1_30' title="bbox 1865 1659 3449 1734">
    <p class='ocr_par' dir='ltr' id='par_1_30' title="bbox 1865 1659 3449 1734">
     <span class='ocr_line' id='line_1_30' title="bbox 1865 1659 3449 1734; baseline 0.003 -20"><span class='ocrx_word' id='word_1_223' title='bbox 1865 1659 1968 1714; x_wconf 90' lang='lat' dir='ltr'><strong>tire</strong></span> <span class='ocrx_word' id='word_1_224' title='bbox 1992 1661 2261 1716; x_wconf 85' lang='lat' dir='ltr'><strong>interdum</strong></span> <span class='ocrx_word' id='word_1_225' title='bbox 2293 1677 2393 1716; x_wconf 92' lang='lat' dir='ltr'><strong>nec</strong></span> <span class='ocrx_word' id='word_1_226' title='bbox 2421 1662 2604 1718; x_wconf 90' lang='lat' dir='ltr'><strong>videre</strong></span> <span class='ocrx_word' id='word_1_227' title='bbox 2629 1672 2806 1732; x_wconf 89' lang='lat' dir='ltr'><strong>potest</strong></span> <span class='ocrx_word' id='word_1_228' title='bbox 2834 1663 3047 1734; x_wconf 88' lang='lat' dir='ltr'><strong>aliquis,</strong></span> <span class='ocrx_word' id='word_1_229' title='bbox 3069 1663 3226 1719; x_wconf 90' lang='lat' dir='ltr'><strong>valde</strong></span> <span class='ocrx_word' id='word_1_230' title='bbox 3253 1663 3449 1719; x_wconf 91' lang='lat' dir='ltr'><strong>timen—</strong></span> 
     </span>
    </p>
   </div>
   <div class='ocr_carea' id='block_1_31' title="bbox 1865 1751 3451 1827">
    <p class='ocr_par' dir='ltr' id='par_1_31' title="bbox 1865 1751 3451 1827">
     <span class='ocr_line' id='line_1_31' title="bbox 1865 1751 3451 1827; baseline 0.004 -22"><span class='ocrx_word' id='word_1_231' title='bbox 1865 1751 1992 1806; x_wconf 91' lang='lat' dir='ltr'><strong>dum</strong></span> <span class='ocrx_word' id='word_1_232' title='bbox 2034 1761 2139 1818; x_wconf 91' lang='lat' dir='ltr'><strong>est,</strong></span> <span class='ocrx_word' id='word_1_233' title='bbox 2178 1768 2246 1807; x_wconf 92' lang='lat' dir='ltr'><strong>ne</strong></span> <span class='ocrx_word' id='word_1_234' title='bbox 2276 1751 2415 1809; x_wconf 86' lang='lat' dir='ltr'><strong>forte</strong></span> <span class='ocrx_word' id='word_1_235' title='bbox 2437 1752 2552 1822; x_wconf 90' lang='lat' dir='ltr'><strong>jam</strong></span> <span class='ocrx_word' id='word_1_236' title='bbox 2584 1753 2878 1820; x_wconf 87' lang='lat' dir='ltr'><strong>arefactus,</strong></span> <span class='ocrx_word' id='word_1_237' title='bbox 2914 1756 3041 1812; x_wconf 92' lang='lat' dir='ltr'><strong>dum</strong></span> <span class='ocrx_word' id='word_1_238' title='bbox 3083 1765 3368 1827; x_wconf 85' lang='lat' dir='ltr'><strong>soporatur</strong></span> <span class='ocrx_word' id='word_1_239' title='bbox 3395 1756 3451 1812; x_wconf 92' lang='lat' dir='ltr'><strong>in</strong></span> 
     </span>
    </p>
   </div>
   <div class='ocr_carea' id='block_1_32' title="bbox 186 1836 3454 1918">
    <p class='ocr_par' dir='ltr' id='par_1_32' title="bbox 186 1836 3454 1918">
     <span class='ocr_line' id='line_1_32' title="bbox 186 1836 3454 1918; baseline 0 -16"><span class='ocrx_word' id='word_1_240' title='bbox 186 1846 387 1902; x_wconf 84' lang='lat' dir='ltr'><strong>Christo</strong></span> <span class='ocrx_word' id='word_1_241' title='bbox 414 1856 521 1910; x_wconf 89' lang='lat' dir='ltr'><strong>est,</strong></span> <span class='ocrx_word' id='word_1_242' title='bbox 557 1847 880 1916; x_wconf 84' lang='lat' dir='ltr'><strong>privabitur.</strong></span> <span class='ocrx_word' id='word_1_243' title='bbox 920 1846 1056 1902; x_wconf 91' lang='lat' dir='ltr'><strong>Sunt</strong></span> <span class='ocrx_word' id='word_1_244' title='bbox 1083 1849 1247 1918; x_wconf 89' lang='lat' dir='ltr'><strong>igitur</strong></span> <span class='ocrx_word' id='word_1_245' title='bbox 1278 1856 1333 1902; x_wconf 91' lang='lat' dir='ltr'><strong>et</strong></span> <span class='ocrx_word' id='word_1_246' title='bbox 1368 1849 1524 1904; x_wconf 63' lang='lat' dir='ltr'><strong>bona:</strong></span> <span class='ocrx_word' id='word_1_247' title='bbox 1567 1863 1762 1918; x_wconf 89' lang='lat' dir='ltr'><strong>opera-</strong></span> <span class='ocrx_word' id='word_1_248' title='bbox 1791 1836 1843 1899; x_wconf 83' lang='grc' dir='ltr'><strong>Β</strong></span> <span class='ocrx_word' id='word_1_249' title='bbox 1867 1851 2120 1908; x_wconf 90' lang='lat' dir='ltr'><strong>mortem,</strong></span> <span class='ocrx_word' id='word_1_250' title='bbox 2144 1844 2362 1899; x_wconf 89' lang='lat' dir='ltr'><strong>nescius</strong></span> <span class='ocrx_word' id='word_1_251' title='bbox 2383 1846 2450 1898; x_wconf 90' lang='lat' dir='ltr'><strong>ad</strong></span> <span class='ocrx_word' id='word_1_252' title='bbox 2473 1853 2675 1900; x_wconf 88' lang='lat' dir='ltr'><strong>tartara</strong></span> <span class='ocrx_word' id='word_1_253' title='bbox 2697 1845 3014 1901; x_wconf 86' lang='lat' dir='ltr'><strong>deducatur.</strong></span> <span class='ocrx_word' id='word_1_254' title='bbox 3040 1846 3267 1918; x_wconf 89' lang='lat' dir='ltr'><strong>Propter</strong></span> <span class='ocrx_word' id='word_1_255' title='bbox 3285 1847 3454 1917; x_wconf 92' lang='lat' dir='ltr'><strong>quod.</strong></span> 
     </span>
    </p>
   </div>
   <div class='ocr_carea' id='block_1_33' title="bbox 190 1940 1764 2011">
    <p class='ocr_par' dir='ltr' id='par_1_33' title="bbox 190 1940 1764 2011">
     <span class='ocr_line' id='line_1_33' title="bbox 190 1940 1764 2011; baseline 0.001 -17"><span class='ocrx_word' id='word_1_256' title='bbox 190 1941 330 1994; x_wconf 87' lang='lat' dir='ltr'><strong>tionis</strong></span> <span class='ocrx_word' id='word_1_257' title='bbox 353 1940 613 2004; x_wconf 82' lang='lat' dir='ltr'><strong>arbores,</strong></span> <span class='ocrx_word' id='word_1_258' title='bbox 643 1955 764 2009; x_wconf 59' lang='lat' dir='ltr'><strong>quae</strong></span> <span class='ocrx_word' id='word_1_259' title='bbox 789 1940 912 1996; x_wconf 87' lang='lat' dir='ltr'><strong>ﬁdei</strong></span> <span class='ocrx_word' id='word_1_260' title='bbox 946 1940 1155 1996; x_wconf 82' lang='lat' dir='ltr'><strong>fervore</strong></span> <span class='ocrx_word' id='word_1_261' title='bbox 1181 1941 1441 2007; x_wconf 87' lang='lat' dir='ltr'><strong>calentes,</strong></span> <span class='ocrx_word' id='word_1_262' title='bbox 1472 1942 1764 2011; x_wconf 89' lang='lat' dir='ltr'><strong>plurimum</strong></span> 
     </span>
    </p>
   </div>
   <div class='ocr_carea' id='block_1_34' title="bbox 191 2029 1767 2094">
    <p class='ocr_par' dir='ltr' id='par_1_34' title="bbox 191 2029 1767 2094">
     <span class='ocr_line' id='line_1_34' title="bbox 191 2029 1767 2094; baseline 0.004 -12"><span class='ocrx_word' id='word_1_263' title='bbox 191 2029 400 2084; x_wconf 85' lang='lat' dir='ltr'><strong>fructum</strong></span> <span class='ocrx_word' id='word_1_264' title='bbox 420 2070 437 2094; x_wconf 93' lang='lat'><strong>,</strong></span> <span class='ocrx_word' id='word_1_265' title='bbox 465 2039 524 2084; x_wconf 92' lang='lat' dir='ltr'><strong>et</strong></span> <span class='ocrx_word' id='word_1_266' title='bbox 545 2032 694 2084; x_wconf 93' lang='lat' dir='ltr'><strong>omni</strong></span> <span class='ocrx_word' id='word_1_267' title='bbox 728 2031 970 2086; x_wconf 89' lang='lat' dir='ltr'><strong>bonitate</strong></span> <span class='ocrx_word' id='word_1_268' title='bbox 989 2031 1434 2087; x_wconf 88' lang='lat' dir='ltr'><strong>condulcoratum</strong></span> <span class='ocrx_word' id='word_1_269' title='bbox 1457 2032 1658 2088; x_wconf 92' lang='lat' dir='ltr'><strong>ferunt.</strong></span> <span class='ocrx_word' id='word_1_270' title='bbox 1691 2033 1767 2089; x_wconf 91' lang='lat' dir='ltr'><strong>De</strong></span> 
     </span>
    </p>
   </div>
   <div class='ocr_carea' id='block_1_35' title="bbox 190 2121 1765 2194">
    <p class='ocr_par' dir='ltr' id='par_1_35' title="bbox 190 2121 1765 2194">
     <span class='ocr_line' id='line_1_35' title="bbox 190 2121 1765 2194; baseline 0.004 -20"><span class='ocrx_word' id='word_1_271' title='bbox 190 2121 359 2192; x_wconf 84' lang='lat' dir='ltr'><strong>quibus</strong></span> <span class='ocrx_word' id='word_1_272' title='bbox 374 2122 648 2177; x_wconf 88' lang='lat' dir='ltr'><strong>Dominus</strong></span> <span class='ocrx_word' id='word_1_273' title='bbox 664 2140 677 2176; x_wconf 93' lang='lat'><strong>:</strong></span> <span class='ocrx_word' id='word_1_274' title='bbox 696 2121 821 2177; x_wconf 87' lang='lat' dir='ltr'><strong>Non</strong></span> <span class='ocrx_word' id='word_1_275' title='bbox 840 2132 1006 2192; x_wconf 90' lang='lat' dir='ltr'><strong>potest</strong></span> <span class='ocrx_word' id='word_1_276' title='bbox 1029 2124 1186 2178; x_wconf 86' lang='lat' dir='ltr'><strong>arbor</strong></span> <span class='ocrx_word' id='word_1_277' title='bbox 1207 2125 1342 2179; x_wconf 84' lang='lat' dir='ltr'><strong>bona</strong></span> <span class='ocrx_word' id='word_1_278' title='bbox 1369 2125 1572 2194; x_wconf 79' lang='lat' dir='ltr'><strong>fructus</strong></span> <span class='ocrx_word' id='word_1_279' title='bbox 1599 2126 1765 2181; x_wconf 86' lang='lat' dir='ltr'><strong>malos</strong></span> 
     </span>
    </p>
   </div>
   <div class='ocr_carea' id='block_1_36' title="bbox 192 2213 1766 2288">
    <p class='ocr_par' dir='ltr' id='par_1_36' title="bbox 192 2213 1766 2288">
     <span class='ocr_line' id='line_1_36' title="bbox 192 2213 1766 2288; baseline 0.006 -23"><span class='ocrx_word' id='word_1_280' title='bbox 192 2213 341 2280; x_wconf 70' lang='lat' dir='ltr'><strong>facere</strong></span> <span class='ocrx_word' id='word_1_281' title='bbox 368 2255 385 2279; x_wconf 93' lang='lat'><strong>,</strong></span> <span class='ocrx_word' id='word_1_282' title='bbox 440 2231 613 2284; x_wconf 79' lang='lat' dir='ltr'><strong>neque</strong></span> <span class='ocrx_word' id='word_1_283' title='bbox 651 2216 810 2269; x_wconf 86' lang='lat' dir='ltr'><strong>arbor</strong></span> <span class='ocrx_word' id='word_1_284' title='bbox 842 2216 986 2270; x_wconf 81' lang='lat' dir='ltr'><strong>mala</strong></span> <span class='ocrx_word' id='word_1_285' title='bbox 1035 2217 1238 2286; x_wconf 81' lang='lat' dir='ltr'><strong>fructus</strong></span> <span class='ocrx_word' id='word_1_286' title='bbox 1296 2218 1456 2274; x_wconf 89' lang='lat' dir='ltr'><strong>bonos</strong></span> <span class='ocrx_word' id='word_1_287' title='bbox 1491 2220 1663 2288; x_wconf 81' lang='lat' dir='ltr'><strong>facere</strong></span> <span class='ocrx_word' id='word_1_288' title='bbox 1693 2237 1766 2276; x_wconf 87' lang='lat' dir='ltr'><strong>:a</strong></span> 
     </span>
    </p>
   </div>
   <div class='ocr_carea' id='block_1_37' title="bbox 191 2303 1761 2378">
    <p class='ocr_par' dir='ltr' id='par_1_37' title="bbox 191 2303 1761 2378">
     <span class='ocr_line' id='line_1_37' title="bbox 191 2303 1761 2378; baseline 0.006 -23"><span class='ocrx_word' id='word_1_289' title='bbox 191 2303 429 2370; x_wconf 76' lang='lat' dir='ltr'><strong>fructibus</strong></span> <span class='ocrx_word' id='word_1_290' title='bbox 458 2321 665 2368; x_wconf 79' lang='lat' dir='ltr'><strong>eorum,</strong></span> <span class='ocrx_word' id='word_1_291' title='bbox 708 2305 906 2376; x_wconf 84' lang='lat' dir='ltr'><strong>inquit,</strong></span> <span class='ocrx_word' id='word_1_292' title='bbox 953 2309 1270 2377; x_wconf 84' lang='lat' dir='ltr'><strong>cognoscetis</strong></span> <span class='ocrx_word' id='word_1_293' title='bbox 1301 2325 1390 2362; x_wconf 83' lang='lat' dir='ltr'><strong>eos</strong></span> <span class='ocrx_word' id='word_1_294' title='bbox 1419 2309 1634 2378; x_wconf 76' lang='lat' dir='ltr'><strong>(Matth.</strong></span> <span class='ocrx_word' id='word_1_295' title='bbox 1668 2327 1761 2375; x_wconf 86' lang='lat' dir='ltr'><strong>vn,</strong></span> 
     </span>
    </p>
   </div>
   <div class='ocr_carea' id='block_1_38' title="bbox 194 2395 1766 2472">
    <p class='ocr_par' dir='ltr' id='par_1_38' title="bbox 194 2395 1766 2472">
     <span class='ocr_line' id='line_1_38' title="bbox 194 2395 1766 2472; baseline 0.007 -24"><span class='ocrx_word' id='word_1_296' title='bbox 194 2396 282 2466; x_wconf 86' lang='lat' dir='ltr'><strong>l8).</strong></span> <span class='ocrx_word' id='word_1_297' title='bbox 313 2395 459 2452; x_wconf 89' lang='lat' dir='ltr'><strong>Sunt</strong></span> <span class='ocrx_word' id='word_1_298' title='bbox 508 2407 690 2452; x_wconf 90' lang='lat' dir='ltr'><strong>autem</strong></span> <span class='ocrx_word' id='word_1_299' title='bbox 739 2407 796 2452; x_wconf 92' lang='lat' dir='ltr'><strong>et</strong></span> <span class='ocrx_word' id='word_1_300' title='bbox 826 2400 1071 2454; x_wconf 91' lang='lat' dir='ltr'><strong>nonnulli</strong></span> <span class='ocrx_word' id='word_1_301' title='bbox 1099 2440 1115 2465; x_wconf 91' lang='lat'><strong>,</strong></span> <span class='ocrx_word' id='word_1_302' title='bbox 1144 2402 1236 2472; x_wconf 87' lang='lat' dir='ltr'><strong>qui</strong></span> <span class='ocrx_word' id='word_1_303' title='bbox 1270 2402 1393 2457; x_wconf 88' lang='lat' dir='ltr'><strong>ﬁdei</strong></span> <span class='ocrx_word' id='word_1_304' title='bbox 1434 2403 1766 2460; x_wconf 87' lang='lat' dir='ltr'><strong>viriditatem</strong></span> 
     </span>
    </p>
   </div>
   <div class='ocr_carea' id='block_1_39' title="bbox 190 2491 1764 2563">
    <p class='ocr_par' dir='ltr' id='par_1_39' title="bbox 190 2491 1764 2563">
     <span class='ocr_line' id='line_1_39' title="bbox 190 2491 1764 2563; baseline 0.004 -19"><span class='ocrx_word' id='word_1_305' title='bbox 190 2498 378 2545; x_wconf 82' lang='lat' dir='ltr'><strong>tantum</strong></span> <span class='ocrx_word' id='word_1_306' title='bbox 409 2491 661 2556; x_wconf 87' lang='lat' dir='ltr'><strong>habent;</strong></span> <span class='ocrx_word' id='word_1_307' title='bbox 701 2493 794 2547; x_wconf 87' lang='lat' dir='ltr'><strong>sed</strong></span> <span class='ocrx_word' id='word_1_308' title='bbox 820 2493 946 2561; x_wconf 87' lang='lat' dir='ltr'><strong>quia</strong></span> <span class='ocrx_word' id='word_1_309' title='bbox 976 2493 1100 2548; x_wconf 88' lang='lat' dir='ltr'><strong>ﬁdei</strong></span> <span class='ocrx_word' id='word_1_310' title='bbox 1136 2494 1372 2550; x_wconf 87' lang='lat' dir='ltr'><strong>fructum</strong></span> <span class='ocrx_word' id='word_1_311' title='bbox 1403 2510 1512 2550; x_wconf 90' lang='lat' dir='ltr'><strong>non</strong></span> <span class='ocrx_word' id='word_1_312' title='bbox 1542 2496 1764 2563; x_wconf 90' lang='lat' dir='ltr'><strong>habent,</strong></span> 
     </span>
    </p>
   </div>
   <div class='ocr_carea' id='block_1_40' title="bbox 186 2585 1769 2656">
    <p class='ocr_par' dir='ltr' id='par_1_40' title="bbox 186 2585 1769 2656">
     <span class='ocr_line' id='line_1_40' title="bbox 186 2585 1769 2656; baseline 0.004 -19"><span class='ocrx_word' id='word_1_313' title='bbox 186 2585 384 2639; x_wconf 78' lang='lat' dir='ltr'><strong>steriles</strong></span> <span class='ocrx_word' id='word_1_314' title='bbox 407 2593 618 2640; x_wconf 90' lang='lat' dir='ltr'><strong>terram</strong></span> <span class='ocrx_word' id='word_1_315' title='bbox 648 2594 948 2656; x_wconf 86' lang='lat' dir='ltr'><strong>occupant;</strong></span> <span class='ocrx_word' id='word_1_316' title='bbox 980 2594 1036 2641; x_wconf 90' lang='lat' dir='ltr'><strong>et</strong></span> <span class='ocrx_word' id='word_1_317' title='bbox 1077 2585 1199 2641; x_wconf 91' lang='lat' dir='ltr'><strong>ideo</strong></span> <span class='ocrx_word' id='word_1_318' title='bbox 1232 2588 1437 2643; x_wconf 90' lang='lat' dir='ltr'><strong>securis</strong></span> <span class='ocrx_word' id='word_1_319' title='bbox 1463 2590 1530 2644; x_wconf 91' lang='lat' dir='ltr'><strong>ad</strong></span> <span class='ocrx_word' id='word_1_320' title='bbox 1559 2589 1769 2644; x_wconf 87' lang='lat' dir='ltr'><strong>radices</strong></span> 
     </span>
    </p>
   </div>
   <div class='ocr_carea' id='block_1_41' title="bbox 184 2677 1767 2750">
    <p class='ocr_par' dir='ltr' id='par_1_41' title="bbox 184 2677 1767 2750">
     <span class='ocr_line' id='line_1_41' title="bbox 184 2677 1767 2750; baseline 0.004 -21"><span class='ocrx_word' id='word_1_321' title='bbox 184 2677 427 2730; x_wconf 83' lang='lat' dir='ltr'><strong>arborum</strong></span> <span class='ocrx_word' id='word_1_322' title='bbox 486 2686 636 2732; x_wconf 90' lang='lat' dir='ltr'><strong>recte</strong></span> <span class='ocrx_word' id='word_1_323' title='bbox 684 2687 1182 2744; x_wconf 87' lang='lat' dir='ltr'><strong>commemoratur,</strong></span> <span class='ocrx_word' id='word_1_324' title='bbox 1235 2688 1293 2733; x_wconf 93' lang='lat' dir='ltr'><strong>ut</strong></span> <span class='ocrx_word' id='word_1_325' title='bbox 1336 2680 1429 2750; x_wconf 91' lang='lat' dir='ltr'><strong>qui</strong></span> <span class='ocrx_word' id='word_1_326' title='bbox 1489 2680 1767 2736; x_wconf 91' lang='lat' dir='ltr'><strong>meliorem</strong></span> 
     </span>
    </p>
   </div>
   <div class='ocr_carea' id='block_1_42' title="bbox 186 2765 1771 2837">
    <p class='ocr_par' dir='ltr' id='par_1_42' title="bbox 186 2765 1771 2837">
     <span class='ocr_line' id='line_1_42' title="bbox 186 2765 1771 2837; baseline 0.006 -20"><span class='ocrx_word' id='word_1_327' title='bbox 186 2765 331 2836; x_wconf 76' lang='lat'><strong>167</strong></span> <span class='ocrx_word' id='word_1_328' title='bbox 360 2767 494 2821; x_wconf 66' lang='lat' dir='ltr'><strong>vitae</strong></span> <span class='ocrx_word' id='word_1_329' title='bbox 535 2767 771 2823; x_wconf 89' lang='lat' dir='ltr'><strong>fructum</strong></span> <span class='ocrx_word' id='word_1_330' title='bbox 819 2767 965 2822; x_wconf 87' lang='lat' dir='ltr'><strong>ferre</strong></span> <span class='ocrx_word' id='word_1_331' title='bbox 1010 2769 1319 2836; x_wconf 87' lang='lat' dir='ltr'><strong>noluerint,</strong></span> <span class='ocrx_word' id='word_1_332' title='bbox 1347 2771 1690 2837; x_wconf 83' lang='lat' dir='ltr'><strong>excidantur,</strong></span> <span class='ocrx_word' id='word_1_333' title='bbox 1715 2781 1771 2828; x_wconf 91' lang='lat' dir='ltr'><strong>et</strong></span> 
     </span>
    </p>
   </div>
   <div class='ocr_carea' id='block_1_43' title="bbox 185 2857 1764 2929">
    <p class='ocr_par' dir='ltr' id='par_1_43' title="bbox 185 2857 1764 2929">
     <span class='ocr_line' id='line_1_43' title="bbox 185 2857 1764 2929; baseline 0.006 -21"><span class='ocrx_word' id='word_1_334' title='bbox 185 2857 395 2912; x_wconf 66' lang='lat' dir='ltr'><strong>aeternis</strong></span> <span class='ocrx_word' id='word_1_335' title='bbox 433 2859 656 2926; x_wconf 78' lang='lat' dir='ltr'><strong>ignibus</strong></span> <span class='ocrx_word' id='word_1_336' title='bbox 689 2859 980 2929; x_wconf 65' lang='lat' dir='ltr'><strong>praeparati</strong></span> <span class='ocrx_word' id='word_1_337' title='bbox 1033 2862 1274 2916; x_wconf 89' lang='lat' dir='ltr'><strong>atrocius</strong></span> <span class='ocrx_word' id='word_1_338' title='bbox 1327 2872 1764 2918; x_wconf 90' lang='lat' dir='ltr'><strong>concrementur.</strong></span> 
     </span>
    </p>
   </div>
   <div class='ocr_carea' id='block_1_44' title="bbox 183 2948 1768 3024">
    <p class='ocr_par' dir='ltr' id='par_1_44' title="bbox 183 2948 1768 3024">
     <span class='ocr_line' id='line_1_44' title="bbox 183 2948 1768 3024; baseline 0.006 -23"><span class='ocrx_word' id='word_1_339' title='bbox 183 2948 325 3014; x_wconf 83' lang='lat' dir='ltr'><strong>Quod</strong></span> <span class='ocrx_word' id='word_1_340' title='bbox 368 2951 538 3020; x_wconf 88' lang='lat' dir='ltr'><strong>paulo</strong></span> <span class='ocrx_word' id='word_1_341' title='bbox 567 2952 820 3021; x_wconf 88' lang='lat' dir='ltr'><strong>superius</strong></span> <span class='ocrx_word' id='word_1_342' title='bbox 847 2951 1036 3007; x_wconf 91' lang='lat' dir='ltr'><strong>volens</strong></span> <span class='ocrx_word' id='word_1_343' title='bbox 1078 2952 1355 3009; x_wconf 90' lang='lat' dir='ltr'><strong>insinuare</strong></span> <span class='ocrx_word' id='word_1_344' title='bbox 1403 2954 1637 3024; x_wconf 88' lang='lat' dir='ltr'><strong>qualiter</strong></span> <span class='ocrx_word' id='word_1_345' title='bbox 1685 2955 1768 3010; x_wconf 91' lang='lat' dir='ltr'><strong>fu-</strong></span> 
     </span>
    </p>
   </div>
   <div class='ocr_carea' id='block_1_45' title="bbox 183 3041 1762 3117">
    <p class='ocr_par' dir='ltr' id='par_1_45' title="bbox 183 3041 1762 3117">
     <span class='ocr_line' id='line_1_45' title="bbox 183 3041 1762 3117; baseline 0.003 -21"><span class='ocrx_word' id='word_1_346' title='bbox 183 3043 382 3112; x_wconf 86' lang='lat' dir='ltr'><strong>giamus</strong></span> <span class='ocrx_word' id='word_1_347' title='bbox 423 3061 438 3096; x_wconf 91' lang='lat'><strong>:</strong></span> <span class='ocrx_word' id='word_1_348' title='bbox 483 3041 693 3107; x_wconf 83' lang='lat' dir='ltr'><strong>Facite,</strong></span> <span class='ocrx_word' id='word_1_349' title='bbox 741 3043 936 3114; x_wconf 89' lang='lat' dir='ltr'><strong>inquit,</strong></span> <span class='ocrx_word' id='word_1_350' title='bbox 978 3046 1186 3114; x_wconf 81' lang='lat' dir='ltr'><strong>fructus</strong></span> <span class='ocrx_word' id='word_1_351' title='bbox 1216 3046 1402 3117; x_wconf 85' lang='lat' dir='ltr'><strong>dignos</strong></span> <span class='ocrx_word' id='word_1_352' title='bbox 1432 3049 1762 3117; x_wconf 64' lang='lat' dir='ltr'><strong>paenitentiae.</strong></span> 
     </span>
    </p>
   </div>
   <div class='ocr_carea' id='block_1_46' title="bbox 181 3133 1764 3210">
    <p class='ocr_par' dir='ltr' id='par_1_46' title="bbox 181 3133 1764 3210">
     <span class='ocr_line' id='line_1_46' title="bbox 181 3133 1764 3210; baseline 0.006 -24"><span class='ocrx_word' id='word_1_353' title='bbox 181 3133 232 3186; x_wconf 85' lang='lat' dir='ltr'><strong>In</strong></span> <span class='ocrx_word' id='word_1_354' title='bbox 267 3136 466 3204; x_wconf 88' lang='lat' dir='ltr'><strong>quibus</strong></span> <span class='ocrx_word' id='word_1_355' title='bbox 493 3135 752 3190; x_wconf 91' lang='lat' dir='ltr'><strong>nimirum</strong></span> <span class='ocrx_word' id='word_1_356' title='bbox 773 3136 956 3192; x_wconf 85' lang='lat' dir='ltr'><strong>verbis</strong></span> <span class='ocrx_word' id='word_1_357' title='bbox 981 3137 1132 3192; x_wconf 88' lang='lat' dir='ltr'><strong>valde</strong></span> <span class='ocrx_word' id='word_1_358' title='bbox 1158 3139 1455 3194; x_wconf 88' lang='lat' dir='ltr'><strong>notandum</strong></span> <span class='ocrx_word' id='word_1_359' title='bbox 1483 3148 1587 3206; x_wconf 89' lang='lat' dir='ltr'><strong>est,</strong></span> <span class='ocrx_word' id='word_1_360' title='bbox 1622 3141 1764 3210; x_wconf 91' lang='lat' dir='ltr'><strong>quod</strong></span> 
     </span>
    </p>
   </div>
   <div class='ocr_carea' id='block_1_47' title="bbox 1868 1933 3454 2005">
    <p class='ocr_par' dir='ltr' id='par_1_47' title="bbox 1868 1933 3454 2005">
     <span class='ocr_line' id='line_1_47' title="bbox 1868 1933 3454 2005; baseline 0.003 -15"><span class='ocrx_word' id='word_1_361' title='bbox 1868 1934 2003 1990; x_wconf 88' lang='lat' dir='ltr'><strong>satis</strong></span> <span class='ocrx_word' id='word_1_362' title='bbox 2031 1933 2420 2005; x_wconf 85' lang='lat' dir='ltr'><strong>invigilandum</strong></span> <span class='ocrx_word' id='word_1_363' title='bbox 2447 1945 2553 2002; x_wconf 92' lang='lat' dir='ltr'><strong>est,</strong></span> <span class='ocrx_word' id='word_1_364' title='bbox 2588 1952 2656 1992; x_wconf 91' lang='lat' dir='ltr'><strong>ne</strong></span> <span class='ocrx_word' id='word_1_365' title='bbox 2684 1937 2810 1992; x_wconf 90' lang='lat' dir='ltr'><strong>dum</strong></span> <span class='ocrx_word' id='word_1_366' title='bbox 2849 1939 3064 2004; x_wconf 86' lang='lat' dir='ltr'><strong>vivitur,</strong></span> <span class='ocrx_word' id='word_1_367' title='bbox 3118 1939 3235 1995; x_wconf 91' lang='lat' dir='ltr'><strong>sine</strong></span> <span class='ocrx_word' id='word_1_368' title='bbox 3274 1939 3454 1995; x_wconf 91' lang='lat' dir='ltr'><strong>fructu</strong></span> 
     </span>
    </p>
   </div>
   <div class='ocr_carea' id='block_1_48' title="bbox 1865 2024 3454 2096">
    <p class='ocr_par' dir='ltr' id='par_1_48' title="bbox 1865 2024 3454 2096">
     <span class='ocr_line' id='line_1_48' title="bbox 1865 2024 3454 2096; baseline 0.004 -19"><span class='ocrx_word' id='word_1_369' title='bbox 1865 2024 2202 2095; x_wconf 69' lang='lat' dir='ltr'><strong>poenitentia:</strong></span> <span class='ocrx_word' id='word_1_370' title='bbox 2254 2025 2524 2096; x_wconf 88' lang='lat' dir='ltr'><strong>condigno</strong></span> <span class='ocrx_word' id='word_1_371' title='bbox 2569 2025 2764 2095; x_wconf 86' lang='lat' dir='ltr'><strong>aliquis</strong></span> <span class='ocrx_word' id='word_1_372' title='bbox 2807 2037 3054 2082; x_wconf 90' lang='lat' dir='ltr'><strong>nostrum</strong></span> <span class='ocrx_word' id='word_1_373' title='bbox 3108 2027 3454 2095; x_wconf 88' lang='lat' dir='ltr'><strong>inveniatur;</strong></span> 
     </span>
    </p>
   </div>
   <div class='ocr_carea' id='block_1_49' title="bbox 1866 2121 3454 2195">
    <p class='ocr_par' dir='ltr' id='par_1_49' title="bbox 1866 2121 3454 2195">
     <span class='ocr_line' id='line_1_49' title="bbox 1866 2121 3454 2195; baseline 0.001 -17"><span class='ocrx_word' id='word_1_374' title='bbox 1866 2136 1932 2178; x_wconf 86' lang='lat' dir='ltr'><strong>eo</strong></span> <span class='ocrx_word' id='word_1_375' title='bbox 1959 2123 2102 2192; x_wconf 91' lang='lat' dir='ltr'><strong>quod</strong></span> <span class='ocrx_word' id='word_1_376' title='bbox 2137 2121 2316 2178; x_wconf 91' lang='lat' dir='ltr'><strong>nullus</strong></span> <span class='ocrx_word' id='word_1_377' title='bbox 2343 2123 2630 2194; x_wconf 81' lang='lat' dir='ltr'><strong>excipitur,</strong></span> <span class='ocrx_word' id='word_1_378' title='bbox 2657 2124 2750 2178; x_wconf 88' lang='lat' dir='ltr'><strong>sed</strong></span> <span class='ocrx_word' id='word_1_379' title='bbox 2777 2124 2954 2179; x_wconf 86' lang='lat' dir='ltr'><strong>omnis</strong></span> <span class='ocrx_word' id='word_1_380' title='bbox 2989 2126 3155 2180; x_wconf 90' lang='lat' dir='ltr'><strong>arbor</strong></span> <span class='ocrx_word' id='word_1_381' title='bbox 3179 2139 3300 2195; x_wconf 72' lang='lat' dir='ltr'><strong>qua:</strong></span> <span class='ocrx_word' id='word_1_382' title='bbox 3346 2139 3454 2180; x_wconf 90' lang='lat' dir='ltr'><strong>non</strong></span> 
     </span>
    </p>
   </div>
   <div class='ocr_carea' id='block_1_50' title="bbox 1867 2210 3459 2286">
    <p class='ocr_par' dir='ltr' id='par_1_50' title="bbox 1867 2210 3459 2286">
     <span class='ocr_line' id='line_1_50' title="bbox 1867 2210 3459 2286; baseline 0.002 -20"><span class='ocrx_word' id='word_1_383' title='bbox 1867 2210 2060 2268; x_wconf 89' lang='lat' dir='ltr'><strong>fecerit</strong></span> <span class='ocrx_word' id='word_1_384' title='bbox 2097 2211 2334 2266; x_wconf 90' lang='lat' dir='ltr'><strong>fructum</strong></span> <span class='ocrx_word' id='word_1_385' title='bbox 2365 2213 2566 2267; x_wconf 93' lang='lat' dir='ltr'><strong>bonum</strong></span> <span class='ocrx_word' id='word_1_386' title='bbox 2593 2213 2892 2276; x_wconf 79' lang='lat' dir='ltr'><strong>excidetur,</strong></span> <span class='ocrx_word' id='word_1_387' title='bbox 2924 2222 2980 2270; x_wconf 92' lang='lat' dir='ltr'><strong>et</strong></span> <span class='ocrx_word' id='word_1_388' title='bbox 3019 2214 3073 2269; x_wconf 93' lang='lat' dir='ltr'><strong>in</strong></span> <span class='ocrx_word' id='word_1_389' title='bbox 3102 2215 3278 2286; x_wconf 86' lang='lat' dir='ltr'><strong>ignem</strong></span> <span class='ocrx_word' id='word_1_390' title='bbox 3334 2214 3459 2269; x_wconf 88' lang='lat' dir='ltr'><strong>mit-</strong></span> 
     </span>
    </p>
   </div>
   <div class='ocr_carea' id='block_1_51' title="bbox 1869 2303 3450 2377">
    <p class='ocr_par' dir='ltr' id='par_1_51' title="bbox 1869 2303 3450 2377">
     <span class='ocr_line' id='line_1_51' title="bbox 1869 2303 3450 2377; baseline 0.002 -20"><span class='ocrx_word' id='word_1_391' title='bbox 1869 2312 2033 2358; x_wconf 91' lang='lat' dir='ltr'><strong>tetur.</strong></span> <span class='ocrx_word' id='word_1_392' title='bbox 2072 2303 2303 2370; x_wconf 90' lang='lat' dir='ltr'><strong>Omnis,</strong></span> <span class='ocrx_word' id='word_1_393' title='bbox 2353 2303 2546 2375; x_wconf 89' lang='lat' dir='ltr'><strong>inquit.</strong></span> <span class='ocrx_word' id='word_1_394' title='bbox 2598 2305 2740 2374; x_wconf 84' lang='lat' dir='ltr'><strong>Ergo</strong></span> <span class='ocrx_word' id='word_1_395' title='bbox 2793 2307 2884 2360; x_wconf 89' lang='lat' dir='ltr'><strong>ubi</strong></span> <span class='ocrx_word' id='word_1_396' title='bbox 2934 2306 3114 2362; x_wconf 92' lang='lat' dir='ltr'><strong>nullus</strong></span> <span class='ocrx_word' id='word_1_397' title='bbox 3163 2307 3450 2377; x_wconf 88' lang='lat' dir='ltr'><strong>excipitur,</strong></span> 
     </span>
    </p>
   </div>
   <div class='ocr_carea' id='block_1_52' title="bbox 1867 2393 3458 2467">
    <p class='ocr_par' dir='ltr' id='par_1_52' title="bbox 1867 2393 3458 2467">
     <span class='ocr_line' id='line_1_52' title="bbox 1867 2393 3458 2467; baseline 0 -19"><span class='ocrx_word' id='word_1_398' title='bbox 1867 2393 2003 2448; x_wconf 88' lang='lat' dir='ltr'><strong>satis</strong></span> <span class='ocrx_word' id='word_1_399' title='bbox 2054 2393 2384 2448; x_wconf 89' lang='lat' dir='ltr'><strong>horrendum</strong></span> <span class='ocrx_word' id='word_1_400' title='bbox 2431 2402 2516 2449; x_wconf 90' lang='lat' dir='ltr'><strong>est</strong></span> <span class='ocrx_word' id='word_1_401' title='bbox 2567 2395 2635 2448; x_wconf 88' lang='lat' dir='ltr'><strong>ab</strong></span> <span class='ocrx_word' id='word_1_402' title='bbox 2686 2409 2850 2464; x_wconf 89' lang='lat' dir='ltr'><strong>opere</strong></span> <span class='ocrx_word' id='word_1_403' title='bbox 2897 2411 2966 2451; x_wconf 90' lang='lat' dir='ltr'><strong>ne</strong></span> <span class='ocrx_word' id='word_1_404' title='bbox 2996 2395 3224 2467; x_wconf 88' lang='lat' dir='ltr'><strong>quilibet</strong></span> <span class='ocrx_word' id='word_1_405' title='bbox 3252 2411 3458 2451; x_wconf 90' lang='lat' dir='ltr'><strong>vacuus</strong></span> 
     </span>
    </p>
   </div>
   <div class='ocr_carea' id='block_1_53' title="bbox 1867 2484 3455 2554">
    <p class='ocr_par' dir='ltr' id='par_1_53' title="bbox 1867 2484 3455 2554">
     <span class='ocr_line' id='line_1_53' title="bbox 1867 2484 3455 2554; baseline 0 -15"><span class='ocrx_word' id='word_1_406' title='bbox 1867 2484 2186 2539; x_wconf 62' lang='lat' dir='ltr'><strong>astimetur.</strong></span> <span class='ocrx_word' id='word_1_407' title='bbox 2218 2484 2525 2540; x_wconf 66' lang='lat' dir='ltr'><strong>Praesertim</strong></span> <span class='ocrx_word' id='word_1_408' title='bbox 2553 2485 2679 2554; x_wconf 83' lang='lat' dir='ltr'><strong>quia</strong></span> <span class='ocrx_word' id='word_1_409' title='bbox 2708 2501 2816 2540; x_wconf 89' lang='lat' dir='ltr'><strong>non</strong></span> <span class='ocrx_word' id='word_1_410' title='bbox 2845 2485 2998 2550; x_wconf 90' lang='lat' dir='ltr'><strong>dicit,</strong></span> <span class='ocrx_word' id='word_1_411' title='bbox 3034 2487 3080 2542; x_wconf 94' lang='lat' dir='ltr'><strong>si</strong></span> <span class='ocrx_word' id='word_1_412' title='bbox 3121 2486 3314 2542; x_wconf 80' lang='lat' dir='ltr'><strong>fecerit</strong></span> <span class='ocrx_word' id='word_1_413' title='bbox 3340 2485 3455 2540; x_wconf 91' lang='lat' dir='ltr'><strong>fru-</strong></span> 
     </span>
    </p>
   </div>
   <div class='ocr_carea' id='block_1_54' title="bbox 1868 2573 3458 2648">
    <p class='ocr_par' dir='ltr' id='par_1_54' title="bbox 1868 2573 3458 2648">
     <span class='ocr_line' id='line_1_54' title="bbox 1868 2573 3458 2648; baseline 0.002 -19"><span class='ocrx_word' id='word_1_414' title='bbox 1868 2581 2015 2629; x_wconf 92' lang='lat' dir='ltr'><strong>ctum</strong></span> <span class='ocrx_word' id='word_1_415' title='bbox 2067 2573 2294 2640; x_wconf 91' lang='lat' dir='ltr'><strong>malum,</strong></span> <span class='ocrx_word' id='word_1_416' title='bbox 2359 2575 2453 2629; x_wconf 91' lang='lat' dir='ltr'><strong>sed</strong></span> <span class='ocrx_word' id='word_1_417' title='bbox 2491 2576 2671 2631; x_wconf 90' lang='lat' dir='ltr'><strong>omnis</strong></span> <span class='ocrx_word' id='word_1_418' title='bbox 2728 2577 2894 2632; x_wconf 88' lang='lat' dir='ltr'><strong>arbor</strong></span> <span class='ocrx_word' id='word_1_419' title='bbox 2947 2594 3069 2648; x_wconf 73' lang='lat' dir='ltr'><strong>qua:</strong></span> <span class='ocrx_word' id='word_1_420' title='bbox 3113 2593 3220 2634; x_wconf 91' lang='lat' dir='ltr'><strong>non</strong></span> <span class='ocrx_word' id='word_1_421' title='bbox 3265 2577 3458 2633; x_wconf 90' lang='lat' dir='ltr'><strong>fecerit</strong></span> 
     </span>
    </p>
   </div>
   <div class='ocr_carea' id='block_1_55' title="bbox 1869 2664 3461 2740">
    <p class='ocr_par' dir='ltr' id='par_1_55' title="bbox 1869 2664 3461 2740">
     <span class='ocr_line' id='line_1_55' title="bbox 1869 2664 3461 2740; baseline 0.004 -22"><span class='ocrx_word' id='word_1_422' title='bbox 1869 2664 2107 2720; x_wconf 90' lang='lat' dir='ltr'><strong>fructum</strong></span> <span class='ocrx_word' id='word_1_423' title='bbox 2136 2665 2362 2731; x_wconf 93' lang='lat' dir='ltr'><strong>bonum,</strong></span> <span class='ocrx_word' id='word_1_424' title='bbox 2391 2665 2590 2736; x_wconf 90' lang='lat' dir='ltr'><strong>inquit,</strong></span> <span class='ocrx_word' id='word_1_425' title='bbox 2625 2667 2926 2734; x_wconf 78' lang='lat' dir='ltr'><strong>excidetur,</strong></span> <span class='ocrx_word' id='word_1_426' title='bbox 2955 2678 3012 2724; x_wconf 93' lang='lat' dir='ltr'><strong>et</strong></span> <span class='ocrx_word' id='word_1_427' title='bbox 3041 2670 3094 2724; x_wconf 94' lang='lat' dir='ltr'><strong>in</strong></span> <span class='ocrx_word' id='word_1_428' title='bbox 3128 2669 3304 2740; x_wconf 88' lang='lat' dir='ltr'><strong>ignem</strong></span> <span class='ocrx_word' id='word_1_429' title='bbox 3333 2669 3461 2725; x_wconf 91' lang='lat' dir='ltr'><strong>mit-</strong></span> 
     </span>
    </p>
   </div>
   <div class='ocr_carea' id='block_1_56' title="bbox 1871 2756 3462 2815">
    <p class='ocr_par' dir='ltr' id='par_1_56' title="bbox 1871 2756 3462 2815">
     <span class='ocr_line' id='line_1_56' title="bbox 1871 2756 3462 2815; baseline 0.003 -4"><span class='ocrx_word' id='word_1_430' title='bbox 1871 2764 2035 2811; x_wconf 92' lang='lat' dir='ltr'><strong>tetur.</strong></span> <span class='ocrx_word' id='word_1_431' title='bbox 2069 2756 2177 2811; x_wconf 90' lang='lat' dir='ltr'><strong>Sed</strong></span> <span class='ocrx_word' id='word_1_432' title='bbox 2213 2771 2284 2810; x_wconf 90' lang='lat' dir='ltr'><strong>ne</strong></span> <span class='ocrx_word' id='word_1_433' title='bbox 2323 2756 2575 2812; x_wconf 90' lang='lat' dir='ltr'><strong>videatur</strong></span> <span class='ocrx_word' id='word_1_434' title='bbox 2609 2773 2706 2812; x_wconf 88' lang='lat' dir='ltr'><strong>sua</strong></span> <span class='ocrx_word' id='word_1_435' title='bbox 2735 2767 2943 2813; x_wconf 90' lang='lat' dir='ltr'><strong>tantum</strong></span> <span class='ocrx_word' id='word_1_436' title='bbox 2977 2761 3306 2815; x_wconf 87' lang='lat' dir='ltr'><strong>auctoritate</strong></span> <span class='ocrx_word' id='word_1_437' title='bbox 3330 2775 3462 2815; x_wconf 80' lang='lat' dir='ltr'><strong>cou-</strong></span> 
     </span>
    </p>
   </div>
   <div class='ocr_carea' id='block_1_57' title="bbox 1869 2849 3458 2923">
    <p class='ocr_par' dir='ltr' id='par_1_57' title="bbox 1869 2849 3458 2923">
     <span class='ocr_line' id='line_1_57' title="bbox 1869 2849 3458 2923; baseline 0.003 -19"><span class='ocrx_word' id='word_1_438' title='bbox 1869 2857 2173 2904; x_wconf 89' lang='lat' dir='ltr'><strong>temnentes</strong></span> <span class='ocrx_word' id='word_1_439' title='bbox 2220 2849 2440 2914; x_wconf 89' lang='lat' dir='ltr'><strong>minari,</strong></span> <span class='ocrx_word' id='word_1_440' title='bbox 2486 2849 2740 2921; x_wconf 89' lang='lat' dir='ltr'><strong>deinceps</strong></span> <span class='ocrx_word' id='word_1_441' title='bbox 2775 2851 2963 2922; x_wconf 92' lang='lat' dir='ltr'><strong>incipit</strong></span> <span class='ocrx_word' id='word_1_442' title='bbox 2995 2853 3210 2923; x_wconf 90' lang='lat' dir='ltr'><strong>aperire</strong></span> <span class='ocrx_word' id='word_1_443' title='bbox 3239 2861 3458 2923; x_wconf 76' lang='lat' dir='ltr'><strong>quantae</strong></span> 
     </span>
    </p>
   </div>
   <div class='ocr_carea' id='block_1_58' title="bbox 1871 2937 3532 3013">
    <p class='ocr_par' dir='ltr' id='par_1_58' title="bbox 1871 2937 3532 3013">
     <span class='ocr_line' id='line_1_58' title="bbox 1871 2937 3532 3013; baseline 0.004 -19"><span class='ocrx_word' id='word_1_444' title='bbox 1871 2939 2216 2995; x_wconf 85' lang='lat' dir='ltr'><strong>auctoritatis</strong></span> <span class='ocrx_word' id='word_1_445' title='bbox 2263 2941 2351 3005; x_wconf 91' lang='lat' dir='ltr'><strong>sit,</strong></span> <span class='ocrx_word' id='word_1_446' title='bbox 2385 2939 2541 3010; x_wconf 88' lang='lat' dir='ltr'><strong>cujus</strong></span> <span class='ocrx_word' id='word_1_447' title='bbox 2583 2943 2663 2998; x_wconf 91' lang='lat' dir='ltr'><strong>eis</strong></span> <span class='ocrx_word' id='word_1_448' title='bbox 2710 2944 2999 3013; x_wconf 64' lang='lat' dir='ltr'><strong>praesentia</strong></span> <span class='ocrx_word' id='word_1_449' title='bbox 3050 2946 3456 3012; x_wconf 91' lang='lat' dir='ltr'><strong>comminatur,</strong></span> <span class='ocrx_word' id='word_1_450' title='bbox 3515 2937 3532 2944; x_wconf 63' lang='grc'><em>’</em></span> 
     </span>
    </p>
   </div>
   <div class='ocr_carea' id='block_1_59' title="bbox 1870 3029 3457 3109">
    <p class='ocr_par' dir='ltr' id='par_1_59' title="bbox 1870 3029 3457 3109">
     <span class='ocr_line' id='line_1_59' title="bbox 1870 3029 3457 3109; baseline 0.005 -24"><span class='ocrx_word' id='word_1_451' title='bbox 1870 3031 1954 3086; x_wconf 83' lang='lat' dir='ltr'><strong>vel</strong></span> <span class='ocrx_word' id='word_1_452' title='bbox 2000 3029 2153 3100; x_wconf 80' lang='lat' dir='ltr'><strong>Cujus</strong></span> <span class='ocrx_word' id='word_1_453' title='bbox 2198 3031 2478 3090; x_wconf 83' lang='lat' dir='ltr'><strong>beneficiis</strong></span> <span class='ocrx_word' id='word_1_454' title='bbox 2522 3033 2591 3088; x_wconf 92' lang='lat' dir='ltr'><strong>ad</strong></span> <span class='ocrx_word' id='word_1_455' title='bbox 2653 3033 2813 3091; x_wconf 91' lang='lat' dir='ltr'><strong>ﬁdem</strong></span> <span class='ocrx_word' id='word_1_456' title='bbox 2858 3035 3098 3092; x_wconf 90' lang='lat' dir='ltr'><strong>debeant</strong></span> <span class='ocrx_word' id='word_1_457' title='bbox 3149 3036 3274 3106; x_wconf 85' lang='lat' dir='ltr'><strong>jure</strong></span> <span class='ocrx_word' id='word_1_458' title='bbox 3333 3052 3457 3109; x_wconf 84' lang='lat' dir='ltr'><strong>per-</strong></span> 
     </span>
    </p>
   </div>
   <div class='ocr_carea' id='block_1_60' title="bbox 1875 3124 2116 3179">
    <p class='ocr_par' dir='ltr' id='par_1_60' title="bbox 1875 3124 2116 3179">
     <span class='ocr_line' id='line_1_60' title="bbox 1875 3124 2116 3179; baseline 0 -1"><span class='ocrx_word' id='word_1_459' title='bbox 1875 3124 2116 3179; x_wconf 88' lang='lat' dir='ltr'><strong>suaderi.</strong></span> 
     </span>
    </p>
   </div>
   <div class='ocr_carea' id='block_1_61' title="bbox 183 3203 3459 3314">
    <p class='ocr_par' dir='ltr' id='par_1_61' title="bbox 183 3203 3459 3314">
     <span class='ocr_line' id='line_1_61' title="bbox 183 3203 3459 3314; baseline 0.005 -34"><span class='ocrx_word' id='word_1_460' title='bbox 183 3203 296 3280; x_wconf 17' lang='lat' dir='ltr'><strong>noni</strong></span> <span class='ocrx_word' id='word_1_461' title='bbox 315 3227 496 3282; x_wconf 89' lang='lat' dir='ltr'><strong>solum</strong></span> <span class='ocrx_word' id='word_1_462' title='bbox 540 3228 749 3283; x_wconf 89' lang='lat' dir='ltr'><strong>fructus</strong></span> <span class='ocrx_word' id='word_1_463' title='bbox 777 3230 1127 3298; x_wconf 67' lang='lat' dir='ltr'><strong>pcenitentize,</strong></span> <span class='ocrx_word' id='word_1_464' title='bbox 1154 3231 1248 3286; x_wconf 90' lang='lat' dir='ltr'><strong>sed</strong></span> <span class='ocrx_word' id='word_1_465' title='bbox 1285 3231 1476 3300; x_wconf 85' lang='lat' dir='ltr'><strong>dignos</strong></span> <span class='ocrx_word' id='word_1_466' title='bbox 1500 3203 1766 3300; x_wconf 62' lang='lat' dir='ltr'><strong>painiten-</strong></span> <span class='ocrx_word' id='word_1_467' title='bbox 1793 3203 1839 3265; x_wconf 79' lang='lat' dir='ltr'><strong><em>C</em></strong></span> <span class='ocrx_word' id='word_1_468' title='bbox 1945 3235 2058 3307; x_wconf 82' lang='lat' dir='ltr'><strong>Ego</strong></span> <span class='ocrx_word' id='word_1_469' title='bbox 2102 3236 2312 3306; x_wconf 83' lang='lat' dir='ltr'><strong>quidem</strong></span> <span class='ocrx_word' id='word_1_470' title='bbox 2357 3254 2443 3293; x_wconf 78' lang='lat' dir='ltr'><strong>vos</strong></span> <span class='ocrx_word' id='word_1_471' title='bbox 2477 3238 2682 3309; x_wconf 74' lang='lat' dir='ltr'><strong>baptizo</strong></span> <span class='ocrx_word' id='word_1_472' title='bbox 2711 3255 2853 3310; x_wconf 87' lang='lat' dir='ltr'><strong>aqua</strong></span> <span class='ocrx_word' id='word_1_473' title='bbox 2878 3241 2937 3294; x_wconf 85' lang='lat' dir='ltr'><strong>in</strong></span> <span class='ocrx_word' id='word_1_474' title='bbox 2964 3241 3339 3310; x_wconf 71' lang='lat' dir='ltr'><strong>panitentiam,</strong></span> <span class='ocrx_word' id='word_1_475' title='bbox 3370 3243 3459 3314; x_wconf 85' lang='lat' dir='ltr'><strong>qui</strong></span> 
     </span>
    </p>
   </div>
   <div class='ocr_carea' id='block_1_62' title="bbox 181 3319 1768 3393">
    <p class='ocr_par' dir='ltr' id='par_1_62' title="bbox 181 3319 1768 3393">
     <span class='ocr_line' id='line_1_62' title="bbox 181 3319 1768 3393; baseline 0.003 -21"><span class='ocrx_word' id='word_1_476' title='bbox 181 3321 263 3373; x_wconf 64' lang='lat' dir='ltr'><strong>tiae</strong></span> <span class='ocrx_word' id='word_1_477' title='bbox 288 3319 504 3376; x_wconf 87' lang='lat' dir='ltr'><strong>fructus</strong></span> <span class='ocrx_word' id='word_1_478' title='bbox 532 3319 810 3376; x_wconf 87' lang='lat' dir='ltr'><strong>faciendos</strong></span> <span class='ocrx_word' id='word_1_479' title='bbox 860 3322 1224 3392; x_wconf 77' lang='lat' dir='ltr'><strong>przecipiendo</strong></span> <span class='ocrx_word' id='word_1_480' title='bbox 1263 3323 1574 3393; x_wconf 89' lang='lat' dir='ltr'><strong>persuadet.</strong></span> <span class='ocrx_word' id='word_1_481' title='bbox 1609 3323 1768 3377; x_wconf 81' lang='lat' dir='ltr'><strong>Aliud</strong></span> 
     </span>
    </p>
   </div>
   <div class='ocr_carea' id='block_1_63' title="bbox 177 3412 1768 3487">
    <p class='ocr_par' dir='ltr' id='par_1_63' title="bbox 177 3412 1768 3487">
     <span class='ocr_line' id='line_1_63' title="bbox 177 3412 1768 3487; baseline 0.003 -21"><span class='ocrx_word' id='word_1_482' title='bbox 177 3412 361 3482; x_wconf 87' lang='lat' dir='ltr'><strong>itaque</strong></span> <span class='ocrx_word' id='word_1_483' title='bbox 387 3422 471 3468; x_wconf 89' lang='lat' dir='ltr'><strong>est</strong></span> <span class='ocrx_word' id='word_1_484' title='bbox 509 3413 744 3468; x_wconf 90' lang='lat' dir='ltr'><strong>fructum</strong></span> <span class='ocrx_word' id='word_1_485' title='bbox 783 3414 985 3480; x_wconf 89' lang='lat' dir='ltr'><strong>facere,</strong></span> <span class='ocrx_word' id='word_1_486' title='bbox 1009 3415 1155 3469; x_wconf 91' lang='lat' dir='ltr'><strong>aliud</strong></span> <span class='ocrx_word' id='word_1_487' title='bbox 1185 3415 1405 3487; x_wconf 91' lang='lat' dir='ltr'><strong>dignum</strong></span> <span class='ocrx_word' id='word_1_488' title='bbox 1437 3416 1768 3485; x_wconf 74' lang='lat' dir='ltr'><strong>pcenitentia:</strong></span> 
     </span>
    </p>
   </div>
   <div class='ocr_carea' id='block_1_64' title="bbox 176 3504 1769 3578">
    <p class='ocr_par' dir='ltr' id='par_1_64' title="bbox 176 3504 1769 3578">
     <span class='ocr_line' id='line_1_64' title="bbox 176 3504 1769 3578; baseline 0.004 -21"><span class='ocrx_word' id='word_1_489' title='bbox 176 3504 418 3559; x_wconf 86' lang='lat' dir='ltr'><strong>fructum</strong></span> <span class='ocrx_word' id='word_1_490' title='bbox 437 3506 695 3575; x_wconf 89' lang='lat' dir='ltr'><strong>operibus</strong></span> <span class='ocrx_word' id='word_1_491' title='bbox 719 3506 1032 3576; x_wconf 89' lang='lat' dir='ltr'><strong>adimplere.</strong></span> <span class='ocrx_word' id='word_1_492' title='bbox 1058 3505 1244 3575; x_wconf 87' lang='lat' dir='ltr'><strong>Neque</strong></span> <span class='ocrx_word' id='word_1_493' title='bbox 1264 3508 1409 3562; x_wconf 89' lang='lat' dir='ltr'><strong>enim</strong></span> <span class='ocrx_word' id='word_1_494' title='bbox 1433 3523 1532 3578; x_wconf 91' lang='lat' dir='ltr'><strong>par</strong></span> <span class='ocrx_word' id='word_1_495' title='bbox 1561 3508 1769 3564; x_wconf 89' lang='lat' dir='ltr'><strong>fructus</strong></span> 
     </span>
    </p>
   </div>
   <div class='ocr_carea' id='block_1_65' title="bbox 174 3596 1770 3670">
    <p class='ocr_par' dir='ltr' id='par_1_65' title="bbox 174 3596 1770 3670">
     <span class='ocr_line' id='line_1_65' title="bbox 174 3596 1770 3670; baseline 0.003 -21"><span class='ocrx_word' id='word_1_496' title='bbox 174 3612 300 3650; x_wconf 83' lang='lat' dir='ltr'><strong>esse</strong></span> <span class='ocrx_word' id='word_1_497' title='bbox 355 3597 514 3650; x_wconf 86' lang='lat' dir='ltr'><strong>debet</strong></span> <span class='ocrx_word' id='word_1_498' title='bbox 561 3598 684 3653; x_wconf 92' lang='lat' dir='ltr'><strong>boni</strong></span> <span class='ocrx_word' id='word_1_499' title='bbox 716 3598 896 3669; x_wconf 90' lang='lat' dir='ltr'><strong>operis</strong></span> <span class='ocrx_word' id='word_1_500' title='bbox 931 3596 1047 3666; x_wconf 89' lang='lat' dir='ltr'><strong>ejus</strong></span> <span class='ocrx_word' id='word_1_501' title='bbox 1086 3598 1179 3669; x_wconf 93' lang='lat' dir='ltr'><strong>qui</strong></span> <span class='ocrx_word' id='word_1_502' title='bbox 1221 3599 1424 3664; x_wconf 90' lang='lat' dir='ltr'><strong>minus,</strong></span> <span class='ocrx_word' id='word_1_503' title='bbox 1454 3609 1508 3653; x_wconf 92' lang='lat' dir='ltr'><strong>et</strong></span> <span class='ocrx_word' id='word_1_504' title='bbox 1535 3599 1653 3669; x_wconf 90' lang='lat' dir='ltr'><strong>ejus</strong></span> <span class='ocrx_word' id='word_1_505' title='bbox 1677 3601 1770 3670; x_wconf 92' lang='lat' dir='ltr'><strong>qui</strong></span> 
     </span>
    </p>
   </div>
   <div class='ocr_carea' id='block_1_66' title="bbox 172 3685 1770 3760">
    <p class='ocr_par' dir='ltr' id='par_1_66' title="bbox 172 3685 1770 3760">
     <span class='ocr_line' id='line_1_66' title="bbox 172 3685 1770 3760; baseline 0.005 -22"><span class='ocrx_word' id='word_1_506' title='bbox 172 3685 424 3756; x_wconf 84' lang='lat' dir='ltr'><strong>amplius</strong></span> <span class='ocrx_word' id='word_1_507' title='bbox 453 3686 670 3757; x_wconf 89' lang='lat' dir='ltr'><strong>deliquit</strong></span> <span class='ocrx_word' id='word_1_508' title='bbox 703 3707 718 3742; x_wconf 88' lang='lat'><strong>:</strong></span> <span class='ocrx_word' id='word_1_509' title='bbox 747 3697 841 3742; x_wconf 91' lang='lat' dir='ltr'><strong>aut</strong></span> <span class='ocrx_word' id='word_1_510' title='bbox 883 3686 1000 3756; x_wconf 90' lang='lat' dir='ltr'><strong>ejus</strong></span> <span class='ocrx_word' id='word_1_511' title='bbox 1021 3688 1112 3758; x_wconf 92' lang='lat' dir='ltr'><strong>qui</strong></span> <span class='ocrx_word' id='word_1_512' title='bbox 1148 3689 1203 3743; x_wconf 93' lang='lat' dir='ltr'><strong>in</strong></span> <span class='ocrx_word' id='word_1_513' title='bbox 1232 3689 1416 3754; x_wconf 92' lang='lat' dir='ltr'><strong>nullis,</strong></span> <span class='ocrx_word' id='word_1_514' title='bbox 1442 3699 1498 3744; x_wconf 89' lang='lat' dir='ltr'><strong>et</strong></span> <span class='ocrx_word' id='word_1_515' title='bbox 1537 3689 1652 3758; x_wconf 90' lang='lat' dir='ltr'><strong>ejus</strong></span> <span class='ocrx_word' id='word_1_516' title='bbox 1677 3691 1770 3760; x_wconf 92' lang='lat' dir='ltr'><strong>qui</strong></span> 
     </span>
    </p>
   </div>
   <div class='ocr_carea' id='block_1_67' title="bbox 177 3777 1772 3848">
    <p class='ocr_par' dir='ltr' id='par_1_67' title="bbox 177 3777 1772 3848">
     <span class='ocr_line' id='line_1_67' title="bbox 177 3777 1772 3848; baseline 0.005 -16"><span class='ocrx_word' id='word_1_517' title='bbox 177 3781 323 3832; x_wconf 83' lang='lat' dir='ltr'><strong>forte</strong></span> <span class='ocrx_word' id='word_1_518' title='bbox 376 3777 429 3832; x_wconf 92' lang='lat' dir='ltr'><strong>in</strong></span> <span class='ocrx_word' id='word_1_519' title='bbox 484 3779 804 3848; x_wconf 87' lang='lat' dir='ltr'><strong>quibusdam</strong></span> <span class='ocrx_word' id='word_1_520' title='bbox 841 3778 1178 3837; x_wconf 83' lang='lat' dir='ltr'><strong>facinoribus</strong></span> <span class='ocrx_word' id='word_1_521' title='bbox 1211 3783 1488 3837; x_wconf 89' lang='lat' dir='ltr'><strong>ceciderit.</strong></span> <span class='ocrx_word' id='word_1_522' title='bbox 1521 3783 1624 3840; x_wconf 92' lang='lat' dir='ltr'><strong>Per</strong></span> <span class='ocrx_word' id='word_1_523' title='bbox 1672 3785 1772 3840; x_wconf 88' lang='lat' dir='ltr'><strong>hoc</strong></span> 
     </span>
    </p>
   </div>
   <div class='ocr_carea' id='block_1_68' title="bbox 177 3869 1768 3945">
    <p class='ocr_par' dir='ltr' id='par_1_68' title="bbox 177 3869 1768 3945">
     <span class='ocr_line' id='line_1_68' title="bbox 177 3869 1768 3945; baseline 0.004 -20"><span class='ocrx_word' id='word_1_524' title='bbox 177 3885 316 3937; x_wconf 70' lang='lat' dir='ltr'><strong>ergo</strong></span> <span class='ocrx_word' id='word_1_525' title='bbox 342 3870 484 3937; x_wconf 87' lang='lat' dir='ltr'><strong>quod</strong></span> <span class='ocrx_word' id='word_1_526' title='bbox 512 3870 708 3925; x_wconf 88' lang='lat' dir='ltr'><strong>dicitur</strong></span> <span class='ocrx_word' id='word_1_527' title='bbox 739 3887 751 3924; x_wconf 92' lang='lat'>:</span> <span class='ocrx_word' id='word_1_528' title='bbox 777 3869 961 3926; x_wconf 85' lang='lat' dir='ltr'><strong>Facite</strong></span> <span class='ocrx_word' id='word_1_529' title='bbox 993 3873 1196 3941; x_wconf 84' lang='lat' dir='ltr'><strong>fructus</strong></span> <span class='ocrx_word' id='word_1_530' title='bbox 1221 3873 1409 3943; x_wconf 83' lang='lat' dir='ltr'><strong>dignos</strong></span> <span class='ocrx_word' id='word_1_531' title='bbox 1433 3877 1768 3945; x_wconf 81' lang='lat' dir='ltr'><strong>pomitentiw,</strong></span> 
     </span>
    </p>
   </div>
   <div class='ocr_carea' id='block_1_69' title="bbox 177 3961 1771 4030">
    <p class='ocr_par' dir='ltr' id='par_1_69' title="bbox 177 3961 1771 4030">
     <span class='ocr_line' id='line_1_69' title="bbox 177 3961 1771 4030; baseline 0.003 -15"><span class='ocrx_word' id='word_1_532' title='bbox 177 3961 609 4030; x_wconf 79' lang='lat' dir='ltr'><strong>uniuscujusque</strong></span> <span class='ocrx_word' id='word_1_533' title='bbox 657 3963 990 4017; x_wconf 85' lang='lat' dir='ltr'><strong>conscientia</strong></span> <span class='ocrx_word' id='word_1_534' title='bbox 1037 3964 1362 4019; x_wconf 88' lang='lat' dir='ltr'><strong>convenitur</strong></span> <span class='ocrx_word' id='word_1_535' title='bbox 1392 4007 1407 4029; x_wconf 93' lang='lat'><strong>,</strong></span> <span class='ocrx_word' id='word_1_536' title='bbox 1463 3975 1523 4020; x_wconf 91' lang='lat' dir='ltr'><strong>ut</strong></span> <span class='ocrx_word' id='word_1_537' title='bbox 1564 3975 1771 4022; x_wconf 90' lang='lat' dir='ltr'><strong>tantum</strong></span> 
     </span>
    </p>
   </div>
   <div class='ocr_carea' id='block_1_70' title="bbox 174 4055 1770 4127">
    <p class='ocr_par' dir='ltr' id='par_1_70' title="bbox 174 4055 1770 4127">
     <span class='ocr_line' id='line_1_70' title="bbox 174 4055 1770 4127; baseline 0.002 -18"><span class='ocrx_word' id='word_1_538' title='bbox 174 4055 448 4110; x_wconf 85' lang='lat' dir='ltr'><strong>bonorum</strong></span> <span class='ocrx_word' id='word_1_539' title='bbox 500 4069 724 4124; x_wconf 86' lang='lat' dir='ltr'><strong>operum</strong></span> <span class='ocrx_word' id='word_1_540' title='bbox 765 4064 971 4124; x_wconf 64' lang='lat' dir='ltr'><strong>quierat</strong></span> <span class='ocrx_word' id='word_1_541' title='bbox 1017 4055 1168 4111; x_wconf 90' lang='lat' dir='ltr'><strong>lucra</strong></span> <span class='ocrx_word' id='word_1_542' title='bbox 1213 4072 1310 4126; x_wconf 91' lang='lat' dir='ltr'><strong>per</strong></span> <span class='ocrx_word' id='word_1_543' title='bbox 1357 4059 1728 4127; x_wconf 83' lang='lat' dir='ltr'><strong>paenitentiam</strong></span> <span class='ocrx_word' id='word_1_544' title='bbox 1754 4099 1770 4125; x_wconf 92' lang='lat'><strong>,</strong></span> 
     </span>
    </p>
   </div>
   <div class='ocr_carea' id='block_1_71' title="bbox 175 4148 1769 4222">
    <p class='ocr_par' dir='ltr' id='par_1_71' title="bbox 175 4148 1769 4222">
     <span class='ocr_line' id='line_1_71' title="bbox 175 4148 1769 4222; baseline 0.003 -22"><span class='ocrx_word' id='word_1_545' title='bbox 175 4159 391 4217; x_wconf 87' lang='lat' dir='ltr'><strong>quanto</strong></span> <span class='ocrx_word' id='word_1_546' title='bbox 435 4148 689 4218; x_wconf 84' lang='lat' dir='ltr'><strong>graviora</strong></span> <span class='ocrx_word' id='word_1_547' title='bbox 741 4149 843 4203; x_wconf 89' lang='lat' dir='ltr'><strong>sibi</strong></span> <span class='ocrx_word' id='word_1_548' title='bbox 905 4150 1100 4205; x_wconf 90' lang='lat' dir='ltr'><strong>damna</strong></span> <span class='ocrx_word' id='word_1_549' title='bbox 1154 4150 1335 4205; x_wconf 90' lang='lat' dir='ltr'><strong>intulit</strong></span> <span class='ocrx_word' id='word_1_550' title='bbox 1375 4167 1473 4222; x_wconf 88' lang='lat' dir='ltr'><strong>per</strong></span> <span class='ocrx_word' id='word_1_551' title='bbox 1522 4151 1769 4222; x_wconf 89' lang='lat' dir='ltr'><strong>culpam;</strong></span> 
     </span>
    </p>
   </div>
   <div class='ocr_carea' id='block_1_72' title="bbox 174 4238 1770 4310">
    <p class='ocr_par' dir='ltr' id='par_1_72' title="bbox 174 4238 1770 4310">
     <span class='ocr_line' id='line_1_72' title="bbox 174 4238 1770 4310; baseline 0.001 -17"><span class='ocrx_word' id='word_1_552' title='bbox 174 4239 423 4310; x_wconf 79' lang='lat' dir='ltr'><strong>alioquin</strong></span> <span class='ocrx_word' id='word_1_553' title='bbox 456 4238 572 4308; x_wconf 90' lang='lat' dir='ltr'><strong>jam</strong></span> <span class='ocrx_word' id='word_1_554' title='bbox 609 4240 816 4294; x_wconf 91' lang='lat' dir='ltr'><strong>securis</strong></span> <span class='ocrx_word' id='word_1_555' title='bbox 840 4240 1018 4310; x_wconf 89' lang='lat' dir='ltr'><strong>posita</strong></span> <span class='ocrx_word' id='word_1_556' title='bbox 1044 4249 1128 4296; x_wconf 88' lang='lat' dir='ltr'><strong>est</strong></span> <span class='ocrx_word' id='word_1_557' title='bbox 1157 4242 1223 4296; x_wconf 89' lang='lat' dir='ltr'><strong>ad</strong></span> <span class='ocrx_word' id='word_1_558' title='bbox 1255 4242 1466 4298; x_wconf 90' lang='lat' dir='ltr'><strong>radices</strong></span> <span class='ocrx_word' id='word_1_559' title='bbox 1491 4243 1770 4306; x_wconf 87' lang='lat' dir='ltr'><strong>arborum,</strong></span> 
     </span>
    </p>
   </div>
   <div class='ocr_carea' id='block_1_73' title="bbox 173 4329 1770 4400">
    <p class='ocr_par' dir='ltr' id='par_1_73' title="bbox 173 4329 1770 4400">
     <span class='ocr_line' id='line_1_73' title="bbox 173 4329 1770 4400; baseline 0.005 -20"><span class='ocrx_word' id='word_1_560' title='bbox 173 4341 454 4398; x_wconf 85' lang='lat' dir='ltr'><strong>quatenus</strong></span> <span class='ocrx_word' id='word_1_561' title='bbox 478 4330 707 4400; x_wconf 88' lang='lat' dir='ltr'><strong>quisque</strong></span> <span class='ocrx_word' id='word_1_562' title='bbox 745 4329 1109 4387; x_wconf 88' lang='lat' dir='ltr'><strong>infructuosus</strong></span> <span class='ocrx_word' id='word_1_563' title='bbox 1149 4333 1396 4388; x_wconf 92' lang='lat' dir='ltr'><strong>cominus</strong></span> <span class='ocrx_word' id='word_1_564' title='bbox 1424 4333 1733 4388; x_wconf 90' lang='lat' dir='ltr'><strong>succidatur</strong></span> <span class='ocrx_word' id='word_1_565' title='bbox 1755 4374 1770 4400; x_wconf 94' lang='lat'><strong>,</strong></span> 
     </span>
    </p>
   </div>
   <div class='ocr_carea' id='block_1_74' title="bbox 175 4422 1773 4494">
    <p class='ocr_par' dir='ltr' id='par_1_74' title="bbox 175 4422 1773 4494">
     <span class='ocr_line' id='line_1_74' title="bbox 175 4422 1773 4494; baseline 0.001 -18"><span class='ocrx_word' id='word_1_566' title='bbox 175 4423 224 4477; x_wconf 86' lang='lat' dir='ltr'><strong>si</strong></span> <span class='ocrx_word' id='word_1_567' title='bbox 268 4432 399 4492; x_wconf 92' lang='lat' dir='ltr'><strong>post</strong></span> <span class='ocrx_word' id='word_1_568' title='bbox 446 4431 687 4478; x_wconf 89' lang='lat' dir='ltr'><strong>stercora</strong></span> <span class='ocrx_word' id='word_1_569' title='bbox 750 4425 1087 4492; x_wconf 68' lang='lat' dir='ltr'><strong>paenitentia:</strong></span> <span class='ocrx_word' id='word_1_570' title='bbox 1155 4422 1363 4479; x_wconf 89' lang='lat' dir='ltr'><strong>fructus</strong></span> <span class='ocrx_word' id='word_1_571' title='bbox 1420 4424 1608 4494; x_wconf 88' lang='lat' dir='ltr'><strong>dignos</strong></span> <span class='ocrx_word' id='word_1_572' title='bbox 1666 4440 1773 4479; x_wconf 90' lang='lat' dir='ltr'><strong>non</strong></span> 
     </span>
    </p>
   </div>
   <div class='ocr_carea' id='block_1_75' title="bbox 180 4513 1773 4585">
    <p class='ocr_par' dir='ltr' id='par_1_75' title="bbox 180 4513 1773 4585">
     <span class='ocr_line' id='line_1_75' title="bbox 180 4513 1773 4585; baseline 0 -16"><span class='ocrx_word' id='word_1_573' title='bbox 180 4515 392 4569; x_wconf 89' lang='lat' dir='ltr'><strong>tulerit.</strong></span> <span class='ocrx_word' id='word_1_574' title='bbox 410 4513 542 4582; x_wconf 64' lang='lat' dir='ltr'><strong>Quae</strong></span> <span class='ocrx_word' id='word_1_575' title='bbox 563 4514 768 4569; x_wconf 88' lang='lat' dir='ltr'><strong>securis</strong></span> <span class='ocrx_word' id='word_1_576' title='bbox 798 4530 1030 4585; x_wconf 91' lang='lat' dir='ltr'><strong>namque</strong></span> <span class='ocrx_word' id='word_1_577' title='bbox 1055 4515 1307 4570; x_wconf 89' lang='lat' dir='ltr'><strong>Christus</strong></span> <span class='ocrx_word' id='word_1_578' title='bbox 1334 4523 1417 4569; x_wconf 90' lang='lat' dir='ltr'><strong>est</strong></span> <span class='ocrx_word' id='word_1_579' title='bbox 1438 4515 1773 4580; x_wconf 82' lang='lat' dir='ltr'><strong>incarnatus,</strong></span> 
     </span>
    </p>
   </div>
   <div class='ocr_carea' id='block_1_76' title="bbox 178 4605 1774 4675">
    <p class='ocr_par' dir='ltr' id='par_1_76' title="bbox 178 4605 1774 4675">
     <span class='ocr_line' id='line_1_76' title="bbox 178 4605 1774 4675; baseline 0.001 -16"><span class='ocrx_word' id='word_1_580' title='bbox 178 4606 399 4660; x_wconf 85' lang='lat' dir='ltr'><strong>duabus</strong></span> <span class='ocrx_word' id='word_1_581' title='bbox 437 4605 624 4660; x_wconf 87' lang='lat' dir='ltr'><strong>unitus</strong></span> <span class='ocrx_word' id='word_1_582' title='bbox 651 4606 998 4669; x_wconf 87' lang='lat' dir='ltr'><strong>substantiis;</strong></span> <span class='ocrx_word' id='word_1_583' title='bbox 1025 4614 1082 4659; x_wconf 90' lang='lat' dir='ltr'><strong>ut</strong></span> <span class='ocrx_word' id='word_1_584' title='bbox 1106 4606 1200 4675; x_wconf 91' lang='lat' dir='ltr'><strong>qui</strong></span> <span class='ocrx_word' id='word_1_585' title='bbox 1240 4621 1337 4674; x_wconf 91' lang='lat' dir='ltr'><strong>per</strong></span> <span class='ocrx_word' id='word_1_586' title='bbox 1385 4606 1774 4661; x_wconf 86' lang='lat' dir='ltr'><strong>humanitatem</strong></span> 
     </span>
    </p>
   </div>
   <div class='ocr_carea' id='block_1_77' title="bbox 179 4699 1776 4770">
    <p class='ocr_par' dir='ltr' id='par_1_77' title="bbox 179 4699 1776 4770">
     <span class='ocr_line' id='line_1_77' title="bbox 179 4699 1776 4770; baseline -0.002 -14"><span class='ocrx_word' id='word_1_587' title='bbox 179 4701 336 4770; x_wconf 86' lang='lat' dir='ltr'><strong>quasi</strong></span> <span class='ocrx_word' id='word_1_588' title='bbox 385 4715 551 4754; x_wconf 91' lang='lat' dir='ltr'><strong>manu</strong></span> <span class='ocrx_word' id='word_1_589' title='bbox 589 4708 800 4754; x_wconf 89' lang='lat' dir='ltr'><strong>tenetur</strong></span> <span class='ocrx_word' id='word_1_590' title='bbox 841 4699 1341 4769; x_wconf 87' lang='lat' dir='ltr'><strong>comprehensionis</strong></span> <span class='ocrx_word' id='word_1_591' title='bbox 1394 4709 1631 4764; x_wconf 66' lang='lat' dir='ltr'><strong>nostrae,</strong></span> <span class='ocrx_word' id='word_1_592' title='bbox 1677 4714 1776 4770; x_wconf 91' lang='lat' dir='ltr'><strong>per</strong></span> 
     </span>
    </p>
   </div>
   <div class='ocr_carea' id='block_1_78' title="bbox 181 4789 1776 4845">
    <p class='ocr_par' dir='ltr' id='par_1_78' title="bbox 181 4789 1776 4845">
     <span class='ocr_line' id='line_1_78' title="bbox 181 4789 1776 4845; baseline -0.001 0"><span class='ocrx_word' id='word_1_593' title='bbox 181 4791 532 4845; x_wconf 82' lang='lat' dir='ltr'><strong>divinitatem</strong></span> <span class='ocrx_word' id='word_1_594' title='bbox 575 4789 802 4845; x_wconf 90' lang='lat' dir='ltr'><strong>interius</strong></span> <span class='ocrx_word' id='word_1_595' title='bbox 841 4790 908 4843; x_wconf 90' lang='lat' dir='ltr'><strong>ad</strong></span> <span class='ocrx_word' id='word_1_596' title='bbox 955 4789 1165 4843; x_wconf 87' lang='lat' dir='ltr'><strong>radices</strong></span> <span class='ocrx_word' id='word_1_597' title='bbox 1193 4789 1541 4844; x_wconf 74' lang='lat' dir='ltr'><strong>conscientize</strong></span> <span class='ocrx_word' id='word_1_598' title='bbox 1580 4799 1776 4844; x_wconf 64' lang='lat' dir='ltr'><strong>nostra</strong></span> 
     </span>
    </p>
   </div>
   <div class='ocr_carea' id='block_1_79' title="bbox 183 4881 1777 4952">
    <p class='ocr_par' dir='ltr' id='par_1_79' title="bbox 183 4881 1777 4952">
     <span class='ocr_line' id='line_1_79' title="bbox 183 4881 1777 4952; baseline -0.001 -15"><span class='ocrx_word' id='word_1_599' title='bbox 183 4885 418 4950; x_wconf 86' lang='lat' dir='ltr'><strong>positus,</strong></span> <span class='ocrx_word' id='word_1_600' title='bbox 453 4882 587 4936; x_wconf 92' lang='lat' dir='ltr'><strong>inibi</strong></span> <span class='ocrx_word' id='word_1_601' title='bbox 613 4882 658 4936; x_wconf 91' lang='lat' dir='ltr'><strong>si</strong></span> <span class='ocrx_word' id='word_1_602' title='bbox 689 4882 780 4952; x_wconf 93' lang='lat' dir='ltr'><strong>qui</strong></span> <span class='ocrx_word' id='word_1_603' title='bbox 810 4891 936 4937; x_wconf 90' lang='lat' dir='ltr'><strong>sunt</strong></span> <span class='ocrx_word' id='word_1_604' title='bbox 965 4881 1284 4936; x_wconf 87' lang='lat' dir='ltr'><strong>infructuosi</strong></span> <span class='ocrx_word' id='word_1_605' title='bbox 1306 4881 1545 4937; x_wconf 83' lang='lat' dir='ltr'><strong>vivacius</strong></span> <span class='ocrx_word' id='word_1_606' title='bbox 1565 4883 1777 4937; x_wconf 86' lang='lat' dir='ltr'><strong>abscin-</strong></span> 
     </span>
    </p>
   </div>
   <div class='ocr_carea' id='block_1_80' title="bbox 183 4971 1778 5042">
    <p class='ocr_par' dir='ltr' id='par_1_80' title="bbox 183 4971 1778 5042">
     <span class='ocr_line' id='line_1_80' title="bbox 183 4971 1778 5042; baseline -0.003 -15"><span class='ocrx_word' id='word_1_607' title='bbox 183 4973 406 5027; x_wconf 87' lang='lat' dir='ltr'><strong>dantur.</strong></span> <span class='ocrx_word' id='word_1_608' title='bbox 445 4972 587 5039; x_wconf 88' lang='lat' dir='ltr'><strong>Quia</strong></span> <span class='ocrx_word' id='word_1_609' title='bbox 621 4973 724 5026; x_wconf 89' lang='lat' dir='ltr'><strong>etsi</strong></span> <span class='ocrx_word' id='word_1_610' title='bbox 765 4972 1036 5026; x_wconf 88' lang='lat' dir='ltr'><strong>interdum</strong></span> <span class='ocrx_word' id='word_1_611' title='bbox 1084 4985 1180 5042; x_wconf 89' lang='lat' dir='ltr'><strong>per</strong></span> <span class='ocrx_word' id='word_1_612' title='bbox 1208 4971 1523 5041; x_wconf 87' lang='lat' dir='ltr'><strong>patientiam</strong></span> <span class='ocrx_word' id='word_1_613' title='bbox 1555 4985 1655 5026; x_wconf 91' lang='lat' dir='ltr'><strong>nos</strong></span> <span class='ocrx_word' id='word_1_614' title='bbox 1685 4985 1778 5025; x_wconf 86' lang='lat' dir='ltr'><strong>ex-</strong></span> 
     </span>
    </p>
   </div>
   <div class='ocr_carea' id='block_1_81' title="bbox 185 5065 1774 5136">
    <p class='ocr_par' dir='ltr' id='par_1_81' title="bbox 185 5065 1774 5136">
     <span class='ocr_line' id='line_1_81' title="bbox 185 5065 1774 5136; baseline 0 -16"><span class='ocrx_word' id='word_1_615' title='bbox 185 5075 421 5136; x_wconf 81' lang='lat' dir='ltr'><strong>spectat,</strong></span> <span class='ocrx_word' id='word_1_616' title='bbox 436 5081 538 5136; x_wconf 90' lang='lat' dir='ltr'><strong>per</strong></span> <span class='ocrx_word' id='word_1_617' title='bbox 554 5066 898 5120; x_wconf 89' lang='lat' dir='ltr'><strong>Divinitatem</strong></span> <span class='ocrx_word' id='word_1_618' title='bbox 917 5065 1189 5120; x_wconf 80' lang='lat' dir='ltr'><strong>examinat</strong></span> <span class='ocrx_word' id='word_1_619' title='bbox 1203 5074 1257 5119; x_wconf 85' lang='lat' dir='ltr'><strong>et</strong></span> <span class='ocrx_word' id='word_1_620' title='bbox 1269 5065 1523 5135; x_wconf 92' lang='lat' dir='ltr'><strong>disponit,</strong></span> <span class='ocrx_word' id='word_1_621' title='bbox 1540 5066 1774 5136; x_wconf 86' lang='lat' dir='ltr'><strong>quando,</strong></span> 
     </span>
    </p>
   </div>
   <div class='ocr_carea' id='block_1_82' title="bbox 185 5157 1780 5228">
    <p class='ocr_par' dir='ltr' id='par_1_82' title="bbox 185 5157 1780 5228">
     <span class='ocr_line' id='line_1_82' title="bbox 185 5157 1780 5228; baseline 0.002 -18"><span class='ocrx_word' id='word_1_622' title='bbox 185 5161 266 5212; x_wconf 87' lang='lat' dir='ltr'><strong>vel</strong></span> <span class='ocrx_word' id='word_1_623' title='bbox 320 5167 627 5228; x_wconf 88' lang='lat' dir='ltr'><strong>quantum,</strong></span> <span class='ocrx_word' id='word_1_624' title='bbox 674 5173 775 5228; x_wconf 90' lang='lat' dir='ltr'><strong>pro</strong></span> <span class='ocrx_word' id='word_1_625' title='bbox 808 5157 1070 5228; x_wconf 89' lang='lat' dir='ltr'><strong>qualitate</strong></span> <span class='ocrx_word' id='word_1_626' title='bbox 1120 5157 1299 5213; x_wconf 91' lang='lat' dir='ltr'><strong>delicti</strong></span> <span class='ocrx_word' id='word_1_627' title='bbox 1340 5173 1780 5228; x_wconf 90' lang='lat' dir='ltr'><strong>unumquemque</strong></span> 
     </span>
    </p>
   </div>
   <div class='ocr_carea' id='block_1_83' title="bbox 186 5247 1782 5319">
    <p class='ocr_par' dir='ltr' id='par_1_83' title="bbox 186 5247 1782 5319">
     <span class='ocr_line' id='line_1_83' title="bbox 186 5247 1782 5319; baseline 0.001 -17"><span class='ocrx_word' id='word_1_628' title='bbox 186 5250 367 5304; x_wconf 85' lang='lat' dir='ltr'><strong>feriat.</strong></span> <span class='ocrx_word' id='word_1_629' title='bbox 401 5247 598 5304; x_wconf 80' lang='lat' dir='ltr'><strong>Eﬁicax</strong></span> <span class='ocrx_word' id='word_1_630' title='bbox 628 5257 712 5304; x_wconf 89' lang='lat' dir='ltr'><strong>est</strong></span> <span class='ocrx_word' id='word_1_631' title='bbox 743 5249 890 5303; x_wconf 92' lang='lat' dir='ltr'><strong>enim</strong></span> <span class='ocrx_word' id='word_1_632' title='bbox 926 5248 1022 5304; x_wconf 90' lang='lat' dir='ltr'><strong>Dei</strong></span> <span class='ocrx_word' id='word_1_633' title='bbox 1063 5263 1268 5314; x_wconf 88' lang='lat' dir='ltr'><strong>sermo,</strong></span> <span class='ocrx_word' id='word_1_634' title='bbox 1308 5259 1360 5304; x_wconf 86' lang='lat' dir='ltr'><strong>et</strong></span> <span class='ocrx_word' id='word_1_635' title='bbox 1400 5249 1782 5319; x_wconf 91' lang='lat' dir='ltr'><strong>penetrabilior</strong></span> 
     </span>
    </p>
   </div>
   <div class='ocr_carea' id='block_1_84' title="bbox 187 5339 1782 5410">
    <p class='ocr_par' dir='ltr' id='par_1_84' title="bbox 187 5339 1782 5410">
     <span class='ocr_line' id='line_1_84' title="bbox 187 5339 1782 5410; baseline 0.001 -16"><span class='ocrx_word' id='word_1_636' title='bbox 187 5355 292 5395; x_wconf 86' lang='lat' dir='ltr'><strong>non</strong></span> <span class='ocrx_word' id='word_1_637' title='bbox 325 5339 492 5394; x_wconf 89' lang='lat' dir='ltr'><strong>modo</strong></span> <span class='ocrx_word' id='word_1_638' title='bbox 528 5341 731 5405; x_wconf 88' lang='lat' dir='ltr'><strong>securi,</strong></span> <span class='ocrx_word' id='word_1_639' title='bbox 772 5355 962 5394; x_wconf 88' lang='lat' dir='ltr'><strong>verum</strong></span> <span class='ocrx_word' id='word_1_640' title='bbox 993 5339 1141 5395; x_wconf 93' lang='lat' dir='ltr'><strong>omni</strong></span> <span class='ocrx_word' id='word_1_641' title='bbox 1187 5340 1367 5410; x_wconf 90' lang='lat' dir='ltr'><strong>gladio</strong></span> <span class='ocrx_word' id='word_1_642' title='bbox 1392 5340 1634 5410; x_wconf 89' lang='lat' dir='ltr'><strong>ancipiti,</strong></span> <span class='ocrx_word' id='word_1_643' title='bbox 1659 5355 1782 5409; x_wconf 91' lang='lat' dir='ltr'><strong>per-</strong></span> 
     </span>
    </p>
   </div>
   <div class='ocr_carea' id='block_1_85' title="bbox 189 5429 1778 5502">
    <p class='ocr_par' dir='ltr' id='par_1_85' title="bbox 189 5429 1778 5502">
     <span class='ocr_line' id='line_1_85' title="bbox 189 5429 1778 5502; baseline 0.003 -20"><span class='ocrx_word' id='word_1_644' title='bbox 189 5432 404 5502; x_wconf 86' lang='lat' dir='ltr'><strong>tingens</strong></span> <span class='ocrx_word' id='word_1_645' title='bbox 438 5445 614 5501; x_wconf 89' lang='lat' dir='ltr'><strong>usque</strong></span> <span class='ocrx_word' id='word_1_646' title='bbox 643 5431 711 5486; x_wconf 90' lang='lat' dir='ltr'><strong>ad</strong></span> <span class='ocrx_word' id='word_1_647' title='bbox 730 5429 1059 5486; x_wconf 89' lang='lat' dir='ltr'><strong>divisionem</strong></span> <span class='ocrx_word' id='word_1_648' title='bbox 1103 5429 1405 5486; x_wconf 89' lang='lat' dir='ltr'><strong>animarum</strong></span> <span class='ocrx_word' id='word_1_649' title='bbox 1435 5440 1490 5485; x_wconf 90' lang='lat' dir='ltr'><strong>et</strong></span> <span class='ocrx_word' id='word_1_650' title='bbox 1518 5431 1738 5501; x_wconf 77' lang='lat' dir='ltr'><strong>Spiritus</strong></span> <span class='ocrx_word' id='word_1_651' title='bbox 1763 5471 1778 5496; x_wconf 97' lang='lat'><strong>,</strong></span> 
     </span>
    </p>
   </div>
   <div class='ocr_carea' id='block_1_86' title="bbox 185 5510 1782 5594">
    <p class='ocr_par' dir='ltr' id='par_1_86' title="bbox 185 5510 1782 5594">
     <span class='ocr_line' id='line_1_86' title="bbox 185 5510 1782 5594; baseline -0.001 -16"><span class='ocrx_word' id='word_1_652' title='bbox 185 5539 515 5594; x_wconf 82' lang='lat' dir='ltr'><strong>compagum</strong></span> <span class='ocrx_word' id='word_1_653' title='bbox 541 5538 758 5594; x_wconf 88' lang='lat' dir='ltr'><strong>quoque</strong></span> <span class='ocrx_word' id='word_1_654' title='bbox 779 5531 838 5580; x_wconf 90' lang='lat' dir='ltr'><strong>et</strong></span> <span class='ocrx_word' id='word_1_655' title='bbox 867 5510 1223 5578; x_wconf 76' lang='lat' dir='ltr'><strong>medullarum</strong></span> <span class='ocrx_word' id='word_1_656' title='bbox 1252 5538 1314 5578; x_wconf 92' lang='lat' dir='ltr'><strong>ac</strong></span> <span class='ocrx_word' id='word_1_657' title='bbox 1346 5524 1610 5578; x_wconf 90' lang='lat' dir='ltr'><strong>discretor</strong></span> <span class='ocrx_word' id='word_1_658' title='bbox 1637 5522 1782 5593; x_wconf 89' lang='lat' dir='ltr'><strong>cogi-</strong></span> 
     </span>
    </p>
   </div>
   <div class='ocr_carea' id='block_1_87' title="bbox 186 5614 1782 5686">
    <p class='ocr_par' dir='ltr' id='par_1_87' title="bbox 186 5614 1782 5686">
     <span class='ocr_line' id='line_1_87' title="bbox 186 5614 1782 5686; baseline 0.001 -17"><span class='ocrx_word' id='word_1_659' title='bbox 186 5617 460 5672; x_wconf 81' lang='lat' dir='ltr'><strong>tationum</strong></span> <span class='ocrx_word' id='word_1_660' title='bbox 494 5625 596 5670; x_wconf 86' lang='lat' dir='ltr'><strong>est.</strong></span> <span class='ocrx_word' id='word_1_661' title='bbox 629 5614 762 5683; x_wconf 78' lang='lat' dir='ltr'><strong>Qua:</strong></span> <span class='ocrx_word' id='word_1_662' title='bbox 791 5615 1150 5686; x_wconf 84' lang='lat' dir='ltr'><strong>cogitationes</strong></span> <span class='ocrx_word' id='word_1_663' title='bbox 1196 5631 1305 5671; x_wconf 91' lang='lat' dir='ltr'><strong>non</strong></span> <span class='ocrx_word' id='word_1_664' title='bbox 1351 5616 1645 5685; x_wconf 83' lang='lat' dir='ltr'><strong>incongrue</strong></span> <span class='ocrx_word' id='word_1_665' title='bbox 1695 5629 1782 5670; x_wconf 90' lang='lat' dir='ltr'><strong>ra-</strong></span> 
     </span>
    </p>
   </div>
   <div class='ocr_carea' id='block_1_88' title="bbox 186 5707 1782 5781">
    <p class='ocr_par' dir='ltr' id='par_1_88' title="bbox 186 5707 1782 5781">
     <span class='ocr_line' id='line_1_88' title="bbox 186 5707 1782 5781; baseline 0.002 -22"><span class='ocrx_word' id='word_1_666' title='bbox 186 5707 336 5763; x_wconf 86' lang='lat' dir='ltr'><strong>dices</strong></span> <span class='ocrx_word' id='word_1_667' title='bbox 367 5709 624 5763; x_wconf 88' lang='lat' dir='ltr'><strong>arborum</strong></span> <span class='ocrx_word' id='word_1_668' title='bbox 658 5716 1066 5781; x_wconf 91' lang='lat' dir='ltr'><strong>nuncupantur,</strong></span> <span class='ocrx_word' id='word_1_669' title='bbox 1098 5707 1225 5779; x_wconf 90' lang='lat' dir='ltr'><strong>quia</strong></span> <span class='ocrx_word' id='word_1_670' title='bbox 1266 5707 1406 5763; x_wconf 91' lang='lat' dir='ltr'><strong>sicut</strong></span> <span class='ocrx_word' id='word_1_671' title='bbox 1443 5721 1557 5778; x_wconf 60' lang='lat' dir='ltr'><strong>per,</strong></span> <span class='ocrx_word' id='word_1_672' title='bbox 1573 5707 1782 5763; x_wconf 90' lang='lat' dir='ltr'><strong>radices</strong></span> 
     </span>
    </p>
   </div>
   <div class='ocr_carea' id='block_1_89' title="bbox 186 5801 1782 5874">
    <p class='ocr_par' dir='ltr' id='par_1_89' title="bbox 186 5801 1782 5874">
     <span class='ocr_line' id='line_1_89' title="bbox 186 5801 1782 5874; baseline 0.002 -19"><span class='ocrx_word' id='word_1_673' title='bbox 186 5803 418 5857; x_wconf 84' lang='lat' dir='ltr'><strong>arbores</strong></span> <span class='ocrx_word' id='word_1_674' title='bbox 458 5801 850 5860; x_wconf 86' lang='lat' dir='ltr'><strong>fructiﬁcantes</strong></span> <span class='ocrx_word' id='word_1_675' title='bbox 892 5802 1130 5874; x_wconf 87' lang='lat' dir='ltr'><strong>ﬁguntur</strong></span> <span class='ocrx_word' id='word_1_676' title='bbox 1157 5803 1213 5860; x_wconf 93' lang='lat' dir='ltr'><strong>in</strong></span> <span class='ocrx_word' id='word_1_677' title='bbox 1241 5809 1385 5858; x_wconf 87' lang='lat' dir='ltr'><strong>terra</strong></span> <span class='ocrx_word' id='word_1_678' title='bbox 1423 5817 1435 5854; x_wconf 92' lang='lat'><strong>:</strong></span> <span class='ocrx_word' id='word_1_679' title='bbox 1482 5801 1552 5856; x_wconf 89' lang='lat' dir='ltr'><strong>ita</strong></span> <span class='ocrx_word' id='word_1_680' title='bbox 1599 5810 1651 5856; x_wconf 87' lang='lat' dir='ltr'><strong>et</strong></span> <span class='ocrx_word' id='word_1_681' title='bbox 1688 5815 1782 5858; x_wconf 89' lang='lat' dir='ltr'><strong>nos</strong></span> 
     </span>
    </p>
   </div>
   <div class='ocr_carea' id='block_1_90' title="bbox 1873 3333 3465 3403">
    <p class='ocr_par' dir='ltr' id='par_1_90' title="bbox 1873 3333 3465 3403">
     <span class='ocr_line' id='line_1_90' title="bbox 1873 3333 3465 3403; baseline 0.004 -21"><span class='ocrx_word' id='word_1_682' title='bbox 1873 3339 2049 3382; x_wconf 85' lang='lat' dir='ltr'><strong>autem</strong></span> <span class='ocrx_word' id='word_1_683' title='bbox 2074 3339 2189 3398; x_wconf 91' lang='lat' dir='ltr'><strong>post</strong></span> <span class='ocrx_word' id='word_1_684' title='bbox 2224 3346 2306 3384; x_wconf 87' lang='lat' dir='ltr'><strong>me</strong></span> <span class='ocrx_word' id='word_1_685' title='bbox 2333 3341 2582 3386; x_wconf 84' lang='lat' dir='ltr'><strong>venturus</strong></span> <span class='ocrx_word' id='word_1_686' title='bbox 2602 3340 2700 3396; x_wconf 85' lang='lat' dir='ltr'><strong>est,</strong></span> <span class='ocrx_word' id='word_1_687' title='bbox 2730 3333 2920 3400; x_wconf 77' lang='lat' dir='ltr'><strong>fortior</strong></span> <span class='ocrx_word' id='word_1_688' title='bbox 2948 3349 3029 3387; x_wconf 87' lang='lat' dir='ltr'><strong>me</strong></span> <span class='ocrx_word' id='word_1_689' title='bbox 3051 3342 3146 3397; x_wconf 77' lang='lat' dir='ltr'><strong>est,</strong></span> <span class='ocrx_word' id='word_1_690' title='bbox 3177 3335 3330 3403; x_wconf 87' lang='lat' dir='ltr'><strong>cujus</strong></span> <span class='ocrx_word' id='word_1_691' title='bbox 3361 3351 3465 3388; x_wconf 81' lang='lat' dir='ltr'><strong>non</strong></span> 
     </span>
    </p>
   </div>
   <div class='ocr_carea' id='block_1_91' title="bbox 1873 3420 3464 3495">
    <p class='ocr_par' dir='ltr' id='par_1_91' title="bbox 1873 3420 3464 3495">
     <span class='ocr_line' id='line_1_91' title="bbox 1873 3420 3464 3495; baseline 0.003 -20"><span class='ocrx_word' id='word_1_692' title='bbox 1873 3436 1989 3475; x_wconf 87' lang='lat' dir='ltr'><strong>sum</strong></span> <span class='ocrx_word' id='word_1_693' title='bbox 2005 3420 2196 3488; x_wconf 88' lang='lat' dir='ltr'><strong>dignus</strong></span> <span class='ocrx_word' id='word_1_694' title='bbox 2217 3421 2569 3476; x_wconf 85' lang='lat' dir='ltr'><strong>calceamenta</strong></span> <span class='ocrx_word' id='word_1_695' title='bbox 2599 3434 2827 3492; x_wconf 82' lang='lat' dir='ltr'><strong>portare.</strong></span> <span class='ocrx_word' id='word_1_696' title='bbox 2861 3422 2981 3492; x_wconf 84' lang='lat' dir='ltr'><strong>Ipse</strong></span> <span class='ocrx_word' id='word_1_697' title='bbox 3005 3440 3090 3478; x_wconf 84' lang='lat' dir='ltr'><strong>vos</strong></span> <span class='ocrx_word' id='word_1_698' title='bbox 3107 3425 3385 3495; x_wconf 79' lang='lat' dir='ltr'><strong>baptizabit</strong></span> <span class='ocrx_word' id='word_1_699' title='bbox 3408 3426 3464 3480; x_wconf 86' lang='lat' dir='ltr'><strong>in</strong></span> 
     </span>
    </p>
   </div>
   <div class='ocr_carea' id='block_1_92' title="bbox 1876 3509 3460 3582">
    <p class='ocr_par' dir='ltr' id='par_1_92' title="bbox 1876 3509 3460 3582">
     <span class='ocr_line' id='line_1_92' title="bbox 1876 3509 3460 3582; baseline 0.003 -18"><span class='ocrx_word' id='word_1_700' title='bbox 1876 3509 2082 3580; x_wconf 80' lang='lat' dir='ltr'><strong>Spiritu</strong></span> <span class='ocrx_word' id='word_1_701' title='bbox 2121 3521 2302 3565; x_wconf 89' lang='lat' dir='ltr'><strong>sancto</strong></span> <span class='ocrx_word' id='word_1_702' title='bbox 2328 3522 2374 3565; x_wconf 86' lang='lat' dir='ltr'><strong>et</strong></span> <span class='ocrx_word' id='word_1_703' title='bbox 2403 3512 2529 3582; x_wconf 86' lang='lat' dir='ltr'><strong>igni.</strong></span> <span class='ocrx_word' id='word_1_704' title='bbox 2563 3511 2641 3566; x_wconf 91' lang='lat' dir='ltr'><strong>De</strong></span> <span class='ocrx_word' id='word_1_705' title='bbox 2676 3527 2783 3582; x_wconf 92' lang='lat' dir='ltr'><strong>quo</strong></span> <span class='ocrx_word' id='word_1_706' title='bbox 2837 3512 2958 3568; x_wconf 93' lang='lat' dir='ltr'><strong>loco</strong></span> <span class='ocrx_word' id='word_1_707' title='bbox 2983 3514 3116 3567; x_wconf 90' lang='lat' dir='ltr'><strong>satis</strong></span> <span class='ocrx_word' id='word_1_708' title='bbox 3141 3514 3318 3569; x_wconf 88' lang='lat' dir='ltr'><strong>Lucas</strong></span> <span class='ocrx_word' id='word_1_709' title='bbox 3349 3514 3460 3568; x_wconf 89' lang='lat' dir='ltr'><strong>dis-</strong></span> 
     </span>
    </p>
   </div>
   <div class='ocr_carea' id='block_1_93' title="bbox 1876 3601 3463 3670">
    <p class='ocr_par' dir='ltr' id='par_1_93' title="bbox 1876 3601 3463 3670">
     <span class='ocr_line' id='line_1_93' title="bbox 1876 3601 3463 3670; baseline -0.001 -14"><span class='ocrx_word' id='word_1_710' title='bbox 1876 3601 2079 3656; x_wconf 82' lang='lat' dir='ltr'><strong>sentire</strong></span> <span class='ocrx_word' id='word_1_711' title='bbox 2107 3601 2322 3655; x_wconf 90' lang='lat' dir='ltr'><strong>videtur</strong></span> <span class='ocrx_word' id='word_1_712' title='bbox 2355 3601 2552 3665; x_wconf 88' lang='lat' dir='ltr'><strong>verbis,</strong></span> <span class='ocrx_word' id='word_1_713' title='bbox 2585 3601 2836 3670; x_wconf 88' lang='lat' dir='ltr'><strong>quamvis</strong></span> <span class='ocrx_word' id='word_1_714' title='bbox 2866 3601 2936 3655; x_wconf 89' lang='lat' dir='ltr'><strong>ab</strong></span> <span class='ocrx_word' id='word_1_715' title='bbox 2964 3601 3153 3655; x_wconf 88' lang='lat' dir='ltr'><strong>eadem</strong></span> <span class='ocrx_word' id='word_1_716' title='bbox 3192 3602 3463 3657; x_wconf 89' lang='lat' dir='ltr'><strong>sententia</strong></span> 
     </span>
    </p>
   </div>
   <div class='ocr_carea' id='block_1_94' title="bbox 1876 3692 3464 3749">
    <p class='ocr_par' dir='ltr' id='par_1_94' title="bbox 1876 3692 3464 3749">
     <span class='ocr_line' id='line_1_94' title="bbox 1876 3692 3464 3749; baseline 0.001 -1"><span class='ocrx_word' id='word_1_717' title='bbox 1876 3709 1983 3748; x_wconf 93' lang='lat' dir='ltr'><strong>non</strong></span> <span class='ocrx_word' id='word_1_718' title='bbox 2013 3694 2250 3748; x_wconf 88' lang='lat' dir='ltr'><strong>recedat.</strong></span> <span class='ocrx_word' id='word_1_719' title='bbox 2281 3692 2415 3747; x_wconf 80' lang='lat' dir='ltr'><strong>Nam</strong></span> <span class='ocrx_word' id='word_1_720' title='bbox 2444 3708 2566 3748; x_wconf 91' lang='lat' dir='ltr'><strong>cum</strong></span> <span class='ocrx_word' id='word_1_721' title='bbox 2597 3693 2823 3748; x_wconf 84' lang='lat' dir='ltr'><strong>dixisset</strong></span> <span class='ocrx_word' id='word_1_722' title='bbox 2858 3692 3006 3748; x_wconf 90' lang='lat' dir='ltr'><strong>velut</strong></span> <span class='ocrx_word' id='word_1_723' title='bbox 3041 3693 3111 3748; x_wconf 90' lang='lat' dir='ltr'><strong>ad</strong></span> <span class='ocrx_word' id='word_1_724' title='bbox 3143 3707 3330 3749; x_wconf 91' lang='lat' dir='ltr'><strong>eorum</strong></span> <span class='ocrx_word' id='word_1_725' title='bbox 3367 3707 3464 3749; x_wconf 91' lang='lat' dir='ltr'><strong>co-</strong></span> 
     </span>
    </p>
   </div>
   <div class='ocr_carea' id='block_1_95' title="bbox 1877 3783 3466 3856">
    <p class='ocr_par' dir='ltr' id='par_1_95' title="bbox 1877 3783 3466 3856">
     <span class='ocr_line' id='line_1_95' title="bbox 1877 3783 3466 3856; baseline 0.002 -19"><span class='ocrx_word' id='word_1_726' title='bbox 1877 3785 2047 3856; x_wconf 85' lang='lat' dir='ltr'><strong>gitata</strong></span> <span class='ocrx_word' id='word_1_727' title='bbox 2079 3802 2091 3836; x_wconf 80' lang='lat'><strong>2</strong></span> <span class='ocrx_word' id='word_1_728' title='bbox 2128 3784 2243 3853; x_wconf 87' lang='lat' dir='ltr'><strong>Ego</strong></span> <span class='ocrx_word' id='word_1_729' title='bbox 2279 3800 2365 3839; x_wconf 79' lang='lat' dir='ltr'><strong>vos</strong></span> <span class='ocrx_word' id='word_1_730' title='bbox 2390 3783 2596 3854; x_wconf 81' lang='lat' dir='ltr'><strong>baptizo</strong></span> <span class='ocrx_word' id='word_1_731' title='bbox 2637 3785 2694 3838; x_wconf 89' lang='lat' dir='ltr'><strong>in</strong></span> <span class='ocrx_word' id='word_1_732' title='bbox 2739 3803 2899 3856; x_wconf 89' lang='lat' dir='ltr'><strong>aqua,</strong></span> <span class='ocrx_word' id='word_1_733' title='bbox 2937 3800 3275 3855; x_wconf 88' lang='lat' dir='ltr'><strong>nequaquam</strong></span> <span class='ocrx_word' id='word_1_734' title='bbox 3316 3785 3466 3840; x_wconf 88' lang='lat' dir='ltr'><strong>addi-</strong></span> 
     </span>
    </p>
   </div>
   <div class='ocr_carea' id='block_1_96' title="bbox 1877 3873 3464 3946">
    <p class='ocr_par' dir='ltr' id='par_1_96' title="bbox 1877 3873 3464 3946">
     <span class='ocr_line' id='line_1_96' title="bbox 1877 3873 3464 3946; baseline 0.001 -18"><span class='ocrx_word' id='word_1_735' title='bbox 1877 3876 1956 3928; x_wconf 88' lang='lat' dir='ltr'><strong>dit</strong></span> <span class='ocrx_word' id='word_1_736' title='bbox 1987 3875 2042 3929; x_wconf 86' lang='lat' dir='ltr'><strong>in</strong></span> <span class='ocrx_word' id='word_1_737' title='bbox 2074 3875 2446 3945; x_wconf 71' lang='lat' dir='ltr'><strong>pwrcitentiam.</strong></span> <span class='ocrx_word' id='word_1_738' title='bbox 2466 3873 2699 3930; x_wconf 88' lang='lat' dir='ltr'><strong>Deinde:</strong></span> <span class='ocrx_word' id='word_1_739' title='bbox 2728 3875 2900 3941; x_wconf 85' lang='lat' dir='ltr'><strong>Venit,</strong></span> <span class='ocrx_word' id='word_1_740' title='bbox 2931 3875 3124 3946; x_wconf 92' lang='lat' dir='ltr'><strong>inquit,</strong></span> <span class='ocrx_word' id='word_1_741' title='bbox 3156 3876 3344 3946; x_wconf 79' lang='lat' dir='ltr'><strong>fortior</strong></span> <span class='ocrx_word' id='word_1_742' title='bbox 3361 3892 3464 3941; x_wconf 85' lang='lat' dir='ltr'><strong>me,</strong></span> 
     </span>
    </p>
   </div>
   <div class='ocr_carea' id='block_1_97' title="bbox 1875 3964 3460 4035">
    <p class='ocr_par' dir='ltr' id='par_1_97' title="bbox 1875 3964 3460 4035">
     <span class='ocr_line' id='line_1_97' title="bbox 1875 3964 3460 4035; baseline 0.001 -17"><span class='ocrx_word' id='word_1_743' title='bbox 1875 3964 2029 4034; x_wconf 85' lang='lat' dir='ltr'><strong>cujus</strong></span> <span class='ocrx_word' id='word_1_744' title='bbox 2052 3980 2156 4017; x_wconf 87' lang='lat' dir='ltr'><strong>non</strong></span> <span class='ocrx_word' id='word_1_745' title='bbox 2177 3980 2295 4018; x_wconf 87' lang='lat' dir='ltr'><strong>sum</strong></span> <span class='ocrx_word' id='word_1_746' title='bbox 2325 3964 2514 4035; x_wconf 87' lang='lat' dir='ltr'><strong>dignus</strong></span> <span class='ocrx_word' id='word_1_747' title='bbox 2535 3966 2817 4035; x_wconf 86' lang='lat' dir='ltr'><strong>corrigiam</strong></span> <span class='ocrx_word' id='word_1_748' title='bbox 2858 3965 3327 4021; x_wconf 87' lang='lat' dir='ltr'><strong>calceamentorum</strong></span> <span class='ocrx_word' id='word_1_749' title='bbox 3352 3965 3460 4021; x_wconf 90' lang='lat' dir='ltr'><strong>sol-</strong></span> 
     </span>
    </p>
   </div>
   <div class='ocr_carea' id='block_1_98' title="bbox 1875 4055 3462 4128">
    <p class='ocr_par' dir='ltr' id='par_1_98' title="bbox 1875 4055 3462 4128">
     <span class='ocr_line' id='line_1_98' title="bbox 1875 4055 3462 4128; baseline 0.002 -18"><span class='ocrx_word' id='word_1_750' title='bbox 1875 4074 2008 4111; x_wconf 78' lang='lat' dir='ltr'><strong>vere.</strong></span> <span class='ocrx_word' id='word_1_751' title='bbox 2051 4055 2159 4112; x_wconf 90' lang='lat' dir='ltr'><strong>Sed</strong></span> <span class='ocrx_word' id='word_1_752' title='bbox 2203 4056 2353 4111; x_wconf 91' lang='lat' dir='ltr'><strong>nullo</strong></span> <span class='ocrx_word' id='word_1_753' title='bbox 2390 4055 2547 4111; x_wconf 91' lang='lat' dir='ltr'><strong>modo</strong></span> <span class='ocrx_word' id='word_1_754' title='bbox 2590 4057 2716 4112; x_wconf 89' lang='lat' dir='ltr'><strong>hinc</strong></span> <span class='ocrx_word' id='word_1_755' title='bbox 2759 4057 3110 4114; x_wconf 88' lang='lat' dir='ltr'><strong>laborandum</strong></span> <span class='ocrx_word' id='word_1_756' title='bbox 3141 4097 3156 4123; x_wconf 95' lang='lat'><strong>,</strong></span> <span class='ocrx_word' id='word_1_757' title='bbox 3214 4058 3462 4128; x_wconf 91' lang='lat' dir='ltr'><strong>quisquis</strong></span> 
     </span>
    </p>
   </div>
   <div class='ocr_carea' id='block_1_99' title="bbox 1875 4146 3457 4219">
    <p class='ocr_par' dir='ltr' id='par_1_99' title="bbox 1875 4146 3457 4219">
     <span class='ocr_line' id='line_1_99' title="bbox 1875 4146 3457 4219; baseline 0 -17"><span class='ocrx_word' id='word_1_758' title='bbox 1875 4150 2172 4219; x_wconf 89' lang='lat' dir='ltr'><strong>prudenter</strong></span> <span class='ocrx_word' id='word_1_759' title='bbox 2220 4146 2474 4218; x_wconf 87' lang='lat' dir='ltr'><strong>intelligit</strong></span> <span class='ocrx_word' id='word_1_760' title='bbox 2524 4147 2671 4219; x_wconf 88' lang='lat' dir='ltr'><strong>ipsas</strong></span> <span class='ocrx_word' id='word_1_761' title='bbox 2724 4149 3021 4203; x_wconf 91' lang='lat' dir='ltr'><strong>sententias</strong></span> <span class='ocrx_word' id='word_1_762' title='bbox 3072 4148 3457 4217; x_wconf 73' lang='lat' dir='ltr'><strong>cognoscendze</strong></span> 
     </span>
    </p>
   </div>
   <div class='ocr_carea' id='block_1_100' title="bbox 1877 4236 3457 4307">
    <p class='ocr_par' dir='ltr' id='par_1_100' title="bbox 1877 4236 3457 4307">
     <span class='ocr_line' id='line_1_100' title="bbox 1877 4236 3457 4307; baseline -0.001 -15"><span class='ocrx_word' id='word_1_763' title='bbox 1877 4239 2118 4305; x_wconf 90' lang='lat' dir='ltr'><strong>veritati,</strong></span> <span class='ocrx_word' id='word_1_764' title='bbox 2155 4238 2496 4294; x_wconf 88' lang='lat' dir='ltr'><strong>necessarias</strong></span> <span class='ocrx_word' id='word_1_765' title='bbox 2525 4252 2664 4304; x_wconf 88' lang='lat' dir='ltr'><strong>esse,</strong></span> <span class='ocrx_word' id='word_1_766' title='bbox 2704 4237 3031 4307; x_wconf 89' lang='lat' dir='ltr'><strong>quibuslibet</strong></span> <span class='ocrx_word' id='word_1_767' title='bbox 3066 4236 3246 4292; x_wconf 87' lang='lat' dir='ltr'><strong>verbis</strong></span> <span class='ocrx_word' id='word_1_768' title='bbox 3285 4236 3457 4306; x_wconf 88' lang='lat' dir='ltr'><strong>expli-</strong></span> 
     </span>
    </p>
   </div>
   <div class='ocr_carea' id='block_1_101' title="bbox 1880 4325 3461 4394">
    <p class='ocr_par' dir='ltr' id='par_1_101' title="bbox 1880 4325 3461 4394">
     <span class='ocr_line' id='line_1_101' title="bbox 1880 4325 3461 4394; baseline -0.003 -10"><span class='ocrx_word' id='word_1_769' title='bbox 1880 4338 2090 4385; x_wconf 90' lang='lat' dir='ltr'><strong>centur.</strong></span> <span class='ocrx_word' id='word_1_770' title='bbox 2119 4326 2271 4394; x_wconf 90' lang='lat' dir='ltr'><strong>Quod</strong></span> <span class='ocrx_word' id='word_1_771' title='bbox 2309 4327 2454 4381; x_wconf 90' lang='lat' dir='ltr'><strong>enim</strong></span> <span class='ocrx_word' id='word_1_772' title='bbox 2501 4325 2640 4381; x_wconf 89' lang='lat' dir='ltr'><strong>alius</strong></span> <span class='ocrx_word' id='word_1_773' title='bbox 2665 4325 2826 4381; x_wconf 90' lang='lat' dir='ltr'><strong>aliam</strong></span> <span class='ocrx_word' id='word_1_774' title='bbox 2860 4325 3150 4382; x_wconf 88' lang='lat' dir='ltr'><strong>verborum</strong></span> <span class='ocrx_word' id='word_1_775' title='bbox 3190 4333 3340 4381; x_wconf 92' lang='lat' dir='ltr'><strong>tenet</strong></span> <span class='ocrx_word' id='word_1_776' title='bbox 3370 4340 3461 4380; x_wconf 83' lang='lat' dir='ltr'><strong>se-</strong></span> 
     </span>
    </p>
   </div>
   <div class='ocr_carea' id='block_1_102' title="bbox 1881 4417 3464 4490">
    <p class='ocr_par' dir='ltr' id='par_1_102' title="bbox 1881 4417 3464 4490">
     <span class='ocr_line' id='line_1_102' title="bbox 1881 4417 3464 4490; baseline -0.003 -14"><span class='ocrx_word' id='word_1_777' title='bbox 1881 4421 2040 4486; x_wconf 90' lang='lat' dir='ltr'><strong>riem,</strong></span> <span class='ocrx_word' id='word_1_778' title='bbox 2068 4435 2177 4475; x_wconf 94' lang='lat' dir='ltr'><strong>non</strong></span> <span class='ocrx_word' id='word_1_779' title='bbox 2208 4428 2291 4476; x_wconf 91' lang='lat' dir='ltr'><strong>est</strong></span> <span class='ocrx_word' id='word_1_780' title='bbox 2313 4420 2500 4490; x_wconf 92' lang='lat' dir='ltr'><strong>utique</strong></span> <span class='ocrx_word' id='word_1_781' title='bbox 2529 4420 2864 4474; x_wconf 87' lang='lat' dir='ltr'><strong>contrarium</strong></span> <span class='ocrx_word' id='word_1_782' title='bbox 2915 4436 2928 4473; x_wconf 88' lang='lat'><strong>:</strong></span> <span class='ocrx_word' id='word_1_783' title='bbox 2973 4433 3147 4488; x_wconf 92' lang='lat' dir='ltr'><strong>neque</strong></span> <span class='ocrx_word' id='word_1_784' title='bbox 3175 4417 3308 4472; x_wconf 91' lang='lat' dir='ltr'><strong>illud</strong></span> <span class='ocrx_word' id='word_1_785' title='bbox 3333 4433 3464 4472; x_wconf 91' lang='lat' dir='ltr'><strong>con-</strong></span> 
     </span>
    </p>
   </div>
   <div class='ocr_carea' id='block_1_103' title="bbox 1885 4509 3464 4580">
    <p class='ocr_par' dir='ltr' id='par_1_103' title="bbox 1885 4509 3464 4580">
     <span class='ocr_line' id='line_1_103' title="bbox 1885 4509 3464 4580; baseline -0.002 -15"><span class='ocrx_word' id='word_1_786' title='bbox 1885 4512 2108 4566; x_wconf 89' lang='lat' dir='ltr'><strong>trarium</strong></span> <span class='ocrx_word' id='word_1_787' title='bbox 2138 4520 2242 4577; x_wconf 91' lang='lat' dir='ltr'><strong>est,</strong></span> <span class='ocrx_word' id='word_1_788' title='bbox 2269 4511 2314 4567; x_wconf 91' lang='lat' dir='ltr'><strong>si</strong></span> <span class='ocrx_word' id='word_1_789' title='bbox 2342 4511 2480 4566; x_wconf 90' lang='lat' dir='ltr'><strong>alius</strong></span> <span class='ocrx_word' id='word_1_790' title='bbox 2507 4511 2685 4575; x_wconf 86' lang='lat' dir='ltr'><strong>dicat,</strong></span> <span class='ocrx_word' id='word_1_791' title='bbox 2717 4511 2860 4580; x_wconf 90' lang='lat' dir='ltr'><strong>quod</strong></span> <span class='ocrx_word' id='word_1_792' title='bbox 2901 4509 3038 4565; x_wconf 88' lang='lat' dir='ltr'><strong>alius</strong></span> <span class='ocrx_word' id='word_1_793' title='bbox 3075 4509 3464 4580; x_wconf 78' lang='lat' dir='ltr'><strong>przetermittit,</strong></span> 
     </span>
    </p>
   </div>
   <div class='ocr_carea' id='block_1_104' title="bbox 1881 4601 3464 4676">
    <p class='ocr_par' dir='ltr' id='par_1_104' title="bbox 1881 4601 3464 4676">
     <span class='ocr_line' id='line_1_104' title="bbox 1881 4601 3464 4676; baseline -0.003 -16"><span class='ocrx_word' id='word_1_794' title='bbox 1881 4621 2001 4660; x_wconf 92' lang='lat' dir='ltr'><strong>cum</strong></span> <span class='ocrx_word' id='word_1_795' title='bbox 2045 4605 2126 4659; x_wconf 86' lang='lat' dir='ltr'><strong>fas</strong></span> <span class='ocrx_word' id='word_1_796' title='bbox 2154 4620 2260 4659; x_wconf 94' lang='lat' dir='ltr'><strong>non</strong></span> <span class='ocrx_word' id='word_1_797' title='bbox 2307 4605 2377 4660; x_wconf 91' lang='lat' dir='ltr'><strong>sit</strong></span> <span class='ocrx_word' id='word_1_798' title='bbox 2416 4604 2866 4676; x_wconf 89' lang='lat' dir='ltr'><strong>evangelistarum</strong></span> <span class='ocrx_word' id='word_1_799' title='bbox 2896 4603 3131 4674; x_wconf 91' lang='lat' dir='ltr'><strong>aliquem</strong></span> <span class='ocrx_word' id='word_1_800' title='bbox 3173 4601 3464 4656; x_wconf 84' lang='lat' dir='ltr'><strong>mentitum</strong></span> 
     </span>
    </p>
   </div>
   <div class='ocr_carea' id='block_1_105' title="bbox 1880 4693 3456 4751">
    <p class='ocr_par' dir='ltr' id='par_1_105' title="bbox 1880 4693 3456 4751">
     <span class='ocr_line' id='line_1_105' title="bbox 1880 4693 3456 4751; baseline -0.003 0"><span class='ocrx_word' id='word_1_801' title='bbox 1880 4696 2122 4751; x_wconf 89' lang='lat' dir='ltr'><strong>credere.</strong></span> <span class='ocrx_word' id='word_1_802' title='bbox 2174 4695 2241 4749; x_wconf 89' lang='lat' dir='ltr'><strong>Et</strong></span> <span class='ocrx_word' id='word_1_803' title='bbox 2283 4695 2329 4750; x_wconf 90' lang='lat' dir='ltr'><strong>si</strong></span> <span class='ocrx_word' id='word_1_804' title='bbox 2382 4710 2489 4750; x_wconf 90' lang='lat' dir='ltr'><strong>non</strong></span> <span class='ocrx_word' id='word_1_805' title='bbox 2519 4694 2678 4749; x_wconf 91' lang='lat' dir='ltr'><strong>modo</strong></span> <span class='ocrx_word' id='word_1_806' title='bbox 2705 4693 2888 4750; x_wconf 88' lang='lat' dir='ltr'><strong>verbis</strong></span> <span class='ocrx_word' id='word_1_807' title='bbox 2920 4700 3014 4748; x_wconf 90' lang='lat' dir='ltr'><strong>aut</strong></span> <span class='ocrx_word' id='word_1_808' title='bbox 3040 4694 3328 4749; x_wconf 87' lang='lat' dir='ltr'><strong>verborum</strong></span> <span class='ocrx_word' id='word_1_809' title='bbox 3366 4708 3456 4748; x_wconf 86' lang='lat' dir='ltr'><strong>or-</strong></span> 
     </span>
    </p>
   </div>
   <div class='ocr_carea' id='block_1_106' title="bbox 1879 4785 3462 4858">
    <p class='ocr_par' dir='ltr' id='par_1_106' title="bbox 1879 4785 3462 4858">
     <span class='ocr_line' id='line_1_106' title="bbox 1879 4785 3462 4858; baseline -0.003 -14"><span class='ocrx_word' id='word_1_810' title='bbox 1879 4789 2026 4854; x_wconf 90' lang='lat' dir='ltr'><strong>dine,</strong></span> <span class='ocrx_word' id='word_1_811' title='bbox 2041 4797 2136 4843; x_wconf 90' lang='lat' dir='ltr'><strong>aut</strong></span> <span class='ocrx_word' id='word_1_812' title='bbox 2160 4788 2266 4843; x_wconf 91' lang='lat' dir='ltr'><strong>alio</strong></span> <span class='ocrx_word' id='word_1_813' title='bbox 2282 4788 2522 4858; x_wconf 90' lang='lat' dir='ltr'><strong>quolibet</strong></span> <span class='ocrx_word' id='word_1_814' title='bbox 2542 4785 2828 4844; x_wconf 91' lang='lat' dir='ltr'><strong>locutionis</strong></span> <span class='ocrx_word' id='word_1_815' title='bbox 2853 4801 3263 4858; x_wconf 89' lang='lat' dir='ltr'><strong>genere,verum</strong></span> <span class='ocrx_word' id='word_1_816' title='bbox 3293 4786 3462 4842; x_wconf 91' lang='lat' dir='ltr'><strong>etiam</strong></span> 
     </span>
    </p>
   </div>
   <div class='ocr_carea' id='block_1_107' title="bbox 1881 4876 3463 4952">
    <p class='ocr_par' dir='ltr' id='par_1_107' title="bbox 1881 4876 3463 4952">
     <span class='ocr_line' id='line_1_107' title="bbox 1881 4876 3463 4952; baseline -0.003 -15"><span class='ocrx_word' id='word_1_817' title='bbox 1881 4882 2061 4952; x_wconf 90' lang='lat' dir='ltr'><strong>reipsa</strong></span> <span class='ocrx_word' id='word_1_818' title='bbox 2086 4881 2301 4935; x_wconf 89' lang='lat' dir='ltr'><strong>videtur</strong></span> <span class='ocrx_word' id='word_1_819' title='bbox 2321 4880 2464 4934; x_wconf 90' lang='lat' dir='ltr'><strong>aliud</strong></span> <span class='ocrx_word' id='word_1_820' title='bbox 2487 4894 2629 4944; x_wconf 87' lang='lat' dir='ltr'><strong>esse,</strong></span> <span class='ocrx_word' id='word_1_821' title='bbox 2653 4877 3022 4934; x_wconf 86' lang='lat' dir='ltr'><strong>Calceamenta</strong></span> <span class='ocrx_word' id='word_1_822' title='bbox 3046 4876 3463 4949; x_wconf 87' lang='lat' dir='ltr'><strong>portare,aliud,</strong></span> 
     </span>
    </p>
   </div>
   <div class='ocr_carea' id='block_1_108' title="bbox 1883 4967 3469 5040">
    <p class='ocr_par' dir='ltr' id='par_1_108' title="bbox 1883 4967 3469 5040">
     <span class='ocr_line' id='line_1_108' title="bbox 1883 4967 3469 5040; baseline -0.001 -17"><span class='ocrx_word' id='word_1_823' title='bbox 1883 4970 2165 5040; x_wconf 88' lang='lat' dir='ltr'><strong>corrigiam</strong></span> <span class='ocrx_word' id='word_1_824' title='bbox 2207 4968 2542 5022; x_wconf 86' lang='lat' dir='ltr'><strong>calceamenti</strong></span> <span class='ocrx_word' id='word_1_825' title='bbox 2570 4967 2766 5023; x_wconf 83' lang='lat' dir='ltr'><strong>solvere</strong></span> <span class='ocrx_word' id='word_1_826' title='bbox 2805 4985 2824 5024; x_wconf 83' lang='lat'><strong>.&#39;</strong></span> <span class='ocrx_word' id='word_1_827' title='bbox 2854 4983 2964 5024; x_wconf 93' lang='lat' dir='ltr'><strong>non</strong></span> <span class='ocrx_word' id='word_1_828' title='bbox 2995 4978 3175 5024; x_wconf 90' lang='lat' dir='ltr'><strong>tamen</strong></span> <span class='ocrx_word' id='word_1_829' title='bbox 3212 4967 3469 5023; x_wconf 91' lang='lat' dir='ltr'><strong>continuo</strong></span> 
     </span>
    </p>
   </div>
   <div class='ocr_carea' id='block_1_109' title="bbox 1885 5057 3469 5133">
    <p class='ocr_par' dir='ltr' id='par_1_109' title="bbox 1885 5057 3469 5133">
     <span class='ocr_line' id='line_1_109' title="bbox 1885 5057 3469 5133; baseline -0.003 -17"><span class='ocrx_word' id='word_1_830' title='bbox 1885 5070 2081 5133; x_wconf 89' lang='lat' dir='ltr'><strong>putare</strong></span> <span class='ocrx_word' id='word_1_831' title='bbox 2110 5061 2370 5116; x_wconf 87' lang='lat' dir='ltr'><strong>debemus</strong></span> <span class='ocrx_word' id='word_1_832' title='bbox 2400 5074 2496 5115; x_wconf 92' lang='lat' dir='ltr'><strong>eos</strong></span> <span class='ocrx_word' id='word_1_833' title='bbox 2529 5059 2802 5115; x_wconf 89' lang='lat' dir='ltr'><strong>contraria</strong></span> <span class='ocrx_word' id='word_1_834' title='bbox 2861 5060 2962 5116; x_wconf 91' lang='lat' dir='ltr'><strong>sibi</strong></span> <span class='ocrx_word' id='word_1_835' title='bbox 3014 5058 3160 5114; x_wconf 92' lang='lat' dir='ltr'><strong>velut</strong></span> <span class='ocrx_word' id='word_1_836' title='bbox 3204 5075 3273 5113; x_wconf 90' lang='lat' dir='ltr'><strong>ex</strong></span> <span class='ocrx_word' id='word_1_837' title='bbox 3319 5057 3469 5129; x_wconf 81' lang='lat' dir='ltr'><strong>igno-</strong></span> 
     </span>
    </p>
   </div>
   <div class='ocr_carea' id='block_1_110' title="bbox 1885 5149 3468 5221">
    <p class='ocr_par' dir='ltr' id='par_1_110' title="bbox 1885 5149 3468 5221">
     <span class='ocr_line' id='line_1_110' title="bbox 1885 5149 3468 5221; baseline -0.003 -13"><span class='ocrx_word' id='word_1_838' title='bbox 1885 5153 2059 5208; x_wconf 90' lang='lat' dir='ltr'><strong>rantia</strong></span> <span class='ocrx_word' id='word_1_839' title='bbox 2111 5151 2520 5220; x_wconf 89' lang='lat' dir='ltr'><strong>conscripsisse.</strong></span> <span class='ocrx_word' id='word_1_840' title='bbox 2583 5149 2735 5208; x_wconf 89' lang='lat' dir='ltr'><strong>Unde</strong></span> <span class='ocrx_word' id='word_1_841' title='bbox 2786 5160 2935 5208; x_wconf 91' lang='lat' dir='ltr'><strong>recte</strong></span> <span class='ocrx_word' id='word_1_842' title='bbox 2994 5151 3289 5221; x_wconf 65' lang='lat' dir='ltr'><strong>quaeritur,</strong></span> <span class='ocrx_word' id='word_1_843' title='bbox 3339 5149 3468 5218; x_wconf 92' lang='lat' dir='ltr'><strong>quid</strong></span> 
     </span>
    </p>
   </div>
   <div class='ocr_carea' id='block_1_111' title="bbox 1886 5243 3468 5316">
    <p class='ocr_par' dir='ltr' id='par_1_111' title="bbox 1886 5243 3468 5316">
     <span class='ocr_line' id='line_1_111' title="bbox 1886 5243 3468 5316; baseline -0.001 -17"><span class='ocrx_word' id='word_1_844' title='bbox 1886 5245 2079 5300; x_wconf 89' lang='lat' dir='ltr'><strong>horum</strong></span> <span class='ocrx_word' id='word_1_845' title='bbox 2098 5243 2334 5299; x_wconf 84' lang='lat' dir='ltr'><strong>Joannes</strong></span> <span class='ocrx_word' id='word_1_846' title='bbox 2354 5243 2570 5308; x_wconf 88' lang='lat' dir='ltr'><strong>dixerit,</strong></span> <span class='ocrx_word' id='word_1_847' title='bbox 2587 5258 2697 5299; x_wconf 91' lang='lat' dir='ltr'><strong>non</strong></span> <span class='ocrx_word' id='word_1_848' title='bbox 2725 5258 2785 5299; x_wconf 90' lang='lat' dir='ltr'><strong>se</strong></span> <span class='ocrx_word' id='word_1_849' title='bbox 2806 5243 3027 5316; x_wconf 88' lang='lat' dir='ltr'><strong>dignum</strong></span> <span class='ocrx_word' id='word_1_850' title='bbox 3050 5257 3191 5308; x_wconf 91' lang='lat' dir='ltr'><strong>esse,</strong></span> <span class='ocrx_word' id='word_1_851' title='bbox 3213 5250 3468 5298; x_wconf 90' lang='lat' dir='ltr'><strong>utrumne</strong></span> 
     </span>
    </p>
   </div>
   <div class='ocr_carea' id='block_1_112' title="bbox 1888 5332 3468 5406">
    <p class='ocr_par' dir='ltr' id='par_1_112' title="bbox 1888 5332 3468 5406">
     <span class='ocr_line' id='line_1_112' title="bbox 1888 5332 3468 5406; baseline 0.001 -18"><span class='ocrx_word' id='word_1_852' title='bbox 1888 5334 2253 5390; x_wconf 89' lang='lat' dir='ltr'><strong>calceamenta</strong></span> <span class='ocrx_word' id='word_1_853' title='bbox 2282 5343 2502 5405; x_wconf 91' lang='lat' dir='ltr'><strong>portare</strong></span> <span class='ocrx_word' id='word_1_854' title='bbox 2519 5374 2534 5399; x_wconf 93' lang='lat'><strong>,</strong></span> <span class='ocrx_word' id='word_1_855' title='bbox 2565 5350 2635 5390; x_wconf 92' lang='lat' dir='ltr'><strong>an</strong></span> <span class='ocrx_word' id='word_1_856' title='bbox 2660 5332 2950 5406; x_wconf 91' lang='lat' dir='ltr'><strong>corrigiam</strong></span> <span class='ocrx_word' id='word_1_857' title='bbox 2976 5332 3468 5390; x_wconf 87' lang='lat' dir='ltr'><strong>calceamentorum</strong></span> 
     </span>
    </p>
   </div>
   <div class='ocr_carea' id='block_1_113' title="bbox 1888 5424 3468 5498">
    <p class='ocr_par' dir='ltr' id='par_1_113' title="bbox 1888 5424 3468 5498">
     <span class='ocr_line' id='line_1_113' title="bbox 1888 5424 3468 5498; baseline -0.001 -15"><span class='ocrx_word' id='word_1_858' title='bbox 1888 5427 2146 5483; x_wconf 86' lang='lat' dir='ltr'><strong>solvere?</strong></span> <span class='ocrx_word' id='word_1_859' title='bbox 2183 5427 2630 5498; x_wconf 89' lang='lat' dir='ltr'><strong>Quandoquidem</strong></span> <span class='ocrx_word' id='word_1_860' title='bbox 2687 5426 2777 5482; x_wconf 93' lang='lat' dir='ltr'><strong>ille</strong></span> <span class='ocrx_word' id='word_1_861' title='bbox 2825 5426 3039 5482; x_wconf 88' lang='lat' dir='ltr'><strong>videtur</strong></span> <span class='ocrx_word' id='word_1_862' title='bbox 3084 5424 3232 5482; x_wconf 90' lang='lat' dir='ltr'><strong>solus</strong></span> <span class='ocrx_word' id='word_1_863' title='bbox 3280 5440 3468 5482; x_wconf 88' lang='lat' dir='ltr'><strong>verum</strong></span> 
     </span>
    </p>
   </div>
   <div class='ocr_carea' id='block_1_114' title="bbox 1887 5515 3470 5590">
    <p class='ocr_par' dir='ltr' id='par_1_114' title="bbox 1887 5515 3470 5590">
     <span class='ocr_line' id='line_1_114' title="bbox 1887 5515 3470 5590; baseline -0.003 -16"><span class='ocrx_word' id='word_1_864' title='bbox 1887 5534 2161 5584; x_wconf 88' lang='lat' dir='ltr'><strong>narrasse,</strong></span> <span class='ocrx_word' id='word_1_865' title='bbox 2193 5518 2286 5589; x_wconf 91' lang='lat' dir='ltr'><strong>qui</strong></span> <span class='ocrx_word' id='word_1_866' title='bbox 2319 5519 2422 5574; x_wconf 88' lang='lat' dir='ltr'><strong>hoc</strong></span> <span class='ocrx_word' id='word_1_867' title='bbox 2471 5517 2697 5590; x_wconf 92' lang='lat' dir='ltr'><strong>protulit</strong></span> <span class='ocrx_word' id='word_1_868' title='bbox 2733 5517 2877 5589; x_wconf 89' lang='lat' dir='ltr'><strong>quod</strong></span> <span class='ocrx_word' id='word_1_869' title='bbox 2915 5516 3153 5587; x_wconf 91' lang='lat' dir='ltr'><strong>primum</strong></span> <span class='ocrx_word' id='word_1_870' title='bbox 3204 5515 3470 5574; x_wconf 83' lang='lat' dir='ltr'><strong>Joannem</strong></span> 
     </span>
    </p>
   </div>
   <div class='ocr_carea' id='block_1_115' title="bbox 1886 5612 3469 5674">
    <p class='ocr_par' dir='ltr' id='par_1_115' title="bbox 1886 5612 3469 5674">
     <span class='ocr_line' id='line_1_115' title="bbox 1886 5612 3469 5674; baseline -0.004 0"><span class='ocrx_word' id='word_1_871' title='bbox 1886 5618 2000 5674; x_wconf 89' lang='lat' dir='ltr'><strong>suis</strong></span> <span class='ocrx_word' id='word_1_872' title='bbox 2043 5618 2381 5674; x_wconf 89' lang='lat' dir='ltr'><strong>auditoribus</strong></span> <span class='ocrx_word' id='word_1_873' title='bbox 2430 5625 2639 5672; x_wconf 88' lang='lat' dir='ltr'><strong>certum</strong></span> <span class='ocrx_word' id='word_1_874' title='bbox 2688 5623 2774 5672; x_wconf 87' lang='lat' dir='ltr'><strong>est</strong></span> <span class='ocrx_word' id='word_1_875' title='bbox 2813 5613 3113 5670; x_wconf 87' lang='lat' dir='ltr'><strong>nuntiasse.</strong></span> <span class='ocrx_word' id='word_1_876' title='bbox 3165 5613 3274 5671; x_wconf 90' lang='lat' dir='ltr'><strong>Sed</strong></span> <span class='ocrx_word' id='word_1_877' title='bbox 3313 5613 3358 5669; x_wconf 86' lang='lat' dir='ltr'><strong>si</strong></span> <span class='ocrx_word' id='word_1_878' title='bbox 3402 5612 3469 5668; x_wconf 87' lang='lat' dir='ltr'><strong>ad</strong></span> 
     </span>
    </p>
   </div>
   <div class='ocr_carea' id='block_1_116' title="bbox 1891 5703 3469 5779">
    <p class='ocr_par' dir='ltr' id='par_1_116' title="bbox 1891 5703 3469 5779">
     <span class='ocr_line' id='line_1_116' title="bbox 1891 5703 3469 5779; baseline -0.003 -15"><span class='ocrx_word' id='word_1_879' title='bbox 1891 5724 2007 5764; x_wconf 89' lang='lat' dir='ltr'><strong>rem</strong></span> <span class='ocrx_word' id='word_1_880' title='bbox 2042 5709 2277 5779; x_wconf 89' lang='lat' dir='ltr'><strong>pertinet</strong></span> <span class='ocrx_word' id='word_1_881' title='bbox 2318 5707 2465 5763; x_wconf 90' lang='lat' dir='ltr'><strong>aliud</strong></span> <span class='ocrx_word' id='word_1_882' title='bbox 2513 5705 2715 5776; x_wconf 88' lang='lat' dir='ltr'><strong>aliquid</strong></span> <span class='ocrx_word' id='word_1_883' title='bbox 2749 5721 2817 5762; x_wconf 87' lang='lat' dir='ltr'><strong>ex</strong></span> <span class='ocrx_word' id='word_1_884' title='bbox 2866 5720 2933 5764; x_wconf 91' lang='lat' dir='ltr'><strong>eo</strong></span> <span class='ocrx_word' id='word_1_885' title='bbox 2985 5705 3286 5779; x_wconf 89' lang='lat' dir='ltr'><strong>intelligere</strong></span> <span class='ocrx_word' id='word_1_886' title='bbox 3326 5703 3469 5776; x_wconf 90' lang='lat' dir='ltr'><strong>quod</strong></span> 
     </span>
    </p>
   </div>
   <div class='ocr_carea' id='block_1_117' title="bbox 1889 5798 3468 5872">
    <p class='ocr_par' dir='ltr' id='par_1_117' title="bbox 1889 5798 3468 5872">
     <span class='ocr_line' id='line_1_117' title="bbox 1889 5798 3468 5872; baseline -0.003 -13"><span class='ocrx_word' id='word_1_887' title='bbox 1889 5818 1983 5859; x_wconf 89' lang='lat' dir='ltr'><strong>eos</strong></span> <span class='ocrx_word' id='word_1_888' title='bbox 2033 5803 2242 5860; x_wconf 89' lang='lat' dir='ltr'><strong>diverse</strong></span> <span class='ocrx_word' id='word_1_889' title='bbox 2285 5809 2493 5858; x_wconf 89' lang='lat' dir='ltr'><strong>certum</strong></span> <span class='ocrx_word' id='word_1_890' title='bbox 2535 5807 2619 5855; x_wconf 90' lang='lat' dir='ltr'><strong>est</strong></span> <span class='ocrx_word' id='word_1_891' title='bbox 2661 5799 2896 5858; x_wconf 88' lang='lat' dir='ltr'><strong>edidisse</strong></span> <span class='ocrx_word' id='word_1_892' title='bbox 2927 5840 2942 5868; x_wconf 91' lang='lat'><strong>,</strong></span> <span class='ocrx_word' id='word_1_893' title='bbox 2979 5801 3111 5872; x_wconf 91' lang='lat' dir='ltr'><strong>quid</strong></span> <span class='ocrx_word' id='word_1_894' title='bbox 3142 5798 3287 5856; x_wconf 90' lang='lat' dir='ltr'><strong>aliud</strong></span> <span class='ocrx_word' id='word_1_895' title='bbox 3320 5798 3468 5854; x_wconf 67' lang='lat' dir='ltr'><strong>msti-</strong></span> 
     </span>
    </p>
   </div>
  </div>
