4032 6358
617 386 723 450 163

1405 393 1479 449 S.‘
1504 388 1867 450 PASCHASII
1906 388 2256 449 BADBERTI
2294 389 2583 449 ABBATIS
2627 391 3073 450 CORBEIENSIS

3792 390 3888 448 164

614 523 769 564 mare
792 513 936 563 recte
951 520 1254 577 possumus,
1271 521 1432 576 quam
1450 505 1709 562 Joannem
1728 477 2017 578 utrumque
2033 506 2194 580 169
2220 508 2272 569 Α
2298 505 2490 578 dignus
2529 504 2629 561 fuit
2671 516 2909 577 portare.
2963 504 3226 573 Quoniam
3277 502 3505 577 singulis
3554 506 3621 560 de
3667 504 3891 564 Christo

615 599 834 665 dixisse,
866 598 979 655 sive
1007 598 1153 654 aliud
1191 597 1298 654 alio
1322 606 1585 670 tempore,
1619 599 1732 655 sive
1756 599 2046 656 eontextim
2071 599 2095 655 ‘t
2123 600 2198 656 Ac

613 691 661 748 si
708 691 912 747 diceret
953 709 965 744 :
1016 689 1183 760 Cujus
1213 704 1318 746 non
1366 706 1484 746 sum
1537 678 1732 763 dignus
1766 692 2055 765 corrigiam
2090 691 2200 747 cal-

615 783 882 839 ceamenti
928 782 1158 848 solvere,
1209 796 1384 853 neque
1417 782 1781 839 calceamenta
1812 793 2070 857 portare.
2119 783 2197 839 Ex

614 889 722 945 quo
749 888 889 927 unus
918 887 1104 928 eorum
1148 871 1273 927 hinc
1301 872 1464 957 aliud,
1491 874 1628 929 alius
1650 890 1801 941 vero,
1827 875 1967 931 sicut
1995 884 2051 931 et
2076 875 2200 931 reli-

614 965 704 1035 qui
748 964 854 1020 duo
880 1005 896 1031 ,
939 963 1122 1030 aliud;
1162 978 1352 1020 omnes
1384 973 1561 1020 tamen
1598 967 1741 1035 quod
1786 982 1973 1023 verum
2007 982 2199 1022 narra-

611 1058 811 1123 verint,
842 1058 1115 1128 possimus
1134 1057 1253 1114 luce
1280 1058 1481 1116 clarius
1510 1063 1825 1133 approbare.
1859 1062 2031 1129 Unde,
2062 1064 2201 1120 sicut

603 1150 716 1224 jam
769 1151 1024 1217 diximus,
1063 1167 1384 1222 quocunque
1425 1152 1478 1208 in
1510 1154 1630 1209 loco
1653 1156 1731 1210 sic
1759 1158 2023 1212 tractandi
2054 1168 2212 1249 sunt‘

611 1253 878 1314 quatenus
913 1243 964 1298 in
997 1245 1144 1300 nullo
1170 1262 1199 1301 a
1229 1261 1357 1301 vero
1389 1247 1635 1303 deviasse
1660 1247 1985 1314 credantur;
2024 1243 2200 1321 neque

611 1335 714 1392 sibi
744 1336 1018 1390 contraria
1059 1336 1371 1411 protulisse.
1415 1337 1522 1393 Sed
1564 1339 1771 1395 interea
1813 1342 2096 1397 redeamus
2133 1343 2199 1399 ad

610 1424 856 1482 ordinem
900 1426 1276 1497 expositionis,
1318 1438 1372 1484 et
1402 1429 1680 1486 videamus
1719 1448 1817 1487 cur
1854 1433 2088 1489 Joannes
2114 1435 2203 1490 ba-

606 1516 777 1588 ptizet
797 1533 935 1588 aqua
961 1518 1013 1572 in
1042 1518 1420 1589 paenitentiam
1444 1538 1565 1576 cum
1591 1531 1815 1590 peccata
1842 1540 1946 1580 non
1971 1524 2196 1580 relaxet.

608 1605 794 1679 Neque
825 1610 969 1663 enim
1018 1610 1100 1665 fas
1142 1619 1261 1666 erat
1295 1612 1508 1668 servulo
1533 1622 1756 1684 peccata
1786 1615 2032 1672 relaxare
2063 1617 2198 1671 alte-

608 1698 745 1765 rius,
771 1701 871 1754 etsi
902 1701 1076 1771 major
1099 1716 1164 1756 eo
1190 1701 1554 1774 nullus,juxta
1594 1704 1807 1761 Domini
1838 1723 2050 1767 vocem.
2078 1707 2201 1779 jure

608 1788 840 1847 dicatur.
872 1791 1009 1860 Quia
1042 1794 1245 1862 nescio,
1289 1796 1535 1865 quamvis
1576 1798 1629 1851 in
1672 1807 1832 1853 utero
1863 1800 2052 1854 matris
2079 1816 2201 1855 san-

2303 615 2400 656 sua
2456 601 2775 655 meritorum
2821 598 2997 655 ollicia
3037 598 3151 655 suis
3206 599 3468 654 exstitere
3532 599 3889 670 temporibus.

2302 690 2511 760 Quibus
2555 691 2810 747 nimirum
2865 690 3248 747 calceamentis
3300 690 3470 761 pedes
3524 690 3895 761 apostolorum

2303 782 2507 844 vestiti.
2531 797 2691 853 quam
2720 781 2948 852 speciosi
2992 780 3058 835 ad
3086 779 3572 851 evangelizandum
3601 781 3893 846 dicuntur;

2301 880 2357 928 et
2383 888 2481 943 per
2510 889 2603 929 eos
2633 874 2885 945 deinceps
2921 872 3122 929 Christi
3170 872 3407 929 Ecclesia
3458 874 3753 930 confitetur
3784 894 3799 929 :
3834 874 3897 930 In

2303 960 2598 1017 Idumamm
2626 962 2903 1017 extendam
2935 963 3344 1018 calceamentum
3370 980 3542 1019 meum
3569 963 3744 1035 (Psal.
3765 980 3898 1031 cvn,

2304 1055 2393 1126 l0)
2414 1096 2430 1123 ,
2459 1072 2524 1113 eo
2555 1059 2697 1127 quod
2724 1072 2895 1128 usque
2925 1058 2991 1114 ad
3027 1073 3121 1114 eos
3148 1059 3241 1131 qui
3273 1068 3543 1116 terrenam
3590 1062 3760 1116 vitam
3808 1064 3898 1117 de-

2303 1162 2436 1219 gum
2492 1148 2765 1220 Evangelii
2834 1150 3255 1220 praedicamenta
3324 1162 3703 1208 cucurrerunt.
3767 1153 3903 1222 Quae

2303 1239 2494 1294 videns
2523 1239 2714 1295 beatus
2737 1239 2973 1297 Joannes
2994 1242 3061 1297 ad
3086 1243 3491 1313 praedicandum
3531 1246 3902 1314 apostolorum

2303 1326 2497 1385 ciliciis
2522 1330 2795 1400 deputata,
2830 1330 2934 1387 illis
2958 1331 3406 1390 circumferendm
3442 1335 3669 1406 gloriam
3696 1339 3903 1408 praedi-

2303 1420 2534 1476 cationis
2580 1421 2926 1492 derelinquit,
2958 1425 3155 1494 quibus
3184 1434 3304 1480 erat
3354 1426 3596 1482 debitum
3634 1430 3905 1499 speciosis

2301 1510 2531 1581 pedibus
2552 1525 2741 1581 pacem
2770 1516 3022 1581 gentibus
3067 1516 3415 1572 annuntiare.
3448 1517 3692 1585 Quorum
3737 1519 3905 1574 nimi-

2303 1617 2422 1656 rum
2444 1603 2612 1673 pedes
2630 1604 2857 1661 calceati
2885 1608 2951 1662 ad
2970 1608 3418 1679 praeparationem
3450 1609 3728 1682 Evangelii
3744 1614 3903 1682 pacis

2302 1702 2451 1750 recte
2476 1696 2748 1764 dicuntur,
2770 1714 2836 1754 eo
2858 1699 3002 1769 quod
3051 1699 3228 1754 idonei
3273 1715 3372 1770 per
3404 1716 3527 1756 eum
3562 1701 3691 1757 facti
3746 1713 3903 1771 sunt,

2304 1800 2412 1855 quo
2428 1787 2791 1855 erantinduti,
2809 1789 3098 1845 etcalceati
3126 1789 3496 1847 calceamento
3525 1793 3735 1849 salutis.
3767 1794 3906 1862 Qui-

607 1882 898 1950 ctilicatus,
950 1885 994 1941 si
1035 1888 1211 1958 potuit
1256 1904 1427 1959 usque
1475 1890 1528 1944 in
1574 1889 1734 1946 linem
1774 1892 1951 1949 omnis
1987 1897 2192 1965 peccati

2299 1875 2399 1932 bus
2427 1877 2668 1948 profecto
2695 1880 3084 1936 calceamentis
3112 1880 3347 1951 Moyses,
3370 1884 3497 1938 dum
3541 1884 3608 1939 ad
3651 1894 3905 1940 contem-

605 1977 915 2051 contagiutn
942 1979 1168 2033 evitare.
1201 1979 1303 2046 Qui
1347 1980 1475 2036 licet
1515 1985 1772 2053 potuerit,
1800 1986 1842 2040 si
1872 1985 1955 2041 fas
1997 1996 2078 2043 est
2122 1989 2197 2044 di-

529 2060 533 2067 ’
605 2078 750 2129 cere,
780 2080 886 2119 non
918 2056 1013 2121 sua
1064 2067 1136 2134 vi,
1171 2070 1266 2123 sed
1298 2070 1470 2141 gratia
1498 2113 1511 2138 ,
1556 2088 1659 2143 qua
1696 2074 1895 2145 legitur
1932 2079 2197 2149 praeconis

603 2152 780 2210 ofﬁcio
808 2156 1110 2227 dedicatus,
1159 2161 1382 2217 omnino
1411 2165 1682 2222 credimus
1723 2169 1977 2225 evitasse.
2017 2160 2199 2243 Bapti-

604 2243 767 2301 zabat
810 2258 993 2303 autem
1033 2259 1091 2305 ut
1132 2253 1470 2322 praecederet
1512 2272 1610 2313 suo
1651 2272 1990 2330 prteconatus
2020 2263 2196 2320 cilicio

604 2336 883 2394 Christum
908 2381 923 2406 ,
974 2357 1043 2396 ne
1088 2341 1337 2400 Christus
1372 2347 1493 2401 novi
1530 2350 1823 2421 quidquam
1851 2362 2036 2428 contra
2063 2354 2196 2428 legis

604 2431 858 2486 mandata
911 2431 1130 2489 faceret.
1164 2435 1338 2506 Atque
1385 2438 1645 2494 invitabat
1690 2424 1989 2500 omnesad
2025 2424 2196 2518 parili-

602 2520 849 2583 tentiam,
901 2530 1170 2592 quatenus
1204 2539 1326 2579 cum
1370 2527 1577 2582 veniret
1617 2531 1857 2600 pontifex
1907 2549 2007 2604 pro
2039 2535 2193 2591 nobis

599 2612 817 2679 factus,
878 2615 994 2686 ipse
1029 2615 1141 2685 jam
1177 2619 1550 2688 quaerentibus
1601 2623 1814 2677 veniam
1857 2636 2079 2695 peccata
2126 2637 2190 2706 μί

586 2705 862 2768 Dominus
893 2707 1184 2763 relaxaret.
1226 2708 1381 2764 Facit
1427 2719 1609 2765 autem
1652 2710 1892 2771 Joannes
1938 2705 2195 2772 catechu-

602 2810 813 2861 menos,
856 2804 914 2850 et
951 2796 1202 2852 hortatur
1246 2815 1434 2855 omnes
1486 2802 1551 2855 ad
1602 2803 1854 2872 nuptias,
1903 2813 2007 2872 ut,
2067 2824 2190 2863 cum

601 2884 855 2942 Christus
892 2890 1219 2958 processerit
1240 2889 1492 2947 Pontifex
1536 2895 1851 2964 pontificum
1895 2897 1961 2951 ad
1991 2896 2187 2968 fontes,

601 2975 748 3034 illico
782 2976 897 3047 jam
944 2980 1195 3037 instructi
1248 2982 1340 3037 lilii
1378 2995 1756 3054 renascantur,
1810 2998 1865 3044 et
1895 2990 2190 3048 thalamum

601 3086 727 3127 cum
768 3088 967 3143 sponso
1003 3075 1270 3146 ingressi,
1321 3077 1387 3132 de
1425 3078 1557 3148 ipsis
1598 3080 1649 3134 in
1695 3084 1959 3152 mysterio
1989 3086 2191 3158 nuptiae

601 3164 965 3221 celebrentur.
994 3167 1145 3223 Alias
1172 3177 1375 3236 autem,
1416 3186 1514 3225 cur
1536 3172 1649 3241 ipse
1674 3176 1906 3241 venerit,
1929 3176 1983 3230 in
2006 3176 2186 3232 Evan-

2298 1965 2551 2035 plandam
2598 1968 2862 2023 visionem
2904 1970 2999 2024 Dei
3040 1971 3428 2041 omnipotentis
3454 1988 3707 2045 magnam
3737 1974 3907 2032 vellet

2300 2059 2580 2127 accedere,
2608 2062 2733 2131 quia
2776 2062 3016 2117 nondum
3053 2062 3229 2118 fuerat
3263 2064 3552 2131 calceatus,
3579 2066 3785 2121 dictum
3818 2077 3907 2124 est

2298 2152 2347 2205 ei
2383 2165 2397 2203 :
2431 2148 2586 2205 Solve
2628 2152 3037 2208 calceamentum
3078 2155 3269 2225 pedum
3301 2166 3537 2223 tuorum,
3580 2157 3727 2213 locus
3757 2162 3905 2215 enim

2297 2243 2353 2297 in
2378 2260 2482 2314 quo
2509 2253 2619 2297 stas
2649 2256 2789 2298 terra
2818 2255 3002 2300 sancta
3032 2246 3320 2318 est(Ezod.
3342 2248 3517 2317 ut,5).
3538 2248 3903 2319 Nequaquam

2297 2332 2462 2404 igitur
2486 2342 2673 2389 sancta
2710 2343 2869 2389 erant
2897 2335 2984 2391 illa
3014 2337 3211 2407 pedum
3245 2337 3645 2406 calceamenta;
3686 2341 3904 2398 idcirco

2296 2423 2405 2479 illis
2441 2426 2620 2480 adhuc
2646 2427 2875 2481 vestitus
2907 2441 3016 2481 non
3057 2429 3369 2483 merebatur
3396 2439 3597 2484 terram
3638 2442 3895 2489 sanctam

2295 2521 2634 2591 contingere,
2693 2538 2869 2592 neque
2924 2522 2991 2577 ad
3037 2524 3301 2580 visionem
3358 2525 3451 2581 Dei
3502 2531 3909 2598 omnipotentis

2296 2609 2571 2665 calceatus
2624 2613 2906 2669 accedere.
2954 2613 3092 2669 Nam
3125 2630 3303 2686 neque
3338 2615 3501 2673 Josue
3549 2622 3905 2688 postmodum

2294 2697 2516 2766 angelus
2559 2700 2748 2755 eadem
2794 2703 3143 2760 remandaret
3193 2705 3330 2777 (los.
3361 2724 3414 2773 v,
3458 2708 3579 2783 l5),
3628 2709 3672 2766 si
3721 2713 3771 2768 ei
3819 2713 3907 2770 fas

2293 2799 2437 2845 esset
2485 2792 2671 2847 adhuc
2703 2792 2899 2850 talibus
2945 2795 3191 2852 indutum
3239 2807 3441 2856 terram
3480 2812 3729 2861 sanctam
3787 2809 3908 2862 cal-

2292 2895 2438 2935 care.
2466 2880 2596 2949 Qua:
2622 2884 2881 2939 nimirum
2919 2894 3160 2943 vetustas
3198 2891 3326 2961 quia
3373 2893 3601 2949 necdum
3642 2906 3762 2953 erat
3812 2916 3908 2955 re-

2291 2984 2477 3042 mota,
2532 2979 2782 3047 quamvis
2830 2981 2972 3037 idem
3015 2998 3196 3053 praeco
3243 2988 3488 3045 veritatis
3522 2991 3909 3050 sanctiﬁcatus

2291 3075 2459 3133 esset,
2487 3068 2693 3126 idcirco
2722 3070 2972 3129 fortassis
3000 3091 3106 3131 non
3139 3093 3198 3133 se
3226 3079 3445 3150 dignum
3477 3084 3544 3136 ad
3569 3084 3908 3153 perferenda

2292 3159 2660 3219 calceamenta
2683 3166 2952 3224 veraciter
2977 3167 3195 3224 clamat.
3224 3171 3500 3242 Alioquin,
3530 3190 3705 3245 neque
3729 3177 3906 3232 iidem

603 3255 744 3326 gelio
789 3257 1085 3312 secundum
1115 3257 1377 3314 Joannem
1401 3300 1416 3326 ,
1447 3275 1572 3315 cum
1597 3263 1662 3316 de
1696 3262 1915 3319 Christo
1946 3266 2085 3322 idem
2116 3269 2193 3323 lo-

2297 3252 2528 3323 apostoli
2562 3269 2624 3308 ea
2652 3254 2801 3312 ferre
2830 3259 2977 3330 digni
3014 3272 3195 3317 essent
3216 3304 3230 3327 ,
3262 3265 3366 3319 nisi
3398 3267 3683 3337 exspoliati
3730 3285 3759 3324 a
3800 3285 3910 3327 ve-

603 3356 865 3419 queretur
886 3389 901 3414 ,
948 3347 1193 3403 insinuat
1221 3350 1409 3405 dicens
1445 3367 1458 3403 :
1490 3350 1557 3404 Et
1604 3369 1696 3423 ego
1733 3356 2023 3410 nesciebam
2052 3374 2189 3426 eum,

602 3440 694 3495 sed
741 3450 797 3493 ut
843 3438 1226 3508 manifestatur,
1264 3439 1459 3511 inquit,
1491 3442 1545 3495 in
1577 3441 1769 3509 Israel,
1814 3446 1930 3501 ideo
1975 3450 2089 3503 veni
2140 3451 2193 3504 in

597 3518 740 3605 aqua
769 3533 1041 3603 baptizans
1068 3532 1250 3603 (Joan.
1281 3547 1318 3599 ι,
1349 3534 1461 3604 5i).
1498 3534 1766 3592 Praeterea
1800 3538 1913 3607 jam
1955 3556 2052 3597 cur
2096 3557 2188 3597 ve-

601 3627 744 3682 nerit
772 3626 1078 3697 baptizans,
1103 3624 1246 3681 nulla
1272 3626 1448 3696 major
1471 3644 1631 3683 causa
1659 3645 1778 3686 esse
1804 3634 2021 3703 poterit.
2048 3635 2193 3692 Alio-

600 3721 732 3793 quin
761 3721 1015 3791 deinceps
1066 3721 1204 3776 idem
1254 3722 1554 3793 baptismus
1586 3738 1848 3784 maneret.
1880 3729 2035 3787 Nune
2065 3749 2193 3789 vero

598 3813 726 3882 quia
765 3813 831 3867 ad
879 3814 1024 3869 aliud
1054 3829 1161 3869 non
1192 3814 1411 3884 profuit,
1450 3818 1704 3876 veniente
1749 3820 1997 3889 Christo,
2049 3826 2195 3882 velut

600 3904 814 3976 expleto
839 3905 1166 3972 ministerio,
1202 3910 1457 3964 cessavit.
1485 3909 1639 3976 Quod
1677 3922 1859 3968 autem
1892 3916 1986 3982 ait,
2041 3915 2193 3971 Venit

601 3994 789 4066 fortior
812 4012 911 4060 me,
940 4010 1047 4051 non
1089 3996 1243 4066 quasi
1300 4013 1621 4070 comparare
1662 4018 1721 4057 se
1761 4004 1891 4059 velit
1942 4018 2191 4062 creatura

599 4104 723 4145 cum
754 4087 1040 4153 Creatore;
1093 4088 1189 4143 sed
1234 4103 1357 4144 eum
1412 4088 1608 4147 fortem
1641 4093 1897 4161 insinuat,
1932 4096 2049 4153 sine
2086 4114 2194 4169 quo

601 4181 749 4236 nulla
798 4190 882 4236 est
930 4180 1222 4249 fortitudo;
1257 4182 1323 4237 de
1364 4197 1471 4253 quo
1500 4182 1667 4241 lsaias
1711 4187 1971 4257 propheta
2006 4207 2019 4243 :
2053 4190 2193 4246 Deus

601 4272 786 4343 fortis,
813 4283 963 4345 pater
1005 4273 1173 4343 futuri
1214 4274 1397 4328 καθευιὶ
1426 4274 1561 4347 (lsa.
1597 4293 1674 4344 rx,
1705 4277 1780 4350 6).
1806 4280 2190 4341 Verumtamen

598 4365 835 4422 Joannes
879 4382 985 4421 non
1036 4365 1158 4421 ideo
1201 4365 1484 4423 fortiorem
1514 4384 1637 4423 eum
1667 4371 1801 4425 dixit
1826 4375 1969 4444 quod
1999 4374 2110 4445 ipse
2137 4376 2191 4430 in

601 4457 1007 4529 comparatione
1037 4456 1155 4526 ejus
1178 4467 1321 4513 esset
1350 4457 1532 4526 fortis,
1558 4461 1651 4517 sed
1676 4464 1799 4533 quia
1821 4466 2195 4523 aestimabatur

2302 3353 2498 3401 tustate
2528 3363 2628 3418 per
2659 3358 2888 3406 mortem
2931 3352 3133 3410 Christi
3184 3367 3367 3412 essent
3400 3359 3580 3429 (Deut.
3625 3377 3732 3415 xxv
3760 3403 3775 3427 ,
3818 3363 3909 3436 9).

2296 3436 2562 3495 Caeterum
2594 3446 2736 3514 apud
2762 3457 2974 3502 veteres
2997 3464 3116 3505 mos
3142 3459 3260 3506 erat
3290 3460 3349 3505 ut
3373 3452 3416 3507 si
3446 3453 3569 3524 quis
3599 3470 3747 3522 eam,
3775 3472 3913 3526 quae

2297 3529 2401 3583 sibi
2432 3543 2767 3603 competeret
2811 3554 3039 3594 uxorem
3092 3541 3246 3613 171
3290 3544 3453 3599 nollet
3480 3547 3762 3617 accipere,
3791 3548 3914 3603 cal-

2297 3634 2638 3680 ceamentum
2698 3630 2746 3683 ei
2791 3628 2882 3685 ille
2927 3630 3163 3686 solveret
3199 3634 3291 3704 qui
3346 3636 3413 3688 ad
3463 3634 3605 3692 hanc
3662 3653 3913 3709 sponsus

2290 3708 2414 3780 jure
2443 3715 2866 3786 propinquitatis
2890 3721 3274 3790 veniret.Quid
3292 3724 3454 3795 igitur
3476 3708 3725 3782 Christus
3755 3730 3919 3785 inter

2298 3802 2548 3861 homines
2588 3808 2691 3862 nisi
2749 3825 2979 3880 sponsus
3033 3823 3235 3869 sanctae
3285 3832 3396 3871 sum
3432 3816 3690 3873 Ecclesia:
3730 3834 3918 3876 carne

2298 3897 2528 3954 vestitus
2553 3902 2840 3971 apparuit?
2883 3904 2957 3959 De
2983 3920 3092 3975 quo
3122 3917 3271 3962 recte
3295 3910 3434 3964 idem
3462 3909 3697 3967 Joannes
3723 3912 3869 3969 dicit
3897 3932 3913 3967 :

2300 3986 2403 4053 Qui
2434 3990 2587 4045 habet
2623 4010 2889 4062 sponsam,
2931 4013 3154 4065 sponsus
3183 4010 3256 4053 est
3287 3999 3470 4072 (Joan.
3503 4017 3594 4068 ut,
3623 4002 3739 4073 29).
3786 4002 3915 4061 Sed

2296 4080 2423 4150 quia
2458 4082 2708 4139 homines
2751 4101 2873 4141 eum
2915 4086 3190 4144 Christum
3230 4106 3350 4146 esse
3391 4094 3695 4162 putabant,
3744 4099 3911 4165 quod
3942 4088 3992 4129 θ

2297 4171 2414 4242 ipse
2454 4175 2520 4229 de
2554 4190 2614 4231 se
2664 4186 2982 4235 constanter
3020 4182 3301 4238 veritatem
3343 4183 3655 4241 conﬁtendo
3694 4198 3914 4259 negat,

2296 4272 2447 4322 recte
2473 4283 2580 4323 non
2609 4269 2801 4334 solum,
2838 4280 2897 4326 ut
2936 4271 3332 4344 signiﬁcantius
3363 4276 3538 4335 Lucas
3566 4290 3780 4347 narrat,
3832 4286 3922 4341 ad

2299 4359 2613 4418 solvendam
2646 4365 2941 4437 corrigiam
2969 4369 3466 4427 calceamentorum
3508 4373 3660 4444 ejus,
3702 4390 3920 4432 verum

2297 4452 2463 4507 etiam
2512 4455 2579 4510 ad
2629 4455 2954 4526 perferenda
2985 4460 3173 4516 eadem
3206 4463 3577 4533 sponsalitatis
3606 4469 3922 4538 mysteria,

601 4546 804 4618 aliquid
830 4563 970 4611 esse,
1009 4547 1084 4602 ita
1116 4555 1177 4602 ut
1205 4548 1459 4606 Christus
1500 4551 1647 4607 credi
1676 4554 1961 4623 potuisset,
1989 4564 2192 4627 tempe.
2222 4609 2268 4627 n
2295 4559 2519 4615 pressus
2548 4548 2876 4619 humilitate,
2919 4553 3198 4627 indignum
3242 4572 3300 4612 se
3335 4558 3450 4615 fore
3495 4560 3713 4615 clamat.
3756 4560 3927 4621 llinc

600 4642 741 4695 ravit
784 4654 1113 4704 sermonem.
1151 4649 1210 4695 ut
1257 4642 1517 4712 paulatim
1561 4646 1676 4699 suis
1710 4644 2003 4703 virtutibus
2043 4648 2195 4705 Chri-

601 4739 717 4785 stus
759 4738 995 4800 quantus
1035 4739 1182 4786 esset
1241 4731 1514 4803 c0piosius
1557 4733 1717 4806 1'70
1760 4738 2187 4796 commendaret.

2220 4609 2270 4669 D

2296 4646 2379 4693 est
2405 4638 2570 4711 igitur
2600 4641 2743 4710 quod
2786 4642 3000 4716 Moyses
3032 4656 3131 4701 aut
3151 4646 3314 4703 Josue
3344 4651 3526 4721 sponsi
3557 4668 3661 4706 non
3689 4663 3869 4711 erant
3902 4697 3927 4722 ,

2293 4745 2482 4785 verum
2514 4746 2614 4786 nec
2664 4733 2779 4803 ipse
2824 4736 3080 4806 Joannes,
3138 4750 3193 4795 et
3230 4742 3352 4804 ideo
3390 4742 3514 4812 jure
3568 4744 3927 4805 disealceari

599 4818 875 4877 Venturos
901 4832 1077 4877 autem
1104 4832 1225 4894 post
1252 4838 1395 4888 eum,
1437 4840 1542 4880 non
1577 4840 1642 4880 ex
1677 4842 1742 4881 eo
1772 4830 1915 4898 quod
1956 4839 2192 4888 aeternus
2285 4819 2563 4890 iubentur.
2609 4822 2713 4879 Sed
2742 4834 2795 4881 et
2836 4828 2935 4885 iste
2963 4832 3029 4885 ad
3066 4832 3385 4902 perferenda
3430 4836 3513 4892 vel
3544 4837 3929 4899 dissolvenda

598 4930 628 4968 a
652 4914 816 4968 Patre
845 4921 947 4980 est,
980 4914 1071 4968 sed
1098 4914 1279 4970 carnis
1306 4915 1609 4982 nativitate,
1648 4920 1987 4990 apparitione
2009 4932 2192 4979 osten-

597 5004 767 5060 sionis
808 5017 919 5058 sua:
956 5003 1022 5058 ad
1062 5002 1295 5072 plebem,
1340 5006 1590 5075 passione
1629 5017 1682 5063 et
1722 5010 2075 5068 descensione
2121 5014 2187 5069 ad

597 5095 818 5152 inferos.
852 5096 1037 5167 Cujus,
1074 5096 1267 5167 inquit,
1300 5114 1391 5169 ego
1431 5116 1533 5153 non
1580 5118 1694 5155 sum
1747 5103 1936 5174 dignus
1985 5105 2189 5160 calcea-

597 5197 771 5242 menta
796 5199 1025 5259 portare.
1054 5186 1134 5242 Ex
1160 5203 1267 5257 quo
1294 5189 1547 5244 nimirum
1579 5190 1734 5261 juxta
1765 5193 2065 5265 simplicem
2104 5198 2189 5252 in-

598 5281 948 5361 telligentiam
977 5282 1242 5352 condigne
1288 5297 1345 5336 se
1378 5282 1651 5352 humiliat,
1684 5301 1752 5341 ne
1776 5302 1832 5343 se
1856 5287 1929 5341 illi
1968 5305 2189 5361 compa-

598 5356 751 5425 ‘rasse
786 5372 1047 5437 videatur,
1086 5372 1176 5443 qui
1216 5386 1275 5426 se
1301 5372 1668 5430 calceamenta
1692 5375 1809 5446 ejus
1839 5389 2055 5450 portare
2084 5399 2187 5439 non

599 5460 822 5533 dignum
873 5460 1101 5530 judicat.
1148 5464 1418 5518 Cancrum
1455 5463 1498 5518 si
1534 5465 1725 5521 altiora
1753 5469 2028 5540 paulisper
2060 5488 2190 5527 con-

599 5560 872 5619 tueamur,
900 5555 954 5609 in
977 5556 1364 5632 calceamentis
1393 5561 1632 5630 mysterii
1679 5565 2045 5632 sbpereminet
2077 5581 2188 5620 ma-

598 5644 840 5716 gnitudo.
898 5645 999 5701 Per
1066 5630 1429 5706 calceamenta
1493 5653 1691 5723 quippe
1866 5673 1971 5713 non
2010 5658 2187 5715 minus

600 5735 767 5793 Verbi
817 5736 1139 5808 incarnatio,
1182 5758 1342 5813 quam
1391 5745 1638 5801 universa
1682 5746 1958 5818 Evangelii
2009 5766 2187 5807 sacra-

605 5838 782 5884 menta
823 5830 1189 5900 designantur,
1219 5850 1334 5901 quia
1362 5836 1549 5891 beatus
1573 5836 1809 5895 Joannes
1842 5855 2183 5913 nequaquam

2294 4914 2486 4969 eadem
2526 4919 2898 4986 sponsalitatis
2919 4921 3041 4991 jura
3069 4925 3346 4997 indignum
3373 4943 3429 4983 se
3454 4930 3725 4985 veraciter
3749 4947 3934 4991 asse-

2291 5013 2463 5071 verat,
2493 5022 2613 5077 quaz
2636 5024 2734 5078 per
2756 5011 3003 5081 spiritum
3035 5016 3331 5084 prophetiae
3368 5019 3421 5072 in
3459 5018 3676 5075 Christo
3700 5019 3929 5081 futura

2292 5110 2644 5171 cognoverat.
2670 5101 2791 5172 Ipse
2812 5121 2897 5158 vos
2916 5104 3219 5176 baptizabit,
3248 5109 3443 5180 inquit,
3472 5109 3674 5174 Spiritu
3701 5128 3932 5172 sancto

2293 5198 2342 5244 et
2372 5192 2510 5262 igne,
2544 5192 2647 5246 hoc
2684 5204 2769 5249 est
2796 5197 3117 5267 purgatione
3141 5202 3587 5257 sanctiﬁcationis
3612 5219 3626 5269 ;
3651 5211 3705 5259 et
3739 5206 3939 5261 dein-

2296 5296 2423 5351 ceps
2452 5285 2517 5338 ad
2543 5284 2865 5341 charitatem
2893 5291 3260 5359 nutriendam,
3306 5294 3630 5362 probatione
3660 5297 3927 5354 tribula—

2295 5375 2479 5430 tionis.
2510 5375 2765 5433 Charitas
2809 5388 2990 5436 autem
3042 5381 3134 5437 Dei
3181 5382 3371 5440 diffusa
3416 5396 3497 5442 est
3540 5389 3592 5442 in
3634 5390 3937 5450 cordibus

2296 5471 2497 5527 nostris
2545 5487 2642 5543 per
2682 5472 2943 5543 Spiritum
2984 5487 3236 5534 sanctum
3265 5482 3357 5550 qui
3389 5483 3548 5539 datus
3581 5494 3667 5539 est
3705 5485 3929 5546 nobis.

2298 5564 2482 5632 Unde,
2513 5566 2556 5620 si
2582 5566 2816 5636 primum
2846 5583 2940 5638 per
2963 5585 3085 5625 eum
3119 5573 3542 5637 sanctiﬁcamur,
3575 5577 3703 5646 quid
3743 5580 3942 5640 aliud

2295 5677 2453 5733 quam
2498 5663 2551 5716 in
2585 5678 2650 5718 eo
2690 5663 3004 5721 abluimur?
3038 5667 3103 5723 Et
3138 5669 3395 5743 deinceps
3434 5671 3478 5727 si
3512 5687 3607 5744 per
3645 5675 3947 5733 Charita-

2295 5761 2403 5808 tem
2446 5754 2510 5807 ad
2552 5751 2825 5810 Christum
2870 5758 3263 5830 pertingimus,
3328 5764 3455 5833 quid
3501 5765 3646 5819 aliud
3677 5799 3687 5815 .
3720 5784 3943 5837 quas“

2294 5859 2394 5915 per
2447 5860 2565 5899 eam
2611 5846 2661 5899 in
2704 5846 2922 5903 Christo
2966 5855 3386 5921 regeneramur?
3428 5855 3501 5911 De
3547 5858 3644 5911 hac
3685 5859 3945 5930 qtlippe
