4072 6362
193 360 316 421 165

1002 353 1365 423 EXPOSITIO
1400 362 1471 422 IN
1508 358 1948 423 ΜΛΤΤΗΑΞΠΜ.
1990 396 2060 407 -
2094 365 2222 423 LIB.
2264 362 2331 435 ll,
2367 362 2521 424 CAP.
2562 360 2654 424 Ill.

3378 363 3483 425 l66

192 477 448 552 Spiritus
482 475 656 533 sancti
685 474 958 532 ablutione
997 475 1050 531 in
1089 491 1241 548 spem
1276 477 1399 533 vita:
1433 477 1787 533 renascimur.
1817 477 1867 539 Α
1894 475 2271 533 holocaustum
2323 477 2590 542 Domino,
2642 477 2763 547 igne
2814 474 2979 531 divini
3037 444 3262 541 amoris,
3316 473 3482 532 veluti

192 570 280 625 De
329 568 602 627 cbaritatc
644 581 774 622 vero
823 565 877 622 id
926 567 1375 636 regeneratione,
1429 582 1552 623 cum
1593 567 1797 623 sederit

188 662 383 719 Filius
406 662 642 718 hominis
664 661 719 716 in
747 661 873 716 sede
898 658 1211 730 ‘maiestatis
1235 675 1347 717 sua:
1378 659 1674 732 perfectius
1716 672 1799 714 re-

188 755 482 811 nascendo
528 751 938 809 immortalitate
983 752 1269 808 vestimur.
1318 749 1425 807 Sed
1467 766 1567 806 cur
1606 750 1794 806 eadem

189 847 449 904 charitas
474 846 617 918 ignis
639 844 873 910 dicatur,
888 859 993 899 non
1019 844 1375 915 incongruum
1401 849 1579 913 potest
1600 840 1793 908 videri,

187 939 330 993 dum
364 947 578 992 mentes
603 935 884 991 hominum
908 936 1098 991 ardere
1134 934 1283 991 facit.
1311 935 1445 991 Nam
1470 944 1526 992 et
1564 934 1795 1006 apostoli

183 1031 441 1105 primum
469 1046 593 1087 cum
621 1030 827 1101 Spiritu
858 1040 1048 1087 sancto
1088 1030 1441 1102 percipiendo
1473 1029 1795 1086 sanctiﬁcati

186 1132 389 1180 essent
412 1165 427 1190 ,
473 1138 587 1179 non
616 1131 801 1179 tamen
827 1123 961 1178 adeo
983 1124 1235 1179 ardentes
1263 1131 1443 1187 erant,
1471 1123 1565 1178 sed
1590 1138 1713 1178 cum
1737 1120 1794 1176 in

184 1216 285 1274 die
308 1217 673 1273 Pentecostes
699 1232 800 1287 per
818 1217 1070 1273 eumdem
1101 1214 1365 1288 Spiritum
1397 1216 1452 1270 in
1477 1215 1558 1271 eis
1582 1214 1795 1286 plenius

188 1310 533 1365 charitatem
576 1307 795 1373 refudit,
842 1322 937 1362 eos
974 1320 1137 1378 quam
1168 1306 1403 1361 maxime
1430 1304 1621 1360 ardere
1644 1304 1790 1360 fecit.

186 1402 340 1471 Quia
384 1403 665 1468 nimirum,
696 1401 965 1456 charitate
990 1399 1188 1465 renati,
1218 1400 1285 1454 ab
1308 1413 1373 1455 ea
1399 1394 1644 1467 separari
1685 1412 1791 1452 non

184 1504 461 1567 poterant
492 1494 614 1551 ullis
647 1501 1040 1549 tormentorum
1069 1492 1374 1564 generibus.
1406 1489 1545 1545 Hinc
1579 1504 1794 1560 quoque

189 1600 287 1647 est
314 1591 461 1662 quod
512 1587 708 1644 Paulus
759 1594 1073 1643 constanter
1116 1586 1293 1641 aiebat
1341 1584 1525 1641 dicens
1559 1601 1572 1637 :
1608 1582 1795 1638 Certus

187 1698 321 1738 sum
346 1699 441 1753 ego
465 1679 605 1752 quod
647 1696 810 1751 neque
838 1694 997 1741 mors,
1030 1692 1193 1748 neque
1232 1684 1359 1742 tuta,
1394 1690 1556 1745 neque
1592 1674 1794 1728 instan-

188 1776 293 1840 tia,
332 1789 498 1845 neque
526 1772 734 1842 futura,
763 1786 926 1840 neque
964 1777 1204 1822 creatura
1234 1766 1344 1821 ulla
1369 1766 1555 1836 poterit
1586 1780 1679 1819 nos
1708 1779 1792 1817 se-

1897 568 2133 624 victimae
2169 569 2410 640 quotidie
2452 578 2885 625 concremantur.
2932 565 3051 635 Quo
3087 565 3333 637 profecto
3358 567 3483 638 igne

1898 663 2185 719 credentes
2238 662 2367 734 quid
2423 661 2566 717 aliud
2618 676 2778 732 quam
2829 659 3276 732 rebaptizantur-‘l
3328 658 3485 717 Hunc

1898 754 2065 827 igitttr
2088 755 2268 827 ignem
2297 753 2442 810 venit
2483 752 2642 810 Iesus
2680 738 2896 809 mittere
2936 753 2991 808 in
3022 762 3245 817 terram,
3270 760 3327 807 et
3354 752 3482 822 quid

1897 846 2012 901 vult
2038 886 2054 913 ,
2103 846 2205 902 nisi
2238 854 2296 901 ut
2324 846 2549 912 ardeat,
2580 853 2634 901 et
2662 853 2971 902 concremet
3004 845 3253 901 universa
3295 843 3480 900 carnis

1897 939 2067 1007 vitia;
2100 949 2370 1010 quatenus
2400 940 2454 995 in
2483 956 2551 996 eo
2582 939 2738 996 electi
2773 941 2839 996 ad
2889 956 3084 997 novam
3110 941 3277 996 vitam
3303 941 3485 1013 quoti-

1897 1033 1986 1090 die
2013 1033 2408 1090 renascantur?
2445 1031 2582 1089 Hinc
2626 1033 2826 1104 quippe
2864 1032 3005 1104 ignis
3039 1040 3331 1104 perpetuus
3358 1045 3482 1088 esse

1892 1123 2135 1195 iubetur,
2165 1126 2256 1196 qui
2289 1140 2563 1196 nunquam
2607 1125 2823 1181 deﬁciet
2868 1123 2937 1179 ab
2973 1124 3170 1191 altari;
3217 1132 3274 1178 ut
3314 1138 3383 1179 ex
3411 1137 3480 1180 eo

1896 1233 2087 1274 omnes
2119 1218 2208 1289 qui
2238 1219 2291 1275 in
2323 1218 2557 1285 Christo,
2588 1218 2642 1272 id
2668 1225 2753 1274 est
2775 1232 2938 1288 super
2962 1216 3131 1272 altare
3157 1215 3478 1283 offeruntur,

1894 1310 2165 1383 puriﬁcati
2191 1310 2480 1384 gloriosius
2508 1311 2855 1376 innoventur,
2886 1318 3152 1380 quatenus
3178 1325 3277 1380 per
3302 1308 3482 1364 hocin

1895 1403 2309 1474 regeneratione
2334 1443 2350 1469 ,
2386 1417 2510 1458 cum
2552 1402 2754 1458 sederit
2783 1400 2950 1457 Filius
2983 1400 3219 1456 hominis
3265 1400 3317 1455 in
3356 1401 3487 1456 sede

1902 1495 2058 1567 1'73
2086 1494 2386 1565 maiestatis
2412 1511 2555 1563 suae,
2586 1493 2928 1565 adoptionem
2969 1492 3202 1549 ﬁliorum
3245 1491 3338 1547 Dei
3366 1490 3483 1563 ple-

1896 1587 2019 1643 nius
2063 1586 2426 1658 percipientes
2455 1628 2470 1653 ,
2517 1585 2913 1641 immortalitati
2961 1594 3177 1641 aeterna:
3219 1583 3345 1638 vitae
3391 1581 3487 1638 do—

1896 1685 2112 1732 nentur.

1968 1780 2135 1851 Cujus
2184 1780 2528 1836 ventilabrum
2569 1780 2639 1835 tin
2684 1796 2845 1835 manu
2882 1797 2979 1834 sua
3004 1821 3019 1846 ,
3044 1788 3091 1834 et
3118 1776 3487 1851 permundabit

188 1882 392 1938 Ρανανε
425 1883 461 1920 α
489 1864 749 1919 “mmo”
790 1858 988 1917 Chm".
1025 1858 1213 1932 (Rom-
1271 1873 1393 1922 Vl":
1443 1856 1512 1912 58
1533 1854 1574 1927 )·
1624 1855 1792 1911 Τοῑυε
1818 1847 1866 1908 Β
1894 1847 2072 1925 aream
2095 1887 2246 1924 suout
2270 1913 2285 1937 ,
2320 1881 2367 1926 et
2388 1869 2720 1941 congregabt't
2755 1870 2984 1923 triticum
3007 1869 3064 1922 in
3083 1847 3363 1936 horreum,
3387 1883 3485 1938 pa-

188 1957 349 2014 enim
398 1955 688 2011 charitatis
729 1942 847 2009 erat
884 1950 1108 2006 eﬁ'ectus
1144 1964 1242 2021 per
1279 1947 1548 2019 gratiam;
1587 1944 1789 2000 idcirco

191 2051 347 2108 aliud
369 2064 492 2106 esse
514 2065 623 2105 non
653 2055 866 2119 poterat
884 2060 1046 2116 quam
1081 2042 1223 2115 quod
1252 2041 1430 2096 factus
1450 2047 1587 2095 erat.
1612 2036 1788 2106 Quam

192 2145 394 2214 itaque
444 2142 762 2199 charitatem
796 2139 923 2211 quia
967 2137 1023 2193 in
1054 2134 1308 2208 praesenti
1352 2134 1462 2189 vita
1502 2133 1593 2187 vix
1630 2129 1787 2202 pauci

198 2243 323 2291 tam
346 2234 556 2305 plenam
569 2233 789 2291 habent,
804 2231 857 2285 in
879 2226 1061 2284 futuro
1076 2242 1203 2282 vero
1221 2226 1297 2281 ita
1323 2233 1480 2281 tenus
1497 2232 1556 2278 ut
1576 2236 1791 2294 semper

193 2327 255 2382 in
291 2326 414 2396 ipsa
446 2332 726 2390 maneant,
754 2324 820 2378 ad
857 2321 1069 2393 plenam
1102 2316 1566 2374 immortalitatem
1599 2330 1790 2372 omnes

186 2432 296 2490 per
351 2433 478 2474 eam
532 2415 707 2472 renati
748 2422 927 2471 erunt.
994 2412 1151 2469 Unde
1215 2409 1457 2481 profecto
1519 2408 1789 2464 credimus

190 2508 404 2565 dictum
434 2526 449 2562 :
477 2507 599 2578 Ipse
632 2523 718 2562 vos
748 2502 1216 2575 baptizabit172
1250 2500 1454 2572 Spiritu
1493 2506 1696 2564 sancto,
1732 2498 1789 2553 in

187 2600 455 2673 praesenti
483 2599 594 2655 vita
622 2599 688 2654 ad
716 2606 974 2653 aeternam
1003 2594 1482 2651 sanctiﬁcationem
1510 2632 1524 2659 ,
1557 2598 1610 2647 et
1641 2597 1789 2661 post-

188 2694 419 2750 modum
452 2692 577 2765 igne
602 2689 884 2747 charitatis
912 2695 1034 2759 post
1063 2686 1259 2741 multas
1294 2682 1699 2749 tribulationes,
1732 2681 1788 2737 in

188 2786 650 2861 regeneratione,
689 2800 813 2840 cum
856 2781 1058 2839 sederit
1092 2779 1261 2835 Filius
1294 2777 1529 2834 hominis
1564 2777 1619 2832 in
1661 2775 1790 2832 sede

188 2882 504 2955 maiestatis
538 2896 682 2946 sum,
713 2879 780 2935 ad
824 2876 1223 2935 innovatiouem
1252 2875 1425 2932 beata-
1468 2874 1789 2931 immortali-

188 2978 341 3033 tatis.
373 2975 523 3047 Quia
551 2974 809 3030 nimirum
835 3013 849 3039 ,
892 2972 1032 3028 sicut
1076 2970 1166 3025 hic
1201 2969 1379 3025 omnia
1425 2976 1649 3041 peccata
1693 2966 1788 3023 do-

190 3078 422 3133 nantur,
452 3066 528 3123 ita
557 3073 611 3121 et
637 3064 768 3131 illic,
798 3078 860 3119 ea
892 3062 1008 3117 sine
1036 3060 1231 3131 quibus
1270 3068 1455 3116 nostra
1484 3057 1786 3116 mortalitas

190 3176 295 3216 non
325 3166 519 3231 potest
548 3156 842 3214 subsistere
870 3194 886 3221 ,
931 3152 976 3211 si
1009 3167 1245 3224 congrua
1288 3151 1627 3222 praecesserit
1657 3165 1788 3207 con-

193 3214 393 3317 versio,
428 3252 646 3324 plenius
682 3251 751 3307 ad
796 3249 1065 3319 integrum
1113 3214 1443 3301 relaxantur.
1478 3245 1534 3299 lu
1564 3242 1785 3300 Actibus
1812 3214 1859 3281 θ

193 3360 416 3417 quoque
459 3340 825 3414 apostolorum
879 3338 1113 3410 Spiritus
1150 3346 1368 3393 sanctus
1407 3335 1529 3391 ideo
1568 3335 1625 3391 in
1666 3336 1788 3408 igne

195 3437 523 3512 apparuisse
550 3435 767 3506 legitur,
798 3440 857 3486 ut
883 3436 1028 3486 esset
1057 3428 1314 3485 indicium
1346 3428 1488 3498 quod
1518 3442 1613 3482 eos
1651 3442 1787 3496 quos

196 3532 507 3603 repleverat
532 3527 784 3582 ardentes
818 3521 1038 3579 fecerat.
1074 3520 1147 3609 Et.
1170 3519 1312 3575 unde
1347 3533 1475 3590 ergo
1500 3517 1782 3583 ardentes,

197 3624 299 3680 nisi
322 3622 396 3679 de
425 3621 551 3693 igne
574 3632 736 3690 quem
766 3615 1057 3681 infuderat,
1075 3629 1138 3668 ac
1157 3627 1255 3683 per
1272 3611 1378 3666 hoc
1404 3611 1519 3681 ipsa
1548 3611 1789 3665 charitas

197 3715 339 3786 ignis
365 3712 527 3771 erat?
570 3710 636 3769 Et
673 3710 795 3766 ideo
826 3716 972 3764 recte
1019 3706 1219 3762 dictum
1258 3704 1472 3758 videtur
1499 3721 1512 3756 :
1542 3702 1663 3772 Ipse
1701 3718 1787 3757 vos

198 3795 492 3880 baptisabit
532 3802 734 3878 Spiritu
778 3810 959 3857 sancto
994 3799 1235 3854 Primum
1269 3811 1334 3851 ex
1375 3810 1470 3851 sua
1511 3793 1787 3867 signiﬁca-

202 3904 376 3965 tione,
396 3914 464 3954 ac
487 3897 678 3953 deinde
704 3896 828 3967 igne
848 3897 1231 3948 consummata:
1250 3886 1548 3949 charitatis,
1573 3884 1789 3955 quando

202 4008 368 4051 nemo
395 4005 495 4047 vos
515 4002 769 4061 sepatare
793 3983 993 4054 poterit
1022 3996 1053 4035 a
1086 3978 1286 4035 Christi
1318 3976 1603 4041 charitate,
1624 3990 1790 4045 quan-

201 4088 270 4145 do
296 4099 410 4141 non
436 4081 583 4137 aliud
610 4080 665 4135 in
698 4075 852 4132 vobis
879 4088 1042 4145 quam
1092 4070 1230 4143 ignis
1263 4066 1428 4123 divini
1456 4066 1658 4121 amoris
1700 4080 1789 4118 ar-

201 4180 369 4236 debit.
402 4174 521 4231 Nisi
562 4171 702 4227 forte
732 4169 804 4224 ita
839 4163 1208 4236 accipiendum
1255 4160 1328 4215 sit
1360 4178 1372 4214 :
1416 4158 1537 4230 Ipse
1567 4175 1656 4212 vos
1689 4157 1786 4211 ba-

201 4271 424 4343 ptisabit
468 4264 669 4339 Spiritu
716 4270 898 4317 sancto
919 4300 934 4325 ,
964 4266 1013 4312 et
1040 4258 1188 4328 igne,
1220 4262 1279 4309 ut
1305 4253 1524 4325 quidam
1554 4252 1739 4308 volunt
1769 4291 1785 4317 ,

202 4363 355 4436 quasi
388 4361 538 4416 idem
566 4354 802 4428 Spiritus
829 4358 1051 4407 sanctus
1081 4347 1222 4419 ignis
1259 4345 1367 4411 sit,
1399 4344 1541 4415 quod
1567 4344 1788 4398 omnino

202 4434 570 4514 conﬁtemur,
608 4447 733 4520 quia
781 4445 926 4501 Deus
972 4440 1114 4514 ignis
1162 4452 1484 4494 consumens
1532 4443 1632 4492 est.
1680 4434 1789 4491 Sed

202 4547 326 4619 quia
358 4542 668 4614 copulativa
696 4534 1006 4607 coniunctio
1036 4530 1418 4603 interponitur,
1438 4528 1650 4584 videtur
1679 4542 1785 4582 non

201 4640 269 4696 de
292 4653 403 4694 una
429 4635 729 4703 eademque
755 4645 816 4686 re
840 4625 1276 4697 coniunctionem
1302 4623 1604 4699 subtexere.
1634 4620 1787 4677 Unde

203 4730 425 4800 quidam
460 4724 807 4797 refugientes,
836 4720 1015 4791 ignem
1059 4713 1353 4787 purgatorii
1399 4713 1587 4770 volunt
1622 4712 1788 4784 signi-

210 4820 389 4887 ﬁcari;
424 4816 580 4889 quasi
612 4829 711 4870 nos
744 4812 797 4867 in
824 4808 1075 4882 praesenti
1108 4806 1309 4878 Spiritu
1354 4812 1541 4861 sancto
1567 4803 1785 4870 abluat,

207 4921 260 4967 et
282 4912 542 4980 deinceps
572 4907 618 4962 si
651 4921 755 4977 qua
782 4903 988 4975 peccati
1028 4899 1239 4957 macula
1282 4895 1650 4966 subrepserit,
1689 4909 1787 4965 per

206 5003 384 5076 ignem
431 4996 864 5071 conﬁagrationis
890 4994 958 5048 ad
988 5007 1181 5063 purum
1221 4996 1431 5044 exurat.
1465 4985 1571 5042 Sed
1619 4985 1664 5042 si
1711 4985 1786 5040 ita

210 5075 327 5156 est,
379 5094 453 5149 de
495 5088 788 5146 levioribus
816 5097 1033 5157 quoque
1071 5091 1232 5151 atque
1276 5077 1517 5134 minimis
1547 5075 1788 5148 peccatis

210 5185 536 5243 credendum
575 5189 692 5247 est;
724 5178 851 5250 quia
893 5188 1233 5247 nequaquam
1278 5170 1535 5226 abhorret
1578 5183 1610 5222 a
1656 5181 1788 5223 vero

213 5277 352 5347 quod
380 5289 517 5347 pene
539 5274 608 5328 ab
639 5270 890 5327 omnibus
915 5264 1186 5338 opinabile
1224 5268 1603 5334 pertractatur.
1634 5258 1789 5315 Unde

214 5379 270 5424 et
311 5366 642 5439 Apostolus:
678 5360 1101 5433 Uniuscujusque
1146 5373 1275 5429 opus
1320 5353 1475 5427 quale
1509 5354 1607 5418 sit,
1653 5351 1787 5423 ignis

214 5459 450 5529 probabit
490 5456 542 5529 (Ι
578 5454 701 5512 Cor.
735 5469 817 5517 ut,
856 5453 965 5525 l3).
1013 5448 1145 5505 Nam
1183 5457 1238 5505 et
1270 5448 1323 5502 in
1360 5445 1599 5501 Levitico
1627 5457 1789 5514 super

216 5549 386 5604 altare
411 5562 626 5620 semper
656 5546 794 5618 ignis
823 5543 912 5599 ille
940 5543 1004 5598 de
1029 5540 1168 5597 coelo
1199 5540 1397 5595 missus
1421 5535 1667 5599 ardebat,
1696 5534 1788 5605 qui

219 5632 525 5698 holocausta
554 5647 749 5696 cuncta
780 5642 1143 5701 consumeret,
1166 5642 1222 5689 et
1250 5638 1518 5689 cremaret
1547 5629 1784 5686 omnium

219 5732 605 5790 sacriﬁcion
636 5730 852 5802 adipes;
878 5727 1185 5801 signiﬁcans
1209 5742 1303 5782 eos
1327 5724 1420 5796 qui
1446 5737 1609 5794 super
1631 5720 1787 5777 Chri-

220 5832 385 5892 stum,
429 5827 484 5882 in
511 5825 734 5883 odorem
779 5821 1093 5881 suavitatis,
1144 5820 1196 5875 in
1240 5813 1565 5875 sacriﬁcium
1607 5816 1690 5873 vel
1731 5815 1785 5870 in

1889 1960 1998 2016 leas
2027 1970 2201 2016 autem
2239 1960 2502 2015 comburet
2536 1960 2645 2031 igni
2680 1959 3113 2032 inexstinguibili.
3162 1958 3269 2015 Per
3307 1957 3483 2013 venti-

1888 2051 2098 2108 labrum
2118 2053 2316 2125 quippe
2336 2068 2563 2108 examen
2585 2052 2751 2107 divini
2769 2052 2957 2124 iudicii
2973 2053 3306 2126 designatur.
3325 2051 3479 2119 Quia,

1888 2133 2029 2202 sicut
2067 2161 2166 2217 per
2192 2145 2556 2201 ventilabrum
2588 2145 2643 2201 in
2682 2160 2810 2201 area
2855 2145 3063 2201 triturae
3094 2144 3262 2217 paleae
3300 2158 3483 2215 secer-

1886 2246 2091 2293 nuntur
2120 2253 2152 2292 a
2183 2237 2363 2293 tritico
2387 2278 2403 2303 ,
2452 2236 2526 2291 ita
2570 2252 2668 2308 per
2708 2237 2949 2292 divinum
2989 2252 3219 2293 examen
3254 2236 3399 2292 leves
3428 2243 3484 2292 et

1880 2330 2048 2386 vacui
2088 2345 2119 2385 a
2144 2329 2327 2387 fructu
2353 2330 2478 2386 boni
2504 2331 2685 2402 operis
2718 2339 2775 2386 et
2799 2347 2830 2387 a
2857 2332 3131 2387 consortio
3171 2339 3481 2387 sanctorum

1888 2432 2268 2496 segregantur.
2299 2422 2452 2491 Quod
2496 2423 2736 2479 triticum
2782 2438 2851 2479 ex
2898 2439 2964 2480 eo
3009 2423 3262 2478 frumenti
3312 2437 3484 2495 grano

1889 2515 2129 2574 crevisse
2168 2517 2427 2581 cernitur,
2461 2516 2604 2586 quod
2643 2515 2918 2572 cadensin
2943 2523 3147 2571 terram
3180 2530 3276 2585 per
3301 2515 3483 2571 crucis

1886 2605 2195 2678 passionem
2226 2605 2355 2661 alibi
2383 2616 2657 2660 mortuum
2680 2604 3016 2676 perhibetur.
3044 2604 3197 2660 Unde
3222 2604 3477 2658 nimirum

1887 2712 1986 2768 per
2010 2695 2170 2752 ﬁdem
2199 2696 2375 2753 exorti
2401 2711 2568 2751 unum
2601 2695 2653 2751 in
2679 2694 2898 2750 Christo
2917 2693 3244 2749 eﬂiciuntur.
3269 2693 3335 2749 Et
3359 2693 3484 2750 inde

1886 2787 2131 2844 haeredes
2160 2787 2252 2844 Dei
2283 2785 2411 2843 facti
2438 2827 2453 2854 ,
2477 2786 2676 2844 Christi
2708 2801 2837 2842 vero
2863 2785 3172 2842 cohaeredes
3193 2825 3208 2851 ,
3251 2798 3356 2840 non
3385 2797 3483 2838 na-

1886 2886 2007 2934 tura
2036 2868 2255 2950 quidem
2280 2919 2295 2947 ,
2326 2879 2420 2935 sed
2446 2878 2619 2949 gratia
2639 2918 2655 2945 ,
2688 2878 2754 2933 ad
2784 2878 3040 2933 horreum
3079 2876 3346 2947 paradisi,
3386 2889 3484 2948 pa-

1886 2970 1987 3029 leis
2016 2971 2231 3043 reiectis
2260 2972 2316 3027 in
2360 2972 2539 3043 ignem
2570 2987 2679 3026 uno
2706 2986 2773 3027 ex
2800 2985 2969 3044 grano
3003 2971 3205 3025 viritim
3242 2970 3482 3041 quotidie

1888 3063 2235 3136 colliguntur.
2260 3063 2437 3119 Palese
2460 3063 2678 3134 quidem
2710 3064 2998 3119 traduntur
3036 3062 3272 3135 ignibus,
3304 3078 3480 3133 quan-

1887 3172 2050 3230 quam
2077 3173 2141 3214 ex
2170 3157 2354 3213 radice
2381 3156 2749 3228 processerint
2781 3155 3040 3222 seminis,
3071 3170 3176 3211 non
3211 3155 3335 3225 quia
3373 3168 3480 3209 non

1890 3260 2019 3308 sunt
2057 3267 2249 3318 exeo,
2294 3252 2388 3307 sed
2432 3251 2557 3322 quia
2595 3251 3061 3324 degeneraverunt
3102 3266 3133 3305 a
3159 3249 3484 3322 pinguedine

1891 3345 2139 3402 fructus:
2185 3344 2258 3399 ita
2287 3351 2341 3400 et
2368 3351 2713 3416 peccatores,
2746 3344 2993 3414 quamvis
3030 3350 3389 3398 renascantur
3413 3354 3482 3396 ex

1892 3436 1996 3491 ﬁde
2023 3435 2266 3503 Christi,
2305 3434 2350 3491 si
2394 3450 2501 3489 non
2538 3434 2827 3497 habuerint
2875 3434 3111 3489 fructum
3151 3432 3317 3498 ﬁdei,
3347 3446 3481 3488 con-

1887 3526 2163 3601 ﬂagraturi
2192 3526 2471 3598 suppliciis
2491 3526 2835 3597 deputantur.
2859 3524 2975 3579 Non
3000 3525 3124 3594 quia
3148 3539 3254 3577 non
3277 3530 3405 3578 sunt
3428 3522 3481 3577 in

1890 3617 2017 3681 ﬁde,
2034 3618 2129 3674 sed
2142 3618 2270 3689 quia
2282 3618 2436 3672 vacui
2454 3623 2508 3672 et
2521 3616 2814 3686 degeneres
2834 3630 2867 3668 a
2887 3614 3064 3669 fructu
3088 3611 3211 3667 ﬁdei
3227 3613 3279 3666 in
3304 3611 3483 3668 divino

1889 3708 2138 3765 examine
2163 3708 2550 3765 decernuntur.
2584 3705 2718 3761 Nam
2755 3705 2938 3761 caeteri
2972 3704 3062 3775 qui
3094 3719 3199 3759 non
3234 3702 3478 3768 credunt,

1888 3818 2230 3877 nequaquam
2260 3804 2363 3858 isto
2390 3810 2735 3860 removentur
2757 3798 3057 3855 ventilabro
3082 3813 3114 3852 a
3145 3796 3353 3861 tritico;
3385 3798 3481 3852 sed

1890 3897 2014 3968 quia
2038 3896 2147 3967 iam
2172 3893 2400 3965 iudicati
2422 3902 2567 3959 sunt,
2593 3892 2865 3948 destinato
2892 3890 3084 3945 itinere
3111 3888 3381 3944 ducuntur
3410 3887 3478 3943 ad

1888 3997 2114 4045 tartara.
2138 3986 2290 4056 Quod
2319 3995 2499 4042 autem
2525 3984 2578 4040 in
2604 3999 2765 4040 manu
2787 3980 2903 4052 eius
2927 3979 3287 4037 ventilabrum
3318 3980 3479 4034 situm

1888 4080 2141 4144 minatur,
2176 4086 2411 4151 potestas
2446 4075 2732 4146 iudiciaria
2764 4072 3126 4145 exprimitur;
3158 4073 3284 4141 quia
3320 4068 3482 4123 Pater

1888 4187 1995 4228 non
2030 4169 2238 4241 iudicat
2283 4182 2643 4240 quemquam,
2687 4165 2781 4221 sed
2831 4176 2992 4241 omne
3031 4160 3292 4231 iudicium
3332 4157 3481 4213 dedit

1887 4263 2044 4319 Filio.
2085 4261 2241 4318 Dedit
2270 4270 2453 4317 autem
2487 4259 2535 4313 ei
2576 4264 2799 4331 propter
2832 4254 3184 4311 humanitatis
3225 4249 3478 4315 formam,

1888 4355 2032 4428 quod
2064 4355 2177 4426 ipse
2201 4353 2350 4425 prius
2378 4367 2592 4422 semper
2620 4349 2675 4405 in
2709 4365 2869 4404 manu
2904 4346 3094 4404 habuit
3132 4362 3254 4402 cum
3296 4344 3477 4410 Patre,

1887 4455 2110 4520 propter
2137 4444 2399 4516 aequalem
2421 4459 2532 4499 suae
2556 4440 2854 4498 divinitatis
2886 4437 3242 4508 maiestatem.
3271 4436 3337 4491 Et
3365 4452 3481 4507 per-

1888 4537 2161 4595 mundabit
2185 4578 2201 4603 ,
2227 4534 2400 4605 inquit
2417 4574 2433 4599 ,
2465 4548 2642 4589 aream
2669 4548 2852 4596 suam;
2878 4530 3063 4601 utique
3091 4528 3326 4600 apaleis,
3351 4527 3478 4582 dum

1889 4628 2018 4685 boni
2063 4634 2418 4698 segregantur
2457 4637 2488 4678 a
2535 4620 2711 4677 malis.
2756 4619 2875 4675 Per.
2910 4634 3092 4675 aream
3134 4618 3372 4689 quippe,
3422 4616 3477 4671 iu

1892 4734 1999 4792 qua
2034 4716 2362 4773 frumentum
2389 4714 2455 4769 ad
2486 4711 2743 4781 liquidum
2771 4710 3076 4773 trituratur,
3113 4722 3351 4778 praesens
3381 4705 3477 4760 Dei

1890 4809 2132 4867 Ecclesia
2160 4806 2498 4878 exprimitur,
2530 4804 2585 4858 in
2612 4818 2716 4874 qua
2740 4802 2913 4857 sancti
2940 4800 3168 4856 diversis
3197 4812 3478 4870 pressura-

1891 4918 2011 4957 rum
2051 4899 2311 4971 angustiis
2340 4896 2740 4968 propulsanlur.
2771 4893 2838 4948 Et
2861 4892 2952 4962 qui
2983 4906 3149 4963 grana
3180 4889 3381 4945 fuerint
3418 4888 3472 4941 in

1891 4990 2109 5046 Christo
2137 5004 2234 5059 per
2259 4987 2579 5058 patientiam
2606 4984 2817 5040 solidati
2843 5024 2859 5050 ,
2900 4982 3080 5039 eﬂ'erri
3106 4982 3213 5036 huc
3242 4978 3476 5046 illucque

1892 5081 2210 5151 nequibuut.
2242 5076 2376 5133 Nam
2422 5077 2685 5133 seminata
2715 5073 2933 5131 Christo
2976 5073 3030 5127 in
3069 5067 3322 5125 cordibus
3357 5079 3476 5120 creo

1894 5172 2134 5228 dentium
2164 5187 2261 5244 per
2290 5170 2480 5235 ﬁdem,
2530 5169 2683 5240 quasi
2716 5169 2770 5224 in
2822 5175 2968 5223 terra
2998 5165 3139 5219 bona
3182 5159 3474 5232 plurimum

1893 5265 2074 5321 ferunt
2112 5265 2346 5320 fructum
2373 5276 2473 5334 per
2496 5260 2812 5333 patientiam
2840 5301 2854 5325 ,
2902 5259 3018 5314 sine
3052 5268 3155 5325 qua
3180 5252 3292 5307 Deo
3318 5264 3475 5306 nemo

1896 5355 2203 5412 fructiﬁcat.
2231 5354 2289 5411 In
2319 5353 2473 5424 cuius
2500 5354 2753 5409 nimirum
2776 5350 3042 5407 soliditate
3067 5343 3283 5400 counita
3315 5344 3477 5399 semi-

1895 5449 1980 5505 nis
2008 5462 2206 5521 grana,
2244 5448 2369 5520 quia
2418 5463 2485 5503 ex
2538 5447 2655 5517 ipso
2683 5453 2842 5509 sunt,
2888 5456 2918 5496 a
2947 5438 3163 5496 Christo
3201 5445 3478 5508 nequeunt

1888 5540 2150 5611 separari.
2191 5536 2374 5609 Neque
2398 5538 2541 5593 enim
2579 5535 2721 5591 aliud
2765 5547 2863 5604 per
2898 5544 3080 5584 aream
3118 5529 3379 5601 signatur,
3421 5537 3477 5582 et

1889 5631 2033 5688 aliud
2060 5647 2157 5707 per
2181 5631 2421 5688 triticum
2442 5671 2457 5696 ,
2489 5629 2633 5699 quod
2662 5628 2716 5681 in
2745 5640 2809 5680 ea
2839 5623 3180 5681 coarcervari
3212 5622 3470 5679 noscitur.

1888 5724 1995 5783 Sed
2024 5722 2187 5799 ιη,
2205 5736 2369 5781 unum
2392 5730 2677 5789 utntmque
2707 5717 3035 5789 exprimens,
3059 5716 3128 5773 ab
3152 5713 3474 5789 agricultura

1890 5817 2321 5872 decentissimam
2345 5810 2720 5883 alleget-iarqu
2749 5806 2873 5864 fecit
2906 5806 3151 5879 ﬁguram.
3178 5805 3309 5860 Nam
3337 5803 3390 5857 in
3410 5814 3477 5857 eo
