4032 6358
580 331 676 390 167

1375 344 1434 401 S.
1473 343 1830 402 PASCHASII
1868 345 2218 401 RADBERTI
2254 343 2550 400 ABBATIS
2591 343 3046 402 CORBEIENSIS

3758 343 3858 405 168

573 460 718 535 quod
762 459 930 518 dicit:
967 455 1349 514 Permundabit
1387 475 1566 514 aream
1603 476 1756 514 suam
1779 499 1795 525 ,
1836 463 1952 516 tale
1983 465 2069 514 est
2105 471 2170 512 ac
2194 461 2247 522 Α
2272 457 2471 512 fratres
2486 457 2612 528 jure
2634 457 3066 524 nominaremur,
3095 463 3152 512 et
3175 456 3226 512 ei
3255 454 3566 513 cohaeredes
3591 471 3855 514 essemus.

571 558 620 614 si
653 562 904 628 patenter
929 552 1134 609 diceret
1156 552 1300 622 quod
1333 551 1576 621 quotidie
1598 593 1613 616 ,
1643 553 1812 608 variis
1853 559 2160 608 tentamen-

575 655 753 702 torum
801 642 1090 715 generibus
1143 640 1546 713 propulsando,
1614 641 1872 713 purgabit
1917 641 2160 696 triticum

575 752 731 795 suum
755 777 772 804 ,
815 744 908 800 et,
940 749 1040 805 per
1077 733 1396 805 patientiam
1440 732 1772 802 approbato,
1814 731 2165 804 congregabit

575 829 632 884 in
670 829 925 884 horreum
968 841 1164 892 suum;
1208 825 1394 897 paleas
1442 832 1624 879 autem
1670 824 1816 880 leves
1843 864 1860 890 ,
1903 832 2066 894 atque
2093 824 2162 877 ab

574 919 722 976 omni
769 926 930 974 vento
973 917 1292 971 tentationis
1353 913 1572 987 fugaces
1600 955 1616 981 ,
1669 913 1938 970 missurus
1979 922 2062 969 est
2108 912 2163 966 in

575 1013 754 1083 ignem
783 1007 1297 1080 inexstinguibilem.
1330 1005 1829 1078 lnexstinguibilem
1856 1004 2054 1074 quippe
2084 1003 2166 1058 di-

573 1102 685 1166 cit,
715 1116 844 1167 non,
882 1108 942 1154 ut
965 1099 1188 1170 quidam
1215 1097 1470 1162 delirant,
1498 1097 1644 1168 quod
1680 1095 1919 1160 demum,
1960 1093 2166 1165 judicio

574 1201 818 1264 peracto,
860 1190 1149 1246 revocandi
1178 1190 1288 1246 sint
1314 1190 1381 1244 ad
1412 1190 1624 1244 veniam
1649 1188 1742 1244 illo
1767 1189 1859 1259 qui
1886 1187 2167 1242 cremandi

573 1291 704 1340 sunt
731 1283 1007 1349 incendio,
1033 1282 1128 1338 sed
1159 1281 1279 1335 ideo
1312 1279 1797 1350 inexstinguibilis,
1825 1279 1951 1350 quia
1979 1277 2165 1334 fenum

572 1386 630 1436 et
656 1377 826 1449 paleae
851 1419 867 1444 ,
917 1393 983 1433 ac
1012 1376 1208 1447 stipula
1238 1375 1612 1446 perdurabiles
1642 1373 1712 1429 ad
1761 1374 1939 1445 ignem
1980 1379 2164 1427 erunt.

573 1469 829 1539 Alioquin
867 1468 1326 1538 inexstinguibilis
1368 1467 1595 1522 forsitan
1619 1466 1744 1536 jure
1773 1465 2089 1529 sentiretur,
2120 1464 2166 1518 si

576 1573 684 1615 non
712 1574 898 1614 eorum
927 1560 1126 1629 pabulo
1153 1574 1383 1630 quorum
1416 1567 1500 1614 est
1534 1558 1844 1614 incendium
1872 1557 1938 1610 ad
1963 1557 2165 1627 sempi-

576 1659 733 1707 terna
765 1661 1034 1708 tormenta
1055 1650 1258 1723 jugiter
1290 1660 1624 1722 pasceretur.
1658 1650 1793 1704 Nam
1817 1648 2083 1718 ejusdem,
2110 1657 2167 1702 ut

575 1755 792 1811 semper
825 1741 897 1796 sit
937 1739 1389 1810 inexstinguibilis
1413 1780 1428 1804 ,
1477 1738 1726 1793 materiei
1771 1737 1901 1792 facti
1943 1745 2071 1792 sunt
2111 1735 2166 1790 hi

2264 552 2323 608 ln
2351 569 2418 610 eo
2445 555 2644 626 quippe
2680 569 2790 609 non
2819 553 2994 609 solum
3030 551 3081 608 ei
3109 551 3309 608 fratres
3333 552 3639 618 existimas,
3670 567 3859 609 verum

2265 643 2427 698 etiam
2457 659 2526 699 ex
2569 643 2686 714 ipsa
2733 652 3082 715 peccatorum
3131 643 3485 715 purgatione,
3532 643 3860 715 generaliter

2263 734 2440 789 omnis
2493 743 2806 789 renatorum
2849 733 3093 789 Ecclesia
3145 748 3340 803 sponsa
3389 741 3762 788 consecratur.
3794 733 3862 789 Et

2267 824 2388 881 ideo
2414 825 2636 896 dignum
2666 824 2801 891 fuit,
2834 833 2893 880 ut
2917 825 3068 896 prior
3105 825 3219 894 ipse
3259 840 3365 879 non
3407 822 3540 889 sibi,
3568 825 3662 880 sed
3702 824 3862 880 nobis

2269 915 2321 969 in
2351 914 2556 971 fontem
2599 914 2984 982 descenderet;
3015 923 3283 986 quatenus
3309 929 3408 986 per
3458 914 3564 970 hoc
3605 928 3703 970 nos
3755 914 3860 974 sibi

2267 1011 2577 1082 germanius
2613 1027 2722 1066 uno
2749 1011 2805 1066 in
2835 1025 3066 1082 corpore
3093 1017 3408 1080 coaptaret,
3457 1018 3513 1063 et
3541 1008 3862 1080 mysterium

2267 1107 2610 1176 baptismatis
2639 1107 2708 1162 ad
2738 1105 3096 1178 appetendum
3126 1120 3195 1160 ex
3225 1120 3324 1160 suo
3359 1104 3621 1159 descensu
3658 1102 3860 1175 glorio-

2269 1197 2382 1252 sius
2419 1197 2844 1252 commendaret.
2873 1195 3119 1266 Namque
3161 1211 3259 1265 per
3287 1196 3389 1250 hoc
3418 1209 3524 1250 non
3555 1195 3670 1264 ipse
3692 1235 3707 1259 ,
3769 1194 3865 1250 sed

2268 1288 2452 1344 omnia
2494 1304 2758 1360 aquarum
2802 1287 3004 1344 ﬂuenta
3059 1289 3114 1343 in
3159 1288 3524 1343 ministerium
3573 1287 3864 1344 ablutionis

2270 1387 2469 1433 nostra:
2514 1387 2814 1451 purgantur
2844 1419 2858 1445 ,
2911 1387 3074 1448 atque
3123 1378 3492 1449 magisterium
3545 1377 3866 1434 humilitatis

2269 1469 2480 1540 plenius
2508 1471 2936 1526 demonstratur.
2967 1468 3039 1525 Ut
3068 1485 3229 1524 nemo
3254 1470 3410 1539 quasi
3440 1469 3548 1523 vita
3576 1467 3859 1529 excelsior,

2270 1561 2433 1616 etiam
2449 1562 2514 1616 ad
2538 1561 2784 1616 infimum
2809 1560 2963 1629 cujus
2985 1570 3067 1616 est
3085 1560 3386 1631 baptizandi
3409 1558 3866 1626 ollicium,venire

2271 1649 2612 1721 dedignetur.
2645 1649 2808 1706 Venit
2841 1651 3022 1720 itaque
3071 1651 3138 1704 ad
3182 1649 3540 1719 baptismum,
3570 1649 3861 1719 praecipue,

2270 1748 2330 1794 ut
2371 1738 2609 1796 Joannes
2661 1741 2925 1804 insinuat,
2963 1739 3311 1795 manifestare
3351 1740 3496 1810 quod
3523 1740 3612 1794 hic
3649 1748 3733 1794 est
3772 1741 3862 1810 qui

575 1847 807 1904 quorum
855 1833 1034 1904 portio
1085 1847 1211 1887 cum
1271 1830 1484 1886 diabolo
1537 1830 1818 1900 delegatur
1841 1870 1856 1896 ,
1905 1839 1965 1883 ut
2010 1829 2165 1899 cujus
2197 1832 2241 1890 Β
2271 1831 2507 1899 baptizat
2532 1832 2587 1885 in
2619 1829 2842 1900 Spiritu.
2875 1829 3086 1884 Dictum
3110 1831 3310 1900 quippe
3334 1845 3364 1884 a
3395 1831 3505 1885 Deo
3535 1839 3816 1899 acceperat
3847 1843 3861 1879 :

575 1925 860 1989 membra,
898 1923 1156 1979 sectando
1200 1921 1394 1988 illum,
1441 1931 1568 1977 sunt
1615 1921 1777 1986 facti,
1822 1921 1986 1975 etiam
2030 1919 2170 1989 ignis

575 2016 768 2072 teterni
815 2015 1260 2071 concrematione
1305 2024 1588 2071 consortes
1617 2014 1772 2070 fiant.
1801 2012 1985 2084 Neque
2023 2013 2169 2067 enim

576 2107 696 2162 sine
743 2107 1033 2172 alimento,
1075 2106 1326 2176 quamvis
1361 2116 1658 2176 perpetuus
1706 2114 1854 2160 recte
1895 2104 2169 2167 credatur,

571 2200 693 2272 jure
723 2197 1178 2269 inexstinguibilis
1213 2204 1754 2262 commemoraretur,
1784 2197 1829 2250 si
1878 2210 1984 2250 non
2016 2195 2068 2249 hi
2103 2194 2172 2248 ad

579 2292 839 2362 supplicia
881 2299 1276 2346 tormentorum
1307 2305 1523 2360 semper
1547 2289 1820 2344 durabiles
1855 2296 2061 2343 essent.

651 2385 796 2440 Tunc
819 2387 956 2440 venit
981 2384 1137 2440 Jesus
1159 2403 1192 2439 a
1215 2383 1436 2439 Galilaaa
1462 2385 1516 2438 in
1541 2384 1776 2439 Jordane
1797 2385 1864 2438 ad
1886 2383 2169 2447 Joannem,

579 2487 633 2533 ut
656 2479 1013 2548 baptizaretur
1040 2478 1104 2532 ab
1131 2495 1210 2532 eo.
1227 2477 1379 2533 Tunc
1403 2486 1586 2532 autem
1610 2478 1754 2547 quod
1784 2477 1934 2542 dicit,
1955 2475 2022 2530 ad
2046 2491 2170 2530 eum

578 2569 800 2638 respicit
828 2568 1004 2622 locum
1028 2608 1044 2634 ,
1083 2567 1301 2636 quando
1340 2567 1759 2637 baptizabantur
1797 2567 1851 2620 in
1878 2566 2115 2621 Jordane
2139 2579 2170 2618 a

575 2656 785 2713 Joanne
810 2697 826 2723 ,
867 2667 922 2712 et
947 2657 1141 2727 reliqui
1172 2657 1494 2712 conﬁtentes
1533 2664 1757 2726 peccata
1788 2671 1906 2710 sua.
1940 2655 2111 2709 Porro
2139 2669 2170 2707 a

577 2747 800 2805 Galilaea
830 2747 952 2802 ideo
982 2749 1199 2803 venisse
1222 2748 1559 2817 perhibetur,
1584 2748 1710 2816 quia
1737 2747 2006 2800 Nazareth
2029 2785 2043 2811 ,
2080 2731 2170 2798 ubi

577 2839 840 2894 hactenus
865 2848 1220 2894 conversatus
1248 2848 1352 2904 est,
1382 2837 1572 2906 utjam
1597 2837 1854 2901 diximus,
1887 2835 1941 2889 in
1969 2850 2032 2889 ea
2054 2842 2174 2888 erat

579 2931 928 3001 metropolis;
958 2945 1025 2984 ex
1055 2945 1161 3001 qua
1200 2938 1330 2984 tunc
1374 2938 1433 2983 ut
1461 2929 1787 2983 manifestus
1817 2928 1972 2981 fieret
1999 2927 2169 2981 homi-

577 3023 741 3078 nibus
762 3063 777 3089 ,
805 3031 962 3077 recte
1004 3022 1295 3077 advenisse
1315 3022 1514 3076 dicitur
1543 3061 1558 3086 ,
1601 3022 1693 3091 qui
1738 3021 1888 3090 prius
1919 3019 2093 3090 qualis
2119 3027 2175 3074 et

577 3123 815 3185 quantus
843 3122 988 3170 esset
1032 3115 1253 3169 latebat.
1289 3112 1566 3183 Siquidem
1601 3123 1760 3168 anate
1787 3130 1890 3183 qua
1921 3114 2166 3178 venerit,

577 3184 696 3279 ipso
729 3207 872 3262 Luca
905 3215 1066 3272 teste,
1107 3207 1395 3262 didicimus
1421 3208 1562 3277 quod
1589 3209 1741 3278 quasi
1779 3222 2045 3262 annorum
2077 3207 2172 3260 tri-
2198 3184 2243 3246 Ο

578 3298 727 3369 ginta
759 3297 943 3353 fuerit.
976 3297 1184 3353 Interea
1215 3297 1417 3353 factum
1447 3307 1507 3352 ut
1533 3297 1705 3352 forma
1729 3299 1950 3352 daretur
1976 3297 2171 3368 quibus

578 3390 996 3463 evangelizandi
1035 3399 1182 3446 esset
1230 3389 1409 3444 futura
1453 3391 1764 3457 successio;
1809 3407 1914 3462 qua
1960 3399 2015 3445 et
2068 3389 2172 3462 ipsi

582 3491 744 3539 aetate
785 3481 1001 3552 pietatis
1030 3495 1166 3551 opus
1197 3481 1461 3536 deberent
1481 3481 1778 3550 suscipere,
1809 3489 1864 3535 et
1886 3480 2172 3551 perfectio~

577 3589 704 3631 nem
724 3575 849 3628 vitae
875 3574 928 3628 in
963 3573 1216 3628 omnibus
1237 3574 1303 3628 de
1322 3588 1382 3628 se
1414 3573 1730 3644 locupletius
1750 3574 2026 3629 exhibere.
2059 3572 2172 3628 Hac

577 3665 745 3737 igitur
769 3673 928 3722 astate
957 3664 1211 3736 perfectae
1239 3667 1364 3720 vitae
1409 3665 1692 3736 integritas
1723 3665 1837 3734 jam
1879 3665 2058 3721 adulta
2088 3680 2171 3719 re-

579 3758 822 3813 ctissime
842 3757 1177 3828 designatur.
1211 3756 1363 3812 Unde
1388 3767 1443 3812 et
1471 3757 1794 3813 universalis
1818 3757 2022 3812 Christi
2067 3757 2170 3811 Ec-

581 3848 784 3913 clesia,
834 3862 971 3918 quos
1020 3846 1087 3900 ad
1142 3847 1549 3917 presbyteratus
1593 3846 1830 3901 cilicium
1880 3847 2170 3916 provehit,

579 3955 750 4009 usque
777 3941 846 3992 ad
873 3939 1014 3992 hanc
1035 3945 1252 3993 aetatem
1276 3937 1601 4008 diligentiori
1627 3938 2048 4002 examinatione,
2074 3955 2170 3991 nu-

582 4034 779 4090 triendi
809 4033 1014 4105 gratia,
1065 4032 1166 4087 sub
1192 4029 1392 4086 Christi
1423 4029 1704 4101 disciplina
1736 4031 2021 4086 instituere
2043 4044 2173 4084 con-

581 4127 798 4192 suevit,
829 4134 885 4181 et
913 4131 1101 4195 postea
1142 4123 1424 4179 sollicitius
1451 4123 1506 4178 in
1541 4125 1906 4179 sacerdotium
1945 4139 2169 4193 promo-

583 4233 731 4274 vere.
760 4218 991 4272 Rectum
1021 4215 1220 4286 quippe
1259 4223 1377 4269 erat
1404 4223 1464 4269 ut
1493 4213 1740 4270 Christus
1765 4256 1779 4280 ,
1801 4214 1894 4285 qui
1933 4229 1993 4270 se
2024 4214 2170 4268 viam

585 4308 933 4364 credentibus
961 4305 1133 4361 voluit
1161 4304 1439 4370 exhibere,
1469 4304 1633 4360 etiam
1655 4303 1967 4360 doctoribus
1989 4312 2171 4360 osten-

587 4402 760 4466 deret,
785 4398 942 4472 175
965 4398 1180 4468 quando
1203 4407 1257 4451 et
1281 4397 1377 4466 ipsi
1400 4395 1726 4466 praedicandi
1757 4410 1822 4450 ac
1849 4409 2171 4452 consecran-

586 4496 642 4552 di
683 4495 915 4551 ollicium
966 4491 1225 4548 deberent
1271 4489 1564 4560 suscipere.
1613 4487 1753 4543 Hinc
1789 4503 2002 4559 quoque
2031 4503 2167 4558 quo-

586 4589 833 4645 rumdam
865 4586 1156 4656 probabilis
1200 4584 1382 4654 opinio
1421 4591 1536 4651 est,
1571 4583 1716 4654 quod
1759 4583 1912 4652 quasi
1966 4582 2021 4636 in
2070 4584 2173 4637 hac

588 4687 748 4736 atate
773 4693 960 4734 omnes
989 4678 1045 4732 in
1072 4663 1246 4732 virum
1276 4675 1574 4746 perfectum
1603 4676 1672 4731 ad
1707 4675 2172 4730 immortalitatem

587 4773 832 4846 perducti
859 4772 1088 4828 debeant
1115 4785 1420 4840 resurgere.
1449 4769 1601 4837 Quod
1631 4769 1761 4825 satis
1781 4769 1926 4838 pium
1955 4769 2176 4824 credere

589 4880 784 4922 censeo
805 4906 820 4932 ,
863 4873 917 4920 et
950 4879 1014 4918 ex
1048 4862 1228 4916 divina
1260 4861 1500 4932 potentia
1530 4860 1892 4916 confidentius
1929 4875 2172 4930 sperare.

590 4957 754 5014 Venit
805 4963 985 5011 autem
1029 4950 1190 5008 Jesus
1239 4959 1457 5007 creator
1505 4965 1768 5021 aquarum
1831 4950 2095 5022 baptizari
2145 4965 2175 5003 a

590 5049 794 5108 Joanne
836 5047 1088 5104 Jordanis
1135 5046 1190 5100 in
1232 5061 1370 5116 aqua
1397 5087 1410 5107 ,
1459 5055 1520 5101 ut
1544 5047 1780 5117 primum
1822 5045 1876 5100 in
1927 5061 1985 5102 se
2015 5061 2170 5100 mon-

591 5149 789 5198 straret
816 5138 1136 5212 mysterium
1164 5136 1416 5192 secundae
1441 5137 1744 5192 nativitatis
1775 5152 1871 5206 per
1899 5151 2094 5206 aquam
2119 5146 2174 5191 et

595 5231 854 5304 Spiritum
905 5229 1248 5287 credentibus
1299 5228 1704 5299 appetendum,
1759 5237 1817 5283 et
1874 5228 2175 5282 insinuaret

593 5326 735 5396 quod
762 5324 865 5380 nisi
893 5339 958 5379 ex
989 5323 1091 5378 hac
1131 5321 1334 5385 renati,
1370 5319 1460 5374 ﬁlii
1498 5319 1590 5374 Dei
1628 5327 1682 5373 et
1712 5318 1912 5373 fratres
1932 5317 2048 5386 ejus
2077 5334 2174 5389 per

594 5415 932 5484 adoptionem
961 5413 1183 5469 minime
1203 5420 1406 5482 queunt
1435 5412 1666 5466 censeri.
1696 5410 1813 5464 Non
1839 5411 2055 5480 quidem
2086 5427 2175 5465 ne-

593 5520 747 5562 cesse
775 5507 979 5562 habens
1015 5506 1161 5562 ablui
1189 5506 1513 5577 baptismate
1536 5503 1757 5560 Joannis
1778 5546 1794 5571 ,
1825 5504 1918 5575 qui
1944 5505 2175 5560 mundus

593 5607 713 5652 erat
763 5599 832 5654 ab
858 5599 1128 5670 universis
1156 5598 1436 5664 sordibus;
1490 5597 1583 5652 sed
1636 5604 1695 5650 ut
1740 5595 1883 5651 viam
1923 5611 1980 5652 se
2018 5597 2174 5653 nobis

592 5688 889 5764 praeberet,
919 5690 1011 5760 qui
1049 5691 1158 5745 nati
1205 5704 1422 5746 eramus
1452 5689 1504 5743 in
1529 5689 1800 5759 peccatis,
1830 5687 1898 5744 ad
1924 5687 2173 5744 diluenda

593 5791 900 5846 nostrorum
927 5779 1748 5851 scelerum-facinora;quatenus
1763 5793 1886 5835 cum
1912 5792 1978 5834 eo
2005 5781 2176 5835 renati

2275 1921 2444 1992 Super
2469 1939 2624 1993 quem
2654 1923 2844 1976 videris
2879 1921 3136 1992 Spiritum
3157 1921 3548 1976 descendentem
3580 1930 3626 1976 et
3651 1938 3866 1974 manen-

2274 2023 2375 2068 tem
2405 2030 2561 2084 super
2581 2031 2698 2068 eum
2719 2055 2735 2080 ,
2765 2014 2849 2067 hic
2871 2023 2945 2068 est
2972 2014 3061 2085 qui
3097 2014 3324 2084 baptizat
3349 2012 3369 2084 (
3392 2012 3553 2068 Joan.
3587 2027 3635 2078 ι,
3669 2010 3865 2073 55Μιι

2273 2094 2381 2176 quo
2417 2105 2682 2174 siquidem
2710 2105 2830 2159 visu
2855 2145 2870 2169 ,
2914 2120 3167 2176 magnum
3204 2105 3360 2160 nobis
3390 2105 3512 2159 fidei
3541 2104 3862 2159 exhaustum

2273 2209 2358 2253 est
2393 2205 2822 2260 sacramentum,
2853 2211 2948 2266 per
2969 2197 3113 2266 quod
3141 2197 3271 2250 satis
3293 2197 3582 2251 admodum
3615 2195 3840 2266 intelligi

2273 2306 2396 2346 mus
2423 2289 2815 2360 qualiscunque
2841 2291 2912 2344 sit
2933 2287 3096 2344 oﬂicii
3124 2288 3284 2358 hujus
3313 2289 3581 2354 minister,
3609 2289 3749 2359 quod
3779 2289 3860 2343 hir

2273 2392 2357 2438 est
2402 2383 2740 2439 solummodo
2787 2383 2880 2454 qui
2925 2384 3186 2454 baptizat.
3233 2382 3383 2438 Hane
3434 2383 3596 2452 igitur
3633 2392 3840 2454 potesta

2275 2484 2384 2530 tem
2414 2475 2544 2530 nulli
2577 2490 2858 2530 servorum
2897 2474 3122 2544 largitus
3146 2483 3250 2539 est,
3297 2474 3390 2529 sed
3419 2489 3539 2528 eam
3569 2474 3624 2528 in
3657 2489 3713 2528 se
3740 2473 3865 2528 reti-

2275 2582 2442 2632 nens,
2477 2567 2782 2621 securiores
2811 2581 2911 2620 nos
2933 2565 3200 2630 reddidit,
3232 2582 3299 2620 ne
3330 2564 3526 2635 aliquis
3573 2564 3640 2620 de
3683 2563 3863 2634 aliquo

2274 2661 2647 2715 ministrorum
2675 2658 2902 2724 dillidat,
2937 2673 3110 2728 neque
3137 2658 3202 2712 de
3226 2673 3306 2724 se,
3328 2657 3558 2728 quisque
3586 2657 3726 2728 quod
3749 2659 3862 2723 dat,

2274 2753 2428 2824 quasi
2453 2768 2520 2808 ex
2547 2767 2606 2808 se
2627 2751 2734 2817 sit,
2778 2750 3106 2820 baptizando
3129 2759 3441 2820 praesumat.
3477 2748 3582 2803 Sed
3619 2750 3711 2820 qui
3751 2750 3861 2820 gloo

2274 2843 2446 2897 riatur
2479 2853 2705 2911 uterque
2730 2857 2951 2906 eorum,
2991 2850 3101 2895 tam
3133 2841 3226 2911 qui
3249 2842 3446 2912 accipit
3471 2857 3632 2911 quam
3661 2842 3754 2910 qui
3777 2843 3852 2896 de

2277 2938 2448 3003 derit,
2482 2936 2534 2990 in
2566 2936 2797 2991 Domino
2825 2935 3116 3006 glorietur,
3143 2934 3270 3003 quia
3298 2935 3519 2988 omnino
3546 2933 3635 2988 hic
3661 2941 3741 2987 est
3771 2934 3862 3002 qui

2273 3029 2532 3098 baptizat,
2551 3037 2604 3083 et
2635 3042 2743 3082 non
2780 3026 2868 3080 ille
2893 3041 2990 3096 per
3026 3023 3178 3094 cujus
3212 3025 3576 3080 ministerium
3607 3024 3859 3087 exterius,

2278 3122 2440 3194 176
2483 3121 2625 3191 quod
2685 3120 2959 3176 cernimus
3013 3117 3356 3187 adimpletur.
3418 3115 3533 3171 Hac
3593 3115 3755 3186 igitur
3801 3116 3862 3170 de

2274 3229 2440 3268 causa
2464 3213 2605 3266 inter
2624 3211 2830 3281 reliqua
2855 3219 2913 3264 ut
2929 3210 3237 3266 ostenderet
3259 3209 3532 3265 credimus
3553 3208 3862 3263 advenisse:

2273 3304 2399 3374 quia
2426 3304 2478 3357 in
2500 3304 2616 3372 ipso
2632 3301 2865 3372 Spiritus
2879 3311 3122 3367 sanctus,
3135 3302 3315 3371 specie
3335 3300 3603 3372 corporali
3620 3315 3863 3365 manens,

2275 3395 2590 3463 dispertitur
2617 3407 2717 3463 per
2746 3391 2988 3463 singulos
3011 3431 3026 3456 ,
3054 3399 3109 3446 et
3144 3393 3202 3446 fit
3244 3392 3368 3446 inde
3414 3391 3578 3446 totius
3613 3390 3864 3446 Ecclesia;

2274 3486 2409 3539 mira
2439 3485 2647 3539 unitate
2676 3483 3110 3552 concorporatio.
3137 3481 3225 3546 Et,
3268 3482 3406 3536 sicut
3427 3481 3608 3536 omnia
3629 3481 3866 3550 corporis

2274 3574 2514 3629 membra
2544 3589 2653 3628 uno
2679 3571 2978 3640 eodemque
3009 3572 3324 3628 animantur
3353 3573 3549 3644 spiritu
3576 3589 3588 3625 :
3640 3572 3713 3626 ita
3745 3586 3865 3626 om-

2273 3668 2422 3721 nium
2446 3666 2501 3720 in
2523 3665 2742 3720 Christo
2768 3664 3172 3719 renascentium
3199 3680 3409 3720 summa
3438 3680 3546 3720 uno
3565 3665 3868 3719 viviﬁcatur

2274 3757 2482 3827 Spiritu
2509 3767 2696 3812 sancto
2722 3796 2738 3822 ,
2768 3764 2822 3811 et
2855 3756 2920 3812 ab
2949 3756 3099 3811 omni
3133 3756 3253 3811 labe
3281 3757 3532 3812 vitiorum
3565 3757 3866 3811 sanctiﬁca-

2273 3858 2379 3902 tur.
2408 3847 2560 3903 Unde
2581 3855 2636 3902 et
2655 3847 2939 3918 Apostolus
2973 3865 2985 3900 :
3024 3847 3333 3919 Quicunque
3359 3848 3498 3902 enim
3535 3845 3733 3917 Spiritu
3769 3845 3868 3902 Dei

2273 3951 2522 4011 aguntur,
2553 3942 2606 3994 lii
2635 3940 2735 4010 ﬁlii
2769 3950 2886 3994 sunt
2916 3939 3011 3994 Dei
3045 3939 3236 4012 (Rom.
3267 3957 3396 4006 vm,
3428 3940 3547 4013 Η).
3581 3942 3866 4006 γετυιηιθτ

2273 4047 2396 4085 men
2427 4047 2524 4086 cur
2567 4032 2619 4085 in
2653 4031 2923 4095 Jordane,
2952 4041 3010 4087 et
3053 4049 3160 4088 non
3207 4033 3262 4087 in
3311 4034 3417 4089 alio
3445 4033 3683 4103 quolibet
3706 4033 3867 4089 ﬂuvio

2273 4125 2376 4180 hoc
2402 4124 2720 4194 mysterium
2758 4124 3086 4191 celebratur,
3129 4142 3236 4182 non
3269 4128 3367 4182 abs
3395 4141 3453 4182 re
3476 4124 3678 4181 factum
3715 4133 3868 4197 puta-

2278 4231 2398 4270 mus
2417 4255 2431 4282 ,
2461 4216 2768 4286 prwsertim
2796 4232 2920 4272 cum
2944 4217 3176 4289 populus
3203 4219 3510 4274 Judaeorum
3538 4219 3774 4274 secundo
3801 4221 3869 4274 ab

2271 4305 2397 4364 Jesu
2422 4307 2570 4364 Nave
2586 4310 2640 4364 in
2662 4310 2918 4381 mysterio
2943 4311 3316 4378 circumcisus,
3339 4327 3440 4383 per
3451 4313 3593 4368 hunc
3619 4311 3870 4368 fortassis

2273 4401 2450 4457 locum
2477 4411 2680 4458 terram
2704 4403 3141 4474 repromissionis
3168 4404 3464 4470 introierit;
3489 4403 3556 4459 de
3577 4420 3684 4475 quo
3699 4405 3870 4460 David

2275 4492 2344 4546 ob
2374 4493 2692 4564 mysterium
2717 4493 3104 4564 magnitudinis
3130 4513 3142 4548 :
3178 4494 3243 4547 Et
3274 4505 3329 4548 tu
3356 4495 3610 4549 Jordanis
3629 4536 3643 4560 ,
3671 4497 3867 4565 inquit,

2275 4600 2437 4654 quare
2469 4600 2744 4638 conversus
2777 4601 2830 4638 es
2869 4587 3194 4640 retrorsum?
3221 4585 3404 4658 (Psal.
3431 4605 3599 4654 CXIII,
3632 4587 3720 4661 5.)
3765 4590 3871 4646 Re-

2279 4683 2424 4728 ctum
2458 4673 2656 4743 quippe
2680 4672 2859 4729 fuerat
2908 4683 2967 4729 ut
2993 4691 3058 4730 eo
3099 4676 3464 4746 baptizaretur
3489 4677 3650 4733 fluvio
3677 4679 3730 4734 in
3759 4695 3874 4749 quo

2271 4762 2385 4832 jam
2422 4764 2592 4835 figura
2615 4765 2868 4833 baptismi
2913 4772 3291 4835 prmcesserat,
3323 4776 3378 4823 et
3409 4783 3477 4824 ex
3497 4769 3718 4824 nomine
3737 4771 3874 4840 quid

2281 4857 2336 4910 in
2366 4873 2430 4912 eo
2458 4866 2669 4928 gestum
2697 4859 2768 4913 sit
2797 4860 3038 4930 apertius
3078 4861 3400 4933 designaret.
3431 4861 3684 4918 Jordanis
3713 4878 3877 4917 nam-

2280 4963 2386 5016 quc
2431 4948 2706 5002 descensus
2745 4965 2924 5003 eorum
2970 4949 3186 5005 dicitur.
3219 4951 3502 5018 Quorum?
3546 4951 3649 5007 nisi
3678 4967 3876 5008 eorum

2279 5039 2371 5107 qui
2408 5037 2475 5092 de
2505 5039 2792 5108 supercilio
2842 5041 3109 5110 superbiae
3151 5043 3220 5096 ad
3266 5042 3468 5099 Christi
3507 5044 3878 5100 humilitatem

2278 5131 2646 5197 descendunt,
2685 5141 2740 5186 et
2768 5131 2880 5187 suis
2912 5134 3042 5188 inibi
3068 5134 3365 5190 abluuntur
3397 5137 3740 5192 criminibus.
3771 5136 3884 5192 Sa-

2281 5223 2349 5277 tis
2403 5224 2585 5293 itaque
2609 5223 2830 5293 provide
2856 5239 2951 5293 per
2973 5224 3226 5281 Jordanis
3257 5244 3456 5284 nomen
3490 5230 3655 5284 totius
3693 5230 3883 5298 bapti-

2278 5312 2380 5368 smi
2402 5313 2644 5384 operatio
2663 5313 3014 5382 praedicatur:
3042 5325 3100 5372 et
3120 5317 3244 5372 ideo
3267 5318 3521 5374 decenter
3540 5318 3595 5373 in
3615 5333 3683 5373 eo
3707 5318 3883 5372 Chri-

2280 5413 2398 5459 stus
2445 5405 2749 5475 baptizatus
2797 5413 2908 5470 est,
2955 5417 3016 5462 ut
3055 5407 3178 5463 hinc
3225 5409 3350 5464 inde
3393 5424 3556 5464 omne
3589 5411 3885 5480 negotium

2281 5499 2636 5553 sacramentis
2672 5497 3023 5568 responderet
3043 5500 3259 5558 divinis.
3282 5499 3535 5556 Jordanis
3555 5502 3794 5572 quippe,
3824 5513 3888 5556 ut

2283 5590 2465 5658 aiunt,
2509 5591 2718 5646 duobus
2764 5601 2975 5647 constat
3015 5591 3354 5661 fluminibus,
3397 5610 3464 5650 ex
3498 5593 3592 5650 Jor
3616 5594 3895 5650 videlicet

2284 5697 2446 5756 atque
2474 5688 2621 5753 Dan,
2660 5687 2854 5758 quibus
2889 5687 2962 5744 ita
2987 5688 3189 5759 junctis
3214 5689 3502 5746 Jordanem
3543 5689 3776 5746 faciunt.
3826 5690 3893 5746 In

2283 5795 2392 5850 quo
2424 5779 2671 5838 Christus
2714 5782 2856 5839 inter
2885 5783 3091 5854 reliqua
3122 5785 3242 5840 ideo
3267 5786 3494 5859 mystice
3535 5785 3892 5857 baptizatur,
