4032 6358
186 285 266 339 169

930 276 1293 333 ΕΧΡΟΒΙΤΙΟ
1331 275 1396 330 IN
1436 272 1877 330 ΜᾹΤΤΗίΕυΜ.
1917 302 1987 313 -—
2025 271 2149 327 LIB.
2192 272 2256 338 ll,
2295 272 2447 329 CAP.
2490 272 2576 328 lll.

3302 271 3419 324 170.

178 399 305 450 bere.
348 394 453 449 Sed
496 393 711 448 sibimet
752 392 893 447 Deus
936 393 1115 455 homo,
1170 389 1297 459 quia
1348 389 1597 459 dignatus
1645 396 1729 442 est
1759 391 1805 449 Α
1832 396 1956 440 tunc
1980 385 2211 455 primum
2240 386 2288 439 ei
2318 387 2561 451 cmlestia
2588 384 2824 457 patuisse
2853 373 3066 438 secreta
3105 399 3121 436 :
3152 396 3272 437 cum
3322 398 3411 434 re-

178 500 226 542 ut
250 486 372 542 duas
416 480 518 539 sibi
566 478 717 554 leges
764 481 924 537 simul
970 478 1186 550 iunctas
1238 481 1478 535 doceret.
1521 477 1730 533 Interea

176 581 297 650 quod
323 593 417 648 per
444 592 642 646 aquam
666 566 936 631 visibilem
967 570 1293 649 celebratur,
1323 580 1383 625 ut
1413 585 1518 624 non
1558 568 1730 624 solum

175 669 377 743 gentiles
405 669 474 722 ad
508 667 702 729 ﬁdem,
735 680 923 720 verum
958 663 1119 718 etiam
1146 672 1202 717 et
1226 659 1440 717 Judazos
1469 661 1729 738 duceret,

173 761 210 811 si
235 757 365 811 forte
409 755 771 811 credidissent
820 752 1194 807 remissionem
1219 761 1600 821 peccatorum,
1640 763 1737 818 per

172 865 269 904 nam
297 846 565 901 visibilem
595 844 745 907 ﬁeri,
780 852 840 898 ut
862 850 988 897 ante
1034 857 1132 913 per
1163 840 1427 896 sacriﬁcia
1454 854 1741 896 consueve-

171 946 307 991 rant:
332 931 462 1004 quia
485 934 713 989 omnino
750 932 797 987 si
826 947 930 986 non
966 930 1451 1009 vidissent’lavare
1489 945 1736 999 corpora,

170 1031 327 1083 minus
352 1026 587 1081 forsitan
612 1017 819 1078 animas
851 1022 1100 1078 mundari
1131 1008 1500 1078 credidissent.
1534 1021 1737 1077 Porro:

225 1116 456 1171 Joannes
506 1113 809 1183 prohibebat
856 1128 972 1165 eum
1020 1112 1194 1165 dicens
1218 1128 1237 1166 :
1272 1109 1381 1181 Ego
1408 1130 1441 1165 a
1493 1122 1541 1165 te
1586 1110 1742 1165 debeo

170 1207 440 1277 baptizari,
486 1215 537 1258 et
574 1213 632 1257 tu
661 1201 800 1257 renis
829 1205 897 1256 ad
935 1202 1054 1255 me!
1081 1201 1385 1271 Expaverat
1410 1210 1591 1254 autem
1618 1214 1742 1254 eum

168 1299 226 1350 ad
248 1311 301 1350 se
329 1295 553 1349 venisse
580 1293 667 1347 cui
700 1292 841 1346 nulla
872 1292 1044 1346 inerat
1065 1290 1372 1359 baptizandi
1402 1288 1695 1345 necessitas
1724 1328 1740 1353 ,

167 1403 225 1441 eo
244 1386 384 1456 quod
412 1387 530 1455 ipse
557 1384 771 1437 tolleret
793 1391 1015 1452 peccata
1055 1382 1233 1436 mundi
1253 1422 1266 1442 ,
1298 1381 1439 1435 sicut
1460 1380 1572 1452 jam
1600 1379 1743 1433 idem

169 1488 389 1531 testatus
415 1475 622 1539 fuerat;
656 1474 913 1545 ignorans
935 1470 1194 1541 profecto,
1218 1471 1360 1542 quod
1382 1471 1482 1526 nisi
1508 1470 1745 1526 medicus

174 1568 406 1634 primum
436 1566 670 1619 senisset
709 1563 776 1617 ad
806 1574 1062 1633 aegrotum
1087 1563 1423 1631 languentem
1445 1601 1462 1627 ,
1486 1560 1745 1630 languens

179 1655 437 1710 medicum
463 1669 564 1706 non
590 1654 910 1721 requireret.
941 1652 1037 1705 Cui
1060 1651 1318 1705 Dominus
1342 1668 1357 1705 :

1839 468 1926 530 cta
1949 475 2080 530 ﬁdes
2104 474 2265 547 178
2293 475 2511 541 habeat,
2560 489 2769 544 semper
2809 489 2930 529 eum
2971 472 3252 544 aequalem,
3300 473 3414 526 ubi-

1839 580 1944 634 que
1980 572 2150 619 totum
2180 580 2303 619 cum
2330 565 2490 619 Patre
2527 565 2808 620 mansisse.
2852 562 2956 617 Sed
2981 564 3200 618 evidens
3228 578 3410 618 sacra-

1839 652 2007 707 menti
2032 662 2117 707 est
2154 654 2409 717 indicium
2453 655 2594 724 quod
2638 669 2733 723 per
2783 653 3097 724 mysterium
3138 653 3276 708 sacri
3315 652 3413 710 bi.

1839 741 2125 812 ptismatis,
2154 742 2402 797 introitus
2430 743 2615 813 patriae
2660 743 2896 798 caelestis
2918 743 3125 798 cunctis
3156 743 3208 798 in
3256 742 3411 799 Chrio

1840 841 1923 887 sto
1951 833 2354 888 renascentibus
2377 833 2517 888 illico
2551 835 2807 904 aperitur.
2855 832 3038 904 Neque
3078 835 3262 907 itaque
3315 838 3415 892 tri—

1842 923 2046 991 gesimo
2090 924 2266 978 aetatis
2317 940 2428 978 sua:
2480 940 2644 989 anno,
2692 926 2907 994 quando
2957 926 3262 995 baptizatus
3310 910 3415 991 est,

1843 1010 2077 1081 Spiritus
2101 1013 2270 1067 sancti
2303 1014 2437 1067 dona
2462 1014 2691 1083 primum
2717 1014 3019 1084 percepisse
3059 1016 3429 1077 credendum.~

1843 1101 1933 1169 qui
1961 1116 2027 1154 ex
2056 1100 2242 1156 eodem
2298 1100 2498 1172 Spiritu
2526 1112 2712 1156 sancto
2741 1094 3047 1172 conceptus
3083 1105 3198 1174 ipso
3249 1104 3417 1175 siqui-

1843 1189 1965 1244 dem
2013 1204 2226 1260 semper
2268 1191 2456 1261 plenus
2491 1193 2688 1245 extitit.
2738 1192 2888 1248 Unde
2938 1192 3142 1263 liquido
3192 1194 3416 1250 demon-

1844 1291 2048 1338 stratur
2075 1285 2218 1352 quod
2260 1285 2415 1340 nobis
2465 1286 2680 1354 quidem
2736 1285 3038 1355 baptizatus
3087 1295 3202 1350 est;
3263 1287 3420 1342 nobis

1846 1375 1987 1430 idem
2018 1374 2252 1444 Spiritus
2282 1388 2499 1431 sanctus
2527 1377 2720 1430 visibili
2748 1378 2929 1445 specie
2969 1378 3197 1447 desuper
3250 1392 3417 1448 appa-

1846 1466 1972 1519 ruit.
2002 1463 2166 1519 Nobis
2200 1466 2359 1519 etiam
2403 1466 2562 1520 Pater
2588 1468 2653 1520 de
2702 1466 2852 1520 caelis
2892 1467 3164 1533 clamavit,
3184 1466 3368 1523 dicens
3400 1485 3416 1521 :

1846 1551 1949 1606 Hic
1972 1564 2044 1607 est
2078 1550 2253 1607 Filius
2274 1571 2416 1608 meus
2438 1556 2681 1618 dilectus,
2706 1557 2759 1610 in
2806 1573 2908 1626 quo
2943 1557 3068 1611 mihi
3118 1556 3243 1612 bene
3278 1573 3423 1613 com-

1844 1646 2059 1721 placuit,
2082 1648 2251 1717 ipsum
2282 1649 2459 1703 audite
2508 1648 2724 1719 (Matth.
2763 1664 2894 1714 xm,
2941 1649 3017 1719 5).
3067 1649 3192 1704 llaec
3236 1650 3418 1706 omnia

239 1740 398 1816 177
426 1742 554 1798 Sine
580 1745 773 1806 modo;
801 1745 876 1796 sic
904 1744 1038 1796 enim
1076 1743 1217 1795 decet
1257 1758 1349 1795 nos
1392 1740 1603 1810 implere
1632 1756 1745 1795 om-
1775 1745 1819 1804 Β
1850 1738 2002 1792 nobis
2031 1753 2160 1791 sane
2186 1737 2455 1793 celebrata
2477 1749 2601 1793 sunt
2623 1738 2810 1793 salutis
2836 1738 3115 1810 mysteria,
3150 1753 3245 1809 per
3270 1740 3417 1810 quod

166 1856 273 1892 item
300 1837 595 1907 justitiam.
635 1834 710 1889 Ac
750 1835 795 1889 si
839 1843 1084 1904 patenter
1124 1834 1367 1888 diceret:
1416 1832 1542 1887 Siue
1585 1836 1743 1887 modo

169 1928 364 1996 impleri
388 1927 457 1979 ad
485 1925 632 1994 quod
662 1925 806 1978 veni.
861 1924 993 1990 Quia
1039 1924 1255 1993 quidam
1301 1939 1455 1978 suam
1504 1924 1743 1980 volentes

166 2031 394 2073 statuere
406 2016 708 2085 justitiam,
755 2016 880 2072 faoti
926 2018 1023 2079 rei,
1077 2017 1210 2071 lines
1252 2014 1476 2086 iustitia:
1524 2018 1742 2072 minime

162 2112 528 2181 contigerunt.
557 2109 669 2164 Nos
689 2121 888 2171 autem,
922 2108 1045 2179 quia
1070 2124 1258 2164 omnes
1282 2109 1472 2181 dilapsi
1497 2119 1621 2165 sunt
1647 2127 1743 2182 per

164 2200 493 2273 superbiam,
521 2202 604 2257 sic
631 2201 786 2256 decet
811 2218 907 2271 per
953 2199 1271 2255 lmmilitatis
1311 2201 1619 2270 exemplum
1662 2217 1747 2257 re-

164 2293 441 2348 duceread
473 2291 667 2356 vitam,
714 2300 769 2346 et
820 2291 1093 2346 insinuare
1145 2291 1287 2359 quod
1344 2306 1504 2348 nemo
1542 2293 1744 2362 absque

166 2384 297 2439 unda
322 2384 677 2454 baptismatis
699 2384 868 2453 possit
890 2381 1126 2451 perfecte
1164 2379 1344 2448 justus
1380 2382 1629 2438 existere.
1668 2384 1745 2439 Ac

162 2475 209 2526 si
248 2484 438 2543 aperte
476 2473 723 2528 diceret:
777 2472 832 2527 Si
870 2488 968 2542 ego
1003 2471 1261 2526 Dominus
1298 2486 1459 2539 opere
1512 2471 1746 2540 Spiritus

163 2567 325 2619 sancti
355 2566 426 2620 de
453 2563 681 2633 Virgine
704 2571 858 2616 natus
883 2572 938 2616 ct
983 2571 1274 2631 conceptus
1326 2561 1441 2615 sine
1471 2561 1748 2630 contagio-

164 2653 483 2723 nepeccati,
518 2652 773 2706 secunda
807 2651 1103 2705 nativitatis
1143 2650 1417 2705 lavacrum
1444 2667 1549 2705 non
1592 2651 1746 2706 dedi-

163 2756 294 2811 gnor
312 2742 523 2804 subire,
551 2750 756 2809 quanto
779 2740 949 2810 magis
977 2740 1339 2794 necessarium
1354 2750 1447 2795 est
1470 2739 1742 2802 omnibus,

165 2832 410 2897 quamvis
435 2833 759 2886 innocenter
793 2830 1046 2901 justeque
1094 2832 1417 2896 viventibus,
1464 2841 1522 2885 ut
1572 2831 1748 2885 nulltts

160 2937 349 2976 eorum
367 2931 689 2976 contemnat
722 2937 841 2975 meo
872 2921 1117 2992 exemplo
1144 2923 1306 2977 etiam
1336 2921 1479 2976 velut
1518 2922 1585 2975 ab
1628 2923 1749 2975 inti-

165 3014 269 3067 suis
293 3013 787 3081 bumilioribusque
815 3013 1115 3082 baptizari?
1158 3013 1294 3067 lliuc
1340 3027 1551 3083 quoque
1593 3012 1749 3068 decet

1844 1830 2020 1883 aditus
2048 1828 2168 1884 cmli
2202 1839 2491 1891 reseratur,
2520 1837 2574 1883 et
2600 1829 2773 1898 gratia
2808 1828 3042 1898 Spiritus
3077 1829 3248 1885 sancti
3298 1828 3417 1900 ple-

1846 1919 1966 1974 nius
1986 1921 2184 1990 passim
2212 1919 2459 1974 omnibus
2486 1920 2803 1974 infunditur.
2837 1920 2991 1988 Quod
3030 1928 3211 1976 autem
3235 1921 3366 1976 dicit
3398 1938 3413 1974 :

1847 2009 1990 2064 Tunc
2017 2010 2249 2063 ascendit
2275 2011 2340 2062 de
2363 2026 2523 2080 aqua,
2562 2010 2761 2078 liquido
2784 2020 3057 2074 censetur,
3104 2010 3249 2080 quod
3298 2025 3418 2077 om-

1846 2117 1940 2157 nes
1967 2101 2081 2172 qui,
2105 2101 2482 2157 descenderint
2520 2116 2585 2155 ex
2631 2101 2918 2171 supercilio
2963 2101 3219 2156 vanitatis
3265 2116 3326 2158 se
3351 2102 3423 2157 ad

1841 2192 2166 2247 ablucudum
2193 2193 2249 2247 iu
2271 2193 2555 2263 baptismo,
2595 2192 3085 2263 debeantquotidie
3127 2193 3422 2259 crescendo

1844 2284 2196 2340 reascendere
2226 2284 2292 2338 ad
2315 2284 2573 2339 virtutum
2611 2285 2844 2339 culmiua
2864 2325 2878 2349 ,
2910 2294 3071 2354 atque
3092 2286 3160 2341 ad
3190 2286 3423 2356 patriam

1846 2376 1988 2430 unde
2009 2375 2315 2431 ceciderant
2338 2374 2521 2431 festini
2540 2390 2800 2430 remeare.
2818 2375 3090 2457 Quaeritur
3112 2385 3292 2430 autem
3314 2390 3428 2430 non

1800 2523 1807 2527 ,
1846 2468 2138 2533 inmterito,
2152 2484 2249 2524 cur
2271 2469 2323 2523 in
2340 2483 2476 2539 aqua
2491 2469 2609 2524 etin
2631 2468 2834 2538 Spiritu
2847 2476 3036 2540 sancto
3049 2468 3315 2538 baptisma
3342 2467 3424 2543 {sit

1841 2558 2196 2612 constitutum
2214 2597 2230 2621 ,
2255 2557 2447 2613 visibili
2480 2558 2839 2626 invisibilique
2862 2557 3162 2612 substantia
3200 2556 3426 2629 dedica-

1848 2652 1981 2699 tum.
2014 2645 2111 2701 Ubi
2126 2647 2382 2701 continuo
2401 2647 2655 2718 cogitanti
2684 2647 2921 2702 occurrit
2934 2647 3097 2716 quod,
3112 2646 3426 2703 sicuthomo

1847 2737 2053 2793 duabus
2068 2739 2313 2794 consistit
2328 2738 2553 2803 naturis,
2567 2753 2790 2809 corpore
2806 2738 3113 2793 vitlclicetet
3127 2738 3331 2806 anima,
3347 2739 3427 2796 ita

1845 2831 2054 2887 duabus
2086 2830 2400 2886 substantiis
2440 2832 2739 2887 renascitur
2767 2832 2820 2887 in
2852 2832 3101 2889 salutem.
3145 2832 3427 2903 Siquidem
3521 2889 3525 2893 .

1846 2937 1986 2990 aqua
2010 2923 2376 2992 consepelitur
2402 2921 2637 2988 Christo,
2673 2921 2876 2993 Spiritu
2905 2938 3033 2978 vero
3057 2933 3247 2980 sancto
3276 2932 3423 2993 totus

1848 3011 2029 3067 itidem
2051 3012 2421 3068 sanctiﬁcatur
2454 3014 2586 3069 Deo.
2643 3011 2855 3067 Nullum
2904 3015 3067 3085 igitur
3101 3014 3431 3071 elementum

164 3103 515 3173 nositnplere
539 3101 769 3171 primum
807 3119 1022 3158 onmem
1048 3102 1339 3173 justitiam,
1361 3104 1609 3157 videlicet
1652 3097 2031 3173 perCaptius
2101 3103 2374 3159 invenitur
2448 3103 2517 3159 ad
2578 3104 3046 3175 consepeliendum
3105 3120 3204 3162 nos
3264 3121 3429 3177 quam

164 3209 326 3261 quam
362 3194 542 3247 omnis
557 3194 890 3260 jnstitiarum
929 3210 1140 3247 summa
1185 3191 1253 3247 ab
1299 3193 1546 3247 omnibus
1590 3193 1743 3247 tlein-
1842 3205 2022 3258 aqua,
2073 3205 2194 3260 qua
2259 3200 2418 3246 teme
2483 3192 2699 3247 nomine
2741 3192 2907 3246 etiam
2960 3193 3169 3249 mixtim
3220 3194 3275 3249 in
3330 3193 3433 3252 Ge-

168 3297 293 3352 αρε
318 3284 630 3353 impleatur,
662 3293 722 3336 ut
750 3299 939 3338 ornues
971 3300 1073 3339 non
1101 3299 1167 3338 ex
1191 3284 1444 3353 operibus
1465 3297 1637 3353 neque
1678 3296 1746 3337 ex
1846 3282 1962 3338 uesi
1987 3290 2316 3353 praenotatur
2342 3299 2359 3335 :
2389 3281 2570 3345 Terra,
2624 3282 2817 3352 inquit,
2868 3294 2979 3337 erat
3024 3284 3196 3340 inanis
3231 3294 3281 3341 et
3335 3302 3441 3343 vae

164 3375 435 3429 libertatis
474 3376 700 3428 arbitrio
744 3374 1061 3445 glorientur,
1121 3375 1214 3430 sed
1284 3382 1637 3445 agnoscentes
1690 3387 1748 3429 se
1844 3389 1946 3427 cna
1970 3371 2121 3444 (Gen.
2148 3371 2292 3443 με),
2319 3371 2389 3427 ibi
2414 3386 2646 3440 namque
2668 3380 2724 3425 et
2748 3387 3010 3445 aquarum
3046 3375 3226 3429 omnia
3266 3376 3431 3431 tacito

166 3479 318 3528 reos,
339 3462 563 3534 iustitiae
611 3464 702 3518 Dei
740 3465 849 3518 sint
888 3462 1136 3531 subjecti,
1182 3472 1237 3518 et
1284 3462 1649 3533 justiﬁcentur
1680 3477 1748 3518 ex
1848 3466 2066 3521 nomine
2117 3465 2525 3521 concluduntur.
2585 3464 2687 3520 Per
2732 3479 2928 3536 aquam
2990 3467 3186 3537 quippe
3233 3469 3427 3525 sordes

165 3555 507 3625 gratia,sine
538 3570 646 3626 qua
690 3569 958 3623 nusquam
984 3563 1065 3609 cst
1103 3554 1298 3624 aliquis
1326 3554 1576 3623 operibus
1621 3568 1752 3608 con-

166 3655 501 3699 summatus.
530 3645 595 3699 l-It
642 3646 762 3700 ideo
819 3653 965 3699 recte
1009 3646 1236 3725 quisque
1281 3660 1403 3698 cum
1450 3645 1751 3700 renascitur

163 3751 239 3790 cx
270 3751 415 3805 aqua
444 3744 497 3790 et
524 3736 726 3806 Spiritu
750 3744 963 3800 sancto,
1001 3750 1098 3805 per
1134 3737 1288 3789 ﬁdem
1310 3733 1488 3803 justus
1518 3750 1622 3790 non
1668 3735 1750 3789 iu-

168 3839 415 3894 congrue
461 3824 786 3894 appellatur,
841 3824 965 3894 quia
1014 3824 1117 3880 hoc
1171 3823 1412 3894 implevit
1459 3823 1748 3889 credendo,

174 3929 281 3982 per
310 3915 445 3981 quod
470 3915 649 3969 omnis
678 3914 773 3970 Dei
796 3915 1005 3983 justitia
1032 3930 1101 3970 ex
1130 3914 1304 3985 gratia
1344 3911 1747 3984 adimpleretur.

170 4005 355 4070 Quam
379 4004 618 4074 profecto
638 4006 771 4059 satis
796 4005 1029 4075 primum
1059 4004 1239 4060 decuit
1260 4003 1531 4060 Christum
1561 3994 1752 4076 imple-

172 4111 259 4161 re,
291 4111 402 4151 nou
424 4098 581 4167 quasi
605 4113 667 4152 es
686 4098 999 4168 indigentia,
1041 4096 1134 4152 sed
1150 4096 1295 4151 velut
1314 4113 1385 4152 ex
1408 4097 1751 4168 magisterio;

168 4196 445 4255 quatenus
469 4202 567 4257 per
594 4187 697 4241 hoc
750 4188 893 4243 idem
918 4197 1135 4244 renatus
1161 4187 1332 4241 Filius
1369 4187 1463 4243 Dci
1504 4188 1754 4261 proprius

168 4292 371 4333 omnes
394 4286 745 4333 renascentes
789 4278 842 4333 in
872 4293 931 4333 se
980 4278 1174 4333 fratres
1223 4278 1530 4348 colligeret,
1562 4288 1617 4333 et
1661 4294 1757 4350 per

171 4370 489 4439 adeptionis
510 4369 740 4439 gratiam
780 4370 882 4425 sibi
930 4369 1246 4439 coniunctos
1284 4369 1380 4424 Dei
1409 4370 1548 4425 ﬁlios
1612 4369 1756 4427 face-

1847 3568 2148 3632 pnrgantur
2183 3573 2490 3629 corporum.
2526 3557 2692 3626 Cujus
2735 3558 2814 3614 rei
2855 3558 3032 3613 oﬁlcio
3072 3560 3430 3632 praesignem:-

1851 3654 1904 3708 iu
1937 3662 2122 3721 aperto
2146 3652 2273 3721 quid
2303 3651 2628 3708 intrinsecus
2650 3658 2874 3721 geratur
2919 3650 3178 3706 divinitus
3229 3652 3283 3707 in
3327 3668 3424 3708 oc-

1847 3743 2015 3797 culto.
2058 3741 2153 3796 llis
2181 3743 2360 3810 itaque
2393 3741 2599 3796 duobus
2641 3740 2943 3807 clementis,
2989 3741 3242 3797 videlicet
3289 3756 3431 3812 aqua

1826 3844 1908 3899 ct
1929 3833 2070 3903 igne,
2102 3831 2279 3886 omnia
2305 3847 2425 3902 qua:
2452 3830 2698 3885 mundari
2733 3838 2892 3900 egent
2941 3830 3126 3886 usibus
3177 3831 3433 3887 humanis

1852 3922 2198 3979 mundantur.
2227 3918 2469 3974 Molliora
2520 3919 2785 3991 siquidem
2825 3935 2984 3990 aqua,
3033 3920 3252 3977 duriora
3308 3935 3439 3976 vero

1824 4027 2033 4071 rerum
2063 4011 2275 4067 metalla
2318 4011 2441 4081 igne
2494 4011 2560 4065 ad
2614 4009 2875 4080 liquidum
2926 4014 3439 4083 expurgantur;sic

1854 4105 1990 4158 etin
2043 4102 2200 4158 nobis
2254 4101 2436 4155 divina
2491 4100 2818 4170 dispensatio
2862 4101 3176 4172 adimplevit
3231 4113 3291 4158 ut
3340 4118 3440 4174 per

1828 4208 2049 4265 aquam
2081 4202 2137 4247 et
2163 4194 2340 4263 ignem
2370 4192 2540 4246 sancti
2566 4192 2801 4260 Spiritus
2823 4193 3005 4246 omnia
3037 4193 3090 4248 in
3122 4193 3277 4250 nobis
3307 4209 3438 4265 pec-

1830 4288 1959 4343 cati
1991 4286 2220 4341 crimina
2247 4286 2633 4353 decoquantur.
2678 4284 2753 4340 ita
2782 4294 2841 4337 ut
2875 4300 2971 4354 per
3014 4300 3209 4357 aquam
3237 4287 3439 4342 "tundo

1864 4379 2154 4445 morientes
2173 4378 2601 4447 couscpeliamur
2628 4375 2864 4439 Christo,
2905 4385 2960 4430 et
2994 4391 3090 4447 per
3111 4377 3288 4447 ignem
3317 4376 3439 4447 Spi-

175 4472 276 4517 ret.
301 4463 461 4529 Quod
490 4476 615 4517 eum
647 4462 985 4534 cognovisset
1010 4461 1241 4518 Joannes
1268 4478 1331 4517 ea
1358 4478 1476 4532 quae
1502 4463 1760 4518 hactenus

1867 4473 2000 4527 ritus
2033 4472 2203 4527 sancti
2236 4471 2303 4525 de
2330 4470 2477 4526 fonte
2495 4456 2848 4525 ascendentes
2878 4469 2932 4524 in
2990 4469 3183 4524 melius
3237 4468 3440 4525 conﬁa-

176 4552 478 4616 nesciebat,
525 4561 650 4604 tunc
691 4551 901 4607 admisit
923 4569 1060 4607 eum.
1090 4552 1223 4621 Quia
1245 4552 1486 4623 profecto
1517 4555 1764 4623 quamvis

175 4643 374 4707 sciret,
428 4651 665 4711 quantus
696 4651 753 4697 et
791 4642 965 4713 qualis
989 4652 1155 4708 esset,
1197 4643 1364 4698 multa
1403 4644 1662 4702 duntaxat
1708 4645 1762 4701 in

178 4743 457 4788 mento
522 4732 711 4787 didicit
756 4749 877 4804 quae
940 4733 1189 4803 primitus
1235 4736 1524 4792 nesciebat.
1578 4736 1768 4793 Docuit

176 4840 303 4881 eum
327 4825 520 4895 itaque
550 4824 783 4895 Spiritus
808 4833 1028 4881 sanctus
1062 4827 1153 4897 qui
1185 4826 1238 4881 in
1278 4828 1459 4898 specie
1501 4828 1764 4885 columba:

180 4918 386 4971 mnsit
410 4931 575 4985 super
594 4931 741 4981 eum,
773 4925 827 4970 et
861 4916 1085 4972 deduxit
1123 4916 1177 4971 in
1214 4932 1427 4973 omnem
1459 4916 1758 4975 veritatem.

180 5005 394 5061 Idcirco
440 5006 585 5076 quod
641 5006 791 5075 prius
832 5006 1112 5073 humiliter
1169 5005 1511 5083 formidabat,
1578 5015 1764 5078 postea

188 5090 418 5173 devotus
451 5095 675 5166 implere
697 5097 961 5165 permisit.
992 5097 1072 5153 Ac
1107 5112 1205 5167 per
1238 5096 1359 5161 hoc,
1400 5096 1631 5167 qualiter
1674 5113 1767 5153 ex-

448 5185 706 5241 virtutum
730 5202 893 5257 opera
924 5187 1157 5243 debeant
1183 5187 1383 5259 appeti,
1412 5185 1637 5245 Joannis
1667 5188 1765 5243 bu-

190 5274 669 5341 militasiusinuat,
703 5276 840 5344 dum
864 5284 919 5331 et
962 5275 1157 5347 refugit
1199 5290 1265 5330 ex
1321 5291 1416 5331 sua
1455 5275 1767 5333 inﬁrmitate

192 5366 436 5434 pavidus,
486 5364 749 5422 etobedit
794 5381 863 5422 ex
905 5365 1086 5422 divina
1140 5354 1476 5440 institutione
1521 5382 1762 5423 securus.

194 5447 508 5512 Nihil'anim
545 5443 741 5527 potest
770 5444 1075 5527 mortalitas
1121 5456 1396 5513 formidari
1441 5474 1504 5514 ex
1555 5459 1769 5524 merito,

196 5547 281 5603 ubi
306 5548 451 5604 Deus
478 5556 653 5604 totum
682 5558 1006 5620 coeperatur
1030 5563 1097 5604 cx
1119 5549 1280 5605 dono.

224 5658 231 5662 ’
261 5638 573 5710 Baptizatus
596 5651 773 5694 autem
791 5638 950 5694 Iesus
973 5640 1245 5710 confestim
1270 5643 1502 5697 ascendit
1529 5643 1592 5696 de
1612 5660 1769 5714 aqua.

201 5731 338 5788 Ecce
355 5734 526 5804 aperti
544 5743 664 5788 sum
706 5732 842 5789 creti.
868 5730 995 5788 Non
1035 5733 1179 5803 quod
1233 5743 1477 5805 oporteat
1534 5732 1772 5801 credere,

555 5828 831 5889 Parnm.
878 5823 1077 5891 CXX,

1867 4573 2085 4636 grantes
2106 4563 2171 4620 ad
2195 4563 2391 4618 cmlum
2420 4571 2599 4617 mente
2634 4561 2927 4631 rapiantur.
2967 4561 3047 4616 Ad
3093 4563 3197 4619 hoc
3239 4563 3437 4634 quippe

1867 4654 1989 4710 οωιί
2058 4652 2390 4725 aperiuntur.
2456 4665 2561 4707 non
2622 4651 3010 4708 eletnentorum
3084 4654 3440 4718 rcseratione,

1842 4792 1845 4797 ,
1872 4742 2034 4815 179
2058 4742 2151 4798 sed
2179 4741 2404 4811 spiritali
2433 4740 2733 4810 apertione,
2757 4749 2835 4803 ut,
2891 4740 3160 4809 spiritales
3197 4739 3312 4809 jam
3360 4740 3442 4796 fa-

1867 4834 1962 4897 cti,
2000 4831 2315 4902 spiritaliter
2338 4831 2405 4885 ad
2427 4828 2689 4900 spiritalia
2717 4829 2861 4884 illico
2891 4827 3199 4884 invitamur.
3232 4827 3308 4884 De
3333 4844 3439 4900 qua

1842 4923 2085 4994 quidam
2114 4920 2443 4991 reseratione
2468 4934 2482 4974 :
2511 4919 2804 4991 Scinditur,
2832 4918 3029 4989 inquit,
3065 4919 3306 4977 auricula
3330 4936 3441 4989 sep-

1868 5011 2122 5083 templicis
2149 5011 2344 5065 (ethera
2365 5008 2499 5064 caeli.
2523 5008 2696 5079 Quam
2719 5009 2972 5066 nimirum
3003 5010 3143 5068 bene
3169 5010 3442 5072 Ezechiel.

1845 5118 1937 5175 te:
1962 5102 2227 5175 principio
2249 5100 2468 5155 visionis
2493 5115 2626 5165 suae,
2656 5114 2752 5171 per
2783 5100 2891 5154 hoc
2927 5100 3069 5168 quod
3098 5100 3451 5170 praesentiali-

1870 5202 1955 5263 ter
1966 5192 2160 5264 cernit,
2177 5190 2411 5246 futuram
2433 5192 2678 5247 enuntiat
2696 5191 3103 5256 reserationem,
3120 5191 3192 5245 ita
3217 5178 3443 5263 dicens;

1848 5283 1939 5357 'In
1964 5300 2103 5338 anno
2125 5283 2409 5353 trigesimo,
2433 5284 2487 5337 in
2507 5292 2694 5352 quarta
2719 5299 2908 5345 mense,
2930 5283 2987 5336 in
3003 5283 3184 5352 quinta
3205 5282 3289 5337 dei
3303 5299 3449 5339 men.

1873 5376 1969 5441 sis,
2015 5391 2135 5430 cum
2186 5390 2347 5445 essem
2400 5372 3212 5446 in_medio_captirorumjua:ta
3230 5376 3447 5444 [luvium

1846 5438 2104 5538 IICIt'obar,
2131 5442 2297 5534 aperti
2312 5474 2433 5520 sum
2454 5438 2589 5528 cmli,
2615 5473 2664 5517 et
2684 5438 2801 5535 ridi
2823 5438 3069 5541 cisioueni
3096 5462 3194 5518 Dei
3228 5438 3444 5536 (Each.

1850 5573 1917 5624 ,t,
1954 5558 2030 5627 l);
2056 5557 2108 5611 in
2140 5555 2384 5612 Ezechiel
2405 5544 2636 5624 namque
2665 5554 2939 5609 Christum
2965 5552 3154 5620 fuisse,
3183 5570 3343 5612 nemo
3357 5558 3450 5626 qui

1882 5647 2106 5703 dubitet.
2138 5645 2272 5713 Quia
2302 5645 2441 5701 sicut
2460 5645 2720 5714 scriptum
2746 5652 2830 5697 est
2876 5662 2887 5697 :
2918 5642 3252 5701 Assimilatus
3296 5655 3369 5700 est
3398 5646 3454 5707 in

1885 5736 2123 5790 manibus
2148 5736 2514 5807 praphetarum
2554 5731 2700 5803 (Osc.
2727 5749 2823 5799 xu,
2855 5733 2962 5795 lﬁ).
2990 5730 3293 5805 Trigesimo
3315 5733 3455 5810 qud.

2983 5828 3020 5889 6
