4000 6362
646 353 746 409 ΤΗ

1418 349 1492 402 "S.
1517 341 1885 402 'l’ASCllASll
1924 340 2264 396 RADBEltTl
2304 338 2590 396 ABBATIS
2626 329 3070 394 CORBEIENSIS

3778 329 3864 386 ΗΞ

656 483 760 537 que
785 465 957 520 :ctatis
983 476 1260 518 sme'amto
1275 459 1536 514 sEzechiel
1563 458 1712 526 juxta
1732 456 1960 510 ‘ﬂu‘vium
2004 454 2217 507 Chobar
2247 453 2290 511 Λ
2319 449 2554 518 quolibet
2585 461 2808 514 corpore
2828 453 3162 516 genera-tum.
3194 443 3475 512 Tantisper
3503 458 3629 512 ergo
3661 443 3867 498 dicimus

649 562 825 620 venit,
862 574 964 626 qua
990 557 1075 610 hic
1097 554 1342 608 Christus
1376 561 1530 605 actate
1566 551 1631 602 ad
1675 547 1963 602 .lordanem
2007 543 2219 598 venisse

637 647 1050 720 manifestatur.
1082 644 1296 698 Chobar
1323 642 1517 711 quippe
1547 636 1818 708 graritndo
1863 635 1943 690 vel
1991 634 2220 705 gravitas

657 744 1062 806 Interpretatur.
1090 733 1237 801 Quid
1267 732 1427 802 igitur
1452 746 1547 798 per
1570 729 1786 783 Chobar
1828 726 2066 790 ﬂuvium,
2117 725 2218 779 nisi

656 831 950 885 humanum
977 839 1144 895 genus
1166 837 1402 892 congrue
1427 818 1775 888 designatur?
1800 816 1941 887 quod
1967 815 2219 868 nimirum

646 921 726 974 ab
752 927 872 973 ortu
899 916 1083 971 deﬂuit
1103 915 1154 968 in
1177 923 1425 971 mortem,
1458 919 1511 963 et
1539 908 1718 979 gravis
1745 906 1846 962 sibi
1886 916 1968 960 est
2009 918 2073 957 ex
2101 918 2223 974 pec-

648 1009 797 1064 catis
820 1021 937 1077 qua:
958 1011 1230 1074 perpetrat
1284 1000 1646 1054 indesinenter
1699 1011 1760 1050 ae
1810 1002 2007 1063 portat.
2060 992 2216 1055 Quia,

660 1101 798 1155 sicut
845 1096 1103 1166 scriptum
1147 1101 1272 1148 est:
1307 1091 1479 1160 Super
1529 1089 1779 1142 talentum
1843 1083 2038 1154 plumbi
2083 1088 2219 1135 sedet

596 1190 600 1194 ’
661 1187 844 1256 (lacn.
872 1203 929 1251 v,
950 1185 1025 1256 7).
1049 1183 1220 1239 Omne
1240 1181 1383 1236 enim
1417 1187 1701 1247 peceatum
1736 1189 1898 1244 grave
1947 1181 2048 1234 est,
2093 1171 2219 1240 quia

661 1297 764 1334 non
790 1272 1052 1352 permittit
1081 1274 1314 1327 animam
1357 1270 1423 1323 ad
1453 1267 1699 1324 sublimia
1727 1263 1913 1318 levari.
1972 1260 2123 1314 Unde
2167 1270 2222 1313 et

659 1384 755 1438 per
809 1367 1143 1422 Psalmistam
1193 1363 1435 1416 dicitur:
1487 1356 1614 1409 Filii
1661 1355 1924 1407 hominum
1960 1365 2221 1420 nsquequo

635 1461 800 1529 .gra'vi
824 1453 1206 1527 corde?(Psal.
1232 1467 1308 1515 tv,
1329 1449 1412 1519 5.)
1454 1447 1722 1516 Scriptum
1761 1459 1889 1511 ergo
1919 1449 2003 1494 cst
2027 1442 2090 1492 de
2121 1439 2223 1491 Do-

660 1552 844 1611 mino,
900 1547 1038 1616 quod
1095 1546 1208 1616 ipse
1251 1543 1323 1598 sit
1367 1541 1460 1594 Dei
1499 1541 1658 1593 virtus
1714 1547 1759 1590 et
1820 1534 1914 1587 Dei
1971 1532 2223 1600 sapientia

599 1641 604 1644 ’
657 1641 710 1702 t1
755 1640 876 1694 Cor.
911 1637 1082 1706 κει).
1117 1634 1274 1689 Venit
1326 1633 1490 1702 igitur
1540 1627 1785 1683 Ezechiel
1808 1627 1958 1695 juxta
2005 1622 2222 1676 ﬂuvium

653 1731 891 1791 Chobar,
933 1727 1057 1796 quia
1106 1723 1362 1778 fortitudo
1414 1720 1506 1774 Dei
1545 1734 1640 1788 per
1692 1713 2077 1770 incarnationis
2116 1727 2224 1766 sua:

2325 554 2444 592 eum
2470 537 2778 605 apparuisse
2806 537 2856 588 in
2883 535 3227 604 mysterium,
3257 543 3539 603 etpostca,
3565 545 3623 587 ut
3652 536 3754 603 ipse
3783 550 3871 591 vo-

2278 620 2282 624 ’
2325 629 2440 693 luit,
2465 627 2726 696 suspicari
2751 625 2876 679 licet
2907 626 3110 678 desisse
3137 625 3276 692 quod
3297 632 3431 678 ‘vere
3455 623 3732 678 formatum
3759 623 3869 681 fue-

2324 728 2424 774 rat.
2481 718 2547 772 Ut
2596 717 2723 786 quid
2783 725 2960 769 autem
3002 714 3264 784 corporali
3311 714 3489 783 Specie
3535 714 3873 781 descenderit,

2324 811 2447 872 nisi,
2485 819 2541 863 ut
2569 808 2934 879 przediximus,
2969 815 3020 859 tu
3047 823 3166 860 eum
3195 814 3251 858 ut
3294 797 3526 868 videres,
3575 813 3627 858 tu
3676 821 3875 875 quoque

2325 908 2381 952 ut
2407 912 2744 969 agnosceres.
2783 897 3098 951 Columbam
3159 910 3288 965 ergo
3347 896 3512 957 illam,
3569 911 3729 964 quam
3774 897 3877 949 Noe

2322 993 2500 1047 emisit
2567 1007 2628 1045 ex
2687 1007 2850 1056 arca,
2897 994 3051 1046 istius
3098 988 3367 1044 columba:
3418 987 3650 1056 speciem
3701 985 3881 1047 fuisse,

2323 1102 2480 1141 nemo
2516 1086 2607 1153 qui
2639 1084 2840 1139 dubitet
2857 1099 2873 1137 ':
2903 1091 2957 1139 et
2986 1084 3104 1138 ideo
3129 1097 3224 1152 per
3265 1065 3608 1151 eatn'typum
3652 1082 3879 1148 θειώδει-

2323 1193 2444 1232 mus
2485 1179 2832 1232 sacramenti.
2865 1177 3020 1231 Unde
3063 1175 3297 1230 fortasse
3345 1175 3604 1234 dicturus,
3632 1189 3747 1227 cum
3795 1171 3877 1224 illa

2324 1285 2448 1323 vera
2472 1269 2713 1322 columba
2745 1269 2923 1330 fuerit,
2949 1284 3066 1336 qua:
3087 1266 3186 1320 fuit
3219 1266 3435 1327 emissa,
3490 1265 3578 1318 hic
3624 1265 3754 1317 sicut
3799 1280 3882 1316 co-

2326 1360 2501 1414 lumba
2529 1361 2865 1414 descendisse
2897 1359 3130 1422 dicatur,
3162 1357 3430 1428 quomodo
3467 1371 3653 1409 rursus
3693 1355 3792 1408 illic
3815 1339 3880 1407 lli-

2325 1468 2510 1522 gnram
2538 1451 2700 1504 fuisse
2727 1451 2975 1512 dicimus,
3020 1450 3107 1503 hic
3131 1449 3449 1511 veritatem;
3482 1447 3585 1499 nisi
3617 1447 3752 1515 quod
3798 1445 3881 1497 illa

2327 1552 2476 1595 vetus
2503 1541 2623 1601 fuit,
2651 1549 2705 1594 et
2762 1541 3048 1608 negotium,
3074 1539 3215 1607 quod
3243 1554 3338 1606 per
3363 1553 3482 1590 eam
3537 1545 3736 1606 gestum
3778 1549 3879 1599 est,

2327 1632 2482 1701 hujus
2505 1631 2823 1684 sacramenti
2866 1629 3144 1700 prophetia
3196 1629 3312 1682 fuit.
3373 1628 3571 1696 Deinde
3616 1629 3753 1697 quod
3798 1630 3883 1682 hic

2326 1725 2555 1795 p‘ositutn
2610 1731 2690 1777 est
2736 1721 3044 1776 adverbium
3092 1719 3454 1773 similitudinis
3511 1718 3683 1788 (sicut)
3727 1721 3890 1776 scien-

657 1819 970 1886 mystrt‘ittm
998 1813 1354 1883 propinquare
1377 1809 1588 1876 dignata
1616 1815 1698 1860 est
1733 1812 2080 1874 peccatorum
2107 1815 2228 1854 suo-

2327 1817 2450 1885 dum
2480 1813 2603 1883 quia
2629 1813 2921 1866 secundum
2949 1811 3166 1866 Grtecos
3196 1811 3248 1862 in
3294 1808 3459 1878 specie
3511 1808 3775 1874 columba',
3835 1813 3885 1864 in

660 1926 777 1964 rum
806 1907 1043 1978 pondera
1068 1901 1304 1973 portanti
1333 1899 1512 1968 generi
1542 1900 1794 1951 humano.
1829 1891 1956 1960 Qua:
1987 1891 2219 1961 pondera

654 2014 756 2070 per
781 2001 906 2053 hoe'
936 1994 1328 2051 descenderunt
1382 1990 1435 2043 in
1476 1987 1822 2058 profundum,
1855 1985 2006 2053 quasi
2054 1982 2219 2050 lapis;

660 2099 717 2146 et
741 2091 860 2145 ideo
882 2087 1132 2144 Iordanis
1155 2092 1301 2138 recte
1322 2083 1597 2135 descensus
1618 2093 1795 2132 eorum
1819 2077 2220 2143 interpretatur.

659 2181 836 2235 Flavit
861 2180 1002 2234 enim
1031 2175 1264 2244 Spiritus
1296 2171 1393 2225 Dei
1419 2173 1666 2239 desuper,
1697 2176 1753 2222 et
1793 2165 2069 2220 submersa
2102 2170 2228 2217 sunt

654 2256 908 2324 universa
935 2272 1274 2337 peccatorum
1302 2260 1458 2323 vitia,
1491 2273 1613 2311 cum
1643 2271 1740 2310 suo
1769 2255 2031 2326 principe,
2073 2252 2225 2321 quasi

656 2361 931 2434 plumbum
961 2360 1013 2412 in
1044 2357 1198 2424 aquis
1219 2350 1643 2408 vehementibus.
1673 2347 1826 2401 Tunc
1847 2347 2040 2416 quippe
2054 2342 2225 2412 aperti

606 2471 608 2522 ξ
658 2433 784 2508 sunt
807 2450 949 2515 cceli,
980 2457 1040 2502 ut
1059 2445 1190 2507 dixi,
1217 2459 1320 2498 non
1343 2441 1730 2496 elementorum
1754 2435 2102 2497 reseratione,
2131 2433 2226 2487 sed

657 2542 786 2612 quia
811 2540 966 2594 nobis
983 2539 1085 2591 iter
1101 2541 1396 2590 reseratum
1413 2539 1516 2593 est,
1543 2539 1597 2583 et
1620 2543 1744 2598 Spes
1770 2523 2022 2580 redeundi
2053 2523 2118 2575 ad
2139 2537 2228 2575 su-

654 2633 842 2688 blimia
871 2635 1140 2685 restituta.
1156 2626 1271 2680 Non
1286 2624 1427 2679 enim
1452 2622 1526 2676 illi
1545 2629 1834 2680 reseratur,
1853 2617 1944 2671 sed
1964 2615 2139 2678 nobis,
2154 2613 2228 2666 si-

653 2734 749 2779 cut
779 2739 878 2778 nec
895 2722 1041 2775 idem
1067 2718 1166 2773 sibi
1193 2716 1496 2786 baptizatus
1523 2719 1635 2775 est;
1668 2723 1842 2777 neque
1871 2707 1971 2760 sibi
2013 2719 2222 2774 passus.

655 2815 748 2870 sed
776 2828 875 2883 pro
901 2812 1053 2865 nobis
1080 2810 1263 2876 utique
1301 2806 1481 2860 omnia
1513 2803 1705 2863 factus,
1735 2801 1800 2863 si,
1832 2810 1968 2865 quos
2000 2793 2225 2855 fecerat,

655 2912 928 2960 recrearet
954 2912 1008 2956 et
1023 2900 1281 2955 eveheret
1305 2897 1369 2950 ad
1401 2893 1672 2949 sublimia.
1689 2889 1936 2957 Alioquin
1962 2889 2074 2956 ipse
2099 2901 2228 2939 nun-

657 3010 816 3064 quam
842 2993 1009 3047 cmlos
1038 2987 1298 3051 deseruit,
1338 2986 1433 3040 sed
1465 2985 1570 3038 huc
1599 2980 1824 3035 veniens
1852 2992 2065 3046 semper
2104 2989 2225 3029 cum

613 3089 615 3092 ⁴
649 3087 814 3141 Patre
844 3083 963 3136 fuit.
996 3081 1278 3135 Resti-ncta
1298 3086 1383 3130 est
1413 3076 1593 3142 itaque
1615 3079 1740 3125 tunc
1766 3069 1921 3138 aquis
1974 3065 2225 3135 baptismi

2323 1903 2727 1972 quamplurimis
2784 1901 3198 1972 exemplaribus,
3227 1903 3367 1956 sicut
3404 1900 3539 1954 etin
3575 1900 3714 1954 Luca
3761 1905 3892 1956 scri-

2322 2003 2470 2061 ptum
2499 1992 2695 2060 fertur.
2718 1991 2966 2060 Alioquin
2996 1991 3122 2059 quid
3155 1999 3262 2044 tam
3295 2006 3479 2044 verum
3505 2006 3662 2058 quam
3701 1990 3889 2044 divini-

2327 2095 2409 2136 tas
2442 2099 2560 2152 quaa
2586 2091 2766 2137 manet
2793 2097 3025 2151 semper,
3045 2094 3303 2137 creatura
3335 2092 3512 2136 autem
3576 2097 3677 2135 non
3718 2094 3892 2151 potest

2326 2175 2524 2228 veritas
2584 2189 2726 2240 esse,
2784 2190 3088 2243 quanquam
3142 2185 3196 2228 et
3249 2175 3482 2245 Speciem
3527 2189 3625 2243 pro
3675 2175 3894 2229 veritate

2325 2267 2687 2336 accipiendam
2720 2275 2864 2320 recte
2891 2281 3046 2319 nemo
3088 2266 3338 2333 ambigat.
3365 2265 3532 2333 Igitur
3580 2267 3742 2335 liquet
3776 2281 3894 2321 eam

2325 2371 2510 2411 veram
2525 2354 2822 2408 columbam
2842 2353 3004 2408 fuisse
3021 2371 3035 2416 ;
3051 2355 3143 2409 sed
3156 2370 3256 2408 vox
3273 2354 3431 2408 simili
3443 2355 3658 2418 tudinis,
3673 2357 3799 2408 sicut
3821 2359 3898 2410 id-

2276 2519 2280 2524 λ
2325 2463 2390 2502 eo
2405 2446 2564 2520 181
2584 2447 2884 2516 apponitur,
2902 2455 2958 2500 ut
2981 2442 3120 2500 idem
3139 2446 3374 2515 Spiritus
3395 2453 3611 2500 sanctus
3631 2448 3898 2515 ‘comorali

2324 2541 2503 2608 specie
2525 2541 2575 2592 in
2601 2539 2865 2596 columba,
2898 2554 2999 2590 non
3027 2548 3201 2591 tamen
3235 2539 3348 2607 ipse
3370 2554 3568 2606 corpus
3588 2540 3899 2607 apparuisse

2328 2630 2669 2700 intelligatur.
2703 2628 2962 2698 Apparuit
2988 2640 3164 2683 autem
3197 2631 3248 2683 in
3274 2631 3546 2692 columba,
3577 2643 3634 2683 ut
3662 2646 3896 2699 peream

2325 2732 2612 2792 exponeret
2647 2722 2835 2790 quales
2885 2720 3050 2774 futuri
3095 2725 3362 2790 erantqui
3410 2721 3474 2774 ad
3498 2723 3898 2790 gratiamcjus-

2325 2809 2445 2862 dem
2485 2809 2716 2876 Spiritus
2747 2810 3108 2878 pervenirent.
3136 2810 3212 2862 Ex
3238 2827 3368 2878 ιιιιυ,
3398 2808 3796 2878 quiacolumlm
3829 2812 3901 2865 fel

2326 2915 2430 2952 non
2453 2901 2638 2965 habet,
2663 2907 2913 2970 patenter
2939 2899 3176 2952 insinuat
3204 2899 3346 2967 quod
3370 2901 3422 2951 in
3447 2899 3568 2952 felle
3594 2899 3905 2953 antaritndi-

2328 2996 2410 3048 nis
2438 3010 2557 3048 esse
2587 3011 2690 3048 non
2737 2994 2893 3048 debet
2916 2991 3160 3064 quisquis
3186 2993 3251 3046 ad
3295 2993 3433 3045 hanc
3464 2973 3688 3061 gratiam
3719 2995 3906 3046 venire

2328 3085 2550 3138 devotus
2591 3093 2840 3154 exoptat;
2884 3085 2977 3137 sed
3029 3073 3424 3153 simplicitatem
3460 3075 3620 3151 atque
3651 3083 3908 3137 iurocen-

649 3173 958 3244 rhomphtea
987 3171 1072 3225 illa
1104 3165 1448 3229 ﬂammatilis,
1472 3177 1591 3232 qua:
1623 3161 1940 3215 versabatur
1981 3165 2108 3210 ante
2142 3154 2231 3221 ja-

2330 3175 2480 3238 tiam,
2508 3190 2668 3247 quam
2696 3175 2761 3227 de
2785 3189 2842 3228 se
2861 3173 3161 3226 videntibus
3193 3173 3434 3234 exhibet,
3465 3148 3644 3228 animo
3676 3176 3908 3231 retinere

609 3281 614 3284 '
650 3279 790 3319 nuas
809 3260 1068 3331 paradisi.
1087 3258 1158 3313 Et
1177 3256 1297 3311 ideo
1319 3269 1423 3309 non
1445 3249 1889 3307 inconvenienter
1906 3245 2027 3302 coeli
2052 3244 2222 3313 aperti

605 3367 608 3370 ’
651 3372 811 3426 super
836 3369 957 3409 eum
981 3356 1508 3408 commemorantur;
1537 3357 1698 3413 super
1717 3355 1837 3394 eum
1867 3335 2225 3407 quippe,quia

649 3459 867 3519 propter
899 3461 1022 3500 eum
1060 3452 1124 3498 et
1167 3457 1262 3512 per
1288 3435 1714 3508 wmpateﬁunt,
1743 3433 1835 3502 qui
1877 3445 1911 3484 a
1931 3427 2226 3500 primordio

649 3555 747 3610 per
771 3537 1006 3609 primum
1040 3533 1208 3587 Adam
1231 3529 1480 3584 omnibus
1501 3527 1672 3580 clausi
1699 3531 1872 3579 erant.

723 3631 883 3701 180
945 3627 1013 3682 Et
1040 3626 1168 3680 vidit
1221 3621 1477 3693 Spiritum
1515 3617 1904 3673 descendentem
1950 3612 2086 3667 sicut
2127 3624 2222 3663 co-

646 3724 900 3785 lumbam,
931 3730 980 3774 et
1021 3719 1303 3773 venientem
1352 3727 1507 3783 super
1530 3727 1603 3764 se.
1663 3707 1818 3762 Haud
1846 3705 2065 3761 dubium
2107 3702 2225 3772 ipse

647 3814 807 3869 Jesus
853 3811 984 3865 vidit
1026 3819 1268 3878 superse
1309 3803 1612 3858 venientem
1665 3797 1925 3867 Spiritum
1957 3801 2222 3847 sanctum.

645 3904 934 3960 Ceterum,
992 3896 1147 3965 juxta
1199 3881 1461 3947 Joannem
1503 3888 1902 3957 Evangelistam
1959 3883 2222 3951 scriptum

645 4002 749 4054 est,
775 3989 915 4060 quod
943 3987 1105 4040 etiam
1131 3983 1366 4038 Joannes
1410 3978 1777 4033 testimonium
1830 3974 2106 4046 perhibuit
2143 3973 2225 4024 di-

647 4100 777 4140 cens
802 4101 816 4137 :
849 4081 988 4146 Quia
1035 4078 1139 4131 vidi
1163 4073 1416 4144 Spiritum
1443 4069 1831 4124 descendentem
1852 4065 2001 4136 quasi
2025 4063 2225 4117 colum-

652 4176 770 4228 bam
821 4175 885 4225 de
940 4167 1088 4232 caelo,
1113 4176 1159 4220 et
1197 4164 1388 4218 mansit
1419 4177 1574 4230 super
1594 4175 1707 4212 eum
1735 4155 1912 4224 (Joan.
1942 4171 1986 4217 ι,
2008 4153 2119 4222 52).
2143 4151 2224 4206 Ex

601 4262 603 4264 ’
646 4280 753 4336 quo
776 4261 987 4331 liquido
1011 4263 1228 4313 constat
1257 4253 1396 4323 quod
1450 4251 1666 4319 utrique
1706 4261 1828 4303 eum
1887 4245 2224 4301 descenden-

647 4366 778 4418 tem,
801 4352 1051 4408 Christus
1075 4347 1327 4402 videlicet
1353 4351 1410 4397 et
1461 4340 1712 4404 Joannes,
1754 4355 1858 4393 non
1904 4347 2080 4392 tamen
2129 4350 2222 4392 su-

645 4459 743 4514 per
768 4451 1054 4510 utrosque,
1086 4437 1178 4491 sed
1207 4432 1379 4488 solum
1429 4443 1590 4500 super
1610 4429 1903 4490 Christum,
1959 4424 2220 4494 corporali

617 4537 824 4606 specie
877 4532 1179 4588 venientem
1225 4526 1495 4580 viderunt.
1549 4522 1684 4578 lline
1721 4521 1960 4591 profecto
2003 4537 2106 4574 non
2130 4519 2224 4574 ab-

645 4630 806 4686 surde
836 4628 1093 4698 quaeritur
1118 4639 1184 4677 an
1215 4637 1403 4675 verum
1434 4618 1692 4674 columba:
1738 4627 1953 4686 carpus,
1985 4615 2038 4669 in
2069 4614 2222 4684 cujus

641 4723 822 4793 specie
849 4717 1085 4790 Spiritus
1134 4713 1397 4784 apparuit,
1421 4728 1487 4766 an
1515 4709 1674 4764 forte
1696 4709 2013 4776 phantasma
2066 4702 2166 4758 fuit
2203 4723 2216 4758 :

643 4814 787 4882 quod
818 4811 948 4865 satis
979 4807 1226 4861 frivolum
1261 4812 1345 4857 est
1370 4799 1753 4870 cogitareinibi
1805 4807 1864 4850 ut
1887 4795 2216 4864 aliud’quam

621 4911 623 4914 ‘
649 4900 856 4957 Veritas
884 4894 1209 4966 apparuerit.
1243 4891 1380 4961 Ergo
1409 4891 1533 4959 quia
1561 4887 1827 4950 Christus,
1871 4899 2031 4955 super
2058 4899 2215 4954 quem

641 4999 887 5052 venerat,
910 4991 1017 5042 non
1049 4986 1389 5054 phantasma,
1422 4981 1515 5034 sed
1546 4995 1708 5032 verus
1756 4979 1914 5032 homo
1955 4986 2010 5031 et
2053 4989 2218 5030 verus

640 5085 783 5140 Deus
812 5090 952 5142 erat,
983 5084 1164 5146 aptum
1196 5071 1331 5128 satis
1384 5070 1541 5124 nobis
1561 5066 1771 5122 videtur
1794 5077 1852 5120 ut
1876 5082 2060 5122 verum
2092 5081 2215 5120 cor-

610 5188 762 5244 pus,
809 5169 1098 5224 formatum
1149 5164 1217 5217 ad
1266 5163 1456 5216 horam
1513 5159 1567 5213 in
1611 5158 1791 5229 specie
1840 5157 2119 5220 columbae,
2147 5156 2217 5210 ob

639 5261 950 5334 mysterium
975 5253 1202 5310 docendi
1239 5249 1612 5321 assumpserit,
1642 5249 1784 5318 quod
1825 5262 1987 5314 super
2033 5261 2215 5298 veram

627 5351 838 5406 Christi
864 5360 1084 5402 carnem
1134 5342 1452 5404 adveniens,
1493 5339 1640 5393 intus
1693 5337 1822 5407 quid
1881 5346 2090 5406 gestum
2145 5339 2218 5391 sit

635 5440 876 5497 exterius
922 5438 1240 5492 declararet.
1283 5433 1531 5502 Alioquin
1577 5431 1715 5485 idem
1745 5431 1978 5501 Spiritus
2002 5438 2221 5486 sanctus

639 5530 956 5584 mortalibus
1000 5527 1198 5590 oculis,
1257 5524 1361 5578 nisi
1419 5522 1686 5591 corporali
1735 5522 1914 5590 specie
1960 5535 2218 5592 apparere

621 5612 983 5690 nequivisset.
1014 5620 1165 5685 Quod
1193 5617 1408 5686 quidem
1437 5630 1632 5685 corpus
1659 5615 1989 5684 probabilius
2031 5594 2094 5670 ex
2133 5631 2218 5670 ae-

639 5729 716 5778 re,
751 5711 832 5765 vel
856 5725 921 5764 ex
948 5725 1084 5778 aqua
1135 5707 1423 5762 formatum
1465 5717 1739 5775 putamus,
1788 5721 1948 5775 quam
1991 5723 2054 5761 ex
2108 5707 2213 5762 alio

2329 3276 2488 3335 atque
2519 3264 2771 3325 moribus,
2824 3264 3276 3332 conSpicicntibns
3319 3280 3377 3317 se
3426 3265 3478 3318 in
3519 3263 3732 3330 faciem,
3762 3266 3904 3320 sim-

2327 3355 2619 3427 plicitatem
2664 3355 2789 3407 vita:
2834 3362 3241 3434 repriesentare.
3279 3352 3661 3408 Columbarum
3707 3355 3914 3424 quippe

2327 3447 2603 3518 privilegia
2655 3445 3050 3516 quamplurima
3096 3454 3442 3508 enarrantur,
3482 3444 3623 3513 quod
3652 3445 3766 3498 Iure
3792 3448 3914 3499 avis

2329 3549 2525 3610 [metor
2563 3537 2759 3593 ﬂuenta
2819 3537 3060 3590 residens
3093 3551 3379 3603 aquarum,
3410 3536 3774 3588 insidiantium
3805 3535 3914 3588 sibi

2329 3629 2548 3680 umbras
2590 3625 2811 3696 provida
2844 3624 3272 3677 consideratione
3303 3621 3563 3685 intendat,
3605 3613 3917 3691 et'laqucos

2326 3719 2520 3774 exinde
2566 3717 2728 3771 nimia
2782 3714 3140 3785 suspectiouis
3182 3713 3456 3783 diligentia
3511 3711 3660 3766 celer
3687 3714 3916 3766 evadat.

2326 3807 2605 3878 Siquidem
2633 3815 2686 3859 et
2715 3815 2877 3878 tanta:
2927 3804 3272 3873 benignitatis
3314 3820 3343 3856 a
3391 3813 3581 3857 natura
3608 3802 3826 3868 fertur,
3855 3813 3920 3856 ut

2323 3899 2567 3952 on'miutn
2593 3897 2770 3949 avium
2801 3895 2974 3964 pullos
3006 3895 3160 3963 quasi
3214 3891 3461 3962 proprios
3489 3893 3700 3946 dicatur
3727 3896 3918 3947 susci-

2321 4005 2454 4059 pere
2479 3998 2639 4057 atque
2671 3986 2782 4040 suis
2813 3985 3088 4039 laboribus
3118 3985 3378 4039 enutrirc.
3408 3983 3503 4037 Est
3527 3982 3707 4051 itaque
3734 3984 3919 4038 mitis-

2327 4082 2463 4136 sima
2493 4081 2544 4133 in
2579 4088 2804 4142 tantum,
2833 4086 2892 4131 ut
2916 4093 3014 4131 nec
3039 4086 3215 4131 rostro
3239 4091 3412 4144 neque
3437 4075 3703 4144 unguibus
3723 4076 3925 4143 cupiat

2328 4171 2557 4240 aliquem
2593 4170 2867 4233 lacerare;
2903 4185 2968 4222 ne
2998 4167 3247 4222 minimos
3274 4166 3488 4236 quidem
3523 4154 3800 4221 musculos
3831 4169 3926 4223 vel

2326 4255 2671 4323 vermiculos,
2714 4257 2908 4326 quibus
2955 4257 3191 4310 minores
3228 4256 3364 4324 pene
3410 4255 3650 4308 omnium
3685 4256 3928 4312 avicula:

2314 4347 2383 4405 ‘se
2414 4342 2646 4420 suosque
2674 4350 2938 4412 nutriunt,
2982 4347 3142 4401 edere
3175 4347 3442 4401 dicuntur.
3475 4345 3750 4401 Gemitum
3778 4363 3929 4418 quo-

2327 4459 2431 4515 que
2455 4459 2552 4512 pro
2575 4447 2737 4495 cantu
2768 4439 2966 4493 habere
2983 4447 3295 4492 noscuntur.
3325 4437 3474 4492 Unde
3499 4437 3717 4506 quidam
3748 4439 3924 4495 devo-

2332 4535 2492 4589 tionis
2533 4534 2793 4587 obtentu:
2828 4528 3063 4584 Fuerunt
3105 4531 3234 4582 mihi
3271 4528 3515 4598 lacrymte
3550 4544 3682 4581 mere
3725 4547 3930 4598 panes,

2328 4626 2522 4694 inquit,
2547 4623 2632 4675 die
2670 4638 2732 4674 ac
2762 4631 2929 4683 nocte,
2972 4616 3097 4672 dum
3151 4619 3343 4671 dicitur
3368 4617 3497 4670 mihi
3534 4619 3798 4686 quotidie,
3831 4623 3934 4672 ubi

2326 4729 2400 4773 est
2439 4717 2579 4772 Dens
2610 4715 2774 4770 tuus?
2802 4712 2973 4787 (Psal.
3000 4730 3108 4777 xu,
3137 4713 3216 4784 4.)
3247 4712 3360 4766 Tali
3394 4713 3656 4782 siquidem
3683 4699 3936 4766 medita-

2329 4809 2490 4864 tionis
2519 4808 2735 4876 aﬂ'eetu,
2776 4807 2941 4861 totius
2985 4804 3236 4860 Ecclesia:
3266 4793 3507 4857 habitum
3550 4801 3796 4872 lugentis
3825 4819 3938 4856 ex-

2298 4888 2300 4891 ’
2325 4901 2525 4969 primit,
2550 4907 2605 4951 et
2633 4898 2759 4966 quid
2792 4898 2843 4950 in
2875 4897 3030 4950 nobis
3075 4894 3310 4964 Spiritus
3367 4902 3584 4946 sanctus
3611 4900 3796 4960 gerat,
3824 4907 3942 4960 per

2321 4993 2423 5046 hoc
2448 4977 2694 5061 patenter
2737 4987 3004 5056 insinuat;
3053 4987 3289 5056 postulat
3322 4978 3466 5040 enim
3507 4998 3603 5053 pro
3629 4982 3801 5036 nobis
3830 4997 3944 5051 ge-

2323 5081 2539 5134 mitibus
2568 5078 3035 5142 inenarrabilibus,
3076 5076 3198 5130 hinc
3230 5075 3354 5129 inde
3401 5074 3523 5142 quia
3549 5077 3779 5142 gemere
3819 5086 3941 5134 nos

2321 5165 2496 5223 docet.
2532 5167 2684 5223 Unde
2738 5177 2792 5222 et
2837 5167 2888 5220 in
2920 5163 3167 5220 columba
3199 5165 3394 5218 merito
3423 5161 3673 5232 apparuit
3709 5168 3776 5214 ut
3827 5175 3944 5230 per

2320 5276 2437 5313 eam
2469 5274 2568 5312 nos
2611 5257 2830 5312 doceret
2878 5257 3005 5326 quid
3039 5257 3151 5326 ipse
3175 5257 3234 5324 in
3269 5257 3421 5309 nobis
3448 5263 3622 5325 gerat,
3663 5251 3762 5307 vel
3819 5254 3947 5322 ipsi

2324 5350 2375 5404 in
2404 5366 2469 5405 eo
2500 5350 2814 5421 qualesesse
2835 5350 3143 5404 debeamus.
3177 5348 3322 5402 Solet
3355 5338 3533 5415 itaque
3557 5344 3860 5400 nidificarc
3878 5347 3950 5400 in

2322 5441 2674 5496 foraminibus
2717 5451 2902 5511 petrae,
2953 5455 3046 5494 seu
3099 5438 3152 5494 in
3203 5455 3431 5494 caverna
3485 5437 3771 5500 macerias,
3834 5439 3951 5491 ntti

2323 5532 2532 5603 Moyses
2551 5510 2780 5600 positus,
2812 5519 3111 5602 posteriora
3139 5531 3232 5585 Dei
3262 5530 3459 5584 vidisse
3489 5528 3722 5598 legitur;
3749 5510 3952 5596 petra

2320 5633 2502 5676 autem
2545 5631 2628 5677 est
2656 5617 2924 5688 Christus,
2949 5623 3001 5676 in
3027 5621 3183 5690 cujus
3207 5621 3390 5674 lateris
3423 5619 3689 5674 foramine
3730 5618 3959 5671 omnis

2320 5713 2556 5766 Ecclesia
2601 5711 2857 5774 nidificat,
2894 5713 3019 5767 dum
3049 5711 3167 5782 ejus
3193 5712 3468 5782 sanguinis
3501 5711 3676 5780 pretio
3712 5722 3959 5762 cense--
