4000 6362
660 343 759 397 Πδ

1440 345 1511 398 S.
1548 343 1906 400 PASCIIASll
1945 339 2286 396 RADBEllTl
2323 342 2608 397 ABBATIS
2647 342 3093 399 CORBEIENSIS

3815 344 3943 401 ιτς

622 504 627 507 ,
658 459 903 527 gestuin
948 457 1128 528 aliqu
1152 458 1482 513 dubitarent.
1502 456 1579 513 ‘Et
1629 457 1750 512 ideo
1778 458 1885 527 qui
1929 452 2047 510 ruit
2091 455 2233 511 inter
2262 460 2303 518 Α
2334 450 2559 524 qaideur
2576 456 2665 525 qui
2695 459 3006 529 paenitendo
3051 458 3271 529 corrigit
3305 460 3485 529 aliqua
3515 474 3633 528 quae
3667 458 3819 523 fecit,
3847 476 3940 514 ea

614 546 1095 615 amadios'cleros'
1130 547 1411 612 columbas,
1452 549 1605 619 cujus
1637 563 1827 618 pennae
1873 548 2235 619 deargeutatas

651 638 913 709 leguntur
935 636 1110 709 (Psal.
1148 654 1316 704 ικνιι,
1346 638 1457 707 lit),
1488 639 1695 694 Micios
1711 653 1777 693 eo
1798 639 2234 703 uniri,exhibcat

648 726 731 786 ae'
752 745 811 785 se
838 728 1082 785 moribus
1106 729 1250 799 quod
1279 729 1524 784 columba
1575 730 1776 805 docuit,
1800 739 1856 784 et
1885 737 2063 783 teneat
2088 728 2233 783 calo-

618 850 625 861 ε
661 837 775 877 rem
806 819 1075 891 fSpirltus,
1107 821 1278 875 donec
1317 829 1458 876 totus
1495 820 1547 874 in
1597 821 1970 876 holocaustum
2010 819 2235 876 Domino

618 920 1054 966 -~eoncremetur.
1079 912 1155 965 De
1192 926 1302 980 quo
1332 911 1585 965 nimirum
1627 911 1749 980 igne
1776 910 1973 965 Paulus
2015 910 2129 965 suis
2158 910 2234 964 di-

617 1003 818 1058 weebat
863 1001 1228 1065 auditoribus,
1279 1001 1536 1071 Spiritum
1595 999 1755 1053 nolite
1801 1002 2130 1070 exstinguere
2179 998 2231 1071 (l

662 1091 841 1146 Tum.
872 1108 929 1156 ν,
956 1092 1064 1162 19).
1094 1091 1227 1158 Quia
1272 1090 1514 1160 profecto
1560 1091 1613 1145 in
1656 1105 1762 1159 quo
1811 1089 1953 1144 idem
2001 1089 2236 1159 Spiritus

653 1180 843 1245 fuerit,
887 1181 1161 1234 ardentem
1211 1179 1357 1241 facit,
1400 1189 1453 1232 et
1499 1181 1565 1234 ad
1603 1181 1783 1234 omnia
1833 1181 2094 1234 virtutum
2154 1181 2234 1234 iu-

655 1270 985 1333 citamenta,
1029 1284 1188 1338 quem
1239 1268 1605 1333 illustraverit,
1664 1270 1927 1339 provehit,
1974 1280 2027 1324 et
2049 1286 2237 1325 corro-

656 1357 831 1425 bprat.
876 1356 1260 1412 Verumtamen:
1317 1358 1361 1411 si
1411 1358 1574 1426 capiti
1621 1368 1806 1413 nostro
1846 1358 2060 1413 Cbristo
2106 1358 2233 1413 Jesu

658 1448 860 1502 ροιιηίιί
904 1446 1051 1501 velut
1091 1447 1333 1501 membra
1379 1448 1770 1509 cohaereatuns,
1809 1457 1864 1501 et
1899 1464 1961 1501 es
1995 1447 2232 1514 ejusdem

660 1536 863 1607 Spiritu
890 1537 949 1591 in
964 1536 1136 1606 ipsius
1155 1550 1381 1604 corpore
1403 1538 1696 1591 secundum
1723 1538 2037 1591 interiorem
2068 1537 2236 1591 homi-

659 1644 780 1683 nem
809 1627 955 1681 intus
996 1625 1355 1691 virilicamur,
1390 1638 1539 1681 recte
1574 1626 1825 1682 columba
1856 1636 2077 1697 propter
2106 1628 2235 1681 sim-

616 1766 623 1770 .
656 1719 951 1787 plicitatem
994 1718 1119 1772 vita:
1160 1718 1506 1773 nominamur
1529 1727 1586 1776 et
1629 1734 1837 1773 sumus.
1869 1719 2235 1789 Δικαιιιιῦηειι-

2338 546 2452 617 ipse
2478 563 2583 617 quo
2606 549 2869 618 pxen‘itere
2893 549 3167 620 probatur,
3199 548 3397 604 indicat
3424 545 3524 604 sibi
3548 544 3937 619 displicuisse,

2336 640 2460 692 dum
2477 647 2689 692 revocat
2713 639 2778 692 ad
2800 639 3227 693 emendationem
3244 639 3382 707 quod
3406 637 3554 693 fecit.
3571 632 3727 694 Unde
3740 641 3937 692 cuiui-

2336 740 2525 799 potens
2558 728 2700 783 Deus
2731 727 2891 782 Pater
2911 730 3179 797 quomodo
3200 729 3430 799 intelligi
3446 728 3613 799 possit
3640 729 3709 782 ab
3736 720 3937 783 bomi~

2326 820 2493 875 nibus
2515 819 2666 890 juxta
2693 820 2984 873 humanum
3005 820 3219 874 modum
3244 820 3371 875 olim
3403 820 3610 874 locutus
3635 820 3689 873 in
3713 818 3933 874 Genesi

2330 910 2557 979 paenitet
2587 925 2671 963 me
2700 900 2970 964 hominem
2992 908 3192 964 fecisse
3217 922 3378 979 super
3401 917 3622 974 terram,
3646 908 3737 963 ubi
3771 908 3935 977 quod

2334 1001 2550 1056 sibirnet
2574 1001 2935 1070 displicuisset
2962 1000 3016 1055 in
3055 1000 3431 1070 peccatoribus
3468 1015 3603 1068 quos
3630 1005 3939 1054 creaverat.

2333 1099 2587 1159 patenter
2611 1090 2866 1144 insinuat.
2896 1089 2966 1143 At
2996 1090 3192 1143 vero'm
3216 1089 3333 1143 solo
3359 1087 3462 1143 sibi
3496 1086 3790 1157 Unig‘cnito
3816 1085 3938 1139 Do-

2334 1181 2481 1235 mino
2503 1178 2633 1235 Jesu
2657 1179 2873 1234 Christo
2885 1180 3471 1249 complacuisse,-quem
3502 1179 3643 1232 inter
3667 1176 3935 1233 homines

2296 1276 2299 1281 '
2333 1282 2554 1341 propter
2577 1272 2793 1326 eosdem
2826 1270 3095 1325 hominem
3125 1280 3428 1333 «caverat,
3461 1277 3650 1337 aperta
3674 1280 3809 1322 voce
3846 1268 3933 1321 de

2332 1362 2492 1425 (τωιυ,
2519 1371 2575 1414 ιιι
2597 1363 2693 1432 ipsi
2724 1369 3110 1430 cognoscerent
3133 1361 3272 1414 inter
3298 1372 3431 1428 quos
3455 1369 3509 1413 et
3533 1367 3758 1429 propter
3777 1373 3935 1426 quos

2328 1464 2575 1519 venerat,
2608 1453 2932 1507 manifestat.
2958 1451 3018 1506 in
3047 1451 3135 1505 illo
3168 1451 3365 1520 quippe
3394 1449 3595 1503 nullum
3624 1454 3933 1519 peccatum

2334 1544 2455 1606 fuit,
2481 1553 2536 1597 et
2562 1545 2681 1598 ideo
2712 1552 2872 1611 super
2895 1557 3018 1596 eum
3041 1556 3146 1596 non
3175 1541 3349 1596 solum
3380 1555 3488 1594 non
3506 1539 3782 1609 paenituit,
3812 1540 3930 1594 sed

2334 1639 2388 1693 in
2420 1637 2510 1692 illo
2552 1637 2808 1707 placitum
2840 1650 2995 1689 suum
3025 1633 3325 1688 constituit.
3355 1633 3429 1686 De
3472 1641 3580 1700 quo
3619 1631 3931 1686 Psalmista

2333 1728 2482 1783 canit
2511 1746 2524 1781 :
2557 1725 2767 1780 Iuravit
2808 1726 3063 1778 Dominus
3084 1733 3133 1778 et
3174 1740 3277 1778 non
3303 1722 3562 1795 panirebit
3594 1735 3745 1787 eum,
3771 1731 3826 1775 ιιι
3870 1740 3931 1777 es

619 1823 922 1878 .pet'vacua
970 1823 1066 1878 spe
1095 1806 1390 1879 gloriamur
1433 1808 1499 1862 de
1542 1809 1719 1872 nobis,
1750 1809 1796 1862 Si
1840 1823 1945 1862 non
1976 1823 2230 1863 curamus
2260 1811 2307 1869 Β
2336 1815 2588 1870 Sacerdos
2617 1816 2671 1867 in
2693 1825 2941 1867 retentum
2962 1812 3248 1867 secundum
3271 1812 3507 1865 ordinem
3532 1809 3928 1864 Melchisedech

640 1895 962 1952 xeonl'ormes
1006 1896 1123 1950 ﬁeri
1168 1894 1324 1964 cujus
1372 1897 1615 1951 membra
1668 1896 1921 1951 dicimur.
1959 1895 2235 1963 Quatenus

640 2004 753 2061 iper
793 1989 967 2059 ipsum
993 1996 1048 2041 et
1086 1988 1141 2042 in
1190 1989 1365 2058 ipsum
1406 1987 1610 2057 Spiritu
1659 1997 1852 2042 sancto
1902 1989 2130 2042 recreati
2179 1990 2230 2042 in

656 2080 830 2134 beatae
868 2078 1315 2133 inmortalitatis
1362 2077 1589 2132 formam
1633 2077 1864 2133 feliciter
1914 2080 2233 2150 contigurati

639 2167 1071 2223 tsransl'eramur.
1115 2166 1223 2219 Sed
1274 2174 1334 2219 ut
1357 2169 1405 2221 ei
1459 2168 1669 2221 ﬁrmius
1701 2169 2089 2232 inhzereamus,
2135 2169 2234 2222 Pa-

659 2259 760 2314 tris
798 2259 1028 2329 desuper
1059 2257 1375 2312 .intonantis
1423 2272 1608 2312 vocem
1657 2259 1967 2330 diligentius
2019 2245 2277 2330 oportet."

645 2351 870 2406 audire.

727 2440 829 2496 Hic
848 2451 929 2496 est
950 2439 1124 2497 Filius
1139 2459 1281 2496 meus
1302 2441 1543 2507 dilectus,
1565 2443 1620 2497 iu
1640 2459 1742 2515 quo
1768 2443 1897 2497 mihi
1918 2444 2227 2513 complacui.

654 2540 809 2610 Quod
854 2548 913 2597 et
956 2540 1048 2595 alii
1102 2540 1231 2605 duo,
1283 2540 1498 2595 Marcus
1536 2541 1784 2595 videlicet
1834 2543 1908 2611 (ι,
1959 2541 2229 2611 ll)atque

614 2662 619 2667 ~
647 2632 829 2690 Lucas
849 2632 955 2706 (ιιι,
976 2632 1099 2703 22),
1124 2634 1375 2689 similiter
1401 2635 1705 2701 ediderunt,
1728 2635 1830 2690 nisi
1860 2636 2002 2706 quod
2027 2636 2095 2689 de
2117 2651 2233 2690 ver-

618 2728 849 2785 -borum
874 2730 1226 2784 consonantia
1248 2729 1482 2792 variant,
1517 2728 1661 2783 salva
1688 2737 1864 2783 tamen
1895 2728 2011 2798 pari
2046 2742 2228 2783 rerum

617 2850 624 2859 -
656 2822 713 2875 in
743 2820 988 2889 utrisque
1041 2819 1411 2890 intelligentia.
1437 2818 1573 2872 Nam
1600 2819 1723 2887 quia
1769 2817 2053 2875 Matthteus
2077 2818 2225 2881 dicit,

658 2910 763 2968 Hic
785 2920 862 2964 est
890 2908 1065 2963 Filius
1111 2926 1284 2972 meus,
1341 2916 1396 2962 et
1425 2908 1616 2978 reliqui
1665 2909 1788 2970 duo,
1837 2906 1914 2961 Tu
1959 2925 2013 2962 es
2056 2905 2229 2962 Filius

655 3016 800 3056 meus
844 3000 1107 3063 dilectus,
1150 2999 1229 3052 *ad
1277 2997 1520 3052 eamdem
1572 2998 1894 3052 sententiam
1950 2996 2226 3067 explican-

554 3134 557 3137 λ
654 3091 781 3145 dam
834 3098 1124 3159 utrumque
1158 3086 1338 3152 valet,
1403 3088 1541 3142 sicut
1572 3086 1685 3154 jam
1734 3102 1897 3157 supra
1927 3089 2065 3142 etin
2108 3088 2229 3143 aliis

654 3181 793 3237 locis
857 3192 987 3249 quae
1018 3178 1315 3234 dissentire
1382 3179 1668 3242 videntur,
1704 3178 1971 3232 concordi
2032 3160 2299 3233 intelli-C

657 3271 840 3341 gentia
896 3285 1060 3324 tinum
1130 3282 1225 3323 eos
1280 3268 1482 3322 sentire
1546 3268 1851 3323 docuimus.
1904 3268 2021 3324 Vox
2084 3270 2227 3323 enim

657 3363 754 3429 Dei
826 3360 1003 3415 Patris
1066 3360 1135 3415 de
1186 3358 1324 3413 etelo
1389 3373 1555 3411 unum
1610 3357 1813 3412 *horum
1883 3358 2056 3423 dixit,
2133 3358 2229 3413 sed

580 3516 583 3519 Α
648 3452 993 3524 Evangelista
1044 3450 1212 3506 voluit
1259 3451 1545 3504 ostendere
1611 3448 1678 3503 ad
1718 3450 1786 3502 id
1833 3450 1974 3516 quod
2026 3449 2229 3503 dictum

628 3552 742 3599 .est
791 3539 1117 3597 valere/Hic
1156 3550 1231 3595 est
1279 3537 1738 3603 Filius-meus,~ut
1772 3538 1876 3592 illis
1905 3538 2099 3608 potius
2139 3539 2229 3608 qui

656 3632 819 3706 .185
854 3633 1161 3697 audiebant,
1195 3632 1389 3701 .utique
1429 3631 1572 3700 quod
1611 3631 1723 3699 ipse
1762 3639 1907 3685 esset
1941 3628 2031 3685 Dei
2062 3629 2232 3685 Filius

570 3752 575 3759 ·
650 3725 1230 3794 apertetindicaretur.
1248 3721 1314 3775 Et
1339 3722 1459 3776 ideo
1493 3723 1563 3774 ita
1587 3721 1789 3775 dictum
1813 3719 2014 3775 referre
2042 3720 2229 3786 voluit,

626 3856 630 3860 Α
655 3818 799 3887 quod
826 3824 1082 3870 sonttcrat
1106 3832 1121 3868 :
1151 3813 1228 3867 Tu
1251 3812 1505 3867 “Filius
1527 3828 1670 3866 meus
1696 3813 1933 3878 dilectus,
1961 3828 2023 3867 ac
2051 3815 2095 3868 si
2126 3814 2231 3869 illis

624 3909 928 3961 -diceretur
952 3906 1042 3973 qui
1074 3904 1321 3959 aderant.
1351 3903 1772 3956 demonstrantis
1817 3905 2040 3956 obtentu
2079 3919 2093 3955 :
2128 3902 2230 3956 llic

655 4006 732 4049 est
754 3992 927 4048 Filius
946 4009 1092 4048 meus
1118 3992 1356 4046 dilectus.
1379 3990 1514 4058 Quia
1538 4006 1874 4061 nequaquam
1902 3990 2119 4046 Christo
2152 3993 2235 4045 in-

656 4085 940 4139 dicabatur
966 4082 1107 4151 quod
1137 4082 1264 4150 ipse.
1278 4081 1345 4135 de
1379 4093 1438 4134 se
1474 4078 1704 4143 sciebat,
1736 4080 1830 4133 sed
1854 4080 2072 4133 eisdem
2099 4095 2234 4149 pro-

655 4185 779 4245 pter
800 4191 937 4244 quos
961 4175 1029 4227 ad
1058 4186 1194 4242 qms
1238 4171 1349 4241 ipsa
1392 4184 1494 4223 vos
1523 4169 1780 4223 divinitus
1806 4169 1871 4222 de
1901 4168 2037 4223 etelo
2089 4167 2231 4224 facta

655 4278 759 4323 est.
781 4265 900 4321 iam
925 4278 1053 4319 vero
1074 4262 1214 4332 quod
1241 4260 1378 4315 alius
1398 4260 1549 4323 dicit,
1571 4257 1750 4329 lnquo
1771 4258 1898 4311 mihi
1922 4257 2230 4328 romplacui,

661 4358 799 4412 alius
828 4356 896 4411 In
922 4365 972 4409 te
997 4351 1329 4422 contplaruit,
1360 4359 1524 4419 atque
1567 4348 1703 4403 alius
1748 4346 1815 4401 In
1844 4358 1894 4401 te
1922 4346 2232 4416 complacuit

655 4448 786 4502 mihi
810 4464 827 4501 :
855 4446 899 4502 si
945 4446 1142 4517 quaeris
1176 4424 1306 4512 quid
1338 4442 1542 4496 borum
1586 4441 1638 4494 in
1673 4439 1760 4493 illa
1790 4453 1922 4494 voce
1964 4440 2229 4504 souucrit,

657 4540 935 4609 quodlibet
977 4537 1160 4606 accipe
1191 4537 1432 4597 devotus,
1463 4532 1750 4588 dummodo
1788 4531 2057 4601 intelligas
2085 4531 2226 4597 illos,

654 4628 784 4684 licet
809 4625 1036 4682 diversis
1054 4623 1445 4688 ‘verbis,-uuam
1478 4620 1723 4676 eamdem
1750 4620 2050 4674 intellectus
2078 4629 2226 4673 retu-

653 4719 785 4775 lisse
813 4716 1156 4774 sententiam.
1184 4715 1343 4782 Quia,
1373 4714 1477 4769 etsi
1509 4729 1647 4767 unus
1677 4727 1864 4768 eorum
1892 4714 2110 4783 propria
2131 4726 2229 4766 vo-

656 4811 739 4865 cis
761 4809 926 4863 verba
955 4806 1125 4862 tenuit
1144 4821 1265 4875 quae
1289 4814 1605 4867 sonuerant,
1631 4803 1767 4857 alius
1791 4815 1966 4859 tamen
1996 4805 2062 4857 ad
2083 4820 2231 4858 eam-

643 4902 778 4956 'dem
810 4896 1132 4953 sententiam
1170 4894 1485 4950 familiarius
1529 4895 1901 4963 explicandam
1934 4894 2094 4948 verba
2126 4908 2229 4947 va-

657 4992 828 5046 riasse
873 5002 979 5042 non
1005 4986 1237 5042 absurde
1280 4986 1610 5056 intelligitur.
1643 4984 1722 5040 Ita
1767 4986 2028 5040 duntaxat
2058 4996 2117 5041 ut
2162 4986 2233 5041 ab

654 5078 908 5135 omnibus
926 5076 1004 5132 sic
1030 5075 1234 5130 dictum
1261 5075 1601 5147 intelligatur,
1635 5085 1891 5145 tauquam
1916 5076 2230 5130 diceretur:

656 5172 715 5228 in
742 5181 796 5225 te
827 5169 1084 5241 placitum
1130 5182 1307 5222 meum
1338 5167 1610 5221 constitui.
1643 5166 1754 5224 Hoc
1775 5172 1877 5229 est,
1910 5167 1963 5219 in
1997 5174 2060 5219 te
2088 5165 2232 5220 volui

653 5277 842 5335 agere,
870 5262 996 5333 quia
1041 5260 1096 5314 in
1134 5259 1321 5329 primo
1358 5258 1535 5312 Adam
1576 5259 1708 5313 mihi
1738 5257 2026 5326 displiCuit,
2053 5267 2108 5312 et
2137 5272 2234 5328 per

647 5368 784 5411 eum
810 5366 1001 5409 omnes
1027 5350 1179 5420 quasi
1206 5350 1260 5403 in
1286 5364 1462 5404 massa
1489 5349 1617 5403 facti
1641 5357 1767 5403 sunt
1790 5347 2022 5407 iraa-tibi.
2052 5357 2109 5401 ut
2130 5362 2229 5417 per

648 5451 939 5507 tentantes,
954 5454 1091 5510 quos
1110 5438 1481 5509 pnedestinavi
1505 5438 1574 5493 ad
1594 5439 1779 5502 vitam,
1795 5438 2044 5508 placeant
2072 5439 2224 5493 mihi.

654 5533 842 5603 Itaque
870 5536 1008 5589 sicut
1029 5535 1082 5588 in
1108 5532 1389 5603 principio,
1416 5531 1635 5585 Paenitet
1660 5547 1741 5583 me
1760 5531 1943 5599 fecisse
1960 5530 2228 5597 hominem

661 5621 814 5689 (Gen.
843 5636 916 5685 v1,
947 5623 1022 5690 7),
1049 5622 1122 5675 ita
1149 5631 1222 5685 et,
1250 5622 1305 5675 in
1329 5632 1378 5676 te
1416 5621 1728 5690 complacui,
1766 5628 2033 5690 quatenus
2058 5630 2113 5674 et
2135 5635 2233 5690 per

660 5720 717 5768 te
742 5711 841 5782 ipsi
880 5711 971 5780 qui
1011 5712 1242 5781 przesciti
1284 5720 1432 5775 sunt,
1465 5711 1708 5781 placeant
1745 5711 1895 5766 mihi.
1944 5709 2130 5777 Omnis
2164 5711 2234 5766 si-
2268 5702 2269 5705 “

2333 1905 2509 1978 (Psul.
2533 1921 2642 1969 cut,
2672 1904 2751 1975 5).
2777 1905 2831 1959 In
2846 1919 2953 1974 quo
2974 1903 3096 1972 jure
3118 1903 3220 1958 sibi
3243 1902 3632 1972 complacuisse
3659 1910 3929 1967 testatur,

2331 2009 2489 2066 quem
2522 1996 2589 2049 de
2632 2009 2727 2049 sua
2772 1995 3071 2048 substantia
3113 1992 3328 2047 unicum
3373 2001 3535 2062 atque
3582 2003 3927 2048 coartet-num

2328 2086 2434 2141 sibi
2461 2084 3081 2153 consubstantialemque
3106 2092 3367 2154 genuerat
3409 2082 3623 2138 Filium.
3676 2084 3785 2151 Qui
3814 2086 3931 2139 uti-

2331 2194 2437 2248 que
2455 2178 2651 2231 missus
2676 2191 2774 2246 pro
2803 2175 2957 2229 nobis
2983 2175 3049 2228 ad
3073 2174 3481 2237 incaruandum,
3511 2173 3750 2229 Verbum
3787 2187 3931 2229 caro

2331 2268 2532 2323 factum
2564 2275 2652 2321 est
2680 2274 2735 2320 et
2776 2266 3033 2319 habitavit
3070 2265 3126 2318 in
3158 2264 3355 2329 nobis;
3400 2276 3455 2317 et
3497 2264 3618 2318 ideo
3650 2278 3786 2319 vere
3816 2265 3928 2318 sibi

2331 2357 2385 2412 in
2434 2356 2523 2411 illo
2572 2355 2911 2423 complacuit,
2947 2355 3038 2431 qui
3087 2369 3154 2408 ex
3199 2370 3298 2408 suo
3346 2354 3398 2407 ei
3429 2353 3931 2419 consubstantialis

2329 2449 2558 2513 exstitit,
2586 2456 2643 2502 et
2669 2461 2736 2501 es
2764 2455 2946 2501 nostro
2974 2462 3113 2501 unus
3153 2444 3315 2517 186
3341 2446 3591 2515 idemque
3611 2445 3781 2511 lil'ms,
3810 2464 3927 2504 non

2296 2554 2299 2557 '
2329 2555 2504 2604 suam,
2533 2540 2625 2593 sed
2652 2536 2767 2607 ejus
2795 2553 2827 2591 a
2863 2553 2971 2607 quo
2998 2539 3194 2592 missus
3222 2547 3303 2592 est
3339 2538 3390 2591 in
3421 2538 3675 2592 omnibus
3720 2540 3927 2593 volun-

2330 2642 2494 2687 tatem
2523 2631 2670 2685 l‘ecit.
2697 2630 3032 2699 Quapropter
3053 2630 3145 2699 qui
3171 2630 3318 2696 cupit
3358 2628 3467 2683 Deo
3490 2627 3638 2682 Patri
3670 2626 3928 2697 placere,

2329 2739 2436 2779 non
2468 2724 2523 2778 in
2546 2738 2621 2783 se,
2657 2733 2751 2777 aut
2774 2723 2929 2791 quasi
2958 2739 3024 2776 ex
3051 2722 3164 2776 suis
3189 2722 3399 2776 actibus
3427 2722 3529 2776 sibi
3549 2721 3922 2791 complaceat.

2331 2815 2440 2869 imo
2467 2812 2748 2883 displiceat
2776 2813 2874 2867 sibi
2907 2813 2960 2867 in
3006 2827 3087 2876 se,
3115 2821 3169 2865 ut
3201 2821 3345 2866 totus
3388 2813 3439 2866 iu
3470 2811 3560 2865 illo
3605 2826 3705 2882 per
3747 2812 3923 2868 ﬁdem

2328 2912 2387 2958 et
2411 2902 2734 2958 charitatem
2777 2902 3155 2972 trauspositus,
3187 2903 3239 2955 in
3268 2916 3374 2970 quo
3422 2900 3584 2957 Pater
3611 2902 3714 2955 sibi
3761 2917 3926 2956 eom-

2329 2992 2554 3061 placuit,
2581 2989 2810 3060 placeat,
2839 2999 2896 3044 et
2922 3004 3019 3060 per
3042 3004 3172 3043 eoin
3202 2989 3589 3044 reconciliatus
3614 2990 3716 3043 ira:
3742 2989 3923 3055 (ilius,

2330 3082 2472 3138 illius
2490 3097 2587 3152 per
2614 3083 2954 3152 adoptionem
2979 3082 3073 3137 Dei
3102 3085 3215 3137 liat.
3247 3083 3497 3152 Alioquin
3512 3084 3602 3153 qni
3629 3083 3699 3137 de
3718 3098 3787 3138 se
3813 3086 3924 3139 sibi

2330 3174 2794 3245 applaudit,quasi
2824 3188 2890 3228 es
2906 3175 3032 3230 sein
3062 3184 3324 3244 quantum
3356 3191 3460 3230 non
3488 3175 3629 3230 illius
3656 3179 3928 3232 conititur

2301 3266 2609 3328 'voluutati,
2639 3276 2765 3319 reus
2788 3266 2985 3330 adhuc,
3015 3267 3250 3319 nondum
3289 3276 3346 3319 ut
3368 3274 3582 3336 oportet
3612 3268 3751 3336 patri
3804 3269 3930 3338 pla-

2329 3371 2458 3412 cens
2490 3372 2611 3412 esse
2650 3357 3005 3411 convincitur.
3043 3357 3247 3411 Idcirco
3277 3366 3331 3413 et
3384 3358 3437 3411 in
3478 3358 3727 3413 oratione
3775 3359 3928 3414 dici-

2330 3463 2488 3503 mus:
2522 3446 2645 3501 Fiat
2690 3447 2927 3501 voluntas
2969 3456 3081 3511 tua,
3108 3449 3241 3501 sicut
3286 3449 3341 3502 in
3388 3448 3539 3513 calo,
3567 3461 3615 3503 et
3663 3450 3723 3503 in
3768 3460 3929 3504 terra

2323 3538 2484 3610 (Luc.
2516 3555 2578 3604 ιι,
2603 3538 2684 3609 2),
2719 3548 2984 3608 quatenus
3035 3548 3303 3593 terrenum
3330 3549 3592 3595 nostrum
3632 3556 3802 3597 mune
3847 3542 3929 3598 illi

2330 3632 2652 3686 cohaerendo
2692 3630 2912 3685 caeleste
2945 3631 3056 3693 liat,
3089 3640 3143 3685 et
3192 3631 3263 3686 sit
3315 3631 3441 3685 illud
3485 3632 3626 3701 quod
3668 3631 3821 3687 idem
3858 3634 3932 3691 de

2327 3723 2489 3777 nobis
2518 3724 2584 3776 ad
2614 3720 2828 3775 Patrem
2856 3722 2929 3775 ait
2967 3739 2980 3776 :
3027 3719 3171 3787 Volo,
3208 3719 3390 3786 Pater,
3423 3732 3478 3775 ut
3508 3724 3638 3776 sicut
3660 3739 3759 3792 ego
3784 3736 3842 3779 et
3868 3735 3929 3780 η

2332 3827 2490 3865 unum
2520 3829 2701 3866 sumus
2722 3853 2736 3877 ,
2771 3815 2843 3866 ita
2886 3823 2933 3866 et
2965 3814 3064 3883 ipsi
3103 3814 3158 3867 in
3190 3814 3333 3867 nobis
3381 3830 3543 3867 unum
3572 3814 3674 3868 sint
3722 3814 3927 3885 (locst.

2334 3915 2466 3963 xm,
2493 3901 2602 3965 71).
2632 3902 2882 3967 Quolibet
2910 3916 3089 3971 pacto,
3122 3904 3223 3958 nisi
3259 3915 3339 3968 ut,
3371 3906 3511 3958 sicut
3543 3904 3703 3959 Pater
3741 3917 3804 3961 et
3831 3908 3929 3962 ιη-

2332 3988 2437 4043 lius
2465 4004 2628 4043 unum
2671 4001 2797 4044 sunt
2821 4007 2922 4060 per
2950 3994 3329 4058 substantiam,
3369 3994 3441 4049 ita
3475 4004 3530 4049 ct
3557 4011 3654 4050 nos
3697 3997 3753 4050 in
3781 3998 3930 4068 ipsis

2322 4095 2495 4135 unum
2527 4082 2695 4137 simus
2724 4099 2821 4153 per
2863 4086 3134 4155 gratiam?
3177 4088 3360 4143 ethoc
3393 4096 3561 4142 totum
3595 4089 3718 4144 ideo
3764 4090 3933 4147 futu-

2333 4187 2474 4236 rum,
2496 4175 2619 4243 quia
2648 4175 2700 4228 in
2728 4175 2821 4231 illo
2848 4176 3101 4247 placitum
3124 4196 3277 4233 suum
3301 4181 3605 4245 constituit,
3640 4192 3931 4252 quatenus

2317 4275 2428 4330 per
2459 4277 2581 4317 eum
2622 4264 2694 4319 illi
2725 4267 2776 4320 in
2809 4267 2924 4336 ipso
2952 4268 3167 4337 placere
3196 4272 3484 4340 possimus.
3518 4272 3585 4327 Et
3614 4278 3931 4333 notandum

2332 4353 2473 4420 quod
2505 4355 2815 4424 mysterium
2867 4357 3147 4414 Trinitatis
3177 4360 3229 4414 in
3276 4363 3377 4416 hoc
3407 4363 3729 4432 baptismate
3756 4381 3933 4436 aper-

2334 4446 2543 4501 tissime
2574 4448 2915 4517 praadicatur.
2934 4448 3017 4504 ita
3056 4462 3113 4504 ut
3142 4467 3245 4506 non
3268 4454 3440 4508 solum
3470 4455 3708 4510 Trinitas
3745 4461 3934 4514 totius

2321 4537 2630 4606 majestatis
2656 4540 3057 4596 evideu‘tissime
3079 4545 3431 4615 intelligibilis
3458 4548 3789 4615 declaretur,
3833 4569 3933 4609 Vl:-

2327 4647 2449 4688 rum
2475 4633 2637 4686 etiam
2683 4634 2954 4689 sensibilis
2978 4638 3397 4705 quodammodo,
3433 4654 3555 4694 cum
3585 4641 3655 4695 sit
3697 4642 3930 4699 incom-

2330 4722 2729 4793 prehensibilis,
2761 4740 2825 4779 ac
2849 4726 2894 4779 si
2931 4728 3205 4796 corporeis
3245 4729 3495 4784 sensibus
3536 4730 3826 4799 distincta,
3860 4738 3931 4790 ad

2322 4810 2733 4881 intelligendum
2762 4812 2900 4869 luce
2921 4816 3121 4870 clarius
3154 4825 3537 4886 pertractetur.
3568 4818 3734 4876 Pater
3764 4826 3930 4881 scili-

2320 4907 2420 4955 cet
2445 4901 2510 4955 ad
2542 4899 2737 4956 Filium
2760 4902 2999 4960 clamans
3019 4906 3074 4960 in
3104 4921 3258 4973 voce,
3281 4907 3533 4980 idemque
3560 4909 3732 4967 Filius
3755 4928 3931 4971 vera-

2335 4991 2473 5047 citer
2499 4992 2731 5047 humana
2758 5003 2915 5050 natus
2949 4995 3003 5049 in
3033 5010 3197 5053 carne
3222 4998 3291 5053 ab
3321 4998 3436 5068 ipso
3475 4997 3635 5054 Patre
3679 4999 3933 5074 diligen-

2335 5084 2443 5138 tius
2469 5080 2826 5153 praedicatur;
2860 5086 3095 5156 Spiritus
3117 5100 3248 5146 Vero
3272 5101 3494 5147 sanctus
3511 5109 3675 5164 super
3698 5090 3841 5151 eum
3876 5101 3931 5153 in

2318 5176 2583 5230 columba
2614 5175 3030 5232 demonstratur.
3060 5180 3192 5236 Sed
3220 5191 3274 5235 et
3303 5198 3402 5258 per
3443 5184 3611 5254 ipsam
3652 5178 3930 5255 plurima,

2333 5278 2454 5332 quae
2497 5262 2735 5318 Joannes
2763 5266 2939 5320 adlmc
2967 5269 3032 5322 de
3065 5268 3282 5326 Christo
3313 5273 3617 5341 ignorabat,
3651 5275 3934 5333 divinitus

2335 5354 2611 5418 educetur,
2640 5354 2998 5427 impleturque
3029 5359 3163 5412 inibi
3199 5369 3308 5414 tum
3335 5362 3462 5417 illud
3493 5364 3885 5434 propheticum
3911 5383 3929 5423 :

2342 5442 2457 5497 Vox
2472 5444 2679 5500 Domini
2696 5463 2849 5509 super
2869 5464 3053 5519 aquas,
3071 5450 3208 5505 Deus
3229 5453 3516 5522 majestatis
3539 5456 3791 5519 intonuit,
3822 5457 3937 5513 Do-

2335 5536 2506 5590 minus
2531 5552 2687 5603 super
2728 5553 2892 5607 aquas
2931 5540 3123 5593 multas
3160 5538 3332 5611 (Psal.
3380 5558 3569 5608 xxvm,
3600 5538 3677 5614 '5).
3714 5544 3936 5603 Prandi-

2338 5633 2492 5685 ραυξ-
2517 5639 2574 5681 er
2594 5640 2648 5695 go
2672 5641 2702 5679 a
2736 5624 2895 5681 Patre
2929 5626 3116 5692 Filius,
3146 5631 3471 5699 praedicatur
3494 5648 3526 5686 a
3552 5631 3765 5703 Spiritu
3792 5650 3937 5690 san-

2338 5723 2436 5784 etc,
2496 5714 2803 5777 “{‘dicatur
2839 5717 3000 5771 etiam
3042 5733 3071 5772 a
3100 5719 3279 5787 seipse
3310 5721 3446 5775 ‘dum
3488 5722 3554 5776 de
3590 5735 3649 5777 se
3690 5720 3933 5780 Patrem
