4000 6362
54 398 67 411 -
146 356 223 420 ιη
893 338 1256 406 EXPOSITIO
1289 338 1355 397 IN
1391 330 1701 397 ΜΛΤἸΊΙᾹΞ

1802 333 1828 388 ἱ.
1865 360 1938 375 -—
1970 330 2097 387 LIB.
2137 330 2202 396 ll,
2238 329 2389 387 CAP.
2427 329 2512 386 Ill.

3269 318 3405 389 ut,

140 448 377 535 insinuat,
407 474 462 522 et
488 480 656 519 unum
697 479 759 519 se
786 477 905 517 esse
930 475 1050 516 eum
1082 457 1240 513 Patre
1268 462 1495 510 testatur
1532 469 1546 504 :
1579 445 1689 517 Ego
1719 451 1763 511 Α
1793 453 1875 498 tes
1896 444 2127 512 impetus
2154 441 2344 504 vincit,
2368 440 2664 496 ebrietates
2690 436 3201 509 reprimit,.repellit
3236 451 3369 494 vero
3399 465 3408 511 ς

134 577 170 622 σι
203 559 395 622 Pater;
424 556 620 627 inquit,
646 569 812 608 unum
854 566 1033 606 sumus
1080 545 1260 619 (Joan.
1318 560 1375 608 κ,
1406 542 1519 613 50).
1548 537 1687 607 Quid

132 654 282 726 Igitur
307 647 443 702 ultra
486 660 642 699 mens
671 642 765 696 tali
795 649 977 696 renata
1014 643 1359 694 sacramento
1400 629 1691 687 dubitatio—

130 725 198 799 nis
232 738 435 811 poterit
461 736 668 791 habere
692 736 752 788 in
784 732 910 796 ﬁde,
935 740 1059 785 cum
1104 741 1225 782 uno.
1246 725 1544 790 eodemque
1573 733 1690 811 mo-

128 810 297 887 nente
314 826 496 881 Patris
516 836 621 879 Vox
650 824 720 878 ad
750 837 850 877 nos
872 821 1091 890 delapsa
1108 816 1313 871 Filium
1344 815 1399 869 in
1431 812 1588 882 aquis
1611 810 1692 864 vi-

126 921 340 977 abiliter
391 924 747 988 apparentem
800 913 1078 983 praedicat,
1108 918 1165 964 et
1194 908 1430 978 Spiritus
1473 912 1703 960 sanctus

123 1016 345 1081 nuper
366 1010 428 1063 in
473 1006 724 1061 columba
771 1019 891 1073 qua:
921 1000 1200 1056 scntienda
1228 999 1335 1053 siut
1361 996 1429 1051 de
1472 1010 1539 1050 eo
1577 994 1694 1048 evi-

119 1101 329 1155 iratius
377 1095 619 1150 edocet?
664 1093 815 1160 Quod
850 1091 894 1145 si
929 1104 1061 1143 sane
1100 1090 1156 1142 in
1201 1102 1296 1140 ore
1338 1085 1567 1138 duorum
1608 1082 1695 1137 vel

120 1191 272 1245 trium
324 1188 551 1241 testium
583 1185 751 1240 stabit
794 1195 955 1237 omne
997 1179 1247 1242 verbum,
1277 1175 1446 1230 multo
1488 1174 1711 1229 ﬁrmius

117 1291 256 1335 recte
276 1278 555 1347 accipitur
576 1276 641 1328 de
656 1289 716 1327 se
737 1271 938 1335 Patris,
952 1278 1005 1325 et
1027 1268 1170 1331 Filii,
1191 1281 1254 1321 ac
1276 1264 1509 1335 Spiritus
1522 1262 1694 1317 sancti

120 1367 512 1423 testimonium.
539 1363 597 1417 In
625 1364 728 1415 hac
760 1362 956 1429 quippe
985 1358 1090 1411 ﬁde
1118 1356 1291 1411 renati
1323 1368 1528 1417 sumus,
1565 1352 1695 1422 quid

119 1452 259 1528 opus
276 1466 366 1511 est
388 1454 550 1510 nobis
592 1452 829 1522 amplius
853 1453 935 1504 de
966 1449 1069 1503 ﬁde
1110 1447 1266 1516 quasi
1305 1446 1496 1500 dubios
1526 1455 1698 1498 retra-

121 1549 313 1605 ctare?
356 1548 695 1616 Praeceptum
730 1543 887 1613 187
917 1552 999 1596 est
1029 1543 1212 1610 itaque
1243 1539 1546 1609 apostolis:
1580 1538 1694 1602 Ite,-

122 1637 305 1693 ἀοι-αι
328 1654 501 1690 omnes
525 1645 725 1706 gentes,
741 1635 1062 1703 buptisnntes
1078 1648 1164 1685 eos
1185 1631 1240 1683 in
1260 1631 1467 1683 nomine
1494 1625 1692 1692 Patris,

123 1741 158 1785 tt
184 1728 355 1795 Filii,
373 1739 429 1783 et
449 1727 682 1798 Spiritus
721 1725 890 1779 sancti
922 1723 1134 1794 (Matth.
1167 1736 1357 1785 xsvm,
1388 1721 1497 1783 19).
1522 1718 1579 1773 In
1603 1734 1698 1773 no—

1792 536 2100 600 avaritiam,
2134 533 2299 604 188
2323 542 2383 588 et
2420 533 2615 587 omnia
2631 532 2813 587 mundi
2838 528 3234 587 oblectamenta
3276 528 3386 584 fu»

1792 636 1901 700 gat,
1934 627 2271 682 charitatem»
2299 624 2441 679 inter
2483 637 2725 694 quosque
2772 622 2960 684 nectit,
2992 636 3203 678 morum
3232 618 3363 679 εσθ-
3398 646 3405 689 ς

1791 720 2011 774 ctiones
2027 715 2322 787 componit,
2353 714 2597 786 regulam
2624 714 2871 770 veritatis
2902 713 3103 784 ubique
3122 712 3360 782 expedit,
3392 762 3400 777 ,

1792 806 2077 862 haereticos
2104 804 2353 869 revincit,
2390 803 2666 872 improbos
2707 817 2838 858 vero
2875 801 3021 858 foras
3056 802 3240 857 mittit.
3290 800 3401 856 De.

1793 900 1894 955 hoc
1923 898 2119 968 quippe
2143 895 2430 965 Apostolus
2448 892 2728 949 manifeste
2750 894 2880 948 dicit
2907 910 2920 945 :
2956 892 3091 959 Quia
3114 893 3169 947 in
3190 894 3368 948 novis-

1791 991 1937 1045 simis
1961 987 2276 1055 temporibus
2312 985 2545 1039 recedent
2580 985 2794 1055 quidam
2829 1001 2861 1037 α
2890 983 3401 1053 βάεμαιιεηάεηιιιη

1792 1079 2061 1143 spiritibus
2082 1077 2390 1132 seductoriis
2412 1086 2459 1129 et
2491 1074 2742 1129 doctrinis
2758 1075 3174 1137 du’ntoniornm;
3202 1074 3257 1128 in
3280 1074 3371 1142 Ity—

1793 1156 1984 1241 poérisi
2007 1168 2295 1238 loquentes,
2324 1168 2707 1220 cauterisatant
2729 1164 2971 1218 habentes
2994 1164 3361 1219 conscientiam

1794 1278 1945 1315 suum
1965 1260 2016 1329 (l
2045 1259 2177 1313 Tini.
2205 1274 2279 1321 iv,
2311 1258 2381 1325 l).
2421 1255 2520 1323 Qui
2551 1263 2701 1310 certe
2718 1254 2766 1309 si
2794 1253 3059 1322 Spiritum
3088 1252 3363 1307 Dcihabe-

1797 1360 1938 1416 rent,
1962 1348 2601 1421 nequaquamdeinceps
2617 1346 2841 1417 spiritui
2858 1343 3368 1399 seducturiousredi-

1795 1443 2026 1504 dissent,
2057 1442 2183 1511 quia
2209 1454 2367 1494 nemo
2387 1440 2441 1493 in
2470 1437 2676 1507 Spiritu
2702 1436 2797 1491 Dei
2826 1436 3050 1505 loquens
3083 1435 3213 1489 dicit
3243 1450 3373 1488 aua—

1797 1535 1977 1588 thema
2002 1531 2150 1587 Jesu.
2179 1530 2285 1586 Sed
2315 1530 2439 1599 quia
2462 1544 2654 1584 onmes
2675 1528 2870 1597 signati
2896 1535 3019 1581 sunt
3047 1542 3073 1579 a
3106 1525 3371 1596 principio
3398 1586 3403 1593 ι

1797 1625 1950 1696 signo
1975 1623 2096 1677 ﬁdei
2112 1623 2164 1677 in
2188 1620 2424 1684 Christo,
2440 1620 2636 1675 mirum
2657 1634 2755 1673 cur
2773 1617 3150 1689 quamplurimi
3165 1625 3371 1688 postea,
3394 1662 3400 1667 .

1798 1716 1942 1771 aliud
1961 1715 2242 1785 eligentes,
2267 1713 2501 1769 hteretici
2532 1710 2660 1766 l‘acti
2688 1719 2830 1765 sunt.
2876 1710 2943 1764 Et
2961 1710 3089 1779 quid
3109 1711 3180 1765 ob
3202 1708 3368 1774 aliud,

126 1823 258 1875 nine
287 1818 426 1889 ergo
478 1795 605 1872 cum
635 1816 789 1877 dixit,
816 1831 978 1867 unmn
1020 1828 1116 1868 eos
1142 1812 1403 1875 ostendit,
1429 1812 1573 1880 quod
1603 1810 1702 1864 tri-
1730 1795 1776 1855 Β
1804 1807 1905 1863 nisi
1954 1806 2078 1877 quia
2108 1806 2340 1876 primam
2387 1803 2553 1859 tidem
2578 1802 2786 1861 irritam
2817 1800 3081 1866 fecerunt,
3112 1808 3187 1866 et,
3216 1801 3391 1870 quasi.

127 1913 208 1966 bus
255 1909 584 1964 nominibus
625 1908 761 1963 satis
804 1907 872 1959 ad
920 1904 1341 1975 intelligendum
1377 1902 1699 1956 Trinitatem

129 2001 325 2072 egregie
371 2000 650 2055 distinxit.
694 1996 846 2054 Unde
875 1996 1183 2066 quicunque
1231 2002 1377 2047 recte
1407 1991 1700 2047 secundum

130 2091 437 2147 catholicam
471 2090 633 2146 ﬁdem
658 2087 914 2159 baptismi
945 2093 1088 2149 sunt,
1115 2100 1246 2140 sane
1270 2091 1394 2139 sunt
1425 2083 1621 2147 renati,
1648 2090 1703 2137 ct

131 2196 207 2251 per
225 2182 369 2236 hanc
391 2180 565 2234 ﬁdem
590 2189 761 2232 mater
787 2176 1023 2230 Ecclesia
1036 2190 1132 2229 eos
1148 2176 1200 2227 in
1214 2172 1540 2242 sesuscepit.
1569 2171 1703 2251 llinc

134 2249 595 2327 tme’secundum
642 2269 876 2324 Daniells
920 2266 1257 2339 pro,betiam
1303 2265 1535 2320 Sanctus
1573 2249 1696 2319 sau-

133 2371 319 2416 ciorum
368 2360 602 2430 ungitur
652 2356 815 2430 (Dan.
864 2372 943 2422 ts,
978 2355 1096 2427 24),
1146 2363 1203 2410 et
1245 2354 1440 2409 abhinc
1489 2369 1722 2424 quoque

134 2450 233 2523 inge
270 2449 613 2506 sacriﬁcium
639 2447 969 2512 Judteorum,
996 2446 1279 2516 omnisque
1302 2446 1485 2499 unctio
1518 2443 1717 2515 legalis

128 2541 380 2604 cessavit;
438 2539 496 2593 in
545 2548 752 2592 tantum
796 2545 857 2590 ut
901 2534 1314 2605 quadragesimo
1353 2542 1477 2604 post
1514 2548 1704 2588 ascen-

132 2630 322 2685 sionem
351 2629 564 2685 Christi
599 2629 654 2682 in
688 2626 841 2682 ctelis
885 2624 1386 2680 anno-Hierusalem
1428 2623 1703 2678 destructa

133 2720 287 2785 sit,et
313 2719 584 2789 templum
605 2733 876 2782 eversum,
904 2728 1063 2785 atque
1082 2716 1261 2770 omnis
1277 2714 1506 2785 populus
1535 2714 1704 2769 incre-

137 2810 272 2864 dibili
300 2811 457 2864 caede
480 2818 751 2871 vastatus,
781 2806 1061 2876 omnisque
1089 2806 1276 2876 religio
1319 2820 1503 2860 eorum
1536 2814 1590 2859 et
1617 2818 1705 2859 sa-

135 2902 425 2957 cerdotium
445 2899 612 2955 simul
635 2898 921 2953 interierit.
952 2896 1101 2951 Unde
1120 2905 1215 2949 aut
1234 2895 1522 2950 ostendant
1551 2893 1704 2948 nobis

137 2990 448 3045 doricordes
497 2989 670 3049 Judaei
706 2985 838 3058 iuge
874 2987 1005 3058 legis
1035 2986 1382 3050 sacrilitium,
1405 2993 1461 3039 et
1490 2986 1703 3040 unctio-

139 3096 243 3144 nes,
268 3096 334 3134 ac
362 3078 629 3146 templum
659 3091 676 3130 :
704 3085 798 3129 aut
826 3086 992 3139 certe,
1023 3074 1320 3129 secundum
1360 3073 1700 3143 prophetiam

141 3169 383 3232 Danidis,
408 3167 538 3237 quia
579 3167 669 3220 illa
704 3166 885 3220 omnia
920 3164 1077 3233 longe
1119 3165 1210 3218 ditt
1248 3172 1549 3227 cessarunt,
1577 3161 1701 3218 Iicet

144 3259 542 3322 iuriti,audiant
556 3265 614 3312 et
638 3254 938 3325 intelligant
959 3253 1232 3309 Christum
1251 3254 1350 3308 Dei
1380 3252 1589 3319 Filium1
1610 3252 1703 3322 qui

143 3360 216 3406 est
240 3367 365 3406 vere
402 3350 639 3406 Sanctus
668 3357 998 3412 sanctorum,
1027 3356 1248 3403 unctum
1278 3347 1389 3417 jam
1425 3346 1548 3402 oleo
1575 3344 1701 3417 Spi-

146 3443 469 3499 titnssancti
510 3455 625 3512 prie
658 3440 1019 3512 participibus
1037 3439 1172 3503 suis,
1193 3447 1249 3493 et
1296 3438 1561 3508 incipiant
1592 3451 1699 3491 non

152 3536 522 3606 Haspbcmare.
573 3532 744 3588 Porro
789 3547 900 3601 prae
947 3531 1297 3602 participibus
1341 3529 1463 3586 ideo
1513 3536 1704 3584 unctus

155 3627 362 3689 dicitur,
392 3625 515 3695 quia
555 3624 609 3678 iu
642 3623 736 3679 illo
764 3622 996 3692 Spiritus
1032 3631 1250 3676 sanctus
1295 3629 1437 3675 totus
1482 3620 1699 3675 mansit.

155 3713 295 3780 Nam,
321 3715 463 3769 sicut
487 3714 562 3768 ait
589 3711 878 3782 Apostolus
904 3731 916 3765 :
947 3710 1014 3765 In
1034 3711 1125 3764 illo
1138 3712 1304 3764 omnis
1330 3710 1596 3780 plenitudo
1617 3710 1703 3763 di—

158 3807 363 3860 unitatis
376 3794 726 3874 corporaliter
759 3800 1218 3872 habitavit(Golos.
1251 3803 1404 3871 u,9).
1439 3802 1704 3856 Caeterum

60 3914 63 3923 ’
158 3906 354 3951 δειλαία
371 3904 425 3949 et
443 3909 633 3949 omnes
655 3892 1010 3957 Christianos,
1022 3894 1112 3963 qui
1125 3892 1243 3961 ejus
1258 3902 1403 3946 recte
1422 3892 1708 3960 participes

158 3977 541 4055 intelliguntur,
571 3984 867 4039 secundum
912 3992 1235 4037 mensuram”
1266 3981 1411 4044 ﬁdei,
1454 3995 1550 4050 per
1584 3998 1707 4052 gra-

159 4072 266 4127 tiam
288 4073 595 4128 donationis
613 4071 815 4128 Christi
833 4070 1079 4126 eumdem
1102 4070 1361 4141 Spiritum
1381 4072 1704 4141 percepisse,

60 4228 65 4241 Ρ
159 4165 411 4234 ιεωοιιιιὶ
462 4173 617 4220 recte
647 4152 788 4235 sapit
829 4161 1071 4232 ambigit.
1119 4162 1260 4229 Ergo
1308 4163 1401 4231 qui
1446 4162 1706 4231 Spiritum

144 4255 331 4329 aristi
370 4272 483 4310 non
508 4256 695 4318 habet,
723 4255 811 4308 hic
849 4269 954 4308 non
990 4262 1074 4308 est
1116 4253 1263 4322 eius;
1298 4254 1364 4309 de
1410 4268 1519 4322 quo
1560 4254 1706 4322 Apo-

151 4347 340 4401 stolus:
371 4345 491 4400 Nos
507 4347 666 4410 enim,
695 4345 890 4414 inquit,
920 4361 1021 4398 non
1047 4344 1293 4413 spiritum
1318 4344 1479 4414 hujus
1520 4343 1704 4398 mundi

150 4440 451 4507 accepimus,
472 4437 563 4491 sed
587 4434 836 4507 Spiritum
857 4438 947 4507 qui
969 4435 1163 4490 εισι)εο
1185 4446 1261 4489 est
1287 4434 1337 4505 (1
1361 4435 1482 4489 Cor.
1508 4451 1567 4499 tt,
1592 4435 1700 4504 12).

1800 1914 1994 1954 novam
2024 1895 2545 1967 quarentestidem,
2566 1910 2598 1949 a
2630 1894 2736 1949 ﬁde
2760 1894 2887 1949 iacti
2928 1902 3057 1949 sunt
3085 1902 3330 1950 extorres
3350 1894 3383 1947 ἲ.

1802 1991 2130 2046 Erraverunt
2159 1998 2395 2044 autema
2418 1987 2577 2040 vulva
2606 1986 2813 2047 matris,
2843 1986 3093 2041 videlicet
3113 1988 3373 2041 recedet»

1804 2090 1883 2136 tes
1903 2097 1933 2135 a
1959 2081 2062 2135 ﬁde
2086 2079 2447 2135 Ecclesiarum
2470 2076 2586 2141 Dei,
2603 2077 2671 2139 ab
2699 2075 3031 2131 uterolocuti
3054 2086 3180 2132 sunt
3200 2075 3375 2140 falsa;

1801 2189 1906 2227 non
1935 2172 2079 2227 enim
2124 2180 2281 2227 erant
2308 2186 2376 2224 es
2406 2169 2582 2233 nobis,
2605 2178 2660 2224 et
2688 2169 2819 2225 ideo.
2843 2178 3182 2225 recesserunt
3218 2185 3250 2223 a
3276 2186 3375 2226 tto-

1801 2263 1904 2318 bis.
1943 2263 2079 2328 Quia
2105 2263 2293 2330 utique
2320 2262 2364 2315 si
2397 2269 2577 2315 essent
2616 2275 2695 2314 ex.
2717 2262 2890 2324 nobis,
2919 2262 3225 2317 unctionem
3278 2277 3376 2318 no-

1800 2355 2007 2410 biseum
2036 2354 2296 2409 haberent
2326 2367 2359 2406 a
2387 2360 2575 2408 sancto
2600 2351 2828 2421 Spiritu,
2851 2361 2907 2408 et
2947 2353 3374 2420 permansissent

1800 2448 2099 2503 nobiseum.
2126 2449 2494 2503 Eruntautem
2515 2447 2691 2501 adhuc
2713 2458 2769 2501 et
2787 2447 2968 2516 plures
2992 2448 3376 2521 naufragautcs

1802 2538 1946 2593 circa
1977 2537 2156 2601 ﬁdem,
2190 2545 2477 2606 antequam
2507 2537 2630 2591 linis
2657 2539 2855 2592 veniat.
2889 2538 3003 2593 Non
3035 2539 3156 2593 ideo
3189 2549 3367 2595 tamen

1803 2627 1876 2682 illi
1914 2628 2071 2683 aliam
2114 2627 2521 2698 pertractabuut
2547 2629 2703 2681 ﬁdem
2742 2629 2833 2695 qui
2862 2628 3018 2685 electi
3062 2639 3244 2694 erunt,
3280 2632 3377 2685 sed

1804 2715 1947 2770 illam
1973 2718 2025 2771 in
2055 2731 2160 2785 qua
2191 2716 2362 2770 renati
2385 2724 2532 2779 sunt,
2559 2715 2871 2786 plenissime
2898 2717 2949 2771 in
2977 2719 3229 2773 omnibus
3253 2718 3380 2775 sine

1804 2808 1982 2878 aliqua
2030 2808 2224 2864 mentis
2274 2807 2591 2862 inﬁdelitate
2636 2807 2951 2863 servabunt.
2998 2809 3144 2867 Satis
3194 2811 3374 2882 itaque

1805 2900 2096 2955 absurdum
2129 2909 2213 2955 est
2238 2899 2437 2953 idcirco
2466 2896 2686 2953 deviare
2708 2913 2737 2951 a
2769 2899 2874 2953 lide
2902 2899 3027 2969 quia
3058 2899 3243 2970 plures
3266 2916 3363 2970 pe-

1807 2989 2128 3052 riclitautur,
2158 2989 2457 3060 prtesertim
2496 3004 2619 3043 cum
2666 2990 2844 3058 potior
2894 2991 3017 3046 inde
3045 3006 3167 3047 esse
3210 2992 3377 3048 debet

1808 3080 1940 3134 ﬁdes
1966 3080 2299 3134 credentium
2341 3094 2406 3134 ac
2437 3078 2730 3144 robustior,
2754 3095 2822 3134 eo
2864 3081 3031 3149 quod,
3060 3081 3199 3142 sicut
3232 3098 3395 3151 pra:-

1806 3170 2009 3223 dictum
2030 3184 2096 3223 ex
2119 3168 2452 3239 prtescieutia
2478 3167 2571 3224 Dei
2597 3167 2717 3229 luit.
2740 3169 2813 3222 ita
2837 3169 3135 3240 completur
3168 3171 3221 3225 in
3244 3172 3372 3227 illis.

1804 3259 1915 3315 Nos
1947 3260 2091 3314 enim
2117 3259 2208 3329 qui
2249 3274 2394 3314 nunc
2423 3274 2628 3323 sumus,
2658 3258 2895 3314 futurum
2938 3261 3209 3317 credimus
3233 3264 3376 3331 quod

1804 3351 2040 3404 nondum
2066 3351 2197 3405 satis
2227 3350 2509 3415 videmus;
2539 3350 2644 3405 uisi
2672 3352 2813 3419 quod
2847 3350 2960 3419 jam
3002 3351 3056 3406 in
3092 3354 3377 3424 quamplu-

1800 3442 1953 3497 rimis
1980 3443 2175 3497 dudum
2200 3442 2501 3511 iniquitatis
2524 3441 2882 3498 ministerium
2904 3446 3173 3510 excrevit,
3197 3455 3256 3499 ut
3288 3446 3367 3499 si-

1804 3538 2023 3600 gnatum
2048 3530 2115 3584 de
2139 3531 2268 3598 ipsis
2292 3537 2432 3595 erat,
2459 3545 2767 3600 quanquam
2790 3542 2844 3585 et
2875 3531 2927 3585 in
2952 3532 3133 3587 subito
3154 3533 3374 3588 cOntriti

1806 3621 1933 3682 sint,
1959 3629 2015 3673 et
2037 3620 2103 3674 ad
2133 3619 2335 3675 inferos
2367 3620 2625 3689 deputati.
2671 3621 2883 3688 Quanto
2924 3625 3096 3693 magis
3120 3623 3240 3679 illos
3285 3624 3391 3679 lira.

1807 3711 2006 3764 miores
2033 3724 2155 3763 esse
2175 3710 2441 3779 oportebit
2462 3711 2514 3764 in
2546 3710 2672 3776 tid‘e,
2704 3726 2866 3781 super
2893 3728 3031 3781 quos
3055 3714 3169 3769 haec
3187 3716 3388 3770 quinia.

1807 3801 2055 3869 quamvis
2082 3815 2250 3869 pauca
2276 3816 2397 3870 qua:
2435 3808 2663 3865 restant,
2690 3802 2867 3857 adhuc
2909 3802 3117 3876 plenius
3142 3805 3383 3876 campie»

1806 3889 2040 3944 buntur?
2073 3889 2205 3944 Nam
2232 3890 2621 3961 praeteritarum
2661 3893 3081 3962 promissionum
3103 3902 3216 3948 tum
3243 3910 3387 3965 pras-

1807 3996 1934 4036 sens
1960 3982 2221 4037 exhibitio
2268 3981 2534 4036 certitudo
2562 3983 2688 4046 erit,
2716 3984 2760 4037 si
2787 3998 2907 4051 qua:
2935 3986 3210 4053 supersint
3236 3984 3378 4040 iutu-

1809 4089 2016 4137 rorum,
2042 4089 2163 4143 qua:
2202 4088 2323 4127 cum
2374 4073 2640 4138 vener’mt,
2668 4074 3008 4133 conﬁrmatio
3030 4124 3031 4127 η
3052 4075 3176 4132 ﬁdei
3203 4078 3375 4148 magis

1806 4179 1924 4218 esse
1938 4162 2151 4229 debent,
2175 4164 2318 4232 quod
2346 4160 2485 4217 Deus
2509 4177 2629 4231 quae
2658 4164 2979 4233 praedixerat
3003 4177 3067 4218 ea
3093 4180 3214 4235 quae
3237 4182 3385 4223 non»

1808 4251 1933 4305 dum
1959 4261 2113 4305 erant
2137 4250 2250 4305 suis
2268 4249 2936 4320 assignavituempuribus.
2964 4253 3229 4317 (laterum
3254 4258 3379 4325 quia

1801 4338 1907 4395 bus
1932 4350 2015 4395 est
2047 4341 2179 4396 ﬁdes
2206 4341 2296 4395 illa
2331 4342 2385 4399 in
2412 4357 2518 4411 qua
2549 4342 2716 4415 renati
2746 4353 2891 4406 sunt,
2915 4359 3201 4414 perquam
3223 4358 3280 4402 et
3319 4348 3381 4402 in
3432 4326 3439 4332 ⁸

1810 4432 2068 4487 membris
2087 4432 2339 4487 Ecclesia:
2364 4440 2488 4487 sunt
2514 4433 2810 4502 aggregati,
2832 4436 3221 4504 sperandorum
3247 4437 3379 4495 διώ-ι.

150 4526 257 4595 ipse
288 4530 428 4582 enim
453 4527 682 4594 Spiritus
711 4525 1057 4579 testiinonium
1086 4524 1252 4578 reddit
1283 4525 1490 4593 spiritui
1527 4534 1705 4578 nostra
1729 4522 1752 4547 ³
1808 4525 2027 4587 stantia,
2055 4538 2157 4577 non
2185 4522 2343 4578 aliam
2373 4523 2674 4591 requirunt,
2700 4524 2808 4579 ,elsi
2837 4525 3038 4580 dictum
3064 4526 3136 4580 sit
3162 4543 3177 4581 :
3209 4525 3381 4592 Quae-

149 4620 272 4690 quod
291 4633 476 4671 sasinus
498 4615 601 4684 ﬁlii
641 4614 735 4669 Dei
764 4612 940 4676 (Rom.
970 4629 1086 4677 rm,
1115 4602 1222 4680 16).
1255 4613 1387 4679 Quia
1418 4614 1590 4681 ipsum
1616 4627 1711 4667 ac-

151 4709 376 4777 cepimus
430 4705 954 4784 pignus'promissai
1003 4704 1330 4759 bacreditatis
1369 4708 1603 4768 noetrto,
1654 4713 1709 4760 et

150 4800 288 4865 quasi
334 4796 605 4865 quoddam
649 4794 1064 4863 chirographum
1101 4803 1315 4848 aeterna:
1354 4793 1559 4848 salutis.
1610 4792 1707 4850 llic

151 4887 317 4957 itaque
338 4886 578 4955 Spiritus
605 4883 734 4939 facit
760 4882 859 4938 nos
888 4883 981 4936 Dei
1008 4883 1282 4952 templum,
1311 4892 1366 4937 et
1402 4883 1709 4953 interpellat

151 4992 237 5046 pro
277 4977 434 5031 nobis
480 4975 769 5044 gemitibus
811 4964 1259 5027 inenarrabilibus
1283 5013 1297 5035 ,
1326 4988 1435 5027 suae
1478 4974 1706 5027 advoca-

152 5063 296 5120 tionis
322 5065 554 5132 implens
580 5061 834 5117 cilicium.
877 5059 1180 5115 Assuefacit
1216 5075 1313 5114 nos
1355 5059 1562 5113 caelesti
1599 5060 1708 5113 vir~

154 5165 253 5211 ante
280 5157 525 5228 quotidie
559 5149 892 5224 spiritalibus
919 5151 1224 5212 admisceri.
1253 5158 1308 5204 et
1336 5157 1552 5204 :eteruae
1579 5150 1706 5206 vitae

151 5245 459 5301 consociari.
503 5230 833 5298 Erudiuntur
862 5241 1044 5308 itaque
1090 5238 1142 5291 in
1171 5235 1354 5292 illo'et
1398 5253 1495 5308 per
1534 5240 1704 5309 ipsum

152 5348 356 5404 corpora
394 5335 612 5396 nostra,
656 5332 701 5385 si
745 5330 863 5397 ejus
903 5341 1109 5389 sumus,
1133 5324 1703 5382 adimmortalitatem

154 5424 419 5493 proiicere,
442 5414 574 5476 dum
593 5422 661 5475 ad
687 5422 904 5476 decreta
928 5418 1095 5488 ipsius
1117 5413 1333 5471 discunt
1352 5431 1412 5471 se
1434 5418 1709 5473 moderate

156 5516 201 5571 ia
236 5503 562 5585 quibuslibet
604 5504 1067 5583 temperare.'ilic
1107 5518 1193 5565 est
1226 5511 1337 5580 qui
1362 5509 1708 5578 inexplebiles

153 5606 453 5675 cupiditates
468 5606 694 5659 ‘nostras
714 5608 934 5658 coercet
958 5600 1013 5654 in
1036 5600 1214 5664 nobis,
1238 5599 1489 5655 libidines
1508 5600 1708 5670 frangit

156 5698 547 5766 unimoderatas,
574 5695 793 5753 illicitos
819 5694 1117 5765 exstinguit
1164 5692 1407 5759 ardores,
1433 5692 1708 5755 thoman-

1806 4615 1905 4668 erit
1934 4614 2219 4667 Dominum
2250 4622 2302 4666 et
2346 4612 2735 4682 confortamini,
2764 4616 2980 4684 quwrite
3024 4616 3229 4687 faciem.
3257 4619 3382 4691 ejus

1808 4719 2009 4771 semper
2032 4700 2203 4772 (ρεαι.
2231 4716 2330 4767 cn,
2355 4700 2446 4771 '5);
2478 4710 2640 4774 atque
2668 4701 2795 4757 illud
2827 4719 2841 4755 :
3080 4754 3085 4763 .
3274 4764 3279 4765 γ
3364 4758 3374 4768 ,

1812 4791 1991 4861 189,
2010 4790 2242 4861 Quterite
2275 4801 2323 4844 et
2353 4791 2652 4852 invenietis.
2680 4790 2895 4860 pulsate.
2915 4796 3377 4864 etrepeﬁetunre-
3483 4796 3489 4801 ’

1809 4880 1907 4934 his.
1945 4880 2113 4946 Quia,
2158 4880 2261 4934 etsi
2290 4894 2534 4949 quaerere
2575 4888 2818 4949 oportet..
2854 4897 2961 4937 non
3000 4884 3163 4943 alium
3198 4880 3376 4945 tamen

1807 4987 1968 5041 quam
1995 4987 2159 5027 unum
2189 4971 2355 5027 Deum
2387 4971 2440 5024 in
2475 4971 2931 5041 tribuspersouis,
2960 4990 3068 5043 quo
3098 4975 3380 5039 Trinitatis

1807 5062 2024 5119 nomine
2057 5061 2252 5130 signati
2289 5076 2497 5115 sumus.
2526 5060 2638 5116 Sub
2673 5064 3047 5132 qua._omoino
3082 5064 3187 5123 ﬁde
3216 5068 3378 5131 rebus

1806 5151 2091 5221 exspoliati
2136 5151 2341 5215 mundi,
2371 5151 2499 5206 nudi
2545 5151 2750 5227 fontem
2795 5134 3240 5211 introivimusdu
3267 5173 3377 5228 quo

1808 5245 2063 5301 nimirum
2095 5242 2245 5299 fonte
2276 5242 2583 5313 quicunque
2604 5244 2871 5312 .baptizati
2901 5261 3085 5302 sumus
3128 5247 3183 5302 iu
3222 5246 3379 5306 Cbri.

1811 5342 1928 5394 sto,
1975 5332 2029 5386 in
2081 5341 2253 5386 morte
2307 5331 2476 5399 ipsius
2518 5331 2775 5409 baptismi
2814 5346 3047 5403 sumus:
3078 5336 3376 5409 consepulti

1810 5423 1953 5478 enim
1993 5437 2179 5477 sumus
2214 5421 2455 5477 cumillo
2483 5436 2578 5492 per
2607 5423 2929 5491 baptismum
2966 5424 3277 5493 mitione;
3321 5441 3377 5485 et

1810 5501 1931 5570 ideo
1950 5514 2064 5585 jam
2090 5512 2333 5569 ultrajde
2362 5512 2464 5587 ﬁde
2492 5512 2623 5568 nihil
2657 5522 2955 5579 retractare
2978 5514 3256 5586 debemus,
3282 5524 3377 5579 sed

1810 5604 2083 5659 custodire
2116 5601 2290 5657 modis
2321 5601 2578 5661 omnibus
2616 5601 2771 5670 quod
2799 5604 3143 5675 credidimus,
3174 5619 3230 5665 et
3255 5627 3377 5666 cre-

1812 5692 2181 5763 dendovgratis
2209 5708 2239 5747 a
2270 5692 2377 5747 Deo
2403 5692 2722 5773 accepinms.
2753 5692 2984 5770 Credere
3024 5701 3245 5756 omnino
3282 5704 3376 5763 de“—
