4000 6362
195 289 287 345 ’181
883 280 1241 338 EXPOSITIO
1278 279 1344 336 IN
1384 275 1735 334 MATTli/I‘LL'

1859 306 1928 316 —
1966 273 2335 330 ΡΚΛΕΙἊΤΙΟ
2365 273 2496 330 ΗΒ.
2534 275 2620 330 Ill.
2663 337 2666 340 ,

3326 274 3444 328 182·

199 405 450 458 stantiam.
505 399 616 452 Non
663 398 879 468 quidem
929 397 980 449 iu
1029 395 1176 457 loco,
1214 393 1308 448 sed
1355 401 1496 448 totus
1544 391 1740 460 ubique
1771 397 1812 452 Α
1845 389 1964 443 ideo
1995 398 2156 442 totam
2189 387 2716 441 simul-divinitatem
2749 388 3046 458 majestatis
3073 389 3123 443 in
3156 387 3426 444 Trinitate

191 497 343 548 Pater
367 494 412 546 in
436 491 590 551 Filio,
620 497 676 542 et
703 487 743 541 Γ
748 488 871 540 ilius
904 487 958 540 in
987 486 1148 540 Patre
1191 496 1354 550 totus,
1379 497 1541 554 atque
1568 483 1742 552 Spiri-

185 597 263 638 tus
289 592 503 638 sanctus
538 581 590 633 in
633 578 790 632 Patre
815 586 870 631 et
895 577 1043 630 Filio.
1058 576 1226 632 simul.
1246 586 1488 640 totus..et
1522 584 1746 630 coaeter-

174 689 271 728 nus
293 682 471 726 mutet
503 671 670 725 mus.
716 667 853 735 Quia
903 667 1155 721 nimirum
1197 666 1553 736 quodcunque
1585 664 1746 721 Pater

165 774 262 826 est,
310 765 411 816 hoc
462 771 518 815 et
571 759 741 814 Filius
791 768 950 827 atque
995 756 1229 827 Spiritus
1278 765 1495 812 sanctus
1542 765 1653 820 est;
1691 765 1746 810 et

157 854 527 923 quodcunque
577 851 780 914 Filius,
829 851 932 904 hoc
977 861 1032 903 et
1087 851 1252 905 Pater
1297 861 1458 920 alque
1512 849 1744 918 Spiritus

148 953 413 1006 sanctus;
450 957 663 996 necnon
705 952 762 996 et
803 941 944 1009 quod
989 941 1220 1010 Spiritus
1252 950 1490 1000 sanctus.
1527 941 1628 994 hoc
1665 949 1744 994 to-

144 1046 256 1087 tum
317 1033 488 1087 Pater
541 1041 704 1101 atque
749 1031 788 1085 F
797 1033 937 1086 ilius.
985 1033 1090 1086 Sed
1151 1042 1328 1086 tamen
1378 1032 1514 1086 alius
1556 1031 1740 1093 Pater,

136 1125 285 1178 alius
334 1135 428 1179 est
474 1125 682 1186 Filius,
723 1124 861 1177 alius
900 1122 1134 1191 Spiritus
1175 1121 1415 1176 sanctus.
1453 1122 1628 1183 Alius.
1659 1122 1742 1175 in-

131 1232 335 1281 quam,
368 1225 432 1270 et
480 1233 590 1268 non
635 1215 800 1267 aliud.
830 1215 965 1280 Quia
991 1214 1082 1282 qui
1113 1215 1274 1268 Pater
1301 1223 1384 1268 est
1413 1231 1516 1268 non
1543 1225 1627 1267 est
1658 1213 1743 1267 Fi-

134 1309 266 1371 lius,
317 1323 506 1378 neque
575 1308 809 1376 Spiritus
868 1316 1103 1362 sanctus.
1167 1306 1258 1361 Sic
1315 1315 1369 1360 et
1427 1307 1519 1376 qui
1577 1305 1616 1359 F
1624 1305 1743 1360 ilius

133 1416 502 1469 mquaquam
575 1399 736 1453 Pater
812 1411 914 1452 aut
975 1398 1210 1469 Spiritus
1279 1399 1433 1468 192
1501 1407 1739 1453 sanctus.

133 1489 252 1542 Sed
303 1504 489 1558 neque
525 1489 667 1542 idem
698 1489 932 1557 Spiritus
957 1499 1038 1542 est
1063 1487 1224 1542 Pater
1253 1498 1346 1542 aut
1375 1487 1560 1542 Filius.
1589 1488 1741 1554 Quod

137 1578 352 1632 nitens
398 1580 537 1632 Dens
587 1577 826 1631 Trinitas
879 1577 1056 1632 adhuc
1100 1578 1325 1632 rudibus
1378 1578 1428 1631 in
1477 1577 1579 1630 ﬁde
1623 1577 1742 1632 luce

137 1667 358 1720 clarius
383 1667 622 1735 aperire,
653 1666 742 1734 qui
776 1667 1002 1720 necdum
1038 1666 1182 1720 aliud
1225 1683 1384 1721 sensu
1422 1682 1584 1734 quam
1620 1683 1739 1722 cor-

1843 479 2090 534 scusibus
2130 477 2404 546 corporeis
2441 493 2500 531 se
2547 477 2942 545 quodammodo
2990 478 3304 536 scnsibilem
3346 479 3425 531 ia-

1845 570 2068 633 fudisse,
2098 584 2168 622 ne
2189 568 2403 637 quando
2430 581 2498 620 ex
2529 567 2629 620 ﬁde
2670 577 3018 623 renascentes
3055 568 3120 622 ad
3151 569 3316 622 vitam
3350 565 3432 620 al—

1846 668 2016 714 teram
2058 659 2313 727 deinceps
2355 657 2707 726 susciperent,
2733 656 2970 727 nisi=per
2998 673 3160 728 quam
3191 660 3454 730 quisque»

1837 745 2056 816 junctus
2103 754 2188 800 est
2237 746 2368 811 Deo,
2409 753 2464 799 et
2500 745 2702 798 carnali
2763 761 2924 799 sensu
2977 745 3115 800 male
3163 748 3427 818 deceptus

1845 839 2066 909 periret.
2094 837 2346 907 Signatus
2384 838 2580 907 quippe
2619 847 2703 891 est
2757 837 2876 892 fons
2915 839 3012 892 iste
3043 841 3241 894 amtulo
3272 841 3422 910 ﬁdei,

1845 939 1904 984 et
1937 930 2056 984 ideo
2092 929 2293 983 nullam
2334 928 2493 983 debet
2533 929 2860 999 quandoque
2897 929 3067 985 furem
3112 933 3430 986 admitterea

1845 1019 1923 1072 Ex
1949 1020 2101 1088 cujus
2130 1019 2384 1072 nimirum
2417 1019 2639 1089 irriguo,
2679 1019 2994 1073 deliciarum
3033 1020 3242 1086 hortus,
3265 1022 3426 1076 ,vide-

1845 1107 1969 1162 licet
1999 1108 2088 1161 Dei
2126 1108 2391 1179 generalis
2435 1107 2698 1172 Ecclesia,
2729 1110 2965 1177 undique
3009 1109 3141 1162 satis
3178 1095 3430 1169 munitus.

1845 1205 2005 1268 atque
2032 1199 2314 1254 conclusus
2339 1197 2534 1254 ﬂorens
2559 1199 2717 1263 viret,
2747 1200 2869 1268 quia
2901 1200 2952 1252 in
2985 1199 3139 1268 193
3166 1214 3222 1253 se
3257 1199 3415 1254 Chri-

1845 1299 1987 1346 stum
2018 1307 2123 1344 non
2154 1291 2324 1344 solum
2357 1291 2649 1362 sepultum,
2684 1309 2866 1345 verum
2899 1294 3258 1346 rcsurrexissc
3291 1309 3419 1362 gau-

1844 1380 1953 1434 det.
1985 1380 2040 1433 lit
2082 1381 2203 1435 istis
2250 1396 2379 1434 sane
2421 1381 2543 1434 ﬁdei
2590 1381 2926 1435 rudimentis.
2953 1381 3121 1434 ﬁdelis
3160 1381 3419 1449 cujusque

1844 1469 2032 1523 anima
2067 1470 2356 1539 requiescit
2397 1486 2611 1525 secura.
2649 1470 2705 1523 In
2746 1471 2846 1524 hac
2885 1469 3121 1538 quotidie
3154 1471 3416 1522 virtutum

1843 1562 2093 1629 operibus
2123 1561 2294 1625 ﬂoret,
2336 1571 2390 1615 et
2431 1571 2618 1616 contra
2662 1578 2849 1615 omnes
2892 1577 3263 1630 pressurarum
3313 1560 3415 1614 im-

1844 1652 2049 1720 pulsus,
2075 1653 2223 1706 velut
2263 1653 2507 1723 clypeum
2551 1654 2899 1724 protectionis
2928 1654 3166 1723 opponit.
3193 1653 3269 1708 Ex
3309 1669 3418 1723 quo

139 1772 310 1825 porca
350 1756 540 1810 sciunt
577 1757 840 1824 cogitare,
872 1758 1012 1810 trino
1040 1757 1293 1812 distincte
1317 1758 1382 1811 ad
1411 1773 1735 1826 cognoscen-

1843 1741 2073 1810 denique
2109 1742 2271 1795 nimia
2312 1743 2617 1797 securitatis
2655 1744 2964 1797 fortitudine
2993 1745 3414 1807 circumvallata,

145 1849 269 1900 dum
322 1863 473 1901 unus
521 1847 736 1901 refulsit
785 1847 1134 1916 specialitatis
1178 1865 1423 1903 numero.
1464 1851 1740 1914 Quatenus

147 1938 283 2000 visu,
317 1938 518 1990 auditu
549 1946 607 1990 et
637 1937 982 1990 tactuadhuc
1020 1936 1283 1992 lactantes
1329 1937 1383 1991 in
1431 1937 1534 1991 ﬁde
1569 1939 1741 1994 tribus

151 2027 263 2080 istis
294 2028 562 2080 sensibus
599 2026 747 2080 intus
778 2027 829 2080 in
859 2042 919 2080 se
953 2027 1266 2094 trajicerent
1295 2029 1466 2096 prima
1501 2028 1623 2083 ﬁdei
1657 2045 1741 2082 ru-

154 2117 384 2170 dimenta
433 2125 767 2184 cooperante
806 2117 922 2185 ipso
966 2117 1056 2186 qui
1104 2118 1340 2170 exterius
1385 2117 1737 2184 sentiebatur,

159 2208 277 2261 ﬁdes
303 2209 554 2275 perfecta
604 2208 858 2278 deinceps
899 2209 1154 2263 uberibus
1185 2209 1586 2278 Scripturarnm
1625 2211 1736 2279 ple—

160 2301 276 2352 nius
315 2301 648 2355 nutriretur.
697 2299 810 2353 Non
856 2300 998 2355 enim
1050 2303 1202 2369 prius
1251 2302 1426 2355 adhuc
1479 2301 1739 2356 animales

161 2392 413 2458 spiritalia
444 2392 752 2459 potuissent
786 2392 850 2444 ad
883 2391 1096 2460 plenum
1137 2408 1350 2460 capere.
1391 2394 1455 2446 Et
1485 2394 1604 2447 ideo
1640 2409 1735 2448 ne-

159 2497 296 2534 resse
327 2481 433 2535 fuit
465 2491 525 2534 ut
556 2499 654 2550 per
681 2498 893 2537 sensum
926 2484 1164 2537 exterius
1194 2493 1375 2537 tenera
1402 2485 1736 2540 credentium

162 2571 373 2623 infantia
407 2573 574 2625 ﬁdem
610 2573 931 2641 perciperet,
963 2583 1018 2625 et
1049 2574 1114 2626 de
1141 2589 1300 2628 sensu
1326 2575 1506 2627 carnis
1542 2575 1740 2628 intror-

161 2678 242 2715 sus
269 2663 513 2724 rediens,
553 2672 698 2716 totus
733 2663 894 2716 homo
915 2679 1208 2717 conversus
1233 2665 1300 2717 ad
1329 2664 1518 2728 Deum,
1552 2664 1736 2719 invisi-

165 2754 274 2806 bilia
305 2754 546 2807 videndo
577 2769 678 2821 per
708 2753 868 2807 ﬁdem
902 2754 1056 2808 ﬁeret
1098 2754 1382 2823 epiritalis,
1411 2764 1464 2808 et
1496 2755 1739 2810 tenderet

169 2843 437 2896 sublimius
467 2859 570 2913 per
601 2844 782 2906 ﬁdem,
823 2844 1189 2897 doctrinarum
1229 2845 1367 2899 lacte
1399 2845 1634 2900 nutritus
1668 2846 1734 2901 ad

170 2933 435 3001 spiritalia.
481 2934 639 2988 Unde
679 2941 734 2987 et
769 2933 1142 3002 quamplurimi
1179 2942 1488 2988 sanctorum
1526 2933 1576 2986 in
1617 2943 1735 2988 tau-

172 3032 267 3074 tum
293 3022 620 3092 spiritaliter
649 3023 1014 3092 profecerunt,
1040 3032 1095 3076 ut
1125 3023 1385 3094 spiritalia
1409 3023 1740 3093 spiritalibus

1839 1829 2066 1884 ﬁdenter
2107 1832 2250 1884 canit
2290 1831 2415 1884 illud
2463 1833 2514 1885 in
2546 1831 2782 1886 Cauticis
2813 1851 2825 1884 :
2861 1832 2969 1901 Ego
2998 1833 3221 1895 dormio,
3253 1843 3299 1886 et
3327 1850 3420 1888 cor.

1838 1935 2006 1973 meum
2059 1919 2232 1990 vigilat
2265 1919 2439 1990 (Cum.
2485 1937 2539 1983 v,
2573 1921 2649 1988 2).
2693 1922 2896 1974 Dormit
2940 1923 3082 1974 cuitu
3139 1921 3260 1989 spei.
3305 1936 3428 1974 sua:-

1838 2012 2161 2065 certitudine
2193 2020 2474 2082 soporata;
2524 2012 2705 2078 vigilat
2743 2028 2867 2065 vero
2895 2011 3154 2080 pervigilii
3188 2011 3429 2081 diligen-

1840 2105 1933 2169 tia,
1961 2121 2026 2159 ne
2056 2106 2197 2175 quod
2225 2107 2493 2176 signatura
2521 2116 2599 2160 est
2627 2106 2823 2160 annulo
2851 2105 2993 2166 lidei,
3026 2102 3418 2158 fraudulentius

1837 2205 2231 2264 corrumpatur.
2260 2195 2442 2250 Nescit
2465 2206 2643 2249 autem
2673 2196 2896 2250 ulterius
2920 2195 2984 2248 de
3010 2195 3114 2248 ﬁde
3138 2193 3412 2248 dubitare:

1837 2289 1960 2359 quia
1993 2288 2094 2341 etsi
2142 2289 2195 2341 in
2243 2289 2400 2341 terris
2430 2288 2602 2341 adhuc
2637 2288 2809 2357 degat,
2843 2288 2894 2340 in
2925 2287 3063 2339 C(Blo
3090 2294 3268 2338 tamen
3307 2283 3415 2338 col-

1838 2378 2044 2432 locatus
2073 2393 2169 2447 per
2197 2379 2379 2440 ﬁdem,
2403 2379 2446 2431 si
2479 2377 2713 2431 nondum
2745 2395 2821 2441 re,
2845 2393 2938 2446 spe
2981 2392 3194 2446 quoque
3226 2384 3418 2446 regnat

1839 2483 1959 2520 cum
1991 2467 2228 2520 Christo.
2268 2468 2361 2519 list
2409 2468 2586 2534 itaque
2625 2469 2976 2534 quotumdam
3019 2467 3226 2520 modica
3260 2466 3422 2528 ﬁdes,

1837 2563 1892 2608 et
1936 2565 2020 2609 est
2065 2571 2277 2624 magna.
2314 2555 2463 2609 L'nde
2509 2565 2562 2606 rt
2608 2555 2716 2614 nni,
2753 2554 2974 2606 Modica:
3014 2553 3158 2620 ﬁdei,
3195 2552 3412 2616 dicitur,

1837 2662 1997 2714 quare
2018 2645 2308 2698 dubitasti?
2328 2647 2343 2712 (
2366 2645 2539 2697 “aula.
2562 2661 2669 2705 xtv,
2693 2645 2805 2713 5i.)
2831 2643 2993 2696 Alteri
3026 2657 3184 2697 vero:
3221 2658 3412 2712 magna

1837 2745 1921 2790 est
1949 2735 2080 2789 ﬁdes
2117 2745 2228 2798 tua,
2261 2737 2460 2790 idcirco
2505 2738 2591 2790 fiat
2639 2737 2729 2789 tibi
2777 2737 2915 2789 sicut
2959 2735 3181 2805 petiisti.
3209 2733 3416 2805 Quippe.

1837 2825 1962 2894 quia
2010 2825 2268 2879 virtutum
2316 2827 2474 2888 dona,
2522 2825 2812 2880 Secundum
2865 2841 3171 2880 mensuram
3219 2821 3342 2878 ﬁdei
3383 2841 3414 2878 a

1840 2916 2044 2986 Spiritu
2087 2926 2275 2970 sancto
2325 2917 2610 2986 unicuique
2653 2916 2974 2986 la'giuntur.
3010 2915 3279 2970 Praeterea
3318 2930 3413 2984 per

1839 3007 1978 3061 hanc
2022 3009 2193 3063 sancti
2235 3009 2480 3062 vicerunt
2512 3025 2692 3078 regna,
2725 3007 2930 3077 operati
2971 3016 3092 3061 sunt
3125 3006 3412 3078 justitiam,

173 3123 558 3180 comparantes,
586 3113 828 3166 ﬁdem";
857 3113 1046 3167 manus
1067 3129 1129 3168 ea
1153 3087 1326 3168 ζωαί
1349 3125 1550 3178 Immo,
1574 3130 1734 3183 quam
1764 3087 1807 3147 C
1840 3097 2017 3166 adepti
2053 3106 2179 3152 sunt
2203 3098 2604 3166 promissioncs.
2629 3096 2730 3151 Per
2756 3098 2895 3151 hanc
2919 3111 3049 3150 sane
3080 3111 3238 3148 unam
3269 3109 3416 3148 eam-

176 3221 314 3256 smsu
344 3220 620 3274 corporeo
648 3205 954 3275 persenliri.
981 3205 1080 3271 Qui
1122 3205 1224 3261 etsi
1254 3205 1402 3260 visus
1437 3224 1464 3258 a
1493 3207 1737 3284 plurimis

178 3306 254 3349 aut
274 3297 507 3358 auditus,
539 3299 684 3350 sicut
725 3297 825 3350 hoc
856 3297 974 3351 loco
1002 3313 1069 3351 ex
1099 3313 1209 3366 quo
1239 3299 1418 3368 agitur
1458 3298 1512 3351 in
1557 3299 1735 3351 ditiua

177 3390 477 3442 auctoritate
507 3389 728 3457 legitur,
761 3388 878 3441 sine
910 3387 1012 3442 ulla
1061 3389 1140 3442 sui
1188 3387 1605 3442 commutatione
1645 3397 1738 3440 aut

178 3492 260 3545 per
287 3494 481 3548 corpus
515 3480 670 3532 visus
691 3489 793 3541 est,
823 3489 914 3532 aut
945 3489 1089 3533 certe
1120 3495 1217 3548 per
1242 3477 1551 3549 corporales
1575 3494 1740 3548 quas-

179 3568 286 3620 dam
319 3571 596 3638 imagines,
621 3585 760 3638 quas
793 3569 884 3624 Dei
908 3571 1124 3639 quidem
1151 3568 1399 3624 voluntas
1424 3568 1734 3639 elBgit,t10n

181 3676 301 3726 quas
331 3670 518 3714 natura
549 3661 823 3715 formavit.
857 3661 1003 3716 Fecit
1038 3662 1183 3716 enim
1220 3661 1320 3715 ista
1357 3661 1500 3714 Deus
1543 3660 1738 3729 quibus

183 3751 345 3815 Voluit,
373 3753 589 3818 quando
615 3751 804 3815 voluit,
836 3760 890 3804 et
924 3753 999 3805 uti
1032 3752 1223 3816 voluit,
1248 3767 1342 3805 sua
1376 3761 1552 3804 tamen
1591 3749 1642 3803 in
1678 3765 1737 3804 se

187 3843 361 3897 latente
394 3845 1014 3914 incommutabiliterqne
1050 3854 1301 3900 manente
1331 3843 1650 3906 substantia,
1683 3853 1736 3898 et

191 3936 290 3989 sine
327 3937 438 3992 ullis
483 3939 730 3991 locorum
768 3946 859 3989 aut
898 3947 1195 4008 temporum
1227 3937 1520 3991 intervallis
1555 3937 1734 3990 omnia

1840 3187 2070 3256 demque
2111 3187 2286 3252 ﬁdem,
2311 3189 2472 3244 etiam
2502 3198 2558 3242 et
2588 3205 2685 3242 nos
2726 3190 3013 3250 vinciums,
3034 3187 3158 3258 quia
3189 3187 3301 3241 htec
3327 3195 3412 3240 est

1839 3277 2059 3331 victoria
2109 3295 2228 3348 qum
2255 3280 2419 3332 vim-it
2471 3281 2742 3332 mundutn-
2780 3279 2908 3332 fides
2957 3290 3162 3334 nostra.
3205 3279 3312 3333 Sed
3360 3289 3415 3336 et

1837 3366 2121 3436 Apostolus
2157 3386 2274 3422 eam
2317 3387 2419 3422 non
2471 3371 2735 3422 modicum
2777 3370 3038 3438 gloriatur
3073 3387 3130 3423 se
3165 3385 3414 3424 servasse

1839 3459 1914 3512 ita
1945 3459 2128 3514 dicens
2157 3479 2169 3512 :
2204 3459 2390 3513 Fidem
2431 3460 2658 3523 sensuri,
2698 3477 2908 3512 cursum
2945 3459 3319 3521 consummari,
3351 3459 3414 3511 de

1839 3549 2059 3618 reliquo,
2107 3549 2298 3620 inquit,
2348 3552 2568 3618 reposita
2623 3560 2697 3602 est
2751 3566 2943 3604 corona
2989 3549 3211 3618 justitite
3254 3566 3412 3619 quant

1839 3638 2013 3694 reddet
2063 3640 2188 3692 mihi
2234 3639 2488 3692 Dominus
2542 3641 2595 3693 in
2642 3639 2792 3692 illum
2846 3639 2983 3692 diem
3023 3639 3204 3708 justus
3242 3637 3414 3708 judex

1840 3725 1925 3795 (11
1961 3726 2092 3780 Tim.
2125 3743 2198 3791 tv,
2223 3728 2298 3798 8).
2347 3728 2494 3782 Unde
2527 3738 2582 3783 ct
2620 3745 2718 3782 nos
2760 3728 2898 3782 hanc
2938 3744 3097 3782 unam
3136 3733 3410 3784 eamdem-

1839 3799 1943 3886 que
1974 3818 2295 3872 catholicam
2339 3819 2602 3888 integram
2633 3827 2909 3873 servantes
2937 3819 3118 3884 ﬁdem,
3150 3835 3312 3889 quant
3346 3833 3432 3876 ex.

1836 3905 2080 3977 symbolo
2110 3906 2284 3962 adlmc
2319 3908 2373 3961 iu
2416 3907 2554 3961 l..ctc
2595 3909 2951 3978 suscepimus,
2982 3908 3136 3963 bonis
3161 3909 3428 3982 Operibns

193 4026 413 4096 impiam
446 4049 458 4082 ξ
491 4031 566 4082 im
619 4037 680 4082 ιη
717 4044 817 4083 nec
867 3998 1040 4083 mino}
1087 4030 1157 4083 sit
1195 4028 1248 4081 in
1298 4040 1452 4096 parte
1489 4043 1646 4095 quam
1683 4027 1734 4079 in
1831 3998 2034 4096 jugiter
2065 3998 2394 4096 inlnerendo,
2427 3999 2493 4052 ad
2526 4001 2688 4096 tinctu
2735 4000 3250 4096 usquehtendam-us,
3284 4015 3417 4096 quo-

196 4127 300 4180 toto,
321 4135 489 4188 neque
518 4120 694 4187 major
720 4121 770 4173 in
807 4127 913 4172 toto
950 4135 1108 4188 quam
1133 4128 1216 4173 est
1241 4119 1292 4172 in
1317 4127 1486 4188 parte.
1516 4117 1738 4171 Verum-

194 4214 344 4263 tamen
363 4211 632 4279 quomodo
663 4210 844 4270 voluit,
873 4225 1030 4277 quam
1065 4225 1206 4278 smpe
1233 4224 1501 4278 apparens
1528 4209 1577 4260 in
1608 4207 1738 4260 locis

195 4309 234 4351 et
251 4301 295 4351 in
315 4309 570 4368 tempore,
601 4308 659 4352 ut
686 4315 778 4353 eos
801 4300 890 4368 qui
917 4299 1112 4353 locales
1137 4309 1192 4352 et
1214 4296 1536 4365 temporales
1559 4305 1733 4359 erant,

193 4387 243 4438 ad
268 4388 539 4441 invisibilia
577 4390 919 4457 protraheret
965 4389 1254 4452 credenda,
1283 4397 1338 4441 et
1382 4387 1466 4440 illa
1515 4395 1732 4455 postpo-

193 4489 351 4531 nerent
388 4482 586 4548 quibus
643 4482 961 4533 tenebantur
1006 4479 1277 4542 devincti,
1333 4487 1388 4532 ct
1437 4477 1736 4533 cernebant

190 4569 282 4621 suis
326 4570 621 4623 defectibus
675 4571 910 4636 quotidie
959 4569 1288 4623 labefactari.
1340 4568 1475 4622 Hinc
1522 4584 1734 4636 quoque

193 4667 368 4710 certtnu
409 4668 512 4721 est,
563 4669 622 4711 ut
667 4659 1052 4732 prtemisimus,
1106 4660 1159 4714 in
1207 4659 1354 4714 fonte
1399 4659 1735 4728 baptismatis

1837 4091 1981 4142 niam
2013 4089 2102 4156 qui
2149 4090 2576 4158 perseveraverit
2612 4105 2782 4160 usque
2817 4091 2866 4144 in
2902 4088 3081 4153 ﬁnem,
3116 4089 3202 4143 hic
3232 4089 3409 4144 salvus

1837 4179 1959 4233 erit.
1992 4178 2073 4233 Ad
2121 4195 2278 4248 quem
2330 4178 2487 4233 ﬁnem
2541 4189 2598 4234 et
2645 4180 2741 4248 ipsi
2791 4192 3091 4242 currentes,
3127 4180 3212 4233 hic
3252 4180 3412 4232 ﬁnem

1837 4267 1958 4322 libri
1996 4269 2094 4322 sub
2143 4269 2243 4322 hac
2297 4268 2422 4331 ﬁde,
2453 4270 2604 4336 quasi
2649 4270 2700 4322 in
2748 4269 3016 4323 tutissimo
3059 4270 3207 4338 pacis
3256 4278 3414 4337 portu

1838 4360 2110 4434 paululum
2162 4361 2507 4430 quiescendo,
2549 4362 2958 4414 constituamus.
3005 4359 3280 4427 Quatenus
3321 4374 3417 4428 per
3499 4343 3506 4350 ’

1767 4429 1813 4486 D
1839 4453 1942 4506 hoc
1986 4454 2237 4511 itatenus,
2279 4463 2333 4506 ct
2373 4454 2471 4520 ipsi
2512 4471 2572 4505 ea
2606 4454 2708 4507 ﬁde
2737 4454 2950 4507 subnixi
2981 4469 3074 4522 spe
3105 4464 3252 4507 certa
3285 4455 3414 4506 sub-

1836 4543 1995 4606 vecti,
2028 4543 2384 4596 consnnnnati
2419 4543 2470 4594 in
2503 4543 2766 4597 cbaritate
2804 4543 3066 4612 perfecta,
3103 4541 3262 4598 liuent
3287 4552 3438 4603 vita;

1837 4633 1889 4686 in
1925 4633 2140 4688 Christo
2167 4632 2394 4686 feliciter
2425 4633 2736 4688 habeamus.

200 4833 2615 4859 Mm

1273 4970 1448 5029 Plle
1461 4968 1702 5028 FA'I‘IO
1746 4967 1956 5030 LIBRI
2001 4967 2298 5026 TEli'l‘ll.

1631 5115 1925 5130 —-—-——

247 5198 421 5254 Solent
466 5200 801 5253 saecularium
843 5199 1142 5254 litterarum
1184 5208 1477 5261 amatores,
1504 5199 1736 5254 nimium

191 5289 290 5342 sine
310 5290 508 5359 pudore
532 5304 752 5343 suorum
774 5303 830 5343 se
853 5299 1238 5360 prmceptormn
1257 5289 1509 5357 jactitare
1536 5290 1737 5343 doctri-

193 5379 277 5440 nis,
303 5377 353 5434 et
395 5381 754 5450 eloquentiam
799 5396 986 5438 eorum
1031 5382 1149 5436 sine
1188 5381 1450 5450 sapientia
1497 5381 1741 5436 docendo

194 5486 292 5526 tum
320 5474 636 5542 protulerint
658 5482 949 5529 ostentare.
976 5474 1034 5528 In
1061 5490 1288 5544 quorum
1322 5489 1454 5530 sane
1478 5475 1738 5530 doctrinis

191 5564 382 5628 quidam
408 5565 874 5633 nostrorum,quia
902 5580 1008 5620 non
1030 5575 1233 5636 queunt
1255 5566 1385 5620 satis
1416 5563 1734 5633 intelligere,

195 5652 332 5726 194
353 5655 529 5709 varios
559 5664 610 5707 et
641 5653 886 5710 diversos
909 5657 1186 5726 requirunt
1211 5655 1561 5725 expositores,
1590 5665 1648 5709 ut
1671 5655 1736 5710 ad

1841 5214 2028 5254 eorum
2059 5199 2324 5253 luculenta
2352 5198 2703 5255 nefandarum
2735 5213 2924 5259 rerum
2955 5207 3233 5262 mendacia
3259 5209 3425 5265 intel-i

1841 5289 2055 5360 ligendo
2083 5289 2295 5344 valeant
2323 5291 2627 5360 pervenire.
2658 5292 2773 5347 Etsi
2799 5309 2985 5348 eorum
3021 5295 3185 5365 polita
3224 5297 3293 5351 sit
3322 5315 3416 5352 va-

1841 5381 2032 5437 nitatis
2059 5380 2388 5450 eloquentia,
2411 5395 2639 5450 quorum
2667 5397 2725 5437 se
2759 5383 2982 5452 cupiunt
3027 5385 3289 5442 inservire
3323 5389 3418 5442 do-

1839 5473 2057 5538 ctrinis;
2085 5480 2263 5527 tamen
2295 5471 2608 5543 frequenter
2639 5474 2851 5530 illorum
2880 5477 3248 5544 expositorum
3283 5482 3416 5535 satis

1841 5562 2072 5617 incultus
2091 5571 2174 5618 est
2202 5579 2399 5630 sermo,
2431 5571 2488 5620 et
2512 5563 2799 5619 rusticitati
2828 5565 3055 5620 vicinus.
3089 5567 3190 5634 Qui
3221 5584 3416 5637 qnam-

1844 5655 1922 5710 vis
1960 5655 2100 5724 pleni
2144 5656 2251 5714 sint
2287 5657 2536 5713 sordibus
2577 5656 2848 5721 vitiorum,
2879 5670 3097 5718 nrooter
3123 5665 3426 5718 necessita-
