4000 6362
583 286 716 371 ηδ’

1379 303 1434 360 S.
1476 302 1830 361 PASCHASII
1870 302 2215 361 RADBERTI
2254 301 2545 360 ABBATIS
2581 299 3025 364 CORBEIFJVSIS

3734 301 3834 359 εει

585 418 692 478 tem
715 432 932 491 quoque
951 400 1298 490 intelligendi,
1316 434 1420 472 non
1440 418 1563 474 dico
1585 418 1963 489 paginam,sed
1984 432 2159 489 neque
2187 410 2232 482 Ᾰ
2260 418 2529 488 accipiat,
2576 418 2931 490 eamdemque
2979 427 3261 475 veritatem
3310 415 3677 489 intelligentia
3726 433 3835 475 nou

584 512 845 587 syllabam
868 510 1307 581 praetermittunt,
1328 524 1484 578 quam
1508 523 1613 563 non
1632 508 1964 565 enucleatius
1986 510 2159 565 discu-

587 603 725 660 tiant
767 614 975 656 summa
1010 614 1132 656 cum
1176 598 1450 670 vigilantia
1480 613 1543 654 ac
1570 598 1772 655 labore.
1811 598 1965 655 Unde
1993 600 2162 655 miror

588 694 724 748 satis
771 691 901 762 quid
943 690 1121 745 divina
1152 689 1364 760 eloquia
1407 690 1763 758 quorumdam
1791 705 1972 746 mores
1993 689 2162 746 offen-

588 783 807 845 derunt,
835 779 975 849 quod
1003 794 1107 833 non
1136 778 1302 833 velint
1342 780 1569 849 mystica
1603 780 1695 834 Dei
1726 783 2062 835 sacramenta
2097 794 2160 835 ea
2204 822 2205 825 η

589 872 865 944 diligentia
906 870 1262 941 perscrutari,
1289 886 1394 940 qua
1442 870 1824 941 tragoediarum
1863 874 2066 926 nenias
2108 880 2163 925 et

588 976 870 1034 poetarum
936 964 1189 1033 ﬁgmenta
1251 962 1505 1017 sudantes
1537 962 1780 1040 cupiunt
1838 963 2163 1033 investigare

588 1054 800 1118 labore,
826 1062 883 1107 et
910 1053 953 1107 si
983 1069 1079 1123 per
1104 1052 1383 1107 tbeatralia
1411 1052 1695 1107 mimorum
1736 1054 1951 1123 plausus
1985 1055 2164 1109 homi-

591 1154 720 1203 n‘um
775 1147 1034 1201 excitare.
1083 1146 1320 1213 Quorum
1364 1144 1603 1200 inefﬁcax
1650 1144 1846 1200 laboris
1892 1145 2162 1210 studium,

591 1254 753 1295 nemo
798 1239 888 1308 qui
941 1239 1195 1308 ambigat.
1226 1238 1313 1292 ubi
1345 1237 1412 1292 de
1455 1252 1515 1292 re
1560 1238 1738 1309 agitur
1760 1237 1880 1307 qua:
1924 1237 2166 1308 proiecto

589 1338 745 1384 caret
767 1328 968 1394 fructu,
991 1336 1045 1382 et
1067 1330 1182 1383 sine
1202 1328 1422 1397 pnemio
1443 1328 1733 1383 invenitur.
1763 1327 1863 1394 Qui
1886 1327 2012 1383 licet
2029 1328 2168 1381 Aca-

592 1420 863 1474 demicum
906 1419 1176 1473 rhetorem
1209 1434 1305 1487 per
1342 1419 1484 1473 hanc
1520 1419 1731 1473 inanem
1770 1417 2021 1471 vanitatis
2060 1417 2169 1472 elo-

592 1511 869 1583 quentiam
891 1526 1061 1580 usque
1082 1511 1151 1563 ad
1172 1510 1349 1564 vitalis
1374 1524 1614 1579 gramina
1640 1508 1827 1563 circuli
1854 1508 2168 1574 extulerint,

593 1607 651 1654 et
672 1599 1027 1653 dormientem
1056 1596 1363 1667 Scipionem
1406 1596 1526 1652 curii
1558 1598 1732 1651 civem
1755 1595 2055 1659 effecerint,
2085 1603 2169 1648 ta-

594 1705 718 1745 men
767 1691 948 1744 omnia
1000 1691 1115 1743 haec
1160 1689 1391 1743 anilibus
1438 1688 1720 1742 ordiuntur
1765 1685 1962 1741 fabulis
2008 1700 2169 1756 quam

2258 520 2481 582 propter
2511 509 2656 567 aliud
2691 527 2852 581 quam
2888 523 3112 584 pr0pter
3137 514 3377 585 seipsan
3396 514 3626 570 devotus
3652 514 3835 585 .legat.

2259 598 2371 655 Nos
2391 600 2532 655 enim
2557 615 2663 655 non
2688 602 2853 655 Arma
2874 603 3145 672 virumque
3176 600 3439 666 Maronis,
3462 602 3651 658 Graeca
3674 616 3836 672 sapo-

2260 700 2417 745 rante
2465 690 2765 746 fabularum
2805 690 3015 747 salsura
3071 700 3395 758 tractamus;
3439 693 3534 748 sed
3575 693 3644 749 de
3685 692 3840 749 fonte

2261 782 2498 853 Spiritus
2534 783 2706 838 sancti
2750 782 3143 838 catholicorum
3170 782 3392 838 Patrum
3418 798 3609 838 sensus
3636 784 3843 838 riman-

2260 883 2360 935 tes.
2388 873 2607 929 Christo
2647 883 2995 945 cooperante,
3021 875 3165 945 quod
3194 874 3246 929 in
3294 875 3494 930 divinis
3526 875 3726 930 litteris
3758 875 3842 929 in-

2264 964 2571 1035 telligimus,
2610 974 2917 1021 nostrorum
2959 966 3183 1021 auribus
3224 965 3517 1035 explanare
3561 966 3842 1035 cupimus.

2263 1054 2539 1125 Siquidem
2568 1070 2745 1124 neque
2779 1056 2984 1126 tragica
3009 1056 3209 1125 pietate
3245 1055 3645 1124 permulcemus
3669 1055 3845 1110 lecto-

2263 1161 2397 1211 rem,
2425 1155 2520 1202 aut
2547 1148 2875 1203 comicorum
2904 1157 3148 1218 sagmate
3175 1163 3408 1202 onerare
3440 1148 3718 1217 cupimus;
3752 1147 3851 1201 sel

2232 1224 2408 1307 ~quod
2447 1238 2501 1292 in
2552 1238 2754 1293 eisdem
2801 1238 3058 1293 divinitus
3105 1237 3326 1296 redolet.
3357 1237 3585 1306 simplici
3630 1236 3854 1305 eloquio

2258 1326 2413 1397 juxta
2454 1327 2809 1396 capacitatem
2856 1327 3055 1398 ingenii
3084 1341 3408 1382 reseramus.
3448 1328 3601 1383 Unde
3624 1326 3857 1396 quibus—

2268 1418 2390 1472 dam
2430 1425 2759 1480 nostrorum,
2801 1418 2902 1471 etsi
2931 1417 3133 1471 libeant
3175 1416 3266 1471 illa
3293 1416 3552 1482 Maronis,
3580 1417 3728 1487 quod
3755 1430 3861 1487 per

2269 1525 2418 1562 arma
2440 1508 2693 1562 virtutem
2715 1507 2846 1563 velit
2886 1507 3213 1578 signiﬁcare,
3236 1518 3293 1564 et
3316 1523 3416 1578 per
3441 1510 3611 1562 virum
3636 1508 3864 1578 sapien-

2271 1598 2423 1662 tiam,
2452 1596 2639 1667 sicque
2687 1606 2881 1652 caetera
2915 1613 3035 1668 qua:
3078 1606 3409 1668 sequuntur;
3449 1599 3621 1668 magis
3670 1606 3865 1651 tamen

2270 1688 2484 1758 placere
2509 1688 2706 1742 debeat
2734 1687 2837 1742 ista
2865 1703 2987 1756 qua:
3025 1704 3169 1743 nunc
3213 1698 3447 1743 tractare
3481 1688 3867 1757 disponimus;

594 1781 771 1852 aliqua
804 1781 1033 1836 veritate
1060 1780 1371 1836 fulciantur.
1420 1780 1762 1849 Quapropter
1788 1793 1987 1833 moneo
2008 1779 2174 1834 lecto-
2201 1765 2365 1833 B'ubi
2386 1778 2559 1833 virtus
2578 1778 3044 1849 inexsuperabilis,
3068 1788 3125 1834 et
3151 1779 3413 1850 sapientia
3449 1780 3544 1834 Dei
3570 1781 3776 1845 Patris,
3797 1789 3869 1834 ut

595 1886 734 1934 rem,
756 1869 1060 1924 divinarum
1083 1868 1483 1939 Scripturarum
1506 1866 1735 1937 eloquiis
1760 1868 1931 1938 magis
1947 1882 2169 1936 operam

599 1957 754 2019 dare,
782 1961 922 2027 quod
944 1957 1056 2027 jam
1086 1973 1245 2027 supra
1275 1958 1407 2012 satis
1435 1971 1752 2026 persuasum
1776 1955 1950 2025 exegi,
1981 1964 2036 2009 et
2068 1969 2174 2010 non

597 2046 668 2100 ob
687 2047 1036 2117 exiguitatem
1076 2062 1324 2116 personae
1366 2046 1649 2102 veritatem
1672 2047 1895 2116 legendo
1916 2048 2176 2113 fastidiat,

602 2138 696 2193 sed
733 2153 1016 2208 personam
1044 2146 1263 2208 propter
1284 2137 1566 2192 veritatem
1601 2136 1702 2191 sibi
1744 2137 2175 2191 commendatam

2277 1867 2520 1922 militiam
2546 1868 2978 1925 Christianorum
3005 1879 3194 1926 contra
3225 1886 3415 1926 aereas
3449 1880 3749 1941 potestates
3780 1871 3871 1924 in—

2275 1966 2574 2018 stauraret.
2606 1959 2841 2029 primum
2870 1959 3017 2015 illico
3046 1960 3113 2015 de
3140 1960 3291 2015 fonte
3318 1961 3569 2031 baptismi
3612 1961 3683 2014 ad
3735 1975 3873 2014 ere-

2276 2061 2446 2113 mum,
2479 2046 2635 2119 195
2661 2048 2823 2118 quasi
2856 2048 2966 2104 dux
3013 2050 3288 2104 exercitus
3316 2050 3660 2121 prreliaturus
3688 2048 3869 2103 adve-

2277 2136 2380 2190 nit.

1785 2415 2082 2495 LIBER
2160 2417 2643 2497 TERTIUS.

672 2692 821 2755 (Gtc.
853 2686 965 2757 IV.)
998 2685 1197 2740 Ductus
1223 2693 1325 2748 est,
1345 2683 1539 2751 inquit,
1559 2682 1715 2736 Iesus
1736 2697 1766 2734 a
1794 2680 1977 2751 spiritu
2004 2679 2057 2733 in
2091 2679 2182 2732 de-

603 2793 829 2842 sertum,
855 2787 917 2830 ἰιι
954 2784 1241 2831 tentaretur
1280 2792 1312 2828 a
1359 2772 1588 2827 diabolo.
1641 2771 1783 2827 Nihil
1828 2772 1992 2842 igitur
2036 2768 2177 2823 aliud
2220 2776 2232 2783 ’

602 2872 876 2941 quidpiam
928 2866 1022 2922 Dei
1077 2865 1355 2936 Sapientia
1423 2864 1726 2921 faciendum
1770 2865 2003 2934 primum
2060 2871 2181 2932 post

602 2958 868 3029 baptisma
911 2953 1280 3024 providentius
1324 2962 1535 3024 poterat
1578 2952 1808 3023 eligere,
1838 2967 1999 3024 quam
2048 2951 2178 3006 illud

2170 2602 2397 2622 ﬁ

2283 2675 2478 2730 Militia
2523 2684 2597 2730 ett
2635 2676 2738 2730 vita
2786 2674 3010 2728 [taminia
3051 2688 3206 2742 super
3243 2682 3436 2727 terram
3475 2671 3596 2743 (Iob
3632 2688 3709 2727 vn
3732 2715 3752 2739 ,
3794 2675 3877 2744 1)..

2286 2765 2438 2821 Unde
2460 2779 2731 2834 nunquam
2758 2762 3108 2818 Christianus
3121 2761 3281 2816 debet
3309 2776 3459 2815 arma
3480 2762 3742 2816 virtutum
3767 2764 3878 2818 tle-

2282 2869 2501 2925 ponere.
2550 2855 2702 2923 Quod
2740 2854 2879 2909 bene
2907 2850 3105 2906 Paulus
3148 2850 3423 2921 apostolus
3451 2851 3764 2923 intelligens
3796 2854 3878 2907 ita

2283 2962 2404 3003 esse
2433 2949 2685 3002 monebat
2705 2946 2925 3000 dicens:
2951 2942 3162 2997 Iuduite
3185 2959 3269 2997 ros
3286 2953 3555 2996 urmatm
3578 2941 3709 3004 Dei;
3733 2961 3882 3012 quo-

601 3064 709 3119 quo
739 3048 1031 3102 instrueret
1069 3043 1349 3098 universos
1396 3043 1547 3113 regni
1590 3042 1673 3096 sui
1717 3042 1916 3096 milites
1954 3040 2082 3110 quid
2122 3048 2177 3093 et
2207 3052 2253 3115 ρ
2284 3039 2446 3103 aiant,
2475 3037 2649 3107 inquit
2677 3035 2837 3106 196
2855 3033 3003 3098 alibi,
3030 3049 3133 3086 nou
3157 3042 3231 3085 est
3262 3032 3407 3085 nobis
3440 3031 3745 3099 coiluctatio
3774 3035 3885 3087 ad-

601 3140 733 3213 ipsis
756 3137 1018 3209 agendum
1060 3143 1204 3190 esset
1234 3144 1421 3189 contra
1449 3134 1743 3198 dmmonas,
1771 3147 1894 3186 mox
1920 3140 1979 3186 ut
2009 3130 2181 3186 renati

600 3238 786 3285 esu-nt
830 3242 929 3299 per
974 3225 1196 3281 fontem.
1246 3224 1359 3280 Mos
1398 3225 1579 3294 itaque
1619 3223 2027 3293 antiquissimus
2073 3237 2183 3275 non

601 3320 723 3376 dico
766 3317 1148 3375 Romanorum,
1182 3327 1369 3368 verum
1395 3313 1557 3366 etiam
1600 3320 1914 3367 ceterarum
1945 3310 2183 3380 gentium

604 3410 724 3474 fuit,
759 3419 817 3464 ut
842 3409 888 3464 si
912 3409 1036 3477 quis
1060 3405 1125 3460 ad
1158 3404 1437 3469 militiam,
1471 3411 1591 3473 post
1629 3402 1785 3473 longa
1827 3401 2061 3455 tirocinii
2103 3399 2189 3455 sui

601 3499 899 3562 exercitia,
927 3498 1151 3553 idoneus
1186 3495 1299 3566 jam
1347 3494 1635 3557 transiret,
1684 3507 1877 3547 nomen
1920 3508 2074 3545 suum
2117 3491 2185 3546 ad

601 3580 1070 3646 transcribendum
1102 3587 1159 3641 in
1188 3586 1528 3643 bibliothecis
1576 3584 1826 3654 publicis,
1850 3583 2071 3654 proprio
2115 3597 2183 3637 ex

601 3690 729 3737 voto
760 3681 1016 3745 donaret;
1042 3693 1109 3734 ac
1152 3678 1404 3746 deinceps
1431 3676 1483 3730 in
1514 3675 1754 3729 exercitu
1801 3672 1945 3743 regis
1970 3672 2188 3743 proprio

602 3771 861 3827 recitatus
910 3769 1167 3831 nomine,
1221 3766 1733 3821 cumlumerabatur.
1786 3764 1940 3829 Quod
1989 3762 2184 3844 singuli

601 3860 1037 3931 Christianorum
1083 3857 1319 3921 faciunt,
1347 3863 1635 3922 antequam
1680 3853 1883 3907 fontem
1933 3852 2187 3921 baptismi

603 3951 997 4022 ingrediantur,
1028 3958 1082 4003 et
1123 3948 1435 4017 interrogati
1481 3961 1577 4014 per
1616 3944 1848 4015 singula,
1874 3943 2016 3998 hosti
2065 3957 2188 3997 cum

603 4044 720 4100 suis
738 4042 987 4098 omnibus
1014 4038 1327 4094 renuntiant
1355 4038 1544 4100 armis,
1565 4044 1618 4090 et
1640 4036 1872 4091 induunt
1898 4050 1958 4090 se
1987 4033 2187 4089 Christi

606 4144 906 4193 armatura,
938 4130 1103 4185 fortes
1129 4128 1253 4192 ﬁde,
1282 4127 1513 4196 qualiter
1541 4126 1748 4196 possint
1777 4126 2037 4179 adversus
2059 4124 2190 4178 insi-

603 4225 723 4280 dias
750 4222 945 4279 diaboli
977 4228 1147 4283 stare,
1177 4226 1232 4273 et
1253 4225 1439 4273 contra
1470 4216 1705 4286 legiones
1732 4215 2031 4269 dmutouum
2057 4227 2191 4282 quo-

603 4314 738 4369 tidie
766 4312 1043 4367 dimicare.
1082 4292 1322 4376 Quorum
1356 4305 1540 4375 utique
1579 4304 1793 4360 nomina
1825 4320 1931 4359 non
1962 4304 2186 4369 chartis,

2283 3144 2459 3183 uersus
2493 3144 2700 3182 carnem
2739 3136 2786 3180 et
2836 3125 3164 3196 sanguinem,
3193 3123 3282 3177 sed
3322 3123 3568 3178 adversus
3603 3124 3888 3194 principes

2282 3228 2332 3272 et
2368 3226 2669 3287 potestates,
2692 3226 2741 3271 et
2781 3217 3029 3270 adversus
3071 3214 3251 3267 mundi
3285 3222 3505 3266 rectores
3538 3212 3766 3283 (Ephes.
3802 3229 3890 3276 vt,

2285 3310 2376 3374 ll,
2409 3308 2518 3379 l2).
2548 3308 2605 3363 ln
2635 3321 2832 3377 magno
2859 3306 3022 3376 igitur
3045 3301 3338 3358 Christiani
3363 3302 3679 3371 spectaculo
3703 3304 3897 3371 positi

2285 3408 2411 3456 sunt
2446 3400 2499 3454 in
2531 3398 2761 3461 mundo;
2793 3404 2981 3450 contra
3009 3408 3147 3463 quos
3173 3407 3278 3446 non
3308 3391 3481 3447 solum
3509 3393 3690 3446 omnis
3713 3406 3904 3449 mun—

2283 3489 2386 3545 dus
2431 3496 2488 3544 et
2534 3487 2805 3559 principes
2861 3485 3202 3540 tenebrarum
3227 3521 3243 3545 ,
3289 3481 3575 3551 omnisque
3625 3482 3894 3550 nequitia

2286 3576 2582 3650 spiritualis
2610 3584 2842 3647 pugnat,
2869 3589 3055 3628 verum
3081 3572 3245 3627 etiam
3276 3572 3415 3626 idem
3441 3571 3493 3625 in
3516 3570 3698 3639 seipse
3725 3570 3892 3626 divi-

2285 3683 2385 3724 sus
2419 3669 2580 3723 homo
2605 3677 2794 3721 contra
2825 3678 2884 3718 se
2909 3663 3138 3718 dimicat
3160 3678 3225 3715 ac
3259 3670 3455 3717 certat.
3486 3659 3696 3715 Idcirco
3723 3659 3897 3731 Apo-

2286 3757 2454 3813 stolus
2492 3771 2620 3811 suos
2656 3756 2724 3809 ad
2767 3752 3035 3809 cautelam
3062 3751 3335 3822 redigens,
3357 3749 3469 3804 ait:
3497 3748 3900 3819 Spectacutum

2287 3847 2414 3916 [acti
2436 3862 2617 3899 sanius
2640 3844 2835 3898 munda
2861 3852 2908 3896 et
2932 3840 3128 3911 angelis
3158 3840 3270 3909 ejus
3293 3839 3343 3909 (1
3369 3837 3493 3893 Cor.
3519 3854 3591 3903 Iv,
3611 3836 3697 3909 9):
3720 3838 3904 3906 Quod

2287 3951 2626 4005 nequaquam
2684 3943 2793 3988 tam
2845 3932 3038 3988 crebro
3089 3931 3202 3988 suis
3257 3930 3532 3985 mouenda
3571 3929 3905 3985 inculcaret

2286 4027 2643 4090 auditoribus,
2671 4027 2715 4080 si
2749 4042 2853 4079 non
2892 4026 3056 4080 sciret
3083 4040 3181 4079 nos
3206 4024 3329 4079 hinc
3359 4024 3483 4078 inde
3515 4023 3909 4082 fraudulentis

2288 4118 2533 4174 hostibus
2563 4117 2819 4181 obsideri,
2844 4124 2900 4172 et
2939 4126 3180 4172 nostrum
3217 4116 3321 4170 iter
3354 4116 3421 4169 ad
3447 4115 3644 4170 ctelum
3697 4118 3908 4193 quoti-

2288 4210 2465 4265 dianis
2504 4210 3055 4264 machinamentorum
3107 4207 3516 4263 oblectamentis
3558 4208 3906 4277 puppe-tiri.

2294 4301 2443 4358 Unde
2471 4301 2729 4355 Dominus
2752 4301 2966 4354 ducitur
3013 4299 3091 4352 ad
3125 4299 3422 4362 desertum,
3448 4305 3638 4351 contra
3686 4296 3891 4353 diabo

607 4403 703 4459 sed
740 4390 878 4456 ctelo
924 4390 1432 4467 tenenturascripta
1451 4436 1465 4461 ,
1499 4404 1558 4450 ut
1585 4395 1634 4449 si
1662 4394 1933 4464 quidpiam
1966 4395 2018 4448 in
2047 4410 2189 4464 prae-
2215 4400 2267 4460 Β
2293 4393 2403 4447 lum
2436 4392 2865 4448 monomachiam
2888 4390 3231 4461 expleturus,
3248 4398 3514 4459 quatenus
3541 4402 3675 4441 eum
3699 4392 3922 4446 omnis

608 4490 685 4545 lio
706 4491 865 4560 digne
890 4488 1175 4559 gesserint,
1207 4495 1567 4550 coronentur;
1598 4483 1643 4539 si
1671 4492 1850 4539 autem
1894 4486 2190 4539 succubue-

610 4582 739 4645 riut,
768 4580 1155 4649 mortis'signo
1197 4577 1367 4633 notati
1414 4585 1669 4646 tanquam
1715 4574 1807 4645 qui
1858 4574 1996 4630 caelo
2043 4575 2188 4642 digni

611 4684 715 4724 non
755 4668 975 4732 fuerint,
1000 4669 1065 4723 de
1097 4667 1234 4722 libro
1262 4668 1384 4719 vitm
1414 4666 1626 4735 penitus
1648 4663 1988 4718 delebuutur.
2037 4663 2191 4730 Quod

610 4774 678 4814 ne
727 4758 901 4822 ﬁeret,
933 4774 1057 4812 mox
1088 4758 1322 4827 prmvius
1350 4756 1593 4810 Christus
1642 4754 1784 4808 Deus
1816 4754 1975 4807 homo
2016 4752 2193 4806 factus

611 4859 672 4902 nt
702 4848 1023 4920 precessit'a
1059 4850 1235 4912 route,
1263 4847 1499 4902 ostendit
1520 4846 1807 4900 exercitui
1834 4861 1931 4899 suo
1963 4844 2195 4913 qualiter

610 4942 874 5012 quibusve
919 4945 1105 5005 armis,
1149 4949 1336 4995 contra
1390 4953 1549 5008 quem
1604 4938 1813 4991 hostem
1865 4936 2056 4990 debeat
2097 4952 2191 5005 pu-

616 5050 800 5104 gnare.
833 5033 984 5089 Unde
1020 5033 1209 5086 beatus
1233 5028 1563 5099 evangelista
1585 5027 1771 5081 volens
1798 5023 1997 5079 mullum
2028 5026 2191 5078 inter-

615 5124 846 5196 cipiendi
873 5121 1127 5191 temporis
1151 5120 1383 5189 spatium
1413 5117 1644 5170 medium
1673 5115 2022 5178 intervenire,
2050 5113 2197 5167 Tum:

613 5216 913 5270 ἀπῖκται
940 5212 1120 5276 Iesus,
1153 5210 1345 5279 inquit,
1376 5209 1431 5261 iu
1462 5208 1741 5261 desertum.
1785 5205 1997 5261 Nullum
2035 5205 2196 5275 igitur

618 5311 852 5380 spatium
878 5318 1022 5364 recte
1045 5305 1351 5362 interfuisse
1370 5304 1630 5366 creditur,
1653 5302 1777 5372 quia
1803 5310 1924 5371 post
1942 5301 2191 5371 baptismi

614 5403 879 5473 gratiam,
913 5382 1053 5455 nulla
1098 5398 1462 5461 credentibus,
1496 5412 1527 5451 a
1577 5395 1871 5450 teutatione
1916 5404 1975 5449 ut
2019 5394 2193 5449 securi

612 5493 745 5555 sint,
775 5507 924 5546 mura
971 5488 1332 5562 relinquitur.'
1357 5488 1492 5543 Hinc
1518 5501 1730 5556 quoque
1774 5488 2036 5555 scriptum
2064 5484 2197 5554 legi-

622 5599 740 5637 tnus
763 5602 777 5637 :
812 5580 943 5649 Fili,
973 5584 1222 5638 accedens
1244 5582 1314 5636 ad
1342 5580 1643 5635 seruitutem
1667 5577 1785 5641 Dei,
1810 5592 2052 5647 prtepara
2079 5576 2195 5629 aui-

616 5689 756 5727 ηψπ
777 5685 918 5726 tuum
941 5674 1009 5726 ad
1031 5674 1364 5727 tmtutioncm
1387 5668 1577 5745 (Errli.
1604 5683 1660 5733 n;
1696 5667 1761 5738 l).
1784 5666 1888 5723 Sed
1904 5676 1958 5721 et
1979 5666 2031 5722 in
2052 5665 2150 5737 Job
2179 5686 2191 5719 :
2220 5692 2223 5693 ν

2294 4483 2723 4539 Christianorum
2749 4483 3011 4552 inspectet
3031 4483 3323 4536 exercitus.
3338 4481 3404 4535 Et
3428 4482 3637 4536 discant
3659 4480 3918 4539 vincere

2291 4573 2521 4628 visibilia
2544 4572 2961 4633 contemnendo,
2984 4580 3145 4639 atque
3173 4571 3351 4642 gulam
3381 4570 3650 4641 simulque
3682 4585 3919 4628 vanam

2292 4663 2518 4734 gloriam
2545 4662 2807 4717 calcando
2832 4661 3150 4731 reprimere.
3633 4712 3636 4719 ,

2279 4818 2285 4823 ,
2363 4754 2470 4810 Sed
2496 4770 2596 4809 cur
2623 4753 2763 4808 idem
2793 4754 3080 4808 lentandus
3120 4752 3184 4806 ad
3211 4753 3491 4806 desertum
3511 4752 3744 4807 ducatur
3781 4770 3922 4812 non

2294 4846 2391 4899 abs
2426 4860 2486 4899 re
2514 4845 2791 4914 quaeritur,
2839 4843 3140 4913 przesertim
3173 4858 3297 4897 cum
3332 4843 3511 4896 omnis
3542 4843 3788 4900 mundus
3819 4845 3929 4901 la-

2291 4951 2552 5005 queorum
2598 4934 2945 4989 tentamentis
2979 4934 3051 4988 sit
3088 4933 3287 5003 ubique
3325 4933 3532 5003 plenus,
3562 4932 3663 4987 nisi
3712 4932 3927 5000 forte,

2293 5028 2433 5097 quod
2460 5027 2549 5081 ubi
2574 5027 2840 5081 serviendi
2862 5027 2971 5080 Deo
2998 5023 3169 5092 major
3198 5034 3283 5081 est
3304 5024 3585 5094 quictudo,
3608 5023 3680 5078 ibi
3706 5025 3934 5095 maior

2294 5118 2614 5172 exhibentur
2652 5131 2870 5171 necesse
2918 5127 3004 5169 est
3052 5114 3245 5168 virium
3288 5113 3617 5176 colluctatio,
3645 5113 3785 5181 quia
3846 5127 3932 5172 ea

2298 5208 2371 5263 ibi
2421 5223 2686 5277 nusquam
2741 5208 2916 5262 deerit
2965 5206 3307 5261 fraudulenta
3359 5206 3937 5264 oblectamentum!“

2297 5301 2593 5370 persuasio.
2625 5298 2730 5354 Per
2771 5300 3041 5369 desertum
3092 5300 3291 5367 quippe
3322 5314 3351 5350 a
3382 5297 3566 5352 mundi
3607 5301 3937 5365 pressuris

2295 5376 2349 5444 et
2386 5388 2700 5443 tumultibus
2745 5388 3006 5443 remotum
3044 5387 3154 5440 vita
3200 5386 3565 5459 signiﬁcatur;
3592 5392 3651 5439 ut
3686 5399 3938 5444 omnes

2276 5480 2509 5539 .discaut
2530 5479 2766 5549 quietem
2797 5488 3070 5549 appetere,
3093 5489 3147 5533 et
3168 5479 3266 5533 soli
3293 5479 3402 5532 Deo
3427 5491 3641 5539 vacare,
3660 5477 3938 5553 etiamsi

2301 5572 2443 5626 inter
2479 5570 2729 5626 homines
2759 5571 3040 5625 videantur
3071 5569 3294 5623 versari.
3339 5569 3585 5639 Alioquin
3618 5568 3670 5621 in
3697 5567 3949 5628 Catili-

2300 5664 2382 5719 cis
2429 5681 2531 5721 non
2579 5672 2845 5734 quzcret'el
2893 5663 2960 5717 de
3009 5661 3244 5720 Ecclesia
3278 5680 3288 5713 :
3326 5662 3456 5726 Qua:
3504 5671 3575 5715 est
3627 5661 3728 5713 ista
3768 5679 3943 5731 qum
