4000 6362
229 302 332 363 185
996 302 1357 361 EXPOSITEO
1394 304 1463 359 IN
1501 298 1785 360 ΠΑΤἸἨΑ

1887 296 1941 353 ll.
1982 330 2051 340 —
2091 299 2217 354 LIB.
2258 300 2341 378 ιιι,
2382 299 2534 357 ese.
2572 302 2664 359 ιν.
3378 308 3485 365 iss

224 419 453 476 ααηάίι
475 432 563 487 per
587 416 871 484 desertum,
896 418 1049 487 quasi
1078 434 1274 473 «aurora
1301 432 1641 488 consurgens,
1671 413 1792 486 ραι-
1823 413 1871 472 Α
1898 417 2203 467 tentaretur
2247 427 2368 467 cum
2417 429 2502 479 eo,
2533 424 2768 470 tentatus
2811 432 2939 471 vero
2985 420 3261 487 vinceres,
3306 423 3486 479 victor

228 511 356 564 clm
394 516 447 560 ut
478 506 623 569 luna,
653 515 699 560 et
733 505 893 559 electa
925 516 976 559 at
1007 505 1107 569 sol,
1134 504 1381 560 terribilis
1417 514 1475 558 ut
1504 514 1797 559 castrorum
1899 510 2268 591 coronaretur.
2302 502 2557 573 Maiorem
2606 507 2751 561 enim
2791 509 3357 578 quisque-adversarii
3396 513 3514 572 (ιι-ί

226 599 365 651 acies
399 594 684 649 ordinata!
708 592 886 664 (Cum.
922 609 1003 658 tu,
1035 594 1111 665 6.)
1142 593 1272 663 Quae
1315 594 1567 651 nimirum
1596 592 1799 648 idcirco
1899 604 2077 646 rorem
2109 601 2296 648 contra
2325 609 2384 649 se
2409 607 2735 664 commovet,
2762 601 2878 667 ejus
2909 618 3031 656 cum
3067 603 3275 673 legibus
3299 609 3485 663 actius

229 695 295 738 ut
314 692 602 739 castrorum
633 685 781 739 acies
818 693 1006 739 contra
1049 685 1231 739 hostes
1264 684 1512 739 ordinata
1546 682 1799 740 narratur
1898 697 2196 753 repugnare
2224 686 2406 755 erepit.
2445 686 2608 752 Quod'
2636 690 2770 745 satis
2799 691 2851 744 in
2877 692 3199 765 Apocalypsi
3227 711 3321 751 sua
3354 692 3479 768 (sic,

226 775 529 838 ascendete,
568 774 696 844 quia
738 774 812 829 illi
838 774 981 829 viam
1008 775 1075 829 ad
1105 773 1299 829 caelum
1332 776 1493 831 eundi
1523 774 1794 841 obsident,

222 877 285 921 at
307 867 353 920 in
379 864 528 919 nullo
560 863 843 936 frangatur
876 867 1179 921 conamine.
1212 865 1380 922 Porro
1400 880 1498 935 per
1522 865 1794 921 desertum

218 955 374 1024 hujus
404 955 591 1009 mundi
636 955 759 1010 ideo
795 955 1112 1020 sustollitur,
1139 956 1265 1024 quia
1295 955 1396 1008 etsi
1428 954 1570 1008 inter
1593 953 1795 1010 tumul-

220 1060 309 1104 tus
346 1047 623 1102 hominum
663 1048 937 1114 versatur,
971 1048 1083 1119 ipsa
1136 1049 1319 1103 mundi
1356 1046 1660 1119 fragoribus
1711 1064 1795 1103 se-

214 1153 450 1212 gregata,
477 1158 675 1197 secum
709 1142 908 1212 ubique
948 1144 1286 1199 solitudinem
1316 1159 1439 1199 cum
1472 1144 1580 1223 [leo
1610 1143 1790 1198 habet.

210 1234 275 1290 In
309 1236 446 1306 cujus
496 1235 755 1289 nimirum
811 1236 1002 1306 tigura,
1029 1235 1301 1291 exercitus
1339 1234 1426 1289 ille
1454 1222 1544 1288 Dei
1587 1250 1650 1288 ex
1698 1233 1794 1289 1E-

220 1338 377 1399 gypto
406 1342 502 1397 per
542 1327 820 1383 desertum
864 1326 1175 1382 ascendisse
1216 1326 1483 1403 creditur,
1522 1334 1581 1403 ut
1626 1324 1797 1381 solius

219 1420 416 1474 ducatu
436 1433 561 1473 eum
597 1417 713 1472 Deo.
734 1417 991 1486 gradiens
1034 1417 1101 1470 ad
1143 1416 1373 1487 patriam
1406 1402 1696 1471 remearet.
1728 1414 1794 1470 Et

224 1509 504 1565 notandum
534 1507 680 1577 quod
709 1506 939 1577 pulchra
977 1500 1036 1560 ist
1079 1505 1229 1570 luna,
1252 1505 1422 1560 electa
1468 1514 1529 1560 ut
1551 1505 1635 1559 sol
1657 1504 1793 1559 emi-

221 1617 331 1655 nus
350 1600 681 1669 pmlicatur,
711 1613 778 1653 eo
802 1598 943 1667 quod
973 1612 1168 1667 corpus
1201 1595 1360 1651 simul
1389 1605 1444 1650 et
1475 1604 1636 1665 caput
1661 1611 1787 1665 pas-

213 1689 319 1744 sivi
353 1691 614 1760 graditur,
651 1689 860 1744 scilicet
892 1688 1130 1744 Ecclesia
1178 1704 1298 1758 qua:
1334 1703 1430 1758 per
1471 1687 1650 1742 lunam
1694 1704 1790 1741 ex-

1899 774 1988 845 15)
2048 775 2285 831 Joannes
2331 777 2601 845 insinuat,
2643 795 2766 835 cum
2819 781 2888 837 de
2947 784 3173 841 muliere
3220 786 3477 857 loquitur,

1895 881 2016 936 qua:
2065 877 2348 937 pepererat
2395 869 2584 937 lilium,
2621 881 2865 928 sanctam
2915 873 3007 930 Dei
3050 876 3255 933 scilicet
3293 877 3482 935 Eccle-

1895 957 2030 1012 siam
2068 958 2230 1029 198
2250 959 2434 1015 volens
2452 963 2760 1027 ostendere,
2789 979 2913 1033 qua:
2937 968 3187 1035 quotidie
3205 970 3485 1026 credendo

1894 1046 2170 1104 Christum
2214 1053 2469 1121 concipit.
2504 1062 2559 1107 et
2588 1056 2799 1125 peperit
2832 1057 2987 1112 bouis
3021 1061 3277 1129 operibus
3309 1062 3480 1118 inhae-

1897 1140 2096 1204 reudo;
2130 1142 2215 1195 cui
2253 1158 2374 1196 cum
2412 1145 2549 1197 date
2582 1153 2766 1199 essent
2804 1146 2922 1202 dure
2948 1148 3069 1214 alte,
3100 1164 3253 1206 amor
3284 1151 3484 1207 videli-

1894 1241 1983 1286 cet
2011 1233 2102 1288 Dci
2143 1244 2196 1288 et
2224 1235 2476 1304 proximi,
2510 1246 2566 1290 ut
2596 1237 2800 1291 volaret
2830 1238 2883 1294 in
2925 1240 3217 1305 desertum,
3250 1243 3337 1298 ubi
3371 1242 3485 1298 alc-

1896 1330 2048 1376 retur
2086 1339 2182 1391 per
2225 1333 2460 1395 tempus,
2488 1336 2543 1380 et
2565 1334 2828 1397 tempora,
2858 1338 2913 1384 et
2940 1330 3223 1387 dimidium
3274 1341 3483 1403 tempo-

1895 1412 1995 1481 ris,
2015 1430 2045 1467 a
2077 1413 2213 1469 facie
2243 1419 2532 1488 serpentis,
2574 1421 2698 1488 quia
2730 1421 2980 1491 cupiebat
3018 1423 3278 1479 devorare
3308 1424 3487 1480 lilium

1893 1501 2032 1573 ejus,
2054 1504 2106 1558 id
2129 1513 2212 1560 est
2235 1506 2513 1563 Christum
2540 1509 2595 1563 in
2620 1510 2775 1565 nobis
2800 1514 3085 1581 perimere.
3113 1513 3234 1568 Mox
3266 1515 3486 1569 misisse

1891 1586 2089 1665 legitur
2131 1612 2198 1651 ex
2242 1613 2339 1654 ore
2377 1614 2475 1653 suo
2516 1609 2639 1669 post
2685 1601 2966 1656 mulierem
3013 1617 3237 1673 serpens
3277 1619 3485 1673 aquam

1895 1694 2151 1756 tanquam
2194 1686 2409 1750 (lumen.
2446 1697 2506 1743 ut
2547 1705 2666 1744 eam
2707 1690 2910 1746 l’accret
2956 1693 3097 1748 trahi
3141 1710 3171 1748 a
3221 1694 3484 1760 llmuine:

209 1759 481 1850 primitur,
530 1790 593 1836 et
635 1779 891 1836 Christus
939 1787 1125 1848 caput,
1175 1778 1266 1847 qui
1309 1793 1408 1847 per
1448 1777 1613 1834 solem
1663 1792 1787 1833 cum
1820 1759 1866 1819 Β
1891 1788 1955 1828 ac
1981 1783 2103 1845 post
2130 1790 2323 1845 pauca,
2355 1777 2535 1832 Iratus
2561 1789 2658 1845 est,
2688 1780 2881 1849 inquit,
2909 1781 3068 1836 draco
3097 1784 3152 1836 in
3182 1784 3483 1847 mulierem,

210 1885 400 1939 spuma
459 1870 761 1925 ascendere
820 1868 1151 1940 designatur.
1207 1867 1359 1924 Unde
1422 1876 1478 1922 et
1538 1867 1787 1923 Christus

208 1969 543 2030 pugnaturus
573 1960 732 2030 197
760 1960 833 2015 ad
875 1960 1148 2014 desertum
1182 1957 1421 2022 ducitur,
1447 1958 1497 2012 si
1518 1957 1790 2028 quomodo

206 2068 328 2107 eum
384 2067 523 2107 suus
579 2051 1015 2121 recognoscendo
1070 2059 1328 2120 sequatur
1382 2050 1684 2115 exercitus,
1733 2057 1790 2104 et

205 2144 344 2214 «pud
386 2144 542 2199 illum
590 2144 1011 2213 videritagere,
1048 2142 1191 2198 illius
1237 2140 1452 2210 adjutus
1490 2140 1791 2213 sull'ragiis,

205 2243 587 2306 prosequatur.
611 2233 746 2289 Nam
775 2241 831 2288 et
854 2232 1120 2303 Propheta
1146 2219 1270 2288 cum
1300 2246 1359 2288 se
1386 2231 1607 2288 vidisset
1636 2247 1789 2286 mun-

204 2325 470 2378 danarum
516 2339 700 2378 rerum
750 2323 1020 2393 pressaris
1061 2322 1277 2393 augeri,
1328 2323 1680 2377 contristatus
1730 2322 1787 2376 in

205 2430 296 2468 sua
338 2413 762 2479 exercitatione,
812 2423 870 2469 et
915 2415 1269 2470 conturbatus
1307 2428 1339 2468 a
1385 2427 1519 2469 voce
1557 2413 1786 2479 inimici,

202 2506 342 2574 quod
389 2506 805 2561 declinaverunt
849 2506 903 2559 in
950 2520 1071 2560 eum
1116 2505 1447 2576 iniquitates,
1484 2520 1549 2560 ac
1589 2512 1785 2560 cattera

204 2612 318 2666 quae
365 2603 701 2665 sequuntur,
729 2609 851 2649 mox
899 2593 1169 2649 exclamat
1213 2592 1443 2649 dicens:
1476 2592 1607 2657 Quis
1642 2592 1787 2646 dabit

204 2689 325 2741 mihi
358 2703 571 2758 pennas
612 2689 747 2742 sicut
794 2685 1088 2741 coluntwa
1118 2686 1299 2741 volabo
1345 2698 1391 2741 et
1446 2688 1787 2758 requiescam.

205 2778 355 2842 Ecce,
386 2777 593 2847 inquit,
612 2778 849 2848 elongavi
872 2777 1096 2849 fugiens,
1119 2788 1167 2832 et
1198 2779 1368 2834 mansi
1399 2779 1453 2832 in
1480 2778 1784 2835 solitudine.

205 2867 389 2940 Itaque
433 2879 738 2937 exspectans
782 2884 900 2923 eum
937 2870 1027 2938 qui
1065 2867 1264 2923 salvum
1300 2885 1381 2921 me
1412 2867 1622 2937 faceret,
1659 2878 1706 2921 et
1750 2885 1785 2922 a

202 2957 636 3027 pusillanimitate
692 2959 907 3028 spiritus
961 2967 1010 3013 et
1065 2967 1363 3028 tempestate
1414 2957 1603 3029 (Psal.
1672 2973 1783 3025 LIV,

205 3047 333 3116 6-8).
388 3048 475 3103 Ex
510 3064 618 3118 quo
655 3047 856 3118 liquido
893 3059 1229 3107 monstratur
1258 3049 1402 3119 quod
1444 3049 1563 3103 ideo
1599 3048 1785 3103 solitu-

205 3143 379 3199 dinem
420 3143 582 3213 petiit
621 3158 691 3198 ne
737 3142 922 3197 mundi
972 3152 1309 3213 premeretur
1350 3143 1644 3213 angustiis;
1691 3141 1782 3195 sed

206 3242 379 3289 tamen
411 3233 647 3289 necdum
687 3233 741 3288 in
778 3232 1069 3289 solitudine
1097 3233 1324 3288 liberum
1368 3249 1426 3288 se
1474 3232 1717 3303 intelligit
1754 3248 1784 3286 a

204 3326 468 3395 periculo,
495 3325 625 3380 dum
653 3326 831 3381 adhuc
858 3341 917 3381 se
948 3325 1157 3397 ﬂagitat
1194 3326 1547 3381 liberandum.
1581 3326 1788 3397 Quippe

205 3416 325 3486 quia
352 3432 465 3471 non
486 3425 616 3471 ante
644 3430 705 3471 se
727 3417 897 3472 hostis
924 3419 1097 3472 erexit
1121 3417 1187 3471 ad
1220 3432 1473 3488 pugnam,
1505 3434 1666 3487 quam
1699 3417 1787 3471 ille

209 3507 365 3561 vellet
391 3508 544 3563 exire
578 3508 647 3562 de
683 3507 902 3562 szeculo.
935 3506 1078 3577 Ergo
1117 3505 1159 3561 si
1197 3508 1375 3561 adhuc
1403 3509 1630 3575 quisque
1662 3521 1784 3560 ver-

209 3608 361 3654 satur
415 3601 469 3657 in
511 3599 737 3663 mundo,
782 3607 970 3653 contra
1018 3612 1141 3652 cum
1199 3611 1256 3652 se
1306 3605 1484 3667 potest
1536 3596 1785 3666 princeps

210 3691 391 3746 mundi
448 3692 682 3761 erigere,
730 3680 855 3759 quia
913 3687 1025 3744 suis
1080 3703 1202 3742 eum
1233 3686 1465 3759 legibus
1518 3684 1658 3740 inira
1697 3686 1783 3741 sui

212 3784 348 3854 regni
380 3782 523 3836 ﬁnes
552 3790 700 3837 tenet
720 3781 1011 3850 captivum.
1041 3778 1195 3834 Unde
1225 3778 1385 3833 Jesus
1409 3792 1563 3835 suum
1594 3777 1785 3832 volens

214 3873 506 3929 exercitum
549 3871 617 3925 ad
662 3871 958 3925 certamina
1012 3884 1324 3940 provocare,
1367 3869 1518 3937 prior
1556 3869 1690 3922 exiit
1717 3868 1785 3925 ad

212 3964 499 4028 deserturi,
538 3972 593 4018 et
636 3962 870 4017 instituit
909 3962 1171 4031 praelium,
1214 3970 1477 4032 quatenus
1526 3961 1607 4016 sui
1659 3976 1784 4015 eum

211 4056 357 4123 digne
407 4055 627 4109 valeant
670 4052 892 4108 imitari.
930 4053 1180 4120 Alioquin
1220 4052 1635 4120 quodammodo,
1680 4051 1783 4105 nisi

209 4157 349 4202 extra
386 4162 451 4202 se
479 4146 711 4216 quisque
751 4155 807 4199 et
846 4152 1000 4199 extra
1034 4143 1290 4199 mundum
1339 4144 1393 4197 in
1438 4145 1638 4197 annulo
1667 4144 1779 4210 liat,

210 4238 445 4310 legitime
462 4242 675 4294 certare
699 4237 960 4306 nequibit,
984 4235 1109 4306 quia
1133 4236 1248 4306 ejus
1280 4235 1487 4304 legibus
1520 4236 1781 4302 subjacet,

212 4332 347 4400 cujus
379 4332 441 4386 in
472 4346 642 4401 regno
684 4338 897 4384 tenetur
927 4328 1038 4382 vita
1071 4342 1135 4384 ac
1172 4328 1412 4382 moribus
1450 4328 1784 4397 complanta-

214 4435 303 4477 ωε.
352 4423 514 4491 Quod
556 4423 745 4477 volens
782 4421 1015 4476 Joannes
1053 4422 1433 4491 praeeursionis
1462 4435 1575 4477 sum
1606 4422 1781 4477 cilicio

213 4514 603 4577 demonstrare,
632 4513 705 4568 ab
739 4512 891 4567 initio
916 4512 1214 4566 nativitatis
1256 4526 1368 4566 suae
1406 4526 1646 4566 eremum
1693 4511 1778 4565 iu-

215 4606 384 4671 eoluit,
416 4616 479 4659 ut
516 4604 589 4659 ibi
614 4603 727 4672 iam
755 4603 956 4659 Christi
998 4604 1330 4658 inveniretur
1357 4603 1530 4667 miles,
1563 4604 1653 4658 ubi
1696 4617 1781 4658 re-

215 4699 378 4770 liquas
421 4699 696 4756 exercitus
741 4706 1074 4769 pugnaturus
1104 4702 1221 4753 erat
1268 4697 1322 4751 in
1366 4697 1560 4765 capite.
1587 4696 1693 4752 Sed
1727 4706 1784 4752 et

216 4792 446 4845 omnium
481 4790 868 4845 monachorum
908 4788 1142 4858 agmina,
1172 4786 1293 4842 ideo
1320 4788 1447 4841 nudi
1481 4788 1779 4857 corporali-

221 4887 292 4935 ter
317 4881 578 4937 festinant
606 4879 847 4934 exite‘de
874 4878 1053 4932 medio
1070 4877 1235 4947 vulgi,
1265 4877 1336 4930 ita
1372 4885 1528 4932 tenus
1552 4885 1609 4931 ut
1643 4893 1779 4947 pene

220 4973 408 5027 nullum
451 4974 722 5027 desertum
753 4970 867 5038 jam
900 4984 1127 5024 vacuum
1169 4968 1409 5022 invenire
1436 4966 1612 5030 liccat,
1640 4983 1777 5037 qua-

222 5071 359 5118 tenus
391 5064 523 5119 nndi
555 5078 677 5116 cum
720 5062 865 5115 nodo
887 5060 1093 5114 lirmius
1121 5073 1185 5113 ac
1208 5058 1544 5113 constantius
1575 5059 1781 5129 possint

221 5148 419 5215 luctari.
450 5162 507 5209 et
540 5152 793 5208 luctando
810 5151 1047 5206 vincere.
1072 5150 1148 5203 Ex
1183 5150 1384 5219 quibus
1402 5160 1550 5204 recte
1574 5149 1776 5207 dictum

224 5247 448 5301 creditur
486 5243 989 5313 :Uniuscujusque
1014 5242 1151 5296 ensis
1206 5258 1377 5310 super.
1408 5241 1578 5310 femur
1623 5258 1777 5295 suum

225 5348 416 5406 propter
463 5339 677 5392 timores
726 5348 1007 5390 nocturnos
1038 5332 1230 5406 .(Cant.
1283 5333 1474 5404 111,8).
1524 5333 1774 5403 Alioquin

226 5440 436 5483 vacuum
478 5435 565 5484 est
598 5427 810 5483 venisse
839 5425 906 5481 ad
928 5432 1193 5489 creatum,
1218 5424 1265 5479 si
1293 5439 1398 5478 non
1427 5424 1573 5478 omni
1602 5438 1779 5477 arma-

229 5525 331 5571 tura
370 5518 631 5574 virtutum
678 5516 944 5590 vigilanti.
972 5516 1161 5571 animo
1203 5514 1367 5570 fuerit
1414 5513 1663 5589 indutus.
1695 5514 1781 5569 Ad

228 5606 314 5662 hoc
357 5611 549 5680 quippe
592 5610 824 5680 quisque
875 5608 941 5663 de
991 5599 1147 5663 thrba
1205 5606 1384 5661 seculi
1433 5605 1624 5669 exivit,
1654 5622 1775 5661 eum

229 5695 424 5757 Christo
447 5703 498 5757 in
528 5700 895 5766 solitudinem,
934 5713 1040 5753 non
1085 5706 1143 5752 ut
1172 5705 1405 5764 torperet
1436 5695 1568 5759 otio,
1597 5695 1689 5753 sed
1720 5704 1776 5749 ut

1887 1874 1937 1918 et
1960 1866 2088 1919 abiit
2113 1866 2287 1936 facere
2324 1867 2591 1938 pridiani,
2620 1886 2737 1924 eum
2772 1872 2987 1942 reliquis
3022 1873 3087 1926 de
3120 1873 3315 1927 semine
3356 1874 3479 1945 ejus

1886 1958 1979 2027 qui
2015 1960 2314 2013 custodiunt
2354 1961 2604 2015 mandata
2641 1962 2759 2028 Dei,
2793 1972 2840 2017 et
2886 1964 3077 2017 habent
3117 1966 3481 2019 testimonium

1886 2047 2014 2102 Iesu
2061 2048 2251 2119 (Ibid.,
2289 2049 2412 2121 l7).
2452 2051 2583 2118 Quae
2624 2053 2726 2107 etsi
2772 2053 2838 2108 ad
2891 2052 3133 2107 futurum
3185 2054 3479 2109 videantur

1887 2141 2177 2208 respicere,
2209 2142 2261 2195 in
2297 2143 2708 2212 praesentiarum
2736 2154 2914 2199 tamen
2945 2158 3102 2219 nemo
3130 2154 3211 2201 est
3245 2147 3335 2216 qui
3370 2147 3471 2201 du-

1886 2228 2020 2284 bitet
2042 2230 2154 2285 haec
2175 2232 2377 2296 omnia,
2403 2232 2477 2287 ita
2497 2243 2653 2289 tenus
2679 2242 2869 2289 contra
2899 2250 2991 2289 eos
3016 2236 3106 2305 qui
3134 2234 3471 2290 reluctantur

1887 2320 2141 2390 grassari.
2173 2320 2325 2376 Unde
2348 2323 2645 2378 cavendum
2672 2333 2755 2379 est
2780 2325 2869 2394 qui
2900 2325 3211 2380 Christiano
3241 2340 3469 2381 censen-

1888 2417 1977 2463 tur
2002 2412 2243 2477 nomine,
2277 2427 2345 2466 nc
2398 2414 2538 2468 torte
2580 2423 2675 2469 aut
2716 2424 2872 2469 antea
2904 2431 2962 2470 se
3001 2415 3239 2486 cogitent
3268 2416 3473 2471 Christ-i-

1887 2505 2180 2573 participes
2225 2518 2348 2559 esse
2394 2510 2556 2574 quam
2605 2517 2804 2562 exeant
2838 2508 2903 2561 de
2946 2507 3163 2571 sweulo,
3196 2517 3289 2561 aut
3323 2518 3476 2564 certe

1886 2602 2171 2663 postquam
2228 2595 2480 2659 exierint,
2524 2597 2727 2666 aliquid
2782 2600 3068 2667 prodesse,
3122 2599 3223 2654 nisi
3272 2598 3475 2655 militeS

1886 2684 2091 2740 Christi
2124 2701 2278 2740 suam
2326 2686 2572 2740 militiam
2600 2687 2667 2740 ad
2698 2676 2863 2743 linem
2894 2698 3067 2757 'usque
3098 2690 3469 2760 perduxerint.

1886 2777 2037 2850 Alias
2064 2787 2243 2832 autem
2274 2778 2418 2848 quod
2449 2777 2698 2834 Christus
2742 2779 2795 2834 in
2837 2794 3077 2834 eremum
3120 2780 3358 2846 ducitur,
3386 2782 3471 2852 ip-

1888 2865 2003 2921 sius
2028 2866 2234 2921 militize
2272 2873 2357 2922 est
2399 2866 2801 2922 documentum.
2839 2867 2908 2924 Ut
2944 2869 3069 2939 quia
3095 2869 3265 2925 Adam
3292 2870 3346 2926 in
3377 2886 3476 2945 pa-

1889 2958 2069 3013 radiso
2115 2957 2324 3014 deliciis
2375 2956 2628 3023 abluens,
2676 2960 2853 3014 victus
2892 2970 2973 3014 est
3022 2976 3119 3031 per
3161 2972 3466 3031 serpentem

1889 3040 2287 3107 oblectamento
2320 3050 2801 3127 concupiscentiae,
2844 3050 3044 3105 Christi
3088 3051 3285 3108 milites
3314 3068 3473 3123 aspe-

1889 3143 2050 3196 ritate
2095 3142 2264 3196 eremi
2316 3141 2585 3212 correpti,
2638 3141 2910 3197 discerent
2964 3158 3083 3194 rum
3126 3157 3224 3197 suo
3271 3145 3468 3214 capite.

1886 3249 2076 3289 omnes
2097 3234 2565 3304 concupiscentias
2585 3233 2767 3287 carnis
2789 3234 3122 3287 continentia
3157 3233 3470 3290 reftmitare.

1886 3322 2045 3391 Quia,
2074 3322 2216 3377 sicut
2259 3322 2462 3378 deliciae
2506 3322 2737 3376 invitant
2765 3324 2832 3376 ad
2870 3323 3071 3393 gulam,
3112 3324 3184 3378 ita
3215 3324 3475 3380 sterilitas

1885 3423 1941 3472 et
1975 3408 2194 3484 squalor
2217 3414 2383 3468 eremi
2414 3413 2747 3485 permulcent
2789 3416 3026 3468 aninuuu
3073 3415 3138 3468 ad
3182 3417 3464 3469 continen-

1888 3505 2040 3559 tiam.
2072 3504 2276 3559 lt‘erunt
2301 3504 2485 3577 itaque
2520 3503 2759 3558 nonnulli
2796 3503 2952 3572 juxta
2986 3505 3217 3559 lit'eram
3249 3507 3462 3575 (quam-

1884 3596 1969 3649 vis
1998 3595 2316 3663 quibusdam
2364 3593 2525 3647 aliter
2571 3593 2839 3664 videatur)
2885 3595 2984 3649 hoc
3028 3596 3094 3649 de
3129 3594 3219 3649 illo
3251 3596 3472 3650 deserto

1886 3685 2278 3755 dictum,quod
2312 3685 2379 3740 de
2416 3684 2753 3741 Hierusalem
2796 3686 2849 3740 in
2883 3686 3097 3741 Hierico
3132 3688 3465 3744 descenden-

1874 3780 2029 3835 tibus
2052 3778 2292 3835 occurrit
2318 3778 2371 3832 in
2401 3777 2539 3840 via,‘
2558 3789 2783 3849 propter
2824 3778 3136 3848 parabolam
3167 3795 3326 3849 quam
3355 3779 3462 3836 Do-

1884 3869 2066 3924 minus
2091 3867 2214 3922 alibi
2244 3866 2539 3937 proposuit,
2565 3867 2651 3919 ubi
2680 3868 2756 3920 ait
2780 3881 2796 3920 :
2820 3866 2991 3923 Homo
3015 3868 3228 3938 quidam
3258 3869 3464 3943 descen-

1884 3958 2035 4013 debat
2062 3957 2126 4011 ub
2157 3955 2489 4011 Hierusalem
2519 3956 2573 4009 in
2605 3954 2879 4021 Hiericho,
2906 3968 2952 4010 et
2992 3957 3174 4010 iuriJit
3211 3960 3263 4010 in
3295 3958 3463 4011 latro-

1886 4069 1974 4108 nes
2005 4050 2221 4122 (Mattlt.
2262 4064 2316 4114 x,
2341 4048 2455 4120 30).
2496 4045 2667 4102 Porro
2714 4047 2953 4102 latrones
3000 4063 3120 4101 eum
3166 4049 3469 4118 antiquitus

1884 4141 2160 4198 obsedisse
2188 4140 2379 4212 probat
2404 4138 2552 4192 locus
2576 4138 2726 4202 inibi,
2760 4138 2850 4207 qui
2876 4136 3084 4191 Domini
3108 4139 3281 4194 adhuc
3306 4139 3468 4195 hodie

1883 4241 2141 4297 vocatur;
2166 4229 2370 4284 Domim
2396 4227 2590 4298 quippe
2610 4229 2825 4298 sanguis
2856 4228 3263 4305 interpretatur,
3290 4229 3462 4300 siqui—

1884 4323 2005 4377 dem
2056 4327 2278 4391 propter
2326 4316 2641 4371 cﬂ‘usioncm
2691 4316 2999 4386 sanguinis,
3052 4332 3173 4386 qua:
3222 4318 3294 4373 ibi
3335 4319 3461 4373 olim

1885 4412 2067 4468 ﬁebat.
2111 4408 2262 4465 Unde
2304 4416 2359 4463 ct
2390 4406 2972 4460 Dominus‘secundnm
3018 4407 3458 4460 consuetudinem

1884 4498 2322 4556 latrocinantium
2355 4496 2427 4549 ibi
2455 4495 2666 4548 videtur
2692 4494 2841 4548 illam
2867 4495 3211 4549 contexuisse
3232 4497 3462 4565 parabo-

1883 4590 2008 4645 lam.
2032 4589 2111 4643 Ex
2136 4604 2242 4658 quo
2272 4601 2379 4640 non
2417 4584 2575 4639 debet
2610 4582 2927 4638 incredibile
2960 4584 3152 4647 videri,
3180 4584 3462 4640 Dominum

1874 4680 2167 4751 jejuuando
2206 4679 2410 4734 ibidem
2460 4676 2528 4731 ad
2582 4676 2933 4730 tentationem
2990 4676 3261 4731 diabolum
3320 4676 3467 4730 exci-

1882 4760 2060 4838 tasse;
2090 4779 2147 4824 ut
2180 4769 2251 4824 ibi
2285 4769 2599 4822 vinceretur
2623 4765 2674 4819 in
2704 4766 2935 4819 veritate
2963 4768 3263 4821 secundum
3292 4767 3462 4820 histo-

1884 4865 2042 4926 riam,
2075 4862 2167 4916 ubi
2213 4859 2545 4927 ligurahatur
2592 4856 2827 4925 primum
2869 4855 3067 4912 vicisse
3111 4856 3279 4910 Adam
3306 4856 3461 4926 juxta

1889 4953 2219 5024 allegoriam.
2262 4950 2397 5018 Quia
2426 4948 2667 5003 eamdem
2698 4947 2840 5001 viam
2874 4945 3247 5001 Samaritanus
3278 4951 3464 5001 noster

1868 5028 2158 5106 Christus,
2201 5043 2301 5098 etsi
2341 5058 2446 5096 non
2486 5040 2758 5111 peccando
2798 5038 3177 5100 desecudit,iu
3226 5050 3332 5107 qua
3369 5035 3462 5094 ille

1886 5140 2197 5196 vulneratus
2234 5134 2528 5196 ceciderat,
2576 5139 2777 5196 tamen,
2809 5144 2971 5185 carne
3014 5129 3252 5195 indutus,
3286 5144 3465 5199 usque

1887 5233 1952 5287 ad
1983 5230 2200 5286 easdem
2229 5225 2559 5280 teutationes
2595 5221 2793 5292 quibus
2838 5220 2925 5275 ille
2962 5218 3241 5274 succubuit
3275 5213 3466 5283 digna-

1864 5299 1973 5380 tus
1993 5332 2077 5379 est
2104 5319 2449 5392 descendere.
2484 5314 2643 5386 199
2667 5323 2746 5379 ut,
2776 5314 2930 5368 hoste
2958 5308 3187 5380 deiecto,
3215 5308 3466 5365 vincenidi

1862 5402 2151 5485 .prmberet
2200 5409 2312 5465 suis
2362 5405 2693 5475 exemptum,
2743 5417 2865 5457 cum
2922 5400 3034 5470 ipse
3085 5399 3236 5470 prius
3285 5412 3463 5456 victor

1883 5508 2161 5562 existeret.

1955 5598 2335 5653 Verumtamen
2368 5607 2396 5644 a
2428 5605 2532 5660 quo
2563 5586 2752 5657 spiritu
2783 5584 2975 5638 ductus
3000 5581 3070 5636 sit
3090 5597 3143 5635 ιιι
3165 5573 3457 5643 desertum,

1884 5706 1989 5746 non
2031 5688 2127 5742 abs
2173 5702 2229 5741 re
2258 5683 2566 5753 ηιιτει’ἰιιιι’;
2597 5677 2898 5749 pra-sertim
2941 5692 3062 5732 ctuu
3089 5672 3456 5728 sineadditr
