4000 6362
486 4127 491 4133 ’
579 4112 729 4169 Umle
778 4124 833 4169 et
884 4116 1169 4185 Apostolus
1226 4134 1239 4170 :

606 300 700 354 l8!

1388 296 1447 351 s.
1483 294 1836 353 usuusu
1878 292 2221 351 nauseam
2261 274 2550 346 ABBATIS
2583 262 3043 350 concussus

3710 294 3796 364 tss‘

600 418 780 465 utento
818 406 1053 479 Spiritus
1091 415 1311 463 sanctus
1347 406 1400 460 in
1427 406 1722 476 Scripturis
1758 407 1963 461 sanctis
2006 406 2172 461 raris-
2202 422 2248 480 Α
2275 407 2552 462 incentore
2596 405 2705 463 cito
2751 384 3007 473 vincitur,
3056 416 3110 461 et
3154 424 3260 462 non
3312 391 3566 467 calceatus
3607 417 3741 495 facile
3764 434 3790 473 ει

596 501 735 556 sime
763 499 1086 555 inveniatur.
1125 498 1274 555 Unde
1295 515 1396 555 nec
1438 498 1693 554 abhorret
1721 515 1751 552 a
1778 515 1931 565 vero,
1954 500 2002 555 is
2019 501 2109 569 qui
2142 516 2178 554 a

596 589 860 649 membris
885 587 1085 643 diaboli
1112 587 1354 659 crucifigi
1381 587 1655 653 sustinuit,
1698 587 1747 642 si
1771 588 1934 643 etiam
1962 587 2032 643 ab
2059 588 2177 659 ipso

593 678 813 739 diabolo
840 679 1079 734 tentandi
1108 678 1283 749 gratia
1313 679 1432 734 duci
1474 695 1533 735 se
1561 679 1888 750 permiserit.
1929 679 2037 736 Sed
2066 696 2178 735 rna-

502 810 511 814 -
594 774 677 843 gis
707 775 775 829 ad
800 787 1016 827 sensum
1063 772 1333 843 congruit.
1368 773 1512 842 quod
1540 773 1772 844 Spiritus
1808 783 2059 839 sanctus,
2080 774 2173 844 qui

596 862 651 916 in
682 862 950 933 baptismo
986 876 1150 931 super
1175 878 1302 915 cum
1341 864 1554 927 mansit,
1580 864 1694 933 ipse
1723 865 1978 920 continuo
2003 865 2176 919 homi-

595 970 743 1019 nem,
766 968 923 1024 quem
953 957 1017 1009 de
1043 953 1262 1026 Virgine
1303 964 1587 1010 creaverat
1621 970 1691 1011 ex
1715 956 1863 1011 fonte
1903 965 2170 1021 renatum,

594 1045 684 1099 ubi
712 1045 868 1100 nobis
889 1044 1104 1114 adoptio
1130 1045 1486 1111 con-donatur,
1519 1046 1586 1100 ad
1624 1046 1933 1101 tentandum
1963 1046 2173 1102 obtule-

597 1136 685 1199 rit,
720 1144 985 1205 quatenus
1012 1152 1107 1204 per
1132 1150 1256 1189 eum
1301 1136 1571 1191 discerent
1611 1152 1800 1193 onmes
1843 1138 1934 1208 qui
1961 1154 2029 1193 ex
2065 1138 2181 1194 Ba-

597 1224 797 1293 ptismo
826 1234 1197 1288 renascuntur,
1237 1225 1379 1279 illico
1404 1242 1502 1296 per
1526 1227 1907 1282 continentiam
1933 1242 2173 1298 pugnare

598 1313 817 1380 debere,
867 1316 1009 1384 quod
1054 1331 1117 1368 es
1171 1317 1399 1371 adverso
1440 1333 1561 1372 mox
1612 1317 1835 1374 cal-idus
1884 1334 2173 1389 persuasor

597 1414 729 1469 stat,
755 1406 869 1460 suis
898 1405 1174 1461 fraudibus
1214 1422 1622 1473 congressurus.
1651 1408 1719 1463 Et
1767 1408 1887 1463 ideo
1913 1410 2049 1464 satis
2092 1408 2173 1464 dl-

596 1511 759 1564 gnum
804 1496 905 1549 fuit
943 1505 1002 1550 ut
1046 1495 1278 1566 Spiritus
1324 1507 1544 1553 sanctus
1582 1496 1785 1563 Iesum,
1817 1514 1980 1569 super
2007 1514 2168 1569 quem

594 1583 827 1652 pleniter
852 1585 1068 1649 mansit,
1106 1585 1247 1640 velut
1278 1602 1459 1657 regem
1485 1589 1551 1641 ad
1584 1587 1831 1641 militiam
1857 1597 2046 1642 contra
2074 1591 2170 1644 lto-

594 1680 750 1736 stem,
778 1675 1049 1729 exercitus
1076 1676 1157 1728 sui
1201 1676 1459 1744 pnevium
1483 1677 1767 1732 excitaret.
1815 1677 1882 1731 Et
1904 1692 2001 1748 per
2025 1676 2169 1749 quod

2276 505 2523 566 serpente
2550 498 2840 553 mordetur.
2872 496 2985 566 Qua
3025 498 3091 552 de
3115 502 3309 565 causa,
3334 500 3499 558 nullus
3518 502 3710 562 incaute
3724 511 3791 566 vi-

2276 595 2368 640 vat
2402 584 2555 641 valde
2595 587 2887 641 curandum
2917 595 3020 653 est,
3064 586 3191 658 quia
3234 590 3406 647 nullus
3429 594 3529 648 nisi
3563 590 3692 651 inter
3713 599 3794 656 ινσ-

2275 690 2386 735 stes
2412 679 2671 734 ambulat.
2694 680 2873 747 ,Quem
2917 681 3097 751 itaque
3125 689 3329 737 tentare
3361 698 3464 739 non
3494 686 3691 753 audeat,
3716 692 3790 759 qui

2273 784 2374 825 nec
2400 769 2469 823 ab
2496 770 2612 839 ipso
2638 769 2865 825 Domino
2897 769 3023 827 Jesu
3049 770 3265 827 Christo
3301 782 3519 830 conatus
3550 792 3651 833 sure
3672 779 3799 834 frau-

2273 861 2357 915 dis
2382 861 2670 915 abstinuit?
2691 860 2843 928 Quod
2864 860 3055 917 volens
3072 863 3416 918 adcautelam
3438 865 3547 921 suis
3570 867 3797 926 militibus

2273 950 2583 1018 declarare,
2637 951 2778 1007 illico
2816 960 2939 1023 post
2966 951 3165 1007 fontem
3194 954 3439 1024 baptismi
3480 956 3799 1028 pritnus‘pro-

2272 1042 2436 1096 cessit
2464 1041 2530 1096 ad
2566 1056 2793 1112 pugnam
2815 1083 2830 1108 ,
2863 1050 2916 1095 et
2945 1057 3043 1112 per
3070 1043 3219 1116 quod
3252 1046 3453 1114 primus
3477 1047 3627 1103 homo
3650 1049 3798 1105 victus

2272 1138 2355 1187 est
2387 1131 2440 1185 in
2467 1131 2719 1202 paradiso
2742 1132 2992 1187 videlicet
3020 1132 3199 1203 gulam
3219 1133 3508 1204 jejunando
3544 1138 3693 1207 coepit
3717 1139 3813 1195 ἀεί

2273 1221 2509 1287 vincere,
2556 1236 2654 1291 per
2682 1237 2840 1291 quam
2886 1225 3437 1295 concupiscentiarum
3466 1226 3627 1283 fomes
3657 1232 3805 1284 nutri:

2273 1323 2381 1377 tur,
2410 1319 2467 1366 et
2492 1312 2756 1367 incentiva
2788 1313 3063 1370 libidinum
3113 1316 3166 1369 in
3212 1318 3365 1371 nobis
3407 1308 3578 1373 acrius
3623 1317 3801 1374 inflatu-

2271 1413 2505 1458 mantur.
2559 1401 2692 1457 Nam
2739 1405 2918 1459 carnis
2960 1405 3425 1475 concupiscentia,
3461 1422 3615 1477 quam
3662 1409 3709 1464 in
3751 1424 3811 1467 se

2270 1493 2639 1561 unusquisque
2664 1503 3046 1565 repugnantem
3074 1495 3174 1567 legi
3202 1499 3397 1552 mentis
3418 1503 3635 1564 sure,’ac
3657 1500 3802 1570 captio

2268 1593 2485 1638 vantem
2512 1584 2629 1639 sine
2665 1599 2928 1638 consensu
2976 1585 3175 1640 invitus
3217 1587 3401 1651 sentit,
3446 1602 3596 1656 ptena
3624 1589 3801 1658 peccati

2270 1682 2353 1728 est
2383 1681 2476 1727 :et
2518 1673 2638 1728 ideo
2667 1688 2773 1728 non
2806 1674 3018 1730 aliunde
3065 1676 3239 1746 magis
3276 1678 3530 1742 nutritur,
3567 1692 3723 1748 quam
3744 1692 3811 1734 ex.

593 1761 828 1832 primum
854 1761 1027 1815 Adam
1057 1763 1107 1816 iu
1134 1764 1384 1832 paradiso
1412 1763 1725 1819 deliciarum
1752 1766 2045 1832 devicerat,
2068 1784 2167 1838 per
2194 1773 2241 1832 B
2268 1764 2413 1836 gula,
2459 1781 2558 1835 pro
2585 1764 2736 1834 cujus
2781 1766 3013 1821 vindicta
3057 1768 3206 1821 carni
3234 1777 3319 1822 est
3346 1768 3555 1823 infesta.
3596 1769 3730 1825 Unde
3757 1780 3809 1825 et

593 1849 699 1904 hoc
731 1864 761 1904 a
787 1852 1021 1907 secundo
1062 1851 1231 1906 Adam
1279 1853 1331 1907 iu
1363 1854 1576 1909 deserto
1605 1858 1871 1911 vastitatis
1900 1856 2165 1925 dcjectus,

591 1938 770 1993 omnis
809 1938 1060 2008 deinceps
1101 1942 1393 2005 exercitus,
1424 1944 1540 2012 ipso
1581 1943 1673 1998 Dei
1703 1956 1895 2016 agente
1940 1946 2164 2017 Spiritu,

593 2027 859 2090 securius,
888 2028 1014 2081 dum
1058 2029 1110 2082 in
1142 2030 1243 2084 hoc
1268 2032 1482 2086 deserto
1522 2035 1743 2101 vivitur,
1769 2044 1931 2106 atque
1975 2038 2171 2093 sollici-
2220 2100 2223 2103 η

590 2113 700 2169 tius
728 2115 1025 2172 dimicaret.
1077 2117 1256 2174 Nescit
1292 2123 1434 2175 enim
1467 2121 1706 2192 Spiritus
1728 2138 1964 2190 sanctus,
2003 2145 2165 2199 quos-

590 2219 800 2274 cunque
826 2208 1141 2276 possederit,
1170 2208 1473 2267 inefﬁcaces
1508 2224 1669 2283 atque
1710 2215 2049 2285 inexpeditos
2079 2234 2167 2275 re-

589 2292 866 2364 linquere;
898 2297 994 2351 sed
1032 2300 1282 2369 provehit
1306 2301 1374 2356 ad
1399 2311 1697 2369 certamen,
1730 2314 1786 2358 ut
1828 2316 1952 2377 post
1995 2309 2161 2363 victo-

590 2382 746 2448 riam,
779 2385 1087 2456 quicunque
1132 2389 1200 2443 ab
1250 2389 1339 2445 illo
1381 2402 1630 2461 aguntur,
1658 2409 1756 2463 per
1777 2410 1921 2462 eum,
1945 2396 2163 2454 Christo

586 2476 927 2548 conligurati,
955 2478 1166 2537 felicius
1187 2484 1543 2552 requiescant.
1593 2484 1729 2542 ilinc
1758 2504 1972 2560 quoque
2013 2491 2158 2562 Apo-

488 2590 491 2591 ν
586 2566 756 2624 stoltts
779 2569 856 2624 ait
880 2587 893 2624 :
920 2570 1073 2636 Quod
1096 2575 1187 2637 qui
1211 2574 1396 2643 spiritu
1428 2575 1526 2630 Dei
1554 2589 1802 2647 aguntur,
1832 2582 1885 2635 Ιιὶ
1909 2581 2009 2651 ﬁlii
2038 2595 2158 2639 sunt

586 2659 683 2715 Dei
712 2659 885 2732 (Rom.
911 2678 1030 2729 vttt,
1061 2660 1195 2736 14).’
1220 2665 1389 2732 Unde,
1420 2684 1543 2723 cum
1587 2670 1639 2723 in
1670 2671 1967 2740 primordio
1996 2690 2159 2746 super

584 2750 876 2819 apostolos,
903 2746 959 2807 et
984 2752 1076 2821 qui
1104 2769 1225 2808 cum
1255 2755 1385 2825 ipsis
1408 2767 1565 2811 erant
1591 2759 1760 2837 clausi
1792 2773 2012 2831 propter
2038 2778 2155 2818 nte-

586 2847 701 2893 tum
730 2838 1059 2907 Judaeorum,
1082 2844 1296 2900 cmlitus
1325 2848 1651 2910 advenisset,
1681 2866 1804 2904 mox
1831 2853 2036 2920 expulit
2062 2868 2157 2908 eos

585 2926 727 2983 inter
761 2929 962 2984 medias
994 2942 1399 3000 persecutorum
1424 2936 1588 3000 acies,
1615 2948 1671 2992 et
1698 2938 1823 2993 fecit
1861 2940 2153 3012 intrepidos

585 3019 883 3084 decertare,
899 3021 989 3090 qui
1012 3030 1167 3075 antea
1193 3022 1339 3077 velut
1362 3025 1528 3079 timidi
1551 3028 1789 3082 obserati
1812 3031 2153 3085 tenebantur.

2266 1857 2334 1912 ab
2361 1858 2440 1912 eis
2468 1858 2559 1927 qui
2582 1858 2648 1914 de
2683 1858 2829 1913 vitiis
2858 1858 3141 1927 specialius
3164 1858 3621 1928 conscripserunt,
3653 1861 3802 1929 prima

2263 1962 2328 2001 ex
2366 1946 2615 2000 omnibus
2653 1946 3061 2016 gastrimargia,
3110 1947 3161 2000 id
3205 1955 3291 2001 est
3334 1949 3543 2001 ventris
3575 1946 3806 2018 ingluvia

2263 2037 2500 2107 ponitur,
2538 2046 2593 2089 ut
2636 2051 2700 2090 ex
2734 2037 2834 2090 hoc
2865 2037 3102 2106 apertius
3139 2036 3463 2101 declaretur,
3489 2038 3625 2107 quod
3651 2038 3701 2091 in
3727 2050 3805 2091 va-

2262 2141 2432 2181 cuum
2454 2125 2680 2195 quisque
2713 2124 2960 2189 laborat,
3012 2126 3055 2179 si
3105 2127 3245 2197 quod
3286 2124 3693 2203 fomentumest
3734 2139 3812 2182 re-

2261 2216 2528 2286 liquorum
2557 2255 2573 2281 ,
2638 2230 2744 2269 non
2809 2216 2963 2270 hoste
3013 2216 3227 2286 quidem
3254 2257 3283 2283 ι
3327 2219 3426 2273 sed
3481 2218 3590 2272 sola
3650 2218 3806 2273 adhuc

2259 2326 2426 2367 carne
2470 2310 2751 2369 devictus.
2803 2310 2979 2366 sobrie
3014 2325 3121 2365 non
3167 2311 3443 2367 refraenat.
3480 2311 3626 2369 Unde
3647 2310 3807 2381 sequi-

2263 2411 2351 2456 llll'
2381 2418 2403 2455 ζ
3782 2443 3787 2449 .

2329 2489 2400 2543 Et
2429 2506 2547 2547 aunt
2562 2489 2859 2561 jejunasset
2893 2490 3240 2563 quadraginta
3277 2492 3495 2557 diebus,
3527 2500 3575 2546 et
3603 2490 3815 2562 quadra»

2255 2581 2400 2651 ginta
2427 2569 2695 2647 noctibus,
2705 2591 2883 2652 postea
2902 2582 3112 2655 esuriit.
3137 2580 3239 2647 Qui
3267 2584 3457 2651 utique
3483 2596 3651 2636 sacrae
3663 2579 3808 2635 absti-

2258 2673 2454 2726 nentiae
2483 2687 2739 2728 numerus
2766 2673 2810 2727 si
2834 2672 3116 2743 diligenter
3137 2682 3427 2738 tractetur,
3452 2674 3666 2729 evidens
3689 2676 3811 2742 pm-

2256 2761 2487 2816 s‘entium
2515 2770 2600 2817 est
2625 2771 3042 2817 sacramentum.
3072 2760 3205 2827 Quia
3238 2773 3301 2816 ut
3324 2762 3509 2832 paucis
3537 2761 3644 2832 jam
3669 2772 3815 2828 supra

2254 2850 2586 2905 ostendimus
2611 2891 2631 2917 ,
2674 2865 2772 2920 per
2809 2865 2932 2904 eum
2975 2851 3153 2907 omnis
3196 2865 3443 2920 pra-.sens
3472 2851 3602 2916 vita,
3643 2848 3692 2903 in
3714 2861 3808 2917 qua

2254 2938 2500 2994 Christus
2544 2949 2651 2996 tam
2690 2951 2877 2997 contra
2916 2941 3095 2996 carnis
3137 2942 3306 3007 vitia,
3349 2957 3511 3012 quam
3549 2951 3604 2998 et
3641 2948 3817 2997 contra.

2253 3042 2421 3085 tercas
2458 3040 2751 3100 potestates
2788 3032 2840 3086 in
2880 3032 2994 3088 suis
3040 3033 3303 3088 membris
3334 3036 3511 3090 victor
3536 3034 3645 3104 ipse
3672 3028 3816 3086 dimi.

586 3110 692 3165 Sed
715 3120 769 3165 et
795 3113 1027 3167 universi
1057 3123 1322 3185 martyres
1348 3131 1414 3170 eo
1438 3116 1757 3173 inflammati
1792 3119 1994 3189 Spiritu
2032 3133 2155 3177 utn-
2179 3107 2223 3170 Ο
2257 3134 2364 3177 cat.
2390 3121 2616 3192 Propter
2641 3123 2782 3193 quod
2808 3114 2862 3178 et
2895 3123 3115 3193 provide
3141 3124 3275 3179 satis
3308 3126 3362 3181 in
3393 3125 3657 3196 exemplo,
3684 3124 3809 3177 hunc

583 3217 742 3270 quant
772 3201 1017 3258 scintillae
1040 3204 1094 3257 in
1116 3205 1435 3260 arundineto
1456 3220 1806 3263 cucurrerunt
1827 3226 1922 3281 per
1944 3217 2155 3280 orbem,

581 3302 638 3348 et
664 3294 841 3347 omnia
882 3295 985 3349 sibi
1014 3295 1352 3350 adversantia
1382 3301 1668 3369 pugnando
1694 3300 1903 3355 fortiter
1932 3307 2155 3372 pedibus

581 3381 943 3453 subjecerunt.
975 3383 1252 3441 Neminem
1287 3387 1451 3451 enim,
1484 3397 1543 3443 ut
1587 3391 1831 3459 praedixi,
1864 3393 1953 3449 hic
1981 3394 2153 3464 Spiri-

582 3483 667 3529 tus
712 3474 966 3545 relinquit
1008 3477 1267 3544 inertem;
1296 3486 1352 3533 et
1380 3479 1504 3535 ideo
1545 3483 1718 3554 magis
1745 3486 2039 3553 putandum
2070 3497 2153 3542 cst

577 3567 720 3637 quod
747 3567 860 3639 ipse
886 3584 1010 3624 emn
1038 3570 1253 3625 duxerit
1280 3572 1334 3626 in
1365 3572 1638 3628 desertum
1663 3614 1679 3641 ,
1706 3586 1969 3644 quatenus
2001 3579 2156 3633 doce-

578 3667 663 3712 ret
687 3659 741 3714 in
769 3660 967 3728 capite,
992 3661 1121 3730 quid
1166 3661 1401 3719 ﬂendum
1443 3672 1561 3718 erat
1587 3664 1640 3718 in
1666 3667 1943 3731 membris,
1970 3668 2013 3722 si
2044 3685 2152 3739 quo

577 3747 738 3802 modo
781 3758 963 3818 caput,
989 3751 1167 3805 omnia
1198 3753 1437 3808 membra
1484 3768 1582 3822 per
1626 3755 1800 3824 ipsum
1845 3756 2147 3828 infatigabi-

576 3835 702 3892 iiter
744 3848 1118 3908 sequerentur.
1164 3842 1413 3913 Alioquin
1461 3846 1579 3899 sine
1619 3844 1822 3916 Spiritu
1874 3849 1972 3903 Dei
2010 3853 2151 3920 quis-

577 3925 698 3995 quis
726 3927 793 3981 ad
821 3928 1060 3982 militiam
1107 3930 1540 4006 Christianitatis
1565 3938 1874 4004 accesserit,
1905 3954 1972 3993 eo
2020 3950 2152 3994 tem-

576 4022 800 4090 pestatis
853 4022 1050 4093 impetu
1102 4028 1464 4094 prosternitur
1502 4027 1681 4083 subito
1725 4045 1834 4099 quo
1884 4032 2143 4101 pulsatur.

1296 4116 1520 4172 Prabate
1564 4120 1778 4190 spiritus
1828 4121 1874 4175 si
1923 4138 1988 4176 ea:
2037 4123 2147 4177 Deo

575 4204 738 4274 200
768 4215 909 4258 sunt.
938 4206 1102 4271 Quia,
1141 4207 1242 4262 nisi
1274 4208 1433 4262 fuerit
1462 4210 1623 4264 homo
1656 4210 1748 4265 illo
1777 4210 2001 4267 interius
2025 4213 2147 4267 aui-

575 4305 775 4363 tnatus,
814 4295 968 4353 facile
1000 4311 1156 4353 vento
1184 4302 1494 4355 tentationis
1524 4303 1867 4373 dispergitur,
1895 4315 1949 4359 et
1978 4322 2007 4359 a
2036 4323 2144 4375 quo

575 4386 723 4440 visus
746 4396 832 4441 est
856 4388 1155 4457 refugiens,
1182 4390 1325 4444 velut
1348 4390 1500 4461 palea
1543 4392 1648 4447 huc
1684 4393 1913 4463 illucque
1942 4411 2141 4452 vacuus

2256 3226 2412 3296 201
2444 3225 2649 3279 dierum
2683 3224 3025 3293 noctiumque
3044 3222 3364 3292 'jejunando
3387 3241 3488 3296 per
3513 3241 3573 3281 se
3594 3219 3810 3281 sacravit

2255 3339 2566 3389 numerum,
2597 3332 2863 3391 quatenus
2882 3322 3101 3377 doceret
3122 3323 3265 3393 quod
3297 3340 3472 3395 usque
3499 3324 3567 3379 ad
3591 3333 3817 3379 consum-

2253 3423 2541 3476 mationem
2567 3420 2747 3477 sthuli
2781 3430 3004 3476 eatenus
3031 3422 3085 3476 in
3114 3423 3227 3478 suis
3253 3425 3546 3489 militibus,
3568 3439 3662 3495 per
3691 3422 3814 3478 hanc

2252 3513 2588 3568 abstinentiae
2646 3512 2890 3567 militiam
2940 3514 3225 3569 tentandus
3285 3527 3345 3571 et
3397 3517 3575 3572 victor
3623 3515 3815 3569 futurus

2251 3624 2413 3671 esset.
2444 3615 2917 3685 Quadrageuarius
2958 3612 3153 3686 quippe
3201 3632 3492 3684 numerus,
3532 3617 3670 3689 quod
3693 3629 3815 3686 prte-

2250 3730 2375 3769 seus
2402 3714 2657 3769 saeculum
2688 3714 2972 3784 signiticet,
3007 3714 3348 3784 frequetuius
3374 3717 3695 3772 declaratur.
3722 3710 3812 3767 Sed

2249 3828 2303 3872 et
2332 3818 2461 3873 illud
2489 3828 2700 3889 tempus
2724 3834 2830 3888 quo
2855 3818 3011 3874 Jesus
3052 3827 3175 3888 post
3205 3823 3669 3878 resurrectionem
3711 3833 3821 3881 cum

2248 3909 2362 3963 suis
2388 3920 2739 3964 conversatus
2773 3918 2859 3964 est
2882 3909 3183 3978 discipuis,
3223 3911 3336 3968 hoc
3386 3914 3655 3968 enuntiat.
3684 3908 3819 3966 Unde

2246 4008 2301 4052 et
2330 3997 2522 4054 alicubi
2553 4014 2567 4051 :
2597 3995 2710 4068 Ego
2740 3998 2992 4051 vobiscum
3015 4000 3371 4069 sum,inqttit,
3389 4000 3630 4055 omnibus
3658 3997 3820 4053 diebus

2245 4105 2410 4159 usque
2436 4090 2505 4143 ad
2530 4090 3023 4143 consummationem
3052 4088 3229 4142 saeculi
3255 4089 3480 4157 (Matth.
3506 4086 3815 4164 xxv1tt,20).

2247 4177 2523 4247 Siquidem
2570 4193 2733 4233 omne
2781 4193 3014 4247 prazscns
3059 4180 3319 4235 sacculum
3365 4195 3439 4236 ex
3468 4190 3699 4250 quatuor
3720 4176 3821 4232 ele-

2218 4297 2220 4299 ν
2246 4268 2441 4323 mentis
2464 4283 2561 4322 sex
2577 4268 2773 4337 quippe
2808 4267 2996 4322 diebus
3023 4268 3328 4338 perfectum
3352 4286 3478 4327 esse
3508 4272 3721 4343 legitur.
3749 4267 3823 4323 Es

2243 4375 2351 4429 quo
2379 4360 2563 4429 utique
2605 4374 2830 4413 numero
2860 4358 3065 4412 denarii
3095 4375 3307 4415 sumtna
3337 4363 3672 4428 coniicitur;
3704 4376 3828 4444 qua~

573 4476 811 4532 Cacum.-
872 4479 1099 4551 Pmpwr
1149 4482 1291 4551 quod
1347 4457 1631 4553 Apostolus
1675 4457 1857 4541 mone’,
1897 4488 2082 4542 dicens
2121 4476 2217 4542 ζι)
2246 4466 2368 4553 tuor
2395 4457 2591 4553 quippe
2633 4465 2688 4509 et
2712 4472 2829 4553 ses
2876 4457 3059 4553 decem
3097 4459 3246 4512 fiunt.
3278 4460 3339 4513 lu
3376 4460 3539 4529 cujus
3575 4460 3824 4516 nimirum

575 4567 743 4633 State,
771 4568 1123 4638 dilectissimi,
1163 4573 1384 4627 succinti
1414 4574 1614 4630 lumbos
1656 4578 1838 4631 mentis
1869 4588 2049 4632 vestra:
2081 4579 2136 4633 in

572 4657 815 4724 ueritate,
850 4668 897 4714 et
942 4660 1157 4717 calceoli
1175 4664 1330 4733 pedes
1369 4664 1423 4717 in
1459 4668 1839 4735 prtrparatione
1865 4667 2136 4738 Evangelii

570 4746 715 4816 pacis
740 4762 758 4802 :
782 4748 837 4802 in
869 4750 1104 4805 omnibus
1127 4761 1384 4807 sumentes
1408 4763 1607 4807 scutum
1638 4754 1783 4823 ﬁdei,
1813 4755 1867 4810 in
1895 4771 1995 4827 quo
2014 4772 2135 4825 pos-

571 4839 685 4893 sitis
708 4839 881 4893 omnia
910 4840 1012 4894 tela
1041 4842 1255 4914 maligni
1293 4844 1445 4914 ignea
1469 4847 1815 4916 exstinguere,
1855 4856 1904 4901 et
1930 4847 2133 4917 galeam

569 4928 775 4991 salutis,
826 4940 873 4982 et
916 4930 1149 5000 gladium
1195 4933 1407 5003 spiritus
1432 4973 1448 4999 ,
1489 4935 1628 5004 quod
1681 4945 1755 4989 est
1801 4937 2008 4990 verbum
2039 4937 2141 4991 Dci

569 5020 787 5090 (Ep/tes.
825 5036 897 5087 vt,
958 5023 1064 5094 14).
1103 5023 1226 5080 istis
1268 5025 1431 5097 igitur
1477 5035 1730 5097 tanquam
1768 5026 2140 5099 inseparabili-

569 5107 670 5163 bus
697 5110 863 5165 armis
883 5151 899 5176 ,
946 5127 1074 5167 suos
1116 5112 1327 5168 volebat
1359 5114 1706 5170 invictissime
1748 5119 1969 5172 armari.
1999 5118 2134 5193 Quia

569 5211 794 5257 noverat
843 5217 1031 5259 omnes
1082 5204 1151 5259 ad
1194 5206 1442 5262 militiam
1489 5223 1608 5264 esse
1648 5220 1886 5278 vocatos,
1933 5211 2135 5266 idcirco

567 5295 925 5361 praestruebat
954 5311 1071 5361 eos,
1096 5306 1155 5353 ut
1185 5298 1506 5356 fortissimos
1530 5300 1729 5357 Christi
1755 5301 1984 5367 milites,
2012 5317 2130 5356 ma-

502 5380 527 5393 ’
569 5400 700 5442 nere
758 5386 1016 5455 invictos;
1068 5397 1123 5443 et
1170 5388 1572 5447 demonstrabat
1617 5392 1811 5461 quibus
1858 5407 2130 5446 armorum

567 5473 690 5529 telis
732 5475 980 5543 accincti,
1016 5474 1205 5534 fortius
1240 5480 1578 5535 dimicarent.
1614 5480 1846 5536 Lumbos
1886 5481 2134 5537 videlicet

568 5564 828 5622 succincti
866 5568 1043 5623 balteo
1088 5571 1348 5636 castatis,
1394 5579 1450 5625 et
1492 5571 1654 5638 pedes
1700 5570 1921 5625 calceati
1958 5571 2133 5625 muni-

569 5656 714 5713 mine
737 5657 904 5728 pacis.
939 5658 1073 5727 Quia
1101 5670 1156 5716 et
1190 5660 1480 5716 discinctus
1509 5659 1661 5716 miles
1696 5660 1762 5713 ab
1791 5660 2134 5730 impudicitia

2243 4546 2588 4616 perfectionis
2643 4547 2848 4601 calculo
2893 4547 3075 4603 decem
3118 4561 3397 4620 praecepta
3456 4553 3688 4618 homini,
3735 4563 3829 4624 pro

2241 4653 2348 4707 quo
2375 4638 2611 4693 mundus.
2630 4637 2806 4694 factus
2830 4654 2952 4695 esse
2975 4640 3333 4710 dignoscitur,
3388 4660 3422 4699 a
3471 4646 3585 4700 Deo
3613 4658 3823 4701 conser-

2238 4738 2412 4791 vanda
2437 4738 2738 4792 traduntur.
2773 4738 2897 4794 Tria
2944 4740 3207 4810 siquidem
3234 4758 3361 4812 qua:
3390 4747 3463 4801 ad
3496 4746 3669 4803 Deum
3709 4757 3825 4816 per-

2241 4829 2416 4882 tinent
2439 4827 2755 4883 charitatem
2783 4829 2953 4897 illam,
3000 4846 3097 4901 per
3122 4848 3284 4903 quam
3330 4837 3483 4894 Deus
3523 4840 3738 4901 colitur.
3763 4851 3829 4891 es

2239 4928 2353 4974 toto
2390 4921 2571 4985 corde,
2592 4934 2659 4975 ex
2691 4930 2802 4976 tota
2848 4924 3048 4987 anima,
3094 4934 3150 4979 et
3179 4940 3245 4979 ex
3281 4935 3400 4984 tota
3445 4930 3654 4985 virtute
3680 4942 3831 4985 coms

2239 5013 2513 5066 mendant.
2539 5010 2769 5082 Reliqua
2792 5026 2923 5068 vero
2945 5025 3150 5085 septem
3194 5016 3531 5077 charitatem
3564 5018 3823 5091 proximi.

2237 5119 2357 5173 quae
2380 5119 2476 5175 per
2503 5105 2730 5175 gratiam
2753 5104 2990 5174 Spiritus
3017 5109 3187 5163 sancti
3210 5121 3512 5179 operatur,
3535 5112 3827 5184 explicant.

2235 5195 2293 5251 lu
2321 5189 2517 5266 quibus
2538 5199 2721 5252 decem
2749 5199 3051 5268 przeCeptis,
3084 5199 3219 5268 legis
3238 5210 3297 5254 et
3325 5206 3751 5274 prophetarum,
3771 5210 3828 5255 ut

2238 5292 2581 5364 Evangeliutn
2611 5293 2960 5363 compleatur,
2993 5296 3229 5367 pendent
3241 5298 3505 5369 eloquia.
3526 5302 3631 5360 Est
3648 5310 3824 5363 altth

2237 5384 2460 5440 Creator
2488 5387 2650 5450 Deus,
2678 5401 2745 5441 ex
2792 5403 2903 5458 quo
2926 5389 3128 5451 omnia,
3159 5404 3257 5458 per
3272 5406 3459 5460 quem
3507 5397 3720 5462 omnia,
3775 5394 3823 5446 in

2237 5490 2344 5546 quo
2371 5476 2571 5531 omnia.
2603 5475 2670 5530 Et
2716 5476 2840 5531 ideo
2875 5477 3015 5532 Deus
3063 5477 3300 5534 Trinitas
3348 5481 3539 5540 Pater.
3569 5495 3627 5542 et
3658 5483 3829 5541 Filius

2237 5575 2399 5636 atqtte
2424 5568 2657 5638 Spiritus
2682 5559 2924 5634 Sanetus,
2954 5577 3100 5625 recte
3125 5570 3272 5638 iusta
3301 5571 3639 5635 interiorem
3656 5586 3827 5645 atque

2237 5657 2559 5714 imisibilem
2612 5659 2922 5725 hominem,
2953 5653 3233 5718 'invisibili
3297 5670 3554 5725 te'ttario
3604 5681 3829 5724 numero
