4000 6362
232 352 324 409 εδδ
991 344 1359 403 exposmo
1396 344 1462 400 lN
1498 318 1935 401 uniti/sust.
1971 376 2041 386 —
2079 322 2206 401 LIB.
2251 323 2332 411 ut,
2376 346 2532 402 esp.
2573 344 2662 402 tv.

3294 336 3480 405 ‘ta'a

223 471 626 538 praeceptorum,
655 477 723 518 ex
750 469 863 517 toto
905 460 1091 526 corde,
1119 456 1187 515 ex
1227 468 1337 514 tota
1380 459 1586 523 anima,
1631 466 1685 514 et
1727 471 1796 511 ex
1820 458 1871 517 Α
1898 455 2108 513 felicius
2131 457 2467 513 sanctiﬁcata
2494 458 2694 513 coelum
2738 455 2915 512 valeat
2956 444 3225 514 introire?
3256 459 3405 517 Unde
3430 448 3480 514 si
3512 524 3515 525 γ

227 565 339 611 tota
362 554 553 608 virtute
571 550 720 623 diligi
746 566 777 604 a
821 559 1069 605 creatura
1104 566 1203 620 pro
1233 563 1338 619 qua
1368 548 1509 604 faeta
1549 555 1677 604 sunt
1701 546 1787 601 in-

226 645 733 716 visibilia,jubetur.
766 643 1044 713 Siquidem
1089 643 1344 699 invisibili
1387 643 1654 697 ternarius
1695 639 1793 694 tri-

224 742 416 801 buitur,
444 748 501 792 ut
521 735 922 807 quaternarius.
944 749 1027 790 .ex
1055 748 1165 804 quo
1184 741 1396 788 constat
1418 733 1578 786 homo
1605 738 1790 785 noster

222 830 466 892 exterior,
498 825 714 895 corpori
747 824 1034 889 tribuatur,
1059 824 1234 879 calido
1260 822 1466 877 scilicet
1492 829 1546 876 et
1572 817 1786 889 frigido,

221 918 434 976 humido
488 924 654 985 atque
706 915 872 969 sicco.
926 913 1005 967 Ex
1048 929 1160 983 quo
1211 927 1400 968 revera
1428 919 1574 966 totus
1629 910 1788 964 homo

217 1015 400 1065 noster
421 1005 654 1060 interior
673 1013 836 1073 atque
854 1002 1093 1058 exterior
1118 1002 1222 1057 isto
1238 1001 1541 1071 septenario
1563 1012 1790 1053 numero

214 1107 604 1171 praceptorum
629 1105 995 1151 consecratur.
1030 1095 1096 1150 Et
1124 1094 1250 1165 quia
1286 1094 1426 1148 Deus
1455 1092 1691 1147 Trinitas
1706 1098 1789 1144 est

218 1209 246 1245 a
289 1198 532 1246 creatura
558 1187 787 1243 Creator
826 1186 949 1257 jure
1001 1184 1258 1240 colendus
1311 1182 1519 1237 denarii
1578 1195 1787 1236 summa

222 1295 364 1342 tonis
387 1285 549 1339 homo
583 1283 652 1337 ad
693 1281 858 1335 Deum
888 1278 1088 1333 relatus
1114 1276 1419 1333 coniicitur.
1448 1276 1789 1344 Quapropter

223 1375 393 1430 omnis
413 1372 696 1441 disciplina
729 1385 956 1425 noscens
984 1378 1040 1422 et
1059 1368 1377 1422 discernens
1397 1366 1708 1421 Creatorem
1732 1373 1787 1419 et

224 1476 540 1527 emtum,
582 1465 686 1518 hoc
728 1470 874 1517 recte
923 1461 1143 1515 denario
1191 1474 1418 1514 numero
1460 1458 1783 1513 insinuatur.

231 1552 358 1624 Qua:
380 1553 649 1625 disciplina
676 1560 1069 1623 prmceptorum
1093 1549 1186 1603 Dei
1214 1548 1449 1619 quandiu
1486 1548 1787 1603 devotionis

226 1648 435 1702 obtentu
497 1643 865 1713 tcmporaliter
910 1640 1248 1711 adimplenda
1298 1640 1622 1706 mandatur,
1678 1638 1784 1694 ﬁde

220 1745 421 1792 constat
457 1744 516 1789 et
570 1750 752 1789 rerum
800 1742 1072 1803 gestarum
1127 1747 1291 1801 opere
1335 1729 1637 1785 dilectionis
1686 1744 1786 1801 per

220 1826 388 1889 ﬁdem,
438 1825 613 1879 donec
651 1823 782 1877 ﬁant
843 1822 1020 1875 idonei
1067 1821 1259 1875 divina:
1322 1819 1779 1891 contemplationi,

216 1930 342 1984 quos
374 1915 648 1967 interdum
676 1912 927 1982 parvulos
954 1911 1091 1965 lacte
1121 1910 1307 1964 nutrit.
1339 1909 1471 1973 Sed,
1513 1909 1638 1979 quia
1669 1908 1785 1964 haec

216 2003 487 2074 disciplina
516 2003 706 2057 decem
757 2002 1132 2055 mandatorum
1183 2017 1283 2071 pro
1332 2008 1517 2054 nostra
1554 1999 1788 2070 torporis

217 2096 434 2167 ignavia,
475 2109 645 2164 quam
689 2108 831 2163 saepe
870 2102 930 2145 ut
954 2100 1166 2161 oportet
1190 2108 1296 2146 non
1326 2091 1593 2161 impletur,
1624 2092 1788 2146 dena-
1816 2150 1821 2153 ,

214 2186 333 2251 tius,
358 2186 451 2255 qui
477 2194 652 2239 totam
681 2183 839 2253 202
867 2182 1026 2248 hujus
1069 2182 1343 2252 religionis
1368 2182 1659 2252 disciplinze
1685 2197 1788 2236 ex-

211 2274 380 2344 primit
410 2272 821 2343 perfectionem,
852 2271 1116 2340 quadrato
1140 2271 1231 2340 qui
1263 2272 1474 2339 corpori
1509 2271 1786 2337 tribuitur,

213 2363 594 2433 multiplicatus
622 2376 865 2426 numero,
892 2377 957 2414 eo
978 2362 1119 2430 quod
1150 2371 1298 2416 motu
1323 2364 1504 2417 carnis
1537 2364 1629 2417 Dei
1655 2364 1787 2419 cha-

212 2444 331 2509 ritas
358 2456 410 2509 in
438 2454 605 2508 nobis
625 2463 675 2507 el
700 2454 931 2522 proximi
963 2453 1211 2516 violatur,
1239 2454 1306 2507 ad
1338 2454 1618 2509 diluendas
1660 2469 1789 2524 pec-

210 2552 439 2597 calorum
492 2542 740 2597 maculas
767 2542 820 2595 in
850 2543 1333 2612 quadragenarium
1366 2552 1586 2614 tempus
1615 2546 1788 2613 pmni-

211 2631 376 2688 tentia
425 2633 631 2702 surgit.
670 2632 749 2686 Ac
786 2646 883 2702 per
912 2633 1032 2696 hoc,
1064 2648 1226 2702 quam
1267 2634 1356 2688 diu
1388 2649 1575 2689 sumus
1604 2636 1657 2689 in
1685 2636 1786 2690 bac

210 2723 325 2786 vita,
374 2737 604 2791 semper
655 2737 878 2777 necesse
926 2730 1007 2777 est
1056 2724 1425 2779 inuuunditias
1468 2724 1784 2779 delictorum

213 2815 395 2870 acriter
451 2815 611 2868 vitiis
656 2814 957 2869 resistendo
1009 2813 1230 2869 uberius
1276 2815 1606 2882 deﬂeamus,
1658 2818 1784 2887 quia

212 2915 339 2960 recte
363 2920 463 2976 per
494 2907 647 2960 hunc
672 2918 956 2958 numerum
995 2920 1233 2975 praesens
1275 2905 1395 2960 vita:
1439 2915 1647 2975 tempus
1694 2908 1787 2961 de-

212 2996 463 3067 signatur.
502 2995 659 3050 Unde
698 3004 753 3049 et
780 2996 832 3048 in
876 2994 1115 3050 Levitico
1144 2997 1357 3060 mulier,
1388 3013 1483 3066 per
1514 3014 1697 3066 quam,
1725 3006 1784 3052 ut

210 3088 396 3152 volunt,
427 3101 681 3155 praesens
721 3084 958 3139 Eceiesia
1003 3085 1290 3150 indicatur,
1322 3102 1441 3154 qua:
1483 3086 1781 3140 masculum

212 3146 741 3248 peperii,-Cliristunt
770 3174 1016 3229 videlicet
1044 3174 1145 3227 lide
1169 3146 1477 3244 concipiens
1502 3192 1516 3230 :
1552 3173 1780 3239 Sedebit,
1810 3146 1855 3210 Ο

212 3269 387 3337 inquit,
412 3266 732 3334 Scriptum,
774 3277 965 3333 septem
994 3265 1173 3319 diebus
1199 3266 1467 3320 immunda
1491 3274 1539 3319 et
1570 3267 1783 3336 triginta

214 3359 361 3413 uibus
405 3358 601 3413 diebus
628 3358 682 3410 in
718 3357 973 3426 sanguine
1020 3372 1174 3421 puro,
1222 3356 1386 3410 donec
1416 3357 1485 3410 ad
1534 3356 1782 3426 templum

216 3448 364 3504 veniat
386 3446 584 3517 (Leuit.
609 3461 708 3509 xu,
735 3445 816 3514 2),
847 3461 952 3513 quo
972 3443 1217 3499 Christus
1243 3445 1482 3514 pontifex
1515 3446 1781 3509 introivit,

216 3540 299 3607 qui
324 3540 473 3593 simul
525 3538 886 3611 quadraginta
918 3538 1071 3597 liunt,
1111 3551 1207 3605 per
1250 3539 1392 3606 quod
1420 3554 1655 3606 praesens
1683 3554 1783 3592 saa-

218 3629 377 3682 eulum
421 3639 477 3682 et.
520 3627 705 3681 futura
751 3626 1052 3696 puriﬁcatio
1094 3626 1355 3697 parientis
1404 3626 1627 3681 forsitan
1676 3644 1780 3681 non

218 3719 490 3789 incongrue
528 3717 808 3789 figuratur;
842 3716 1285 3787 Quandoquidem
1334 3734 1521 3773 omnes
1559 3718 1782 3786 jnstitia:

220 3821 392 3867 nostra
437 3811 591 3864 illius
618 3810 742 3863 vita:
791 3808 1071 3863 munditiis
1115 3819 1456 3877 comparate,
1489 3810 1626 3864 sicut
1652 3812 1783 3865 Pro-

222 3900 352 3968 pheta
386 3910 652 3965 testatur,
697 3899 830 3954 nihil
857 3898 999 3953 aliud
1029 3915 1189 3969 quam
1218 3900 1363 3953 velut
1387 3916 1597 3970 pannus
1626 3917 1779 3957 men-

218 4000 412 4047 struata:
440 3991 706 4046 videntur
752 3988 900 4060 (Ira.
949 4004 1093 4053 LXIV,
1124 3988 1211 4059 6).
1247 3988 1385 4045 Hinc
1438 4006 1653 4061 quoque
1697 3990 1780 4046 fa-

216 4092 468 4147 ctumest,
520 4080 666 4151 quod
716 4079 1034 4135 universalis
1068 4087 1256 4135 sancta
1297 4080 1392 4136 Dei
1438 4081 1674 4137 Ecclesia
1714 4099 1779 4136 ex

218 4173 434 4229 doctrina
467 4173 715 4243 Spiritus
741 4172 935 4235 sancti,
975 4171 1075 4225 sub
1104 4173 1207 4226 hoc
1228 4171 1655 4242 quatlragenario
1679 4189 1780 4226 nu-

218 4280 348 4320 mero
385 4266 592 4322 amntis
643 4262 974 4333 temporibus
1030 4263 1363 4334 paenitentiae
1416 4262 1518 4316 sibi
1573 4271 1783 4333 tempus

218 4357 523 4425 generaliter
550 4356 745 4410 indidit
775 4374 789 4409 :
830 4365 1098 4425 quatenus
1127 4369 1223 4424 per
1254 4354 1358 4407 hoc
1385 4352 1623 4407 maculas
1646 4369 1782 4422 quas

214 4444 389 4518 jugiter
416 4447 590 4502 variis
624 4448 896 4502 contrahit
923 4446 1257 4509 excessibus,
1282 4446 1382 4500 sub
1422 4445 1523 4500 hoc
1568 4454 1783 4501 sacrato

220 4552 421 4596 numero
433 4540 714 4609 copiosius
734 4538 981 4619 exemplo
1001 4537 1201 4593 Christi
1214 4538 1510 4609 jejunando
1531 4540 1780 4604 dilueret,

219 4632 443 4687 etaciem
476 4632 777 4704 pugnandi,
810 4648 929 4703 qua:
954 4645 1053 4701 per
1077 4640 1261 4701 partes
1292 4630 1610 4698 deﬂuxerat,
1659 4631 1786 4687 stri-

220 4720 341 4776 ctius
366 4731 668 4794 repararet.
1726 4724 1735 4731 ’

278 4810 374 4864 Sed
421 4812 599 4881 qmeri
648 4820 845 4882 potest,
887 4827 1008 4867 cum
1062 4812 1318 4868 Dominus
1363 4813 1782 4884 Epiphaniorum

225 4900 294 4956 .lie
314 4911 617 4966 transacto,
634 4903 849 4970 quando
863 4901 1017 4970 juxta
1053 4904 1369 4960 traditiones
1396 4905 1784 4959 catholicorum

222 4989 419 5047 Patrum
461 4994 708 5048 creditur
748 4994 1072 5063 baptizatus,
1121 5011 1247 5048 mox
1292 4996 1562 5051 desertum
1599 5003 1787 5065 petens

223 5083 429 5150 ceperit
452 5080 725 5151 jejunare,
757 5083 886 5154 quid
919 5084 991 5139 sit
1019 5087 1162 5154 quod
1202 5085 1442 5141 Ecclesia
1467 5085 1789 5141 universalis

225 5169 313 5226 hoe
341 5173 605 5244 jejunium
654 5175 722 5231 ad
777 5192 951 5247 usque
999 5177 1269 5247 passionis
1306 5187 1515 5249 tempus
1555 5179 1788 5233 voluerit

226 5256 498 5319 dilerendo
525 5264 649 5331 ejus
673 5267 1007 5336 temporibus
1034 5268 1323 5338 protelare.
1355 5267 1456 5324 Ubi
1483 5270 1612 5338 quid
1638 5268 1785 5323 aliud

230 5352 407 5408 rectius
439 5347 644 5423 poterit
683 5369 994 5419 occurrere,
1026 5372 1192 5426 quam
1219 5366 1275 5411 ut
1302 5359 1369 5412 ad
1395 5357 1668 5427 paschalia
1695 5373 1786 5412 sa-

230 5453 504 5510 cramenta,
536 5460 644 5514 quo
671 5444 845 5523 victor
872 5444 1122 5502 Christus
1150 5448 1219 5503 ab
1247 5448 1438 5504 inferis
1464 5449 1785 5514 resurrexit,

231 5529 442 5588 velutad
470 5534 611 5590 diem
668 5532 1093 5593 immortalitatis
1139 5553 1250 5593 sure
1280 5539 1332 5593 in
1373 5540 1477 5594 [lue
1528 5533 1787 5610 Spiritum

231 5634 453 5681 haan
485 5644 589 5705 per
623 5644 718 5684 eos
762 5629 1012 5685 docuisse
1049 5630 1331 5687 sollicitius
1379 5631 1785 5701 decertandum,

235 5723 279 5763 ut
307 5731 397 5783 per
421 5719 523 5776 hoc
545 5720 735 5777 victrix
753 5721 847 5777 Dei
879 5721 1139 5790 Ecclesia,
1172 5723 1467 5793 puriﬁcatis
1493 5725 1783 5792 mentibus,

1890 545 2100 618 Moyses
2134 555 2190 603 et
2230 547 2376 602 Elias
2402 547 2576 619 typioe
2602 546 2703 601 sub
2737 545 2841 601 hoc
2877 563 3104 604 numero
3137 547 3476 620 jejunarunt,

1887 645 1943 691 et
1968 636 2238 702 Christus,
2272 637 2357 691 cui
2419 635 2559 692 nulla
2607 636 2784 690 inerat
2832 651 2996 691 causa
3042 638 3274 708 peccati,
3318 637 3481 692 nobis

1889 727 2124 782 instituit
2156 726 2532 798 jejunandum,
2588 727 2762 782 multo
2800 729 2973 797 magis
3000 726 3259 784 debemus
3282 742 3477 788 omnes

1888 818 1979 887 qui
2010 818 2174 873 tantis
2224 817 2573 887 astringimnr
2617 817 2870 882 vitiorum
2908 815 3144 884 funibus,
3192 818 3317 884 etsi,
3367 832 3475 877 non

1890 920 1948 965 ut
1977 910 2074 974 illi,
2102 910 2291 965 saltem
2319 908 2648 977 qnotidianis
2685 909 2753 962 ad
2792 922 3076 977 vesperum
3121 908 3477 980 parcimoniis

1891 1005 2201 1069 sustentati,
2232 1003 2501 1057 continuis
2526 1002 2772 1071 jejuuare
2800 1002 3011 1067 diebus,
3042 1010 3098 1057 et
3138 1002 3264 1057 inde
3304 1002 3481 1073 magis

1888 1097 2168 1168 magisque
2192 1096 2487 1151 secundum
2512 1094 2825 1148 interiorem
2852 1093 3121 1148 hominem
3146 1093 3306 1165 203
3337 1093 3477 1148 divi.

1888 1191 1974 1246 nis
2002 1192 2226 1261 dapibus
2249 1188 2520 1257 copiosius
2560 1186 2766 1241 satiari.
2796 1184 2932 1241 Nam
2979 1193 3033 1240 et
3073 1185 3284 1256 Moyses
3310 1195 3475 1256 atquo

1888 1280 2053 1344 Elias,
2111 1295 2240 1341 non,
2281 1288 2340 1333 ut
2380 1278 2652 1340 Christus,
2699 1291 2764 1331 ex
2813 1278 3015 1331 virtute
3058 1275 3475 1346 jejunaverunt.

1888 1372 2184 1441 praesertim
2237 1386 2358 1425 cum
2414 1370 2622 1440 Moyses
2658 1377 2993 1424 sustentatus
3047 1369 3144 1425 Dei
3201 1368 3475 1424 frult‘onis

1888 1462 2123 1531 alloquio
2150 1462 2387 1527 dicatur,
2421 1471 2476 1515 ct
2511 1460 2682 1515 Eliam
2713 1460 2768 1515 in
2800 1460 3115 1516 fortitudine
3148 1461 3277 1525 cibi,
3310 1474 3472 1530 quem

1888 1553 2144 1607 de'allatu
2180 1551 2352 1622 angeli
2392 1560 2725 1621 perceperat,
2776 1551 3137 1621 quadraginta
3182 1550 3372 1606 diebus
3415 1559 3472 1603 et

1886 1644 2242 1715 quadraginta
2270 1642 2521 1698 noctibus
2566 1639 2813 1709 jejunum
2839 1641 3145 1697 ambulasse
3188 1640 3468 1710 Scriptura

1891 1741 2121 1787 testatur
2135 1730 2252 1803 (111
2272 1731 2398 1801 Reg.
2417 1746 2529 1794 xtx,
2543 1730 2619 1801 8).
2634 1730 2882 1785 Christus
2900 1746 3030 1785 veto
3044 1745 3219 1801 neque
3240 1729 3477 1800 alicujus

1812 1804 1859 1864 Β
1889 1821 2108 1891 majoris
2138 1821 2392 1891 alloquio.
2439 1835 2611 1889 neque
2640 1819 2802 1874 ullius
2839 1816 2944 1875 eiﬁi
2996 1820 3309 1875 fortitudine
3348 1835 3470 1874 sus-

1889 1911 2427 1977 tentatus,continuis
2475 1908 2831 1980 quadraginta
2887 1910 3075 1964 diebus
3122 1925 3187 1965 ac
3223 1908 3477 1965 noctibus

1886 2005 2156 2077 jejunasse
2176 2000 2437 2058 creditur.
2462 2001 2568 2056 Sed
2590 2000 2783 2055 diebus
2803 2009 2989 2055 noctes
3009 2015 3205 2070 supera
3216 1999 3474 2061 dduntur,

1889 2114 1958 2153 ne
1988 2098 2221 2168 cuipiam
2274 2096 2494 2150 daretur
2540 2095 2692 2164 copia
2740 2094 3051 2156 mentiendi,
3102 2109 3228 2149 eum
3286 2093 3480 2150 saltem

1889 2190 2138 2245 noctibus
2172 2187 2547 2251 manducasse,
2579 2201 2646 2240 ne
2688 2184 2832 2255 quod
2868 2199 2936 2239 ex
2966 2184 3121 2240 nobis
3150 2198 3255 2249 non
3285 2198 3479 2254 ροεδυτ-

1892 2294 2032 2344 mus,
2084 2279 2148 2334 de
2199 2278 2310 2332 Deo
2365 2277 2575 2347 uspiam
2618 2275 2975 2329 dubitaretur.
3027 2274 3166 2342 Quia
3211 2272 3358 2345 quod
3400 2274 3475 2349 ita

1891 2381 2048 2426 tenus
2087 2368 2373 2438 jejunavit,
2419 2365 2637 2421 deitatis
2695 2380 2807 2419 suae
2861 2363 2963 2419 fuit
3018 2364 3290 2435 potentia;
3331 2362 3481 2434 quod

1888 2460 2255 2523 esuriit,ver.e
2271 2455 2623 2511 humanitatis
2646 2464 2854 2508 naturae
2867 2452 3128 2509 exbibitio
3147 2451 3475 2507 declaratur.

1887 2551 1946 2607 in
1977 2566 2084 2619 quo
2116 2549 2313 2618 quippe
2344 2547 2551 2602 dierum
2604 2561 2847 2606 numero,
2896 2543 3032 2598 duas
3079 2542 3134 2598 in
3188 2556 3296 2596 uno
3337 2556 3481 2596 novo

1888 2640 2106 2697 homine
2148 2637 2363 2692 Christo
2402 2635 2532 2690 .lesu
2574 2634 2920 2704 complendas
2943 2646 3041 2702 per
3083 2628 3476 2686 abstinentiam

1886 2727 2393 2798 monstravitleges,
2440 2725 2647 2781 scilicet
2688 2724 2812 2793 quia
2853 2722 2906 2776 in
2949 2708 3476 2791 quadragintanihil
3503 2730 3519 2753 κ

1889 2821 2031 2876 aliud
2059 2835 2220 2890 quam
2247 2815 2499 2888 Decalogi
2538 2816 2918 2870 mandatorum
2955 2820 3011 2867 et
3037 2820 3271 2883 quatuor
3295 2810 3471 2864 Evan-

1888 2912 2152 2985 geliorum
2188 2924 2398 2965 summa
2428 2916 2683 2971 resonat;
2712 2906 2784 2959 ita
2830 2912 2889 2959 ut
2928 2919 3031 2959 nec
3077 2910 3309 2974 quatuor
3356 2899 3477 2955 sine

1887 3006 2096 3071 decem,
2126 3017 2226 3057 nec
2247 3002 2433 3056 decem
2472 3000 2590 3054 sine
2618 3009 2853 3069 quatuor
2879 2997 3195 3051 recitentur.
3219 2993 3389 3048 Porro
3415 3000 3477 3046 et

1886 3097 1940 3151 in
1981 3096 2166 3151 decem
2218 3110 2407 3149 rursus
2447 3091 2550 3147 alia
2585 3087 2933 3162 perfectionis
2963 3104 3152 3142 norma
3180 3086 3475 3157 colligitur,

1889 3187 1933 3242 si
1959 3186 2138 3241 omnis
2158 3197 2305 3240 retro
2328 3198 2587 3238 numerus
2608 3197 2778 3251 usque
2803 3181 2867 3233 ad
2891 3179 3123 3249 primum
3145 3176 3470 3248 quadratum

1889 3275 2296 3347 quaternarium
2327 3274 2379 3328 in
2415 3288 2580 3326 unum
2610 3270 2911 3342 capuletur.
2942 3268 3077 3322 Nam
3103 3282 3244 3320 ttnus
3266 3276 3320 3320 et
3339 3265 3475 3326 duo.

1890 3370 1943 3423 in
1975 3369 2170 3438 quibus
2216 3367 2397 3421 unitas
2434 3364 2683 3426 Deitatis,
2736 3361 2962 3418 Creator
3001 3370 3057 3414 et
3093 3366 3345 3414 creatura
3380 3371 3477 3427 pa-

1891 3461 2021 3513 riter
2077 3456 2456 3526 prtedicantur,
2500 3468 2709 3508 necnon
2759 3459 2813 3505 et
2859 3460 2969 3505 tres
3015 3457 3177 3518 atque
3237 3453 3479 3518 quatuor

1890 3565 2079 3604 rursus
2115 3549 2170 3602 in
2201 3547 2397 3617 quibus
2425 3545 2564 3599 Deus
2593 3541 2830 3596 Trinitas
2860 3538 3182 3602 ostenditur,
3219 3544 3275 3591 et
3312 3550 3479 3591 crea-'

1890 3655 2012 3699 tura
2051 3658 2172 3713 qua:
2197 3653 2428 3710 quatuor
2452 3635 2746 3691 subsistere
2769 3633 3158 3687 elementorum
3187 3628 3476 3699 generibus

1890 3732 2191 3794 nuntiatur,
2224 3729 2267 3784 si
2297 3727 2496 3783 sensim
2527 3723 2686 3778 simul
2737 3722 3054 3792 junguntur,
3101 3718 3287 3773 decem
3316 3717 3473 3779 liunt,

1889 3832 1945 3879 et
1973 3822 2071 3892 ipsi
2122 3836 2217 3891 per
2249 3818 2463 3873 eosdem
2494 3824 2727 3885 quatuor
2765 3811 3019 3880 geminati
3068 3810 3122 3865 in
3152 3809 3478 3879 quadrage-

1890 3913 2103 3969 narinm
2150 3919 2397 3977 surgunt.
2432 3906 2583 3961 Unde
2612 3912 2672 3957 ut
2697 3903 2831 3967 dixi,
2878 3900 3138 3954 divinitus
3165 3897 3472 3953 institutum

1888 4012 1994 4071 est,
2022 4002 2126 4057 isto
2146 3995 2592 4071 praefigurationis
2613 4007 2838 4048 numero
2860 4007 2959 4046 nos
2986 3991 3167 4046 acrius
3180 3989 3437 4063 dimicare
3456 4006 3475 4050 ;

1889 4104 2156 4169 quatenus
2188 4109 2287 4164 per
2304 4107 2463 4161 quem
2489 4091 2541 4144 in
2568 4087 2770 4143 diluvio
2795 4087 2949 4157 aquis
2975 4094 3162 4141 necata
3190 4095 3276 4140 est
3297 4084 3477 4139 omnis

1889 4205 2038 4250 caro,
2070 4194 2268 4258 prieter
2298 4198 2434 4254 quos
2462 4196 2586 4235 arca
2623 4178 2914 4241 continuit,
2958 4192 3057 4245 per
3094 4176 3262 4246 ipsius
3291 4176 3475 4245 ligone

1891 4290 2176 4335 numerum
2224 4284 2406 4329 nostra
2440 4279 2701 4326 nccentur
2739 4269 2923 4324 carnis
2953 4269 3167 4330 delicta.
3214 4275 3275 4322 ut
3298 4267 3477 4322 nullus

1892 4376 2132 4423 nostrum
2177 4372 2383 4435 pereat,
2409 4377 2545 4430 quos
2585 4359 2784 4415 Christi
2809 4359 3068 4428 probatur
3095 4357 3334 4413 Ecclesia
3365 4357 3474 4412 cir.

1890 4456 2256 4513 cumcludere.
2287 4451 2668 4507 Verumtamen
2695 4448 2944 4504 Christus
2967 4456 3076 4505 toto
3098 4445 3477 4517 cumjejunaso

1886 4558 1968 4605 set
1994 4556 2258 4617 tempore,
2282 4552 2490 4598 natura:
2530 4556 2640 4597 sum
2670 4541 2941 4596 hominem
2966 4539 3175 4595 esurire
3201 4539 3478 4610 permisit,

1886 4640 2011 4709 quia
2041 4637 2144 4693 nisi
2185 4635 2467 4698 esurisset,
2519 4646 2860 4701 nequaquam
2886 4630 3125 4686 tentandi
3155 4645 3286 4684 ausu
3320 4644 3476 4684 accc-

1886 4729 2061 4793 deret,
2104 4726 2193 4782 ubi
2244 4723 2449 4779 nullum
2491 4721 2824 4776 infirmitatis
2848 4720 3135 4790 vestigium
3164 4719 3476 4789 reperisset.

1887 4818 2117 4887 Pr0pter
2162 4816 2329 4885 quod,
2379 4829 2501 4869 cum
2550 4813 2846 4882 recepisset
2901 4810 3233 4866 inﬁrmitatis
3273 4817 3474 4863 nostras

1886 4907 2142 4971 esuriem,
2168 4907 2383 4978 gavisus
2406 4912 2490 4959 est
2507 4904 2770 4966 diabolus,
2785 4903 2998 4975 signum
3030 4918 3090 4958 se
3112 4904 3168 4957 in
3208 4916 3274 4956 eo
3303 4900 3475 4971 passi-

1891 4999 2014 5053 biiis
2039 5008 2201 5068 atque
2233 4996 2477 5052 mortalis
2523 5004 2730 5050 noturte
2777 4994 3068 5049 invenisse.
3123 4991 3296 5057 Unde,
3330 4990 3479 5048 illico

1890 5104 2197 5161 aggressus,
2213 5080 2441 5144 conatus
2461 5095 2544 5142 est
2557 5101 2835 5156 superare.
2854 5084 3104 5153 Alioquin
3124 5081 3329 5141 nullum
3355 5079 3475 5139 ien-

1890 5179 2039 5234 tandi
2068 5178 2245 5233 locum
2276 5178 2330 5231 in
2361 5175 2452 5230 illo
2479 5175 2792 5240 habuisset;
2820 5175 2947 5245 quia
2983 5173 3131 5235 nulla
3154 5172 3238 5229 lex
3266 5175 3476 5242 peccati

1892 5270 1944 5325 in
1972 5285 2039 5325 eo
2088 5269 2264 5323 inerat
2295 5267 2360 5322 ad
2391 5282 2556 5337 quam
2589 5265 2951 5327 adversarius,
3003 5271 3063 5316 ut
3114 5263 3166 5317 in
3197 5262 3372 5328 nobis,
3405 5264 3477 5318 ad

1891 5360 2194 5415 incitandas
2230 5358 2409 5412 carnis
2436 5355 2900 5425 concupiscentias
2934 5352 3013 5408 sic
3030 5351 3197 5426 204
3218 5352 3374 5423 quasi
3405 5352 3477 5408 ad

1891 5467 2043 5507 suam
2069 5452 2242 5522 legem
2271 5450 2571 5505 accederet.
2605 5446 2783 5502 Manet
2807 5446 2957 5501 enim
3005 5445 3061 5500 in
3090 5445 3267 5511 nobis,
3304 5445 3362 5505 id
3391 5454 3481 5502 est

1888 5541 2126 5598 incarne
2152 5551 2544 5607 nostra,causa
2584 5536 2813 5608 peccati,
2854 5552 2974 5606 quae
2996 5537 3259 5607 nimirum
3304 5553 3477 5594 causa

1887 5652 1988 5707 pro
2015 5651 2173 5709 ptena
2198 5634 2404 5705 peccati
2425 5631 2658 5695 exstitit,
2681 5638 2736 5685 et
2757 5630 2877 5686 ideo
2900 5629 3149 5688 diabolus
3189 5631 3364 5698 nobis,
3378 5646 3480 5703 per

1889 5727 2023 5799 legis
2052 5743 2160 5782 sum
2183 5727 2329 5798 jura,
2368 5722 2613 5781 tentandi
2644 5736 2923 5779 accessum
2960 5723 3144 5781 habet.
3174 5724 3303 5790 Sed,
3344 5723 3476 5795 quia
