4000 6362
529 329 621 384 NH
667 387 672 392 ,

1302 325 1355 380 S.
1401 326 1757 396 PASCilASiI
1807 324 2155 379 RADBERTI
2198 325 2485 379 ABBATIS
2522 325 2980 382 COltBEIENSIS
3061 366 3066 374 ι
3662 340 3743 394 ωξ

527 443 582 495 in
609 422 828 498 Christo
863 438 997 495 nihil
1027 439 1129 492 tale
1175 438 1390 506 reperit,
1433 446 1541 492 tota
1584 436 1671 492 illa
1715 437 1959 500 tentatio,
1998 451 2104 490 non
2135 419 2188 498 At
2207 436 2604 517 oblectamento
2665 439 2936 508 patientiae
2989 443 3312 500 esuritionis
3356 445 3462 511 ejus
3505 448 3740 516 illuderet;

526 536 692 600 intus,
719 537 795 590 uti
829 535 881 588 in
926 532 1081 586 nobis
1104 530 1322 592 assolet,
1365 531 1457 586 sed
1506 541 1658 584 extra
1698 531 1818 584 fuit.
1869 529 2114 583 Accessit

528 628 734 696 itaque,
759 643 866 688 non
890 626 955 680 ad
985 623 1475 693 concupiscentiam
1499 638 1659 692 quam
1677 621 1876 675 nullam
1904 621 2110 684 habuit,

530 719 624 773 sed
661 719 728 774 ad
777 718 1148 773 inﬁrmitatem
1198 716 1396 773 carnis.
1429 730 1592 783 quam
1621 723 1678 768 ut
1705 715 1929 768 auderet
1959 713 2013 768 in
2053 728 2113 767 se

532 809 775 879 recepit.‘
804 809 870 862 Et
911 805 1056 874 jure,
1109 815 1169 862 ut
1218 821 1312 875 per
1369 805 1737 858 inﬁrmitatem
1801 792 2116 858 vinceretur

529 899 735 962 carnis,
757 898 856 968 qui
883 905 1079 952 nostra:
1103 894 1458 948 humanitatis
1486 909 1720 948 massam
1757 893 2113 962 exspoliatam

533 989 760 1052 viribus,
812 989 863 1042 in
902 986 1274 1041 inﬁrmitatem
1323 985 1515 1037 mortis
1559 983 1880 1053 proiecerat.

604 1076 662 1132 Si
689 1076 862 1130 Filius
897 1076 1004 1129 Dei
1029 1093 1103 1138 es,
1147 1075 1342 1143 inquit,
1393 1074 1477 1126 dic
1520 1083 1573 1124 ut
1621 1073 1816 1141 lapides
1848 1054 1933 1124 isti
1961 1089 2118 1140 panes

535 1169 688 1234 ﬁant.
737 1167 1112 1222 Contueudum
1172 1167 1354 1232 itaque
1403 1165 1548 1232 quod
1583 1166 1794 1216 tandem
1841 1163 2000 1232 prius,
2041 1162 2114 1215 in-

537 1259 900 1328 terrogatione
931 1273 1064 1311 usus
1117 1257 1188 1310 sit
1233 1255 1506 1318 inimicus,
1545 1255 1591 1309 si
1637 1253 1809 1322 possit
1838 1252 2128 1320 explorare-

539 1349 683 1418 quod
734 1347 1060 1403 formidabat
1090 1347 1244 1400 valde
1275 1357 1612 1415 suspectans.
1656 1345 1934 1413 Cogitabat
1977 1341 2119 1396 enim

539 1455 664 1497 cum
691 1455 812 1494 esse
850 1437 1044 1494 Filium
1086 1437 1207 1501 Dei,
1236 1437 1374 1490 sicut
1414 1448 1467 1490 et
1497 1436 1622 1490 alibi
1651 1438 1922 1488 dmunoncs
1951 1432 2121 1486 conﬁ-

541 1542 746 1596 tcntur,
788 1532 932 1602 quod
971 1539 1148 1585 tamen
1181 1530 1330 1599 impii
1361 1529 1528 1584 Judaei
1572 1536 1924 1597 negaverunt.
1957 1525 2122 1594 Prop-

543 1636 694 1681 terea
728 1625 880 1679 valde
926 1624 1260 1678 tremendum
1301 1631 1384 1677 est
1434 1622 1560 1691 quid
1611 1623 1676 1675 de
1719 1621 1872 1674 nobis
1911 1619 2000 1673 ﬁet
2027 1619 2126 1671 mi-

543 1716 700 1777 seris,
732 1729 962 1784 quorum
1002 1714 1109 1766 vita
1150 1712 1281 1766 nihil
1317 1711 1459 1766 aliud
1503 1727 1661 1780 quam
1695 1709 1917 1763 tentatio
1946 1716 2051 1770 est,
2079 1708 2121 1760 si

2215 545 2374 598 quem
2404 548 2510 586 non
2543 533 2607 588 de
2637 533 2820 598 humo,
2842 550 2946 590 non
2975 551 3038 592 ex
3069 537 3250 606 aliquo
3285 539 3493 592 seminis
3513 544 3742 610 germine,

2162 666 2168 680 ,
2215 633 2280 674 ac
2320 621 2363 675 si
2413 637 2516 674 non
2563 633 2708 678 esset
2752 625 3015 690 mirabile,
3065 642 3185 680 cum
3226 628 3458 698 quotidie
3509 632 3569 685 de
3622 641 3745 687 terra

2216 725 2383 779 panes
2405 722 2574 768 creat.
2599 713 2711 770 lino
2740 731 2805 769 ex
2827 717 3091 785 lapidibus
3113 729 3232 788 apte
3254 719 3408 789 elegit
3431 736 3585 789 panes
3607 740 3749 793 expo-

2216 815 2387 866 scere,
2417 811 2476 856 ut
2504 819 2664 874 quam
2691 805 2856 860 durus
2883 807 3062 878 sitqui
3092 807 3342 878 loquitur,
3368 811 3455 864 tali
3478 812 3753 882 signaretur

2216 893 2481 963 exemplo.
2517 895 2734 959 Verum,
2765 897 2889 965 quia
2921 897 3107 952 durius
3133 908 3214 953 est
3237 917 3356 954 eum
3392 902 3678 956 mollescere
3698 909 3752 958 ad

2216 983 2492 1054 pietatem,
2517 1001 2676 1055 quam
2700 986 2904 1056 lapides
2927 990 2970 1042 si
2987 988 3324 1058 juberentur,
3349 994 3486 1059 quod
3507 994 3631 1046 satis
3655 1011 3756 1062 pos-

2159 1126 2162 1128 .
2219 1079 2373 1133 sibile
2402 1089 2538 1143 erat,
2574 1080 2624 1133 in
2667 1096 2832 1149 pancs
2859 1085 3099 1137 converti
3128 1102 3140 1135 :
3170 1084 3262 1137 sed
3295 1101 3390 1150 pro
3428 1085 3612 1138 diaboli
3643 1087 3757 1138 arbi-

2221 1170 2325 1224 trio
2357 1170 2514 1223 docet
2536 1170 2667 1222 nihil
2702 1171 3024 1226 faciendum.
3055 1174 3186 1227 Nam
3213 1175 3355 1228 aliud
3385 1177 3568 1230 horum
3602 1178 3765 1245 explm

2221 1261 2391 1315 rantis
2432 1261 2548 1323 fttit,
2571 1262 2714 1316 aliud
2747 1265 3027 1328 tentantis,
3056 1265 3180 1319 dtnn
3219 1266 3382 1320 Deum
3411 1282 3546 1321 eteca
3575 1268 3761 1322 confes-

2223 1353 2373 1406 sione
2407 1350 2644 1422 proﬁteri
2677 1355 2921 1419 videtur,
2966 1365 3018 1410 et
3056 1356 3254 1411 nomini
3293 1368 3515 1412 conatur
3546 1357 3772 1412 illuderc-

2225 1443 2314 1497 Sic
2337 1445 2480 1498 enim
2519 1453 2685 1498 tentat
2716 1454 2774 1498 ιιι
2799 1447 3041 1514 exploret
3060 1448 3201 1516 quod
3229 1459 3462 1513 veretur,
3503 1459 3556 1503 et
3591 1451 3662 1504 sic
3691 1464 3768 1502 ex-

2223 1535 2397 1604 plorat
2426 1546 2483 1588 ut
2511 1537 2764 1591 tentando
2789 1536 3044 1606 decipiat,
3075 1548 3131 1592 et
3154 1540 3366 1608 expleat
3390 1541 3528 1610 quod
3555 1539 3774 1594 molitur.

2225 1627 2292 1678 At.
2314 1635 2500 1680 contra
2530 1628 2794 1682 Dominus
2818 1630 2896 1682 sic
2916 1645 3036 1682 eum
3061 1629 3199 1682 fallit
3221 1639 3279 1682 ut
3301 1631 3601 1699 ambiguum
3622 1630 3769 1682 victor

2228 1717 2514 1785 relinquat,
2551 1719 2734 1787 sicque
2765 1719 2929 1773 vincit
2968 1729 3024 1772 ut
3056 1720 3231 1774 adhuc
3272 1721 3387 1789 ejus
3419 1719 3625 1773 fraudes
3667 1728 3768 1772 ten-

543 1809 614 1861 ab
640 1822 706 1861 eo
734 1821 838 1860 non
862 1805 1222 1866 secontinnit,
1245 1820 1402 1873 quem
1436 1802 1621 1870 utique
1650 1802 1740 1854 Dei
1771 1799 1962 1854 Filium
1979 1813 2121 1851 vere-
2159 1792 2206 1848 Β
2229 1813 2370 1860 unus
2395 1805 2560 1858 fnum,

545 1899 727 1951 batur.
771 1894 886 1950 Non
936 1895 1098 1965 igitur
1147 1893 1286 1948 scire
1325 1901 1554 1964 poterat,
1607 1892 1747 1960 quod
1787 1889 1954 1958 magis
1999 1903 2156 1946 esu—,

546 1987 725 2042 riebat
755 1985 1003 2040 Christus
1032 1985 1083 2037 in
1117 1984 1285 2054 ﬁgura
1317 1983 1480 2040 totius
1504 1981 1625 2034 vitze
1654 1979 1880 2034 salutem
1918 1980 2134 2031 anima.-

547 2094 690 2138 rnni,
722 2086 943 2147 propter
967 2091 1100 2144 quas
1144 2067 1312 2128 totum
1354 2073 1574 2144 agebat,
1607 2087 1769 2140 quam
1801 2084 1979 2124 rerum
2008 2083 2129 2123 car-

548 2167 750 2222 nalium
773 2181 947 2220 escas.
994 2165 1097 2220 Sed
1126 2174 1304 2221 tamen
1327 2165 1505 2218 omnia
1546 2163 1622 2216 sic
1652 2169 1933 2229 temperat,
1963 2169 2038 2221 ut,
2063 2175 2127 2213 eo

549 2259 740 2312 ordine
767 2273 873 2327 quo
901 2256 1133 2325 primum
1152 2255 1419 2322 drjeecrat
1439 2254 1629 2316 Adam,
1654 2255 1721 2308 ab
1745 2270 1820 2306 eo.
1840 2253 1891 2304 in
1924 2251 2034 2321 Spit
2053 2254 2124 2304 itu

549 2363 646 2416 per
675 2363 895 2403 carnem
932 2364 962 2401 e
1007 2348 1284 2401 contrario
1333 2346 1659 2399 vinceretur.
1700 2345 1740 2397 A
1783 2343 1907 2414 gula
1933 2343 2128 2411 quippe

546 2440 729 2508 cmpit,
759 2454 854 2507 per
879 2454 1039 2506 quam
1063 2437 1213 2507 prius
1248 2438 1408 2490 homo
1441 2452 1498 2490 se
1530 2445 1584 2488 et
1623 2450 1810 2489 omnes
1840 2436 2130 2504 prostravit

547 2532 603 2585 in
631 2542 892 2595 mortem;
927 2547 1021 2600 per
1053 2547 1214 2600 quam
1256 2530 1394 2586 Esau
1447 2529 1801 2599 primogenita
1835 2528 2130 2583 nativitatis

546 2635 658 2674 suae
701 2621 969 2689 perdidit;
1006 2637 1104 2690 per
1133 2635 1294 2689 quam
1345 2619 1674 2672 transmissis
1736 2633 1884 2672 mare
1931 2615 2130 2670 Iudaeis

547 2708 924 2767 fraudulentus
945 2711 1196 2767 vitiorum
1227 2726 1418 2765 suasor
1457 2711 1716 2774 occurrit,
1762 2718 1816 2764 et
1868 2725 1965 2780 per
2003 2726 2130 2762 con-

549 2801 938 2868 cupiscentiam
997 2801 1116 2860 sitis
1168 2809 1351 2854 tenera
1401 2801 1664 2854 virtutum
1711 2815 1899 2854 eorum
1954 2801 2129 2856 incre-

551 2896 730 2942 menta
756 2887 934 2959 fregit.
963 2888 1083 2950 Dic,
1110 2890 1303 2957 inquit,
1338 2899 1392 2941 ιιι
1428 2889 1624 2958 lapides
1672 2891 1757 2944 isti
1789 2891 1946 2958 ptines
1977 2891 2127 2957 ﬁunt.

551 2977 785 3032 Noverat
811 2977 976 3047 igitur
993 2993 1171 3030 caecus
1202 2976 1606 3045 Scripturarum
1634 2977 1929 3045 inspector,
1965 2976 2127 3033 Deum

555 3072 609 3126 in
637 3071 900 3140 principio
949 3071 1146 3122 dixisse
1168 3069 1283 3136 ﬁat,
1311 3079 1364 3120 et
1393 3070 1473 3121 sic
1503 3069 1683 3121 mania
1730 3084 1804 3123 ex
1837 3068 2000 3121 nihilo
2053 3067 2128 3120 fe-

2301 1899 2564 1968 Scriplum
2609 1911 2680 1954 est
2729 1901 2885 1964 enim,
2914 1900 3107 1969 inquit,
3144 1918 3244 1954 non
3279 1902 3331 1953 in
3368 1900 3474 1953 solo
3512 1917 3638 1969 pane
3672 1901 3778 1952 ririt

2231 1992 2403 2052 homo,
2434 1992 2522 2044 sed
2557 1993 2611 2045 in
2654 1995 2794 2046 omni
2826 1993 2975 2046 verbo
3006 1993 3142 2061 quod
3181 1992 3413 2061 procedit
3451 1991 3512 2042 de
3557 2007 3638 2043 ore
3673 1990 3770 2042 Dei.

2233 2083 2332 2137 Ubi
2358 2099 2461 2136 non
2495 2083 2645 2152 quasi
2672 2083 2812 2137 Deus
2842 2099 2936 2137 sua
2966 2083 3135 2135 utitur
3173 2091 3457 2151 potestate,
3504 2081 3590 2133 sed
3642 2079 3788 2147 quasi.

2235 2173 2414 2235 homo,
2461 2182 2518 2226 ut
2561 2173 2722 2226 homo
2769 2173 2998 2226 disceret
3047 2171 3335 2224 admodum
3387 2184 3614 2237 pugnare
3651 2168 3774 2221 Seri-

2233 2272 2513 2332 pturarnm
2555 2263 2757 2332 potitur
2785 2262 3124 2316 auctoritate.
3168 2261 3236 2314 Et
3268 2261 3426 2314 docet
3451 2257 3584 2327 quod
3627 2257 3773 2309 altera

2232 2369 2360 2422 pars
2406 2353 2525 2406 caeli
2567 2354 2658 2417 sit,
2709 2362 2867 2420 atque
2925 2352 3093 2404 altera
3129 2361 3306 2403 terrm.
3337 2349 3537 2402 idcirco
3585 2363 3680 2399 non
3731 2346 3773 2398 in

2233 2444 2348 2498 solo
2380 2459 2532 2512 pane,
2567 2459 2663 2514 per
2684 2459 2842 2512 quem
2869 2457 2971 2497 non
2998 2442 3097 2495 nisi
3128 2439 3371 2494 exterior
3396 2439 3550 2492 homo
3577 2438 3625 2490 in
3651 2453 3776 2491 coni-

2233 2549 2394 2588 mune
2415 2550 2536 2589 cum
2568 2532 2850 2602 pecoribus
2901 2532 3054 2594 vivit,
3097 2532 3188 2583 sed
3221 2531 3274 2582 in
3317 2528 3461 2582 omni
3499 2528 3653 2580 verbo
3698 2540 3779 2593 per

2234 2621 2374 2694 quod
2399 2623 2623 2676 interius
2644 2620 2845 2690 angelis
2866 2627 3252 2687 cozequaretnr.
3281 2617 3452 2671 Omne
3481 2615 3663 2683 quippe
3677 2625 3777 2664 ver-

2234 2715 2358 2768 bum
2394 2715 2533 2768 Dcus
2559 2711 2794 2765 charitas
2842 2707 2964 2777 jure
3002 2708 3290 2778 accipitur,
3353 2707 3403 2761 in
3434 2723 3534 2774 qua
3579 2703 3696 2773 legis
3733 2711 3778 2753 et

2235 2805 2614 2873 pr0phetartnn
2642 2801 2821 2856 omnia
2867 2799 3099 2867 pendent
3144 2797 3336 2861 verba,
3368 2797 3481 2851 sine
3506 2810 3605 2864 qua
3643 2806 3781 2846 nemo

2237 2894 2288 2946 in
2347 2895 2455 2947 Deo
2501 2907 2733 2961 unquam
2778 2889 2858 2943 vel
2892 2905 3016 2944 cum
3071 2889 3180 2942 Deo
3226 2887 3365 2941 vivit
3411 2886 3573 2958 (Rom.
3613 2899 3684 2944 ιιι,
3711 2880 3790 2950 9).,

2237 2981 2386 3049 Quod
2435 2982 2571 3034 bene
2602 2981 2796 3034 Paulus
2840 2980 3116 3033 insinuat:
3147 2979 3214 3032 Et
3257 2981 3310 3033 si
3361 2977 3496 3049 quod
3538 2985 3608 3030 est
3654 2971 3779 3027 aliud

2237 3072 2563 3136 mandatum,
2600 3072 2762 3141 206
2802 3070 3069 3139 inquiens,
3117 3071 3169 3122 in
3208 3071 3312 3124 hoc
3364 3070 3509 3123 verbo
3549 3069 3779 3120 instaura-

555 3162 714 3215 cisse.
747 3160 855 3214 Nec
885 3171 1063 3214 tamen
1116 3159 1473 3222 intellexerat,
1519 3158 1658 3228 quod
1689 3159 1773 3213 hic
1805 3169 1948 3212 esset
2003 3159 2128 3215 illud
2159 3151 2203 3211 C
2235 3175 2340 3217 mr.
2386 3163 2581 3233 Diliges
2634 3165 2929 3232 proximum
2973 3171 3117 3214 (inim
3164 3171 3418 3230 tanquam
3453 3159 3678 3229 (eipsum.
3717 3151 3781 3205 ΑΟ

558 3252 790 3304 Ver-bum
814 3267 911 3321 per
939 3251 1080 3319 quod
1119 3250 1279 3303 Pater
1300 3259 1490 3303 cuncta
1521 3258 1750 3302 crearat.
1780 3249 1985 3318 Quippe
2007 3249 2130 3317 quia

555 3342 685 3397 illud
714 3343 830 3410 βαι,
882 3343 1025 3411 quod
1074 3343 1298 3411 Moyses.
1331 3340 1638 3395 carnalibus
1687 3343 1753 3394 a.l
1805 3341 2130 3392 audiendum

556 3433 755 3496 intulit,
800 3447 906 3488 non
938 3448 1080 3491 sono.
1103 3433 1249 3486 vocis
1288 3447 1318 3485 a
1357 3433 1464 3487 Deo
1498 3431 1655 3483 Patre
1699 3429 1980 3499 prolatum
2012 3426 2132 3491 fttit,

554 3525 647 3578 sed
673 3540 766 3594 per
789 3523 916 3577 illud
947 3522 1358 3592 temporalitatis
1397 3523 1619 3574 verlzutn
1646 3518 1811 3572 voluit
1837 3518 2136 3587 legentibus

556 3612 796 3677 immere,
849 3613 991 3681 quod
1037 3627 1134 3681 per
1180 3611 1398 3665 verbum
1449 3609 1549 3664 sibi
1596 3618 1920 3666 ecteternmn
1975 3607 2136 3660 simul

558 3703 698 3757 Deus
728 3713 930 3760 cuncta.
953 3712 1211 3756 creasset.
1247 3702 1399 3768 Quod
1443 3710 1620 3754 tamen
1658 3699 1844 3755 volens
1880 3697 2135 3752 formido-

557 3794 724 3848 losins
774 3793 1076 3862 explorare,
1115 3792 1382 3862 persuasit
1418 3808 1482 3846 eo
1533 3801 1717 3844 tenore
1759 3789 2046 3844 dicendum
2078 3797 2138 3841 ut

556 3885 759 3956 lapides
809 3900 978 3953 panes.
1015 3884 1218 3946 tierent,
1262 3899 1377 3953 quo.
1398 3884 1657 3937 didicerat
1688 3881 1906 3952 Moysen
1945 3881 2138 3934 litteris

478 3987 480 3990 '
558 3973 844 4028 mandasse
868 3974 1036 4026 Deum
1063 3973 1309 4026 universa
1335 3985 1568 4025 creasse.
1614 3969 1721 4022 Nec
1755 3969 1896 4021 enim
1939 3967 2141 4021 fallitur

562 4063 617 4118 in
667 4064 771 4118 hoc
818 4063 998 4131 quod,
1045 4062 1096 4116 si
1137 4060 1369 4128 juberet,
1417 4060 1638 4114 omnino
1683 4057 1851 4122 ﬁeret,
1903 4073 1966 4111 co
1999 4056 2139 4125 quod

561 4154 740 4208 omnis
769 4152 930 4226 205
964 4162 1210 4207 crwtura
1258 4151 1478 4214 sentiat,
1523 4159 1575 4203 et
1614 4149 1828 4205 obediat
1874 4146 2141 4210 Creatori,

561 4247 656 4302 sed
679 4246 804 4314 quia
833 4243 1018 4300 fraude
1045 4242 1576 4312 calliditatisagitur,
1605 4242 1670 4295 ad
1696 4241 1940 4294 veritatis
1970 4240 2143 4293 scien-

562 4335 690 4388 tiatn
722 4335 1004 4405 pervenire
1062 4350 1160 4388 nec
1206 4333 1391 4386 debuit
1429 4347 1528 4385 nec
1577 4340 1830 4384 meretur.
1862 4330 1971 4384 Nec
1998 4330 2139 4382 enim

561 4427 734 4496 majus
781 4440 864 4482 est
913 4437 1272 4483 transmittare
1328 4434 1384 4479 et
1427 4425 1646 4480 efﬁcere
1706 4424 1844 4480 aliud
1897 4439 1960 4476 ex
2013 4423 2139 4483 alio,

561 4536 722 4589 quam
753 4531 947 4574 cuncta
971 4535 1158 4575 creare
1183 4535 1246 4574 ex
1268 4517 1456 4575 nihilo.
1487 4517 1591 4570 Sed
1633 4505 1939 4569 refrenatur
1961 4514 2136 4582 jnssio
2170 4493 2218 4550 D

555 4611 794 4680 jnbentis
815 4609 1212 4680 Scripturarum
1233 4610 1571 4671 auctoritate,
1599 4617 1654 4661 ut
1677 4608 1946 4663 discerent
1976 4622 2138 4658 mem-

561 4701 657 4755 bra
689 4701 930 4770 corporis
969 4701 1109 4771 ejus,
1162 4703 1332 4770 magis
1361 4699 1602 4754 doctrina
1631 4698 1906 4765 utriusque
1949 4695 1991 4747 Τ
1995 4703 2137 4749 esta-

563 4793 730 4847 menti
771 4808 930 4860 quam
963 4791 1234 4847 miraculis
1274 4790 1492 4845 deitatis
1536 4789 1651 4856 ejus
1682 4803 1938 4856 pugnare.
1969 4785 2138 4851 Quem

560 4882 610 4938 si
651 4884 888 4937 novisset
923 4881 1129 4951 primus
1150 4883 1309 4935 homo
1330 4882 1509 4936 divino
1537 4896 1658 4951 praet
1678 4879 1905 4948 optionis
1924 4877 2140 4933 oraculo

563 4975 637 5030 ita
652 4957 956 5036 retundere,
981 4987 1323 5045 nequaquam
1349 4972 1655 5042 impcgisset
1683 4973 1734 5027 in
1767 4982 2018 5033 mortem,
2041 4967 2136 5022 sed

566 5068 756 5122 beatus
783 5075 900 5134 post
951 5065 1277 5133 triumphum
1317 5064 1637 5118 obcditionis
1684 5078 1811 5126 sine,
1848 5062 1899 5116 in
1947 5059 2138 5114 melius

566 5157 859 5211 translatus
901 5157 1176 5211 existeret.
1207 5155 1284 5208 Ad
1331 5153 1532 5222 lapides
1579 5163 1757 5205 autem
1798 5152 2002 5205 fraudis
2031 5167 2140 5205 sua:

563 5249 955 5314 experientiam
985 5247 1274 5308 convertit,
1301 5253 1357 5297 ut
1383 5243 1635 5312 probaret
1659 5243 1700 5295 si
1742 5243 1951 5297 isesset
1989 5241 2142 5308 cujus

568 5338 794 5406 imperio
821 5339 1028 5408 Moyses
1061 5338 1254 5408 popqu
1293 5350 1460 5404 aquas
1490 5337 1554 5388 de
1605 5345 1753 5402 petra
1795 5335 2138 5402 produxerat.

568 5428 790 5484 Suadct-
811 5431 973 5499 igitur
999 5429 1323 5484 conditionis
1356 5443 1467 5480 sua:
1495 5427 1726 5480 esuriem
1758 5440 1893 5493 pane
1920 5440 1982 5477 ex
2014 5423 2144 5492 lapi-

563 5519 724 5574 dibus
749 5517 936 5572 effecto
967 5520 1250 5581 relevaret,
1285 5532 1387 5570 non
1415 5515 1556 5585 quod
1593 5528 1736 5566 curae
1767 5513 1836 5566 sit
1857 5513 1904 5566 ei
1933 5512 2139 5577 salutis,

564 5609 662 5662 sed
695 5615 752 5660 ιιι
777 5623 840 5662 ex
876 5609 1170 5663 mutatione
1218 5607 1452 5676 lapidum
1495 5604 1544 5656 in
1589 5617 1777 5672 panes,
1825 5592 2141 5669 potestatem

548 5699 780 5769 .s’n‘tutis
820 5707 1158 5769 agnosceret,
1206 5710 1261 5753 ct
1313 5695 1356 5752 si
1396 5705 1533 5752 esset
1581 5709 1744 5764 purus
1783 5694 1958 5758 homo,
1991 5694 2143 5763 panis

2236 3255 2278 3309 si
2317 3255 2540 3314 diceret,
2580 3253 2678 3307 etsi
2731 3261 2814 3306 est
2853 3252 3004 3305 cibus
3057 3251 3193 3305 alius
3229 3267 3342 3320 quo
3383 3257 3626 3321 pascatur
3662 3244 3780 3297 inte-

2235 3345 2347 3400 rior
2385 3345 2570 3407 homo,
2608 3344 2805 3398 habeat
2839 3342 3030 3412 aliquis
3073 3343 3419 3405 charitatem,
3473 3350 3526 3394 et
3562 3335 3782 3392 omnibus

2237 3433 2533 3488 abundabit
2571 3434 2754 3495 bonis,
2802 3434 2925 3500 quia
2962 3433 3159 3488 fruitur
3206 3433 3298 3486 illo
3353 3433 3512 3486 verbo
3555 3430 3617 3482 ad
3659 3423 3778 3494 quod

2236 3530 2567 3577 concurrunt
2622 3523 2892 3576 universa.
2949 3521 3080 3575 Nam
3129 3521 3180 3575 in
3231 3521 3450 3576 Christo
3500 3518 3618 3572 Jesu
3664 3515 3782 3568 Deus

2237 3623 2292 3665 et
2319 3613 2480 3666 homo
2516 3621 2673 3677 erat;
2711 3612 2955 3682 quisquis
2986 3612 3078 3666 illo
3109 3613 3276 3666 utitur
3325 3613 3512 3673 verbo,
3549 3607 3784 3663 charitatc

2238 3702 2481 3773 pascitur
2510 3702 2600 3756 Dei
2637 3710 2691 3755 et
2722 3702 2978 3765 hominis,
3021 3701 3143 3769 quia
3171 3716 3366 3756 omnes
3407 3701 3458 3754 in
3485 3699 3688 3754 Christo
3714 3691 3784 3746 di—

2239 3794 2355 3864 ligit
2385 3801 2438 3848 et
2459 3801 2746 3847 veneratur
2777 3800 2836 3844 ιιι
2863 3792 3102 3847 membra
3131 3791 3370 3856 Christi;
3396 3799 3450 3844 et
3470 3789 3558 3859 qui
3585 3785 3783 3866 necdum

2240 3895 2366 3938 sunt
2412 3885 2462 3938 in
2513 3885 2746 3947 Christo,
2797 3891 2950 3938 curat
2993 3892 3053 3936 ιιι
3100 3883 3164 3936 ad
3219 3897 3345 3935 cum
3381 3880 3702 3952 perveniant,
3742 3879 3789 3924 el

2242 3975 2612 4043 compleantur
2663 3974 2839 4030 omnia
2901 3973 3100 4026 Christi
3150 3972 3413 4025 membra.
3472 3967 3709 4036 Alioquin
3750 3961 3802 4014 si

2245 4064 2438 4119 habeat
2464 4064 2644 4117 omnia
2690 4078 2867 4118 rerum
2898 4065 3078 4126 verba,
3123 4070 3176 4116 et
3219 4051 3489 4131 compleat
3536 4059 3688 4113 etiam
3721 4068 3789 4105 re-

2242 4153 2387 4224 liqua
2445 4152 2597 4220 quasi
2652 4151 2908 4204 virtutum
2964 4165 3150 4219 opera,
3204 4149 3380 4203 factus
3441 4156 3524 4203 est
3573 4141 3789 4200 omnium

2244 4259 2389 4307 reus,
2446 4244 2489 4296 si
2543 4258 2645 4295 non
2687 4242 2880 4295 vixerit
2930 4242 3028 4293 hoc
3074 4239 3218 4291 onmi
3267 4241 3455 4294 verbo.
3491 4237 3582 4290 Est
3632 4240 3790 4284 autem

2245 4336 2348 4389 hoc
2402 4334 2622 4386 verbum
2667 4331 2914 4401 generale
2960 4330 3199 4382 omnimn
3255 4331 3566 4390 verborum,
3606 4326 3655 4379 in
3700 4335 3793 4390 quo

2248 4424 2480 4493 pendent
2507 4422 2685 4477 omnia
2731 4421 2914 4483 verba,
2957 4435 3061 4471 non
3109 4418 3523 4487 qualiacunque,
3562 4413 3648 4468 sed
3691 4422 3801 4478 Qua:

2244 4512 2540 4581 procedunt
2568 4510 2633 4562 de
2671 4525 2765 4562 ore
2805 4508 2917 4560 Dei.
2944 4506 3211 4559 Caeterum
3242 4508 3406 4560 verba
3443 4503 3794 4558 lnoreticorutn

2242 4613 2296 4657 et
2317 4611 2594 4670 poetarum
2633 4614 2695 4652 ac
2727 4597 3180 4667 philosophorum,
3233 4606 3388 4650 extra
3445 4598 3545 4650 hoc
3596 4591 3796 4646 verbum

2244 4701 2387 4756 sunt,
2437 4693 2561 4760 quia
2621 4707 2725 4744 non
2770 4700 2892 4744 sunt
2929 4691 2980 4742 in
3025 4688 3324 4752 charitatc,
3376 4703 3550 4757 neque
3601 4682 3797 4739 Christo

2246 4783 2516 4846 fruuntur,
2569 4780 2743 4834 Patris
2799 4779 3050 4834 videlicet
3103 4779 3295 4840 Verbo,
3330 4787 3386 4832 et
3437 4779 3554 4831 ideo
3598 4788 3710 4843 qua:
3752 4769 3797 4820 in

2246 4875 2462 4930 Christo
2502 4881 2628 4926 sunt
2657 4872 2876 4925 omnino
2914 4870 3134 4940 diligere
3179 4879 3472 4937 nequeunt.
3517 4866 3649 4920 llnic
3684 4875 3802 4915 sane

2246 4969 2409 5021 verbo
2457 4965 2663 5036 Moyses
2707 4963 2942 5017 intentus
2985 4977 3176 5034 panem
3223 4961 3530 5014 desiderare
3576 4972 3675 5009 non
3721 4966 3802 5017 po-

2247 5061 2386 5123 tuit,
2412 5059 2607 5127 illoque
2647 5067 2831 5126 pastus
2864 5055 3005 5110 Elias
3044 5053 3239 5108 famem
3273 5052 3582 5120 prolixioris
3605 5045 3796 5104 inedia.

2242 5133 2465 5203 cumino
2493 5164 2596 5201 non
2628 5146 2812 5202 sensit.
2842 5144 2953 5197 Non
2985 5144 3126 5197 enim
3155 5143 3244 5212 qui
3269 5145 3369 5196 hoc
3399 5141 3563 5197 verbo
3589 5134 3806 5191 vescitur

2246 5255 2440 5312 panem
2497 5249 2789 5295 terrenum,
2835 5235 3041 5289 deliciis
3089 5235 3398 5304 angelorum
3435 5232 3677 5289 satiatus,
3733 5223 3805 5275 ill-

2242 5329 2434 5401 Iquirit.
2467 5327 2571 5382 Sed
2599 5337 2652 5380 et
2680 5327 2858 5381 omnia
2878 5325 3278 5393 Scripturarum
3307 5332 3616 5376 sanctarmn
3635 5314 3820 5369 verba...

2249 5419 2614 5488 cujuscunque
2661 5416 3008 5471 enuntientur
3055 5413 3264 5476 cilicio,
3305 5413 3384 5465 sic
3427 5409 3582 5478 quasi
3612 5421 3678 5459 ex
3725 5399 3807 5454 ore

2250 5509 2665 5572 Deisumantur,
2695 5508 2817 5577 quia
2841 5522 2943 5560 non
2974 5505 3091 5574 ejus
3105 5513 3230 5558 sunt
3256 5519 3285 5557 a
3305 5518 3410 5572 quo
3426 5517 3493 5555 ex
3524 5491 3825 5555 ministerio

2238 5589 2429 5658 debite
2471 5593 2775 5665 narrantur,
2806 5600 2899 5654 sed
2936 5598 3027 5652 Dei
3065 5613 3128 5651 ex
3174 5597 3327 5664 cujus
3369 5586 3466 5649 ore
3505 5588 3809 5662 procedunt-

2250 5695 2401 5762 Ωιιοά
2436 5693 2476 5749 si
2519 5691 2790 5762 quidpiam
2823 5689 3006 5756 doctor
3046 5686 3186 5741 aliud
3219 5683 3446 5740 voluerit
3481 5683 3810 5736 intersercrcv
