4000 6362
228 347 312 398 lilii

979 337 1334 396 EXPOSITIO
1370 338 1433 392 IN
1478 334 1914 390 ktTTllel'll.
1957 363 2025 374 -μ-
2067 335 2190 389 LIB.
2234 335 2324 400 lll,
2367 337 2521 393 CAP.
2564 335 2652 392 IV.

3355 335 3453 392 Illi

226 473 367 523 quam
413 456 553 523 quod
584 456 638 506 in
672 454 772 508 hoc
806 453 950 508 omni
983 451 1147 506 verbo
1182 451 1470 510 invenitur,
1501 450 1625 516 quia
1670 464 1773 500 non
1809 458 1846 509 λ
1879 456 1996 515 post
2037 445 2304 516 expletqu
2333 447 2619 515 jejunium,
2668 449 3003 504 Hierusalem
3058 461 3328 519 repetens,
3383 451 3453 504 ibi

227 566 282 603 ex
317 563 403 601 ore
433 547 526 599 Dei
558 545 850 615 profertur,
888 559 1061 611 neque
1090 557 1156 598 ex
1209 541 1476 597 charitate
1517 540 1781 602 subsistit,

225 649 461 704 tanquam
487 650 768 694 venenum,
788 644 1038 701 tanquam
1062 632 1210 685 virus
1231 629 1535 684 letbiferum
1560 644 1782 697 rcspua-
1823 655 1828 660 -

223 739 320 780 tur.
345 724 783 792 Quandoquidem
800 738 904 776 non
932 721 1375 776 bumanisdivina
1406 718 1785 773 ministranti"

227 821 416 882 olliciis,
444 819 538 872 sed
571 819 808 879 inimica,
847 820 939 870 sed
971 815 1309 868 fraudulenta
1351 811 1628 865 diabolicis
1655 827 1780 877 sug-

223 919 467 982 geruntur
514 907 720 961 ometis.
771 907 838 960 Et
888 905 1181 960 notandum
1218 904 1357 971 quod
1395 902 1468 955 ait
1505 919 1516 953 :
1561 901 1681 953 Non
1730 902 1783 952 in

221 1003 325 1054 solo
360 1015 491 1068 pane
535 998 657 1049 vivit
699 997 869 1049 homo.
915 995 992 1048 Ex
1022 1010 1130 1062 quo
1176 994 1334 1046 datur
1381 991 1632 1044 indicium
1660 989 1782 1057 quia

225 1109 322 1147 nou
363 1092 555 1150 dcitas,
611 1088 708 1142 sed
760 1089 921 1142 homo
970 1093 1231 1145 tentatur,
1292 1085 1364 1136 ita
1411 1092 1466 1134 ut
1516 1082 1784 1150 quomodo
1831 1103 1836 1105 -

219 1181 468 1250 βτιιξιηὶςί,
506 1187 619 1232 tota
649 1179 763 1232 hate
794 1177 1019 1230 tcntatio
1048 1177 1286 1228 exterius
1332 1175 1467 1225 facta
1507 1174 1779 1226 credatur.

223 1270 384 1332 Unde,
412 1269 541 1337 quia
593 1267 723 1321 inibi
769 1267 931 1320 verba
975 1265 1041 1318 ad
1083 1265 1310 1317 invicem
1343 1264 1654 1329 deprompta
1705 1260 1784 1314 le-

219 1368 430 1428 guntur,
485 1359 538 1410 in
587 1355 763 1425 eliigie
817 1354 1050 1408 hominis
1109 1354 1383 1406 inimicum
1439 1352 1782 1419 apparuisse,

217 1448 458 1518 quamvis
501 1447 644 1500 idern
687 1445 884 1514 ubique
928 1445 1221 1498 secundum
1269 1443 1520 1496 deitatem
1563 1440 1787 1494 visibilis

224 1541 427 1595 Christo
451 1538 734 1597 existeret,
773 1535 943 1604 magis
977 1535 1245 1603 opiuabilc
1277 1535 1556 1602 probatur.
1593 1533 1786 1585 Tribus

228 1632 401 1699 itaque
433 1627 609 1681 modis
642 1635 879 1679 tentatur
926 1625 1177 1694 quisque,
1207 1640 1304 1692 per
1333 1639 1453 1692 qua:
1483 1624 1790 1676 abstractus

227 1729 279 1773 et
311 1719 511 1772 illectus
548 1726 937 1783 nennunquam
991 1714 1244 1775 vincitur,
1295 1711 1665 1780 suggestinne,‘
1701 1711 1792 1762 de-

1884 537 1952 588 sit
1979 546 2253 605 peraratum
2284 539 2427 605 quod
2454 539 2518 592 de
2557 554 2848 610 congressu
2880 555 3070 608 pugna:
3119 541 3348 609 legitur?
3377 540 3455 594 Ex

1882 643 1988 696 quo
2015 629 2228 696 quidam
2260 641 2527 683 conantur
2546 645 2806 694 asserere,
2839 642 2896 685 ιιι
2935 633 3073 685 hanc
3102 635 3454 703 qua-stionem

1882 717 2153 788 effugiant,
2201 721 2341 788 quod
2383 731 2435 773 et
2467 721 2796 776 Hierusalem
2838 733 2890 776 et
2937 724 3113 778 omnis
3145 723 3232 777 illa
3283 726 3452 795 regio,

1883 809 2005 876 quia
2039 808 2130 862 Dei
2185 810 2426 862 notitiam
2467 813 2835 879 perdiderant,
2878 814 3150 867 desertum
3200 813 3322 882 jure
3361 831 3454 884 ap-

1883 897 2199 965 pellabatur.
2239 897 2344 951 Sed
2377 901 2615 954 nonnulli
2659 901 2824 972 208
2868 903 3066 957 rectius
3100 904 3451 967 arbitrantur.

1885 990 2186 1050 utatstiuto,
2221 990 2448 1057 primam
2495 999 2550 1044 et
2603 993 2844 1045 ultimam
2892 992 2944 1047 iu
3009 995 3222 1048 deserto
3280 1003 3459 1048 tenta-

1886 1077 2083 1130 tionem
2114 1077 2280 1132 fuisse
2315 1090 2613 1148 peractam,
2673 1083 2900 1136 mediam
2960 1098 3089 1138 vero
3139 1100 3258 1153 qure
3303 1083 3458 1152 juxta

1885 1165 2166 1219 historiam
2188 1176 2431 1221 extrema
2464 1171 2721 1233 creditur,
2745 1183 3026 1240 p'lSlQIlﬂln
3067 1189 3346 1240 regressus
3375 1183 3460 1230 est

1883 1270 1914 1308 tt
1943 1257 2176 1320 deserto,
2220 1258 2271 1310 in
2325 1258 2658 1315 llieruszilcm
2715 1263 2878 1316 fuisse
2927 1266 3264 1333 completam.
3321 1266 3458 1333 Quia

1887 1343 2191 1409 Matthteus,
2236 1363 2339 1399 non
2389 1350 2680 1402 secundum
2714 1351 2954 1404 historizc
2987 1355 3458 1424 consequentiam,

1887 1435 1981 1487 sed
2034 1433 2186 1501 juxta
2246 1438 2564 1492 tentationis
2617 1441 2745 1493 Ada».
2795 1442 3038 1495 ordinem
3093 1445 3458 1500 narrationem

1839 1549 1848 1554 -
1890 1527 1964 1578 rei
2001 1535 2164 1594 gestae
2205 1529 2562 1596 persequitur.
2605 1529 2755 1584 Unde
2799 1532 3003 1600 liquido
3044 1543 3191 1602 patet
3229 1534 3458 1590 alterum

1889 1629 2075 1667 eorum
2125 1615 2194 1668 ita
2249 1623 2307 1668 ut
2367 1632 2450 1669 res
2495 1629 2642 1686 gesta
2695 1629 2778 1673 est
2825 1622 3181 1689 explicuisse;
3230 1624 3459 1678 alterum

1891 1720 2022 1760 vero
2055 1714 2113 1758 ut
2145 1706 2346 1776 tropica
2373 1717 2646 1762 texerctur
2685 1710 2949 1775 doctrina,
2980 1723 3305 1765 commutato
3339 1722 3458 1767 ten-

220 1810 523 1868 lectatione,
559 1821 846 1860 consensu.
889 1803 993 1858 Sed
1029 1803 1279 1857 Christus
1319 1803 1509 1856 horum
1553 1803 1604 1854 in
1641 1801 1785 1854 nullo
1816 1806 1860 1864 Β
1888 1799 2106 1853 tationis
2152 1801 2372 1864 ordine,
2406 1801 2671 1857 docuisse.
2726 1802 2891 1858 Porro
2935 1807 3294 1874 quorumdam
3336 1808 3458 1875 opi-

219 1901 403 1964 cessit;
448 1898 576 1967 quia
631 1912 730 1950 nec
791 1911 857 1949 ex
911 1894 1246 1963 suggestione
1297 1891 1786 1960 concupiscentiam

223 1991 373 2060 207
414 2003 581 2058 quam
628 2002 730 2038 non
767 1985 1018 2046 habebat,
1055 1983 1291 2044 admisit,
1343 1996 1516 2050 neque
1554 1994 1788 2033 consen-

223 2097 331 2134 sum
367 2078 619 2149 praebuit,
669 2077 720 2129 in
762 2091 870 2144 quo
908 2073 1049 2126 nulla
1091 2072 1526 2141 concupiscentia
1567 2070 1686 2124 fuit.
1732 2070 1788 2122 In

224 2169 371 2222 nobis
387 2167 587 2236 quippe
603 2169 772 2220 tonics
785 2164 1108 2218 delectorum
1140 2162 1573 2230 concupiscentia
1589 2177 1654 2215 ex
1677 2161 1791 2230 lege

221 2261 423 2328 peccati
461 2261 721 2312 adversus
758 2257 926 2326 legem
982 2255 1176 2309 mentis
1225 2264 1501 2324 repugnat.
1531 2253 1701 2307 Porro
1738 2255 1789 2305 in

220 2352 310 2403 illo
337 2349 584 2404 diabolus
621 2349 750 2402 nihil
781 2347 965 2402 habuit
996 2346 1130 2416 legis
1158 2347 1362 2416 peccati
1400 2347 1467 2400 ad
1495 2361 1656 2414 quam
1699 2360 1790 2396 ac-

220 2443 470 2505 cederet,
505 2441 646 2494 unde
700 2427 887 2493 saltem
934 2439 986 2492 in
1035 2454 1100 2492 eo
1143 2438 1610 2507 coucupiscentias
1642 2436 1790 2490 exci-

223 2541 378 2585 taret.
409 2531 479 2584 At
511 2545 638 2584 vero
676 2531 727 2582 iu
765 2528 919 2582 nobis
947 2528 1073 2596 quia
1118 2527 1200 2581 lex
1253 2528 1458 2596 peccati
1506 2529 1668 2590 inest,
1714 2527 1793 2578 sic

220 2625 376 2693 quasi
424 2623 491 2678 ad
541 2639 694 2678 suam
743 2623 953 2676 accedit
987 2623 1192 2691 legent,
1233 2632 1288 2675 et
1329 2622 1794 2691 concupisce-otius

225 2723 404 2768 movet
456 2723 518 2766 ut
565 2714 632 2767 ad
674 2712 1081 2767 delectationem
1133 2727 1230 2765 nos
1281 2715 1572 2780 pertrabat.
1622 2711 1792 2775 Unde,

221 2807 324 2860 etsi
352 2822 456 2860 non
482 2807 623 2860 aliud
648 2807 1417 2876 saltemconeupiscentiarum
1446 2807 1612 2871 virus,
1652 2808 1793 2876 quod

225 2900 282 2952 in
315 2899 470 2952 nobis
505 2908 608 2963 est,
647 2898 877 2968 amplius
928 2900 1284 2969 suggerendo,
1329 2900 1422 2953 Dei
1472 2908 1647 2952 tamen
1687 2915 1796 2953 mo-

225 2989 474 3044 diﬁcante
498 2991 805 3053 clementia,
833 2990 1143 3055 inﬂammat,
1175 3001 1233 3045 ut
1253 3000 1311 3046 et
1331 3008 1428 3046 nos
1451 3001 1720 3054 exerceat,
1745 3002 1797 3044 et

227 3083 552 3136 exercitatos
582 3082 812 3135 victores
841 3082 1046 3136 reddat.
1081 3083 1220 3136 Deus
1249 3095 1332 3136 est
1377 3083 1545 3144 enim,
1574 3082 1664 3152 qui
1689 3097 1793 3136 non

1889 1892 1978 1944 nio
2002 1891 2262 1959 estquod,
2292 1892 2346 1944 in
2393 1908 2498 1945 uno
2539 1895 2833 1963 eodemque
2864 1895 2980 1950 loco
3011 1898 3184 1966 posito
3211 1913 3456 1966 corpore,

1891 1980 2004 2034 lucc
2055 1982 2218 2034 variis
2250 1982 2301 2034 in
2343 1981 2475 2037 locis
2522 1987 2701 2038 animo
2746 1987 2852 2039 sint
2903 1995 3137 2040 ostensa.
3171 1986 3322 2055 Quod
3354 2005 3459 2044 non

1851 2091 1856 2096 ’
1890 2071 2022 2124 satis
2053 2071 2337 2140 approbari
2384 2083 2586 2141 potest,
2637 2075 2724 2128 ubi
2776 2092 2895 2146 qum
2921 2085 3067 2146 gesta
3113 2087 3240 2132 sunt
3277 2077 3459 2133 omnia

1891 2163 2166 2231 corporeis
2206 2163 2454 2231 explicita
2510 2166 2759 2221 sensibus
2817 2179 3194 2224 contexuntur.
3245 2171 3310 2225 Et
3361 2187 3470 2226 nec

1891 2255 2110 2316 mirum,
2161 2255 2204 2309 si
2249 2271 2307 2310 se
2352 2258 2599 2326 permisit
2648 2260 2752 2312 huc
2798 2261 3028 2331 illucque
3068 2281 3295 2334 corpore
3346 2257 3462 2319 eir-

1891 2346 2168 2409 cuml'erri,
2199 2348 2242 2401 si
2280 2344 2416 2401 forte
2454 2350 2522 2402 ita
2560 2351 2972 2422 intelligendum
3005 2361 3087 2407 est
3119 2357 3338 2408 verbum
3373 2369 3468 2409 as-

1893 2437 2233 2504 sumptionis,
2261 2438 2350 2506 qui
2379 2453 2437 2490 se
2469 2441 2712 2507 permisit
2741 2457 2769 2493 a
2793 2443 3047 2496 membris
3077 2444 3317 2511 ejusdem
3345 2445 3462 2498 dia-

1895 2523 1998 2578 boli
2029 2525 2289 2594 crucillgi.
2337 2527 2440 2582 Sed
2481 2545 2545 2582 ex
2586 2531 2686 2583 hoc
2712 2532 2884 2600 magis
2928 2535 3286 2597 tremendum,
3317 2539 3464 2605 quod

1895 2630 2070 2684 neque
2116 2618 2287 2670 virtus
2329 2618 2569 2686 impleta,
2616 2632 2789 2691 neque
2840 2623 3100 2676 sanctitas
3148 2627 3468 2694 approbata,

1899 2720 2071 2773 neque
2124 2705 2273 2758 locus
2317 2705 2541 2759 Domino
2581 2708 2858 2762 dedicatus
2903 2710 3144 2764 cohibuit
3187 2713 3470 2782 impuden-

1896 2795 2164 2849 tissimam
2216 2797 2426 2850 hostem
2471 2809 2503 2849 ιι
2545 2811 2857 2866 congresSu.
2912 2800 3022 2853 lino
3073 2801 3472 2860 loriuidolosius

1897 2890 2012 2942 suis
2047 2898 2349 2942 rearmatur
2391 2889 2617 2953 viribus,
2664 2892 2788 2945 dum
2824 2893 3030 2947 crebris
3057 2894 3314 2948 virtutum
3357 2896 3473 2949 vin-

1897 2978 2039 3030 citur
2063 2978 2322 3047 iusiguiis.
2353 2977 2491 3031 Hinc
2529 2996 2742 3048 quoque
2775 2982 2921 3034 ducit
2952 2998 3074 3036 eum
3107 2982 3174 3038 ad
3202 2983 3392 3038 altiora
3413 2993 3472 3040 et

1901 3084 2069 3137 usque
2099 3086 2260 3138 super
2289 3070 2558 3139 fastigium
2593 3073 2794 3144 templi,
2829 3085 2884 3128 ut
2913 3093 2976 3129 ex
3013 3077 3112 3132 hoc
3135 3077 3354 3133 daretur
3381 3081 3468 3134 in-

226 3172 428 3240 ἐιίιυι-
459 3186 554 3223 nos
599 3170 792 3224 [cnuirj
834 3186 992 3239 supra
1126 3173 1268 3240 (μιοσι
1310 3186 1594 3236 possumus
1637 3172 1800 3225 gusti-
1828 3165 1870 3222 Ω
1903 3159 2100 3213 tllClllm
2127 3161 2190 3212 ad
2213 3161 2339 3230 (lUld
2360 3160 2531 3216 elevet
2553 3177 3010 3235 unumquemque,
3030 3183 3189 3237 quem
3217 3170 3470 3223 dCOI'SlllII

227 3276 376 3315 uere.
401 3260 656 3328 Alioquin
703 3260 845 3314 tmlla
903 3261 1074 3314 virtus
1111 3260 1380 3315 sulliceret
1420 3261 1486 3315 ad
1534 3260 1796 3315 reluctan-

227 3351 378 3414 dum,
422 3351 464 3404 si
501 3367 606 3403 non
650 3349 849 3404 Christi
888 3353 1061 3419 gratia
1103 3367 1201 3404 nos
1238 3349 1474 3418 juvaret,
1525 3366 1590 3406 ne
1633 3353 1801 3420 capti-

229 3455 498 3504 varemur,
547 3441 687 3494 mole
739 3443 918 3495 carnis
954 3443 1194 3511 oppressi
1247 3443 1299 3495 in
1351 3443 1520 3514 legem
1569 3443 1794 3510 peccati.

231 3528 489 3584 Tcutatur
504 3542 687 3584 autem
702 3534 1066 3600 unusquisque
1078 3551 1107 3584 a
1129 3530 1560 3599 concupiscentia
1575 3545 1691 3593 sua;
1709 3531 1803 3584 sed

231 3630 363 3675 tunc
405 3625 618 3690 gravius
648 3623 971 3692 exagitatur,
1004 3638 1125 3676 cum
1168 3621 1393 3676 callidus
1435 3628 1803 3690 propugnator

231 3712 474 3765 eamdem
516 3715 568 3765 in
613 3714 771 3766 nobis
818 3712 1304 3782 concupiscentiam
1337 3721 1536 3775 movet,
1581 3721 1632 3764 et
1655 3709 1814 3763 l'rau»

232 3803 327 3856 des
368 3802 554 3871 adjicit
583 3813 643 3856 ut
671 3803 889 3856 alliciat.
923 3802 1069 3868 Quas
1114 3803 1302 3870 utique
1359 3801 1574 3856 fraudes
1617 3801 1804 3856 ordine

237 3906 338 3958 quo
375 3893 606 3961 primum
659 3899 1028 3960 prostraverat
1077 3891 1346 3946 hominem
1389 3889 1577 3945 volens
1618 3899 1806 3944 contra

243 3982 519 4035 hominum
546 3982 791 4035 elimare.

303 4069 508 4123 Rursus
555 4071 838 4138 assumpsit
899 4086 1016 4123 eum
1064 4069 1116 4122 in
1157 4079 1390 4122 sanctam
1438 4069 1714 4129 civitatem,
1761 4077 1809 4120 et

229 4163 410 4214 statuit
436 4178 551 4214 eum
577 4177 738 4229 supra
775 4161 1113 4230 pinnaculum
1142 4159 1340 4230 templi.
1369 4160 1539 4224 Quam
1582 4173 1710 4212 sane
1733 4159 1810 4212 ci-

205 4251 456 4318 vitatem
499 4266 608 4304 non
659 4251 819 4304 aliam
869 4250 1215 4320 intelligimus
1253 4265 1413 4318 quam
1450 4247 1806 4311 Hierusalem,

231 4355 347 4408 qua:
380 4351 511 4394 tunc
541 4340 798 4408 temporis
826 4345 938 4392 so?a
985 4340 1036 4392 iu
1077 4349 1187 4391 toto
1211 4349 1474 4392 terrarum
1498 4337 1625 4390 urbe
1654 4353 1812 4406 prop-

235 4444 312 4486 ter
362 4433 574 4487 cultum
625 4433 866 4486 divinum
910 4439 964 4485 et
1014 4431 1326 4501 religionem
1365 4430 1475 4483 veri
1523 4429 1613 4482 Dei
1663 4437 1808 4481 recte

1901 3252 2236 3321 pnccipitate
2279 3253 2566 3307 desiderat.
2611 3252 2876 3310 Jactantia
2909 3260 3105 3329 quippe
3150 3276 3313 3331 super
3353 3277 3474 3316 om-

1902 3359 2022 3395 nem
2053 3343 2383 3396 altitulinctu
2425 3356 2661 3400 tuentem
2702 3348 2896 3413 elevat,
2931 3366 3026 3419 per
3055 3369 3218 3422 quam
3249 3354 3376 3408 dum
3413 3370 3474 3407 se

1901 3442 2090 3503 putant
2137 3435 2446 3504 quicunque
2499 3438 2564 3490 ad
2615 3439 2801 3492 altiora
2853 3441 3160 3497 sublimium
3208 3445 3473 3499 factorum

1905 3526 2251 3592 usurpatione
2274 3543 2367 3580 sua
2399 3530 2783 3593 conscendere,
2818 3531 2881 3583 al
2917 3530 3168 3587 inferiora
3187 3535 3299 3604 jam
3331 3535 3468 3604 lapsi

1903 3617 2212 3671 truduntur.
2235 3619 2367 3684 Quis
2395 3619 2558 3688 igitur
2588 3621 2638 3673 in
2664 3636 2862 3690 genere
2883 3623 3140 3686 humano,
3172 3641 3277 3678 non
3307 3628 3480 3694 magis

1905 3725 2134 3778 praeesse
2162 3719 2215 3764 et
2237 3711 2397 3765 altior
2442 3711 2630 3775 videri,
2661 3730 2822 3782 quam
2853 3711 3074 3770 subesse
3103 3726 3156 3770 et
3203 3717 3477 3795 humiliari

1906 3798 2086 3868 cupit?
2116 3798 2343 3868 Quippe,
2380 3801 2502 3870 quia
2546 3817 2681 3871 pene
2729 3818 2916 3859 omnes
2945 3805 3162 3860 abducit
3189 3807 3374 3871 elatio,
3424 3818 3481 3864 et

1907 3888 2142 3942 universi
2181 3890 2244 3942 ad
2287 3890 2475 3945 altiora
2519 3893 2717 3947 diaboli
2766 3893 2905 3949 fastu
2964 3894 3240 3960 tolluntur,
3291 3899 3479 3953 volens

1908 3980 2164 4048 magister
2211 3981 2468 4036 virtutum
2517 3985 2756 4054 apertius
2803 3987 3081 4052 exhibere,
3111 3990 3378 4057 permittit
3422 3999 3484 4045 se

1907 4071 2107 4123 assumi
2159 4085 2321 4140 super
2368 4072 2712 4141 pinnaculum
2746 4077 2950 4145 templi,
2999 4094 3118 4147 qtne
3165 4080 3320 4133 sedes
3362 4089 3482 4134 erat

1909 4163 2226 4228 doctorum;
2260 4164 2346 4218 tibi
2373 4167 2625 4241 nimirum
2655 4169 2882 4238 quisque
2916 4171 3120 4238 positus
3147 4188 3282 4226 vana
3314 4173 3482 4244 gloria

1889 4257 2170 4318 tentatur,
2199 4266 2252 4309 et
2272 4256 2674 4326 Scripturarum
2704 4276 2886 4316 errore
2907 4263 3220 4332 plerumque
3244 4265 3482 4321 illicitur.

1895 4344 2080 4398 Porro
2136 4348 2187 4399 in
2234 4346 2514 4402 Pal-.estina
2571 4353 2905 4405 consuetudo
2954 4363 3036 4406 est
3080 4355 3484 4422 arthitectura',

1912 4439 2054 4506 quod
2077 4447 2130 4491 et
2160 4438 2213 4492 in
2241 4441 2438 4509 templo
2467 4439 2772 4496 Salomonis
2802 4443 2968 4500 fuisse
2997 4447 3277 4516 probatur,
3316 4460 3372 4505 ut
3397 4450 3492 4504 de-

233 4535 421 4579 sancta
455 4525 765 4577 vocabatur.
797 4521 946 4576 Unde
975 4531 1031 4575 et
1068 4522 1120 4576 in
1167 4522 1441 4590 passione,
1487 4519 1654 4573 multa
1685 4534 1808 4572 cor-
1841 4508 1888 4567 Ι)
1915 4542 2078 4594 super
2120 4543 2215 4596 per
2265 4508 2436 4582 totum
2500 4531 2657 4600 plana
2714 4508 3190 4606 habeatur-atque
3243 4508 3294 4592 in
3337 4555 3490 4610 gyro,

230 4627 358 4680 pora
396 4620 712 4666 sanctorum
739 4626 859 4680 qua:
893 4610 1226 4665 dormieraut
1255 4611 1527 4680 surgentia
1558 4609 1811 4663 dicuntur

236 4704 454 4756 venisse
480 4702 532 4755 in
555 4711 800 4756 sanctam
834 4701 1132 4766 civitatem,
1162 4713 1218 4756 et
1263 4701 1445 4756 multis
1472 4701 1811 4770 apparuisse.

234 4792 437 4848 Sancta
488 4793 688 4863 quippe
736 4794 1060 4857 vocabatur,
1109 4793 1350 4862 quamliu
1404 4794 1457 4847 in
1503 4810 1565 4847 ea
1604 4792 1816 4860 justitia

233 4895 284 4938 et
308 4885 582 4953 judicium
626 4885 924 4953 requievit;
957 4887 1050 4940 sed
1107 4886 1350 4952 demum,
1401 4887 1687 4954 iniquitate
1735 4903 1818 4940 re-

235 4977 420 5044 pleta,
474 4975 756 5030 scelestior
802 4993 962 5046 quam
1020 4976 1256 5032 Sodoma
1306 4977 1665 5046 praedicatur,
1715 4979 1817 5031 etsi

235 5067 502 5121 hactenus
542 5065 612 5120 ab
654 5065 993 5136 Evangelista
1045 5075 1232 5120 sancta
1273 5082 1341 5120 ex
1387 5067 1621 5134 antiquae
1671 5069 1818 5134 pacis

235 5159 505 5214 vocabulo
542 5168 899 5227 nuncupetur.
933 5157 1142 5213 Interea
1183 5158 1532 5227 quaerendum
1563 5167 1645 5212 est
1688 5175 1820 5228 quo-

239 5253 394 5304 modo
442 5250 498 5304 in
541 5249 761 5304 deserto
803 5247 1080 5318 jejuuasse
1124 5257 1184 5303 ut
1235 5258 1535 5303 tentaretur
1582 5249 1819 5313 dicatur,

240 5356 356 5396 cum
385 5343 480 5397 hic
511 5342 566 5395 in
593 5343 810 5394 civitate
832 5350 1016 5394 sancta
1048 5349 1356 5410 assumptus
1382 5342 1624 5395 tentandi
1656 5357 1818 5395 causa

241 5433 648 5504 congrediatur,
719 5433 1024 5502 przesertim
1090 5449 1214 5488 cum
1262 5441 1318 5487 et
1381 5431 1592 5488 Marcus
1644 5435 1818 5487 mani-

242 5519 432 5577 festius
451 5522 617 5587 dicat,
650 5521 805 5587 Quod
823 5521 1175 5591 quadraginta
1197 5521 1377 5575 diebus
1397 5535 1444 5575 et
1471 5523 1821 5593 quadraginta

243 5613 480 5666 noctibus
531 5613 690 5683 fuerit
741 5613 797 5666 in
834 5611 1037 5666 deserto
1082 5621 1138 5665 ut
1195 5621 1485 5666 tentaretur
1534 5629 1566 5665 ιι
1613 5611 1821 5672 diabolo

245 5699 411 5768 μιαν.
455 5719 493 5770 ι,
529 5703 645 5774 l3);
706 5713 960 5761 utrumne
1004 5704 1058 5760 in
1099 5703 1317 5762 deserto
1360 5705 1699 5780 tentabatur,
1727 5719 1818 5770 an,

1910 4616 2060 4687 juxta
2101 4620 2242 4686 quod
2281 4619 2365 4673 lex
2397 4622 2639 4690 prtecipit
2690 4624 2911 4678 cancelli
2968 4626 3494 4696 deambulatorii,tte

1918 4711 2056 4764 forte
2083 4711 2278 4782 aliquis
2311 4712 2435 4766 inde
2478 4713 2689 4767 labatur
2742 4715 3007 4770 incautus.
3050 4717 3194 4772 Inter
3241 4735 3376 4788 quos
3410 4723 3494 4774 ni-

1919 4800 2114 4852 mirum
2152 4800 2307 4853 sedes
2356 4801 2638 4854 doctorum
2687 4817 2848 4870 super
2901 4805 3118 4873 pinnam
3166 4807 3348 4876 templi
3386 4808 3496 4860 cri-

1849 4957 1856 4966 .
1919 4889 2175 4957 gehatur,
2236 4897 2294 4942 ut
2343 4890 2536 4944 exinde
2587 4893 2740 4960 quasi
2798 4893 2848 4946 in
2892 4895 3234 4950 uniuentiori
3291 4897 3498 4966 positus

1921 4978 2040 5031 loco
2067 4979 2254 5032 doctor
2283 4979 2348 5031 ad
2375 4979 2628 5048 populum
2654 4980 2982 5051 loqueretur.
3012 4982 3116 5037 Sed
3139 4984 3279 5054 (ιιιοά
3317 4985 3499 5054 provi-

1921 5082 2038 5119 sum
2067 5078 2150 5120 est
2187 5069 2251 5120 ad
2291 5067 2575 5121 utilitatem
2609 5071 2777 5123 totius
2811 5069 2994 5134 ollicii,
3024 5071 3126 5125 hoc
3155 5087 3316 5140 quant
3359 5089 3497 5143 saepe

1922 5157 2084 5228 209
2113 5159 2338 5212 callidus
2359 5173 2650 5226 persuasor
2671 5161 2841 5213 utitur
2869 5160 2934 5213 ad
2959 5160 3165 5213 ruinam
3193 5174 3378 5215 eorum
3409 5173 3499 5232 qut

1923 5251 2045 5302 aliis
2072 5248 2445 5317 praeferuntur.
2477 5248 2775 5304 Nonnullos
2803 5251 3019 5318 quidem
3049 5251 3100 5303 in
3135 5267 3230 5305 sua
3274 5251 3503 5307 inﬂatio-

1913 5343 2010 5394 nis
2039 5357 2171 5393 aura
2211 5342 2375 5393 etiam
2402 5341 2468 5394 ad
2503 5342 2736 5396 honores
2760 5342 2920 5411 erigit
2952 5341 3237 5396 indebitus.
3264 5343 3506 5400 Nonnul-

1921 5431 2004 5485 los
2024 5446 2152 5486 vero
2188 5439 2334 5485 recte
2367 5430 2636 5500 pnelatos,
2668 5440 2724 5483 ut
2748 5438 3024 5493 corruant,
3058 5440 3196 5485 etrsc
3231 5433 3378 5488 vitiis
3405 5433 3504 5487 im-

1924 5523 2160 5587 mittunt,
2204 5520 2503 5577 indefessus
2552 5523 2818 5576 hortatur.
2870 5521 2970 5587 Qui
3031 5531 3210 5578 tamen
3259 5526 3508 5596 quamvis

1923 5613 2248 5683 persuadere
2294 5613 2483 5682 possit,
2512 5613 2731 5664 omnino
2773 5602 3114 5682 pnccipitare
3160 5631 3266 5671 non
3308 5627 3504 5686 potest.

1926 5702 2082 5758 Nullo
2134 5705 2295 5775 igitur
2326 5705 2455 5758 vitio
2503 5719 2594 5758 eos
2637 5705 2811 5774 magis
2853 5705 3116 5774 devastat,
3153 5725 3285 5777 quos
3337 5711 3506 5765 honor
