4000 6362
583 256 685 310 195

1350 249 1411 303 S.
1450 247 1817 304 l’AStlllASll
1864 244 2211 300 RADBERTI
2249 243 2541 299 ABBATIS
2578 242 3034 303 CORBEIENSIS

3698 257 3775 311 ιειθ

580 363 873 440 magisterii
901 362 1183 418 sublimius
1207 361 1272 415 ad
1300 361 1598 415 docendum
1624 360 1822 423 elevat,
1853 374 2017 429 quam
2050 373 2145 413 va-
2175 361 2220 421 Α
2247 365 2522 427 permutat
2564 358 2867 429 severitatis
2921 358 3241 419 sententiam
3292 359 3423 416 Dei:
3458 361 3778 438 Nequaquam.

579 476 662 516 nte
686 459 892 531 glorire,
925 473 1021 528 per
1048 472 1208 524 qnam
1238 456 1400 509 etiam
1434 455 1501 507 de
1524 454 1670 508 bono
1703 453 1962 521 virtqtum
1990 466 2155 522 opere

578 549 796 606 inﬂatos
825 546 1020 611 reddit,
1047 544 1174 599 dum
1231 561 1336 599 non
1374 544 1495 609 Dei,
1546 544 1641 601 sed
1665 558 1816 598 suam
1850 551 2156 613 quaerentes

536 666 541 669 -
579 639 832 712 gloriam,
862 637 1048 691 inanes
1076 634 1231 689 ﬁunt.
1258 633 1412 688 Unde
1442 634 1697 703 magister
1721 634 1970 704 egregius
1994 649 2157 703 super

579 744 800 800 pinnam
826 725 1005 795 templi
1037 725 1117 778 ad-
1144 725 1460 779 tentandum
1506 725 1731 793 provida
1758 725 2157 794 dispensatione

579 818 909 887 assumitur:
940 826 1093 870 utex
1127 815 1230 871 hoc
1251 816 1609 878 doceret,-eos
1633 814 1723 883 qui
1748 813 1800 867 in
1828 814 2156 868 sublimitate

581 919 708 965 sunt
737 906 1035 971 constituti,
1062 905 1192 974 quid
1236 905 1407 976 magis
1434 920 1629 959 cavere
1673 914 1948 974 oporteat;
1982 904 2160 957 itaut

568 1002 713 1058 nihil
744 1016 841 1072 per
874 1000 1087 1054 inanem
1120 998 1343 1069 gloriam
1381 997 1599 1061 faciant,
1623 1012 1690 1051 ne
1734 997 1922 1051 vitium
1975 997 2158 1052 incur-

580 1099 724 1153 rant,
752 1105 858 1159 quo
886 1090 1050 1144 etiam
1079 1098 1131 1143 et
1162 1088 1262 1156 ipsi
1292 1103 1454 1156 qutun
1487 1101 1631 1158 sit-pe
1649 1088 1741 1156 qui
1769 1088 1883 1141 sani
1913 1087 2159 1142 videntur

576 1182 814 1252 pessime
843 1179 1108 1235 laborant.
1140 1180 1303 1246 Quod
1326 1179 1804 1248 bene.pr:ecavens
1847 1178 2113 1247 Propheta
2141 1193 2154 1229 :

532 1318 535 1321 .
583 1271 706 1327 Non
728 1271 890 1333 nobis,
919 1269 1155 1332 Domine,
1184 1285 1287 1327 non
1312 1270 1478 1334 nobis,
1500 1269 1696 1338 inquit,
1724 1269 1814 1322 sed
1842 1269 2037 1322 nomini
2066 1279 2157 1321 tuo

581 1360 656 1431 da
683 1359 905 1430 gloriam
940 1357 1110 1428 (Paul.
1127 1374 1281 1422 omn,
1303 1358 1379 1425 9).
1397 1357 1663 1413 Cteterum
1690 1359 1780 1427 qui
1806 1358 1906 1413 sibi
1940 1357 2159 1426 applau-

579 1452 813 1514 dunt,.et
839 1450 1047 1503 favores
1068 1447 1209 1519 vulgi
1235 1448 1463 1503 excitari
1490 1449 1542 1501 in
1573 1461 1632 1503 se
1652 1448 1909 1517 cupiunt,
1938 1462 2045 1501 non
2074 1445 2159 1499 lu-

542 1568 559 1579 »
576 1553 671 1592 cra
696 1538 935 1608 cogitant
960 1537 1285 1603 animarum,
1314 1538 1408 1592 sed
1430 1538 1613 1591 omnia
1641 1544 1834 1605 gerunt
1855 1536 2030 1589 laudis
2048 1550 2160 1589 suae

533 1680 537 1685 .
578 1628 777 1695 gratia,
825 1637 879 1683 et
927 1636 1182 1697 appetunt
1229 1627 1397 1681 etiam
1425 1640 1811 1705 nonnumquam
1850 1632 1969 1695 qua:
1997 1640 2159 1695 supra

2226 466 2229 467 '
2258 447 2455 516 inquit,
2485 457 2648 501 morte
2665 449 2984 503 moriemmi.
3012 447 3125 503 Scit
3153 449 3289 503 enim
3318 450 3473 517 Dens,
3501 456 3553 507 in
3582 472 3782 525 ᾳιιαιιιιι.

2256 551 2357 605 que
2383 535 2469 590 die
2487 536 2814 590 comederitis
2835 552 2901 590 ea:
2922 552 3004 602 eo,
3020 538 3145 605 quia
3173 536 3464 606 aperientur
3481 544 3609 595 oeuli
3631 555 3778 614 vestri,

2252 635 2304 680 et
2331 625 2475 679 eritis
2492 626 2630 679 sicut
2649 626 2745 689 dii,
2758 626 3192 680 scientesbonum
3216 638 3266 681 et
3284 627 3499 682 malum.
3512 629 3607 687 Sic
3632 633 3783 707 itaque

2258 718 2504 772 diabolus
2528 733 2740 788 semper
2764 717 3164 788 Scripturarum
3201 719 3368 773 utitur
3402 723 3665 791 exemplis,
3692 742 3788 787 non.

2257 818 2319 863 ut
2343 811 2600 879 corrigat,
2630 810 2722 864 sed
2750 818 2808 863 ut
2836 810 3090 879 decipiat,
3119 810 3283 863 etiam
3311 812 3526 881 grandia
3561 813 3680 869 false
3715 832 3784 871 re-
3833 805 3836 808 ’

2256 900 2637 970 promittendo.
2675 898 2808 953 Hinc
2838 898 3036 968 quippe
3056 908 3171 953 cst:
3206 898 3334 953 Haec
3355 901 3524 955 omnia
3537 903 3623 955 tibi
3638 905 3785 969 dabo;

2259 996 2420 1056 atque
2451 987 2575 1040 illud
2597 1004 2609 1039 :
2635 988 2945 1057 Aperientur
2969 990 3107 1041 oculi
3134 990 3303 1049 vestri,
3328 999 3376 1043 et
3407 991 3544 1044 eritis
3563 994 3684 1069 siqu
3706 996 3783 1056 dii,

2257 1077 2476 1129 scientes
2494 1075 2688 1129 bonum
2712 1086 2760 1129 et
2793 1077 3012 1131 malum.
3055 1077 3207 1133 Unde
3242 1078 3443 1147 liquido
3488 1086 3697 1145 constat,
3726 1094 3787 1138 ιιι

2262 1167 2395 1231 dixi,
2419 1167 2564 1237 quod
2602 1182 2797 1222 omnes
2846 1168 3151 1238 quicunque
3190 1183 3383 1224 sensus
3428 1169 3789 1241 Scriptum-sm

2261 1258 2330 1311 ad
2351 1272 2478 1312 suos
2504 1257 2935 1326 persuadendum
2964 1257 3155 1314 fraude
3188 1270 3412 1315 conatus
3453 1260 3629 1317 dolose
3672 1263 3789 1318 inﬂi-
3850 1244 3854 1249 ’

2259 1357 2414 1417 gunt,
2443 1358 2501 1404 et
2526 1363 2713 1404 severa
2740 1350 2830 1404 Dei
2859 1360 3124 1421 pneeepta
3153 1351 3290 1406 male
3318 1352 3630 1408 blandiendo
3664 1366 3791 1409 exte-

2257 1447 2448 1504 nuant,
2479 1447 2641 1509 atque
2663 1441 3014 1510 peccantibus
3047 1450 3106 1496 ut
3130 1428 3497 1512 permulceant
3542 1445 3592 1499 in
3622 1439 3788 1500 malum

2258 1530 2483 1600 grandia
2507 1532 2908 1599 repromittunt,
2936 1532 3026 1586 illo
3055 1542 3286 1604 aguntur
3314 1534 3501 1604 spiritu
3529 1535 3631 1603 qui,
3674 1536 3790 1609 male

2262 1621 2682 1691 interpretando,
2712 1621 2806 1676 Dei
2831 1624 3157 1679 sententiam
3198 1626 3552 1690 extenuando,
3588 1626 3788 1696 primum

581 1735 642 1772 se
673 1726 822 1784 sunt,
869 1726 924 1771 et
964 1717 1422 1772 circumferuntur
1452 1718 1602 1771 omni
1657 1724 1818 1772 vento
1857 1716 2153 1786 jactantite.
2187 1720 2233 1778 Β
2258 1712 2428 1767 Adam
2454 1713 2612 1767 morti
2637 1714 2867 1779 addixit,
2891 1722 2946 1769 et
2970 1716 3321 1771 novissimum
3342 1718 3530 1771 eadem
3565 1713 3792 1771 callidita-

577 1811 766 1882 Neque
795 1811 965 1866 videri
999 1810 1329 1866 erubescunt
1358 1809 1499 1879 quod
1538 1810 1636 1881 ipsi
1664 1823 1771 1863 non
1809 1816 1953 1871 sunt,
1985 1821 2159 1876 neque

578 1902 646 1957 de
673 1917 730 1957 se
756 1900 1035 1970 przedicari
1061 1916 1179 1970 qua:
1195 1900 1415 1954 minime
1437 1899 1886 1968 illiscompetunt.
1926 1896 2161 1966 Ideoque

572 1991 649 2047 vde
668 1992 977 2047 sublimium
1004 1992 1354 2062 usurpatione
1394 1990 1663 2045 iactuum
1688 1990 1758 2045 ad
1794 1988 2050 2045 inferiora
2074 1988 2157 2043 la-

576 2082 799 2139 buntur.
1146 2130 1149 2133 .

650 2170 712 2225 Si
741 2170 912 2227 Filius
946 2171 1041 2225 Dei
1071 2188 1146 2239 es,
1181 2172 1373 2241 inquit,
1398 2173 1547 2225 mitte
1568 2180 1617 2227 te
1643 2171 1910 2236 deorsum,
1941 2171 2044 2226 hoc
2070 2185 2159 2227 sa-

538 2320 549 2326 ,
580 2275 648 2314 ne
660 2276 764 2331 per
777 2262 959 2315 etnnia
988 2260 1173 2316 volens
1201 2261 1435 2332 experiri
1478 2261 1523 2315 si
1546 2259 1590 2313 Γ
1594 2260 1718 2314 ilius
1740 2260 1833 2313 Dei
1862 2260 1951 2313 sit.
1976 2258 2160 2329 Neque

578 2351 812 2406 attendit
843 2367 943 2406 cur
980 2351 1120 2406 idem
1150 2366 1209 2407 se
1234 2352 1486 2406 deorsum
1531 2351 1726 2405 debeat
1777 2351 2010 2413 mittere,
2056 2350 2158 2405 nisi

572 2451 638 2497 ut
662 2458 786 2497 enim
805 2439 1083 2509 iactantiae
1108 2441 1336 2496 vinculis
1366 2442 1625 2505 irretirct,
1650 2449 1705 2495 et
1751 2441 1864 2510 ipse
1890 2440 2035 2510 quod
2063 2455 2159 2496 ve-

574 2546 750 2601 retur,
775 2536 820 2591 si
840 2535 1013 2590 Filius
1041 2534 1135 2590 Dei
1175 2543 1338 2598 esset,
1382 2548 1454 2588 ex
1501 2533 1603 2588 hoc
1644 2532 1835 2588 saltem
1876 2547 1974 2603 per
2025 2546 2154 2587 con-

570 2625 837 2697 iecturam
858 2634 1236 2697 cognosceret.
1275 2624 1407 2691 Qua:
1446 2623 1701 2677 nimirum
1738 2636 1845 2675 vox
1874 2622 2011 2676 bene
2053 2621 2159 2676 sibi

568 2716 844 2786 congruit,
874 2716 963 2784 qui
985 2728 1175 2768 omnes
1204 2712 1457 2767 deorsum
1486 2727 1553 2766 ex
1586 2711 1762 2765 altiori
1785 2711 1953 2782 gradu
1990 2710 2159 2765 meri-

571 2814 755 2858 torum
786 2805 1122 2874 praecipitare
1157 2804 1368 2873 satagit.
1401 2802 1540 2870 Quid
1568 2803 1712 2858 enim
1742 2809 1851 2856 tam
1881 2802 2159 2871 proprium

465 2960 471 2967 δ
572 2894 678 2956 illi,
706 2903 955 2963 quamnt
980 2906 1171 2948 omnes
1208 2894 1580 2963 persuadendo
1610 2894 1677 2947 de
1710 2891 1928 2946 sublimi
1964 2891 2160 2947 mentis

578 2993 722 3039 statu
752 2984 1003 3040 deorsum
1030 2983 1242 3038 mittat?
1271 2982 1329 3037 in
1357 2997 1466 3053 quo
1509 2983 1640 3037 satis
1677 2981 1966 3036 admodum
2004 2980 2159 3035 infir-

2262 1807 2330 1861 tis
2348 1814 2486 1870 arte,
2516 1806 2669 1876 quasi
2702 1821 2769 1862 ex
2792 1806 3119 1864 auctoritate
3151 1809 3355 1876 divina,
3392 1809 3529 1865 male
3552 1809 3793 1865 tractando

2261 1895 2590 1966 Scripturas,
2624 1906 2967 1967 prosternere
2991 1900 3319 1968 concupivit.
3690 1896 3693 1897 ⁷
3735 1909 3745 1919 ⁸

2329 1985 2429 2039 Cui
2448 1984 2605 2040 Iesus
2630 2003 2651 2041 :
2687 1985 2891 2049 Rursus
2916 1989 3168 2058 scriptum
3195 1999 3272 2043 est
3289 2002 3310 2042 :
3342 1989 3464 2044 Non
3482 1989 3687 2044 tentati:
3707 1987 3795 2042 Do-

2259 2078 2461 2132 minum
2490 2076 2658 2131 Deum
2685 2088 2852 2132 tuum.
2916 2078 3070 2146 Quod
3102 2094 3236 2135 sane
3286 2088 3603 2151 praeceptum
3632 2093 3795 2150 quant-

2257 2168 2444 2237 plurcs
2487 2168 2686 2237 duplici
2709 2169 2870 2223 corde
2910 2184 3052 2239 saepe
3098 2170 3566 2241 transgrediuntur
3602 2168 3792 2229 incauti,

2260 2270 2314 2314 et
2340 2259 2481 2314 unde
2496 2260 2663 2314 Deum
2685 2269 2953 2317 conantur
2984 2261 3236 2329 probare,
3284 2259 3571 2316 oll'endunt.
3617 2259 3676 2314 Et
3704 2272 3795 2313 tto-

2262 2351 2485 2405 tandnm
2514 2352 2656 2419 quod
2683 2359 2890 2406 tentare
2914 2352 3133 2418 dicitur,
3156 2354 3289 2406 dum
3314 2353 3381 2408 de
3401 2352 3682 2422 Scriptnris
3699 2365 3797 2421 per-

2259 2442 2491 2499 suadere
2521 2442 2663 2496 aliud
2689 2457 2848 2511 quam
2876 2443 3149 2514 expediat,
3198 2453 3451 2499 conatur.
3499 2443 3625 2511 Quia
3650 2439 3797 2512 prole-

2261 2542 2370 2598 cto,
2400 2534 2541 2589 sicut
2565 2533 2800 2602 Spiritus
2819 2534 2928 2589 vita
2952 2544 3038 2589 est
3061 2536 3115 2590 in
3141 2534 3440 2606 Scripturis
3468 2535 3668 2600 divinis,
3694 2533 3798 2587 dum

2264 2634 2410 2681 recte
2436 2625 2825 2696 intelliguntur,
2865 2627 2939 2681 ita
2985 2628 3038 2681 in
3091 2628 3174 2683 eis
3217 2630 3316 2699 qui
3360 2644 3453 2684 eas
3499 2628 3677 2683 callide
3711 2625 3801 2680 suis

2262 2714 2534 2784 applicant
2556 2714 2853 2779 favoribus,
2876 2715 3101 2784 laqueus
3127 2719 3369 2784 erroris,
3410 2728 3465 2774 et
3516 2717 3718 2772 tentatio
3750 2729 3803 2768 ac

2263 2805 2542 2859 subversio
2571 2805 2892 2875 simplicium
2922 2807 3181 2876 protinus
3199 2808 3497 2865 invenitur.
3523 2807 3667 2878 211
3684 2805 3801 2871 Quo-

2265 2909 2381 2946 rum
2428 2910 2622 2959 sermo,
2653 2904 2712 2949 ut
2758 2895 3049 2965 Apostolus
3094 2897 3192 2961 ait,
3241 2898 3388 2953 velut
3435 2915 3615 2953 cancer
3653 2896 3799 2959 serpit.

2265 2983 2433 3052 Digna
2459 2984 2653 3038 deinde
2684 2997 2867 3040 contra
2896 2986 3268 3057 laqueatorum
3306 3004 3497 3045 sensus
3537 2997 3590 3044 et
3640 2983 3803 3042 diaboli

544 3132 545 3135 η
576 3074 821 3129 mitatetn
840 3086 1000 3129 suam
1026 3071 1556 3135 nobisdemonstrat,
1595 3071 1963 3141 malitiamque
2016 3071 2158 3127 desi-
2185 3081 2231 3143 ς
2265 3072 2616 3144 petulantiam
2644 3074 2855 3132 Domini
2893 3079 3176 3148 responsio
3211 3082 3353 3136 satis
3395 3079 3641 3152 inﬂigitur
3665 3096 3681 3132 :
3704 3075 3804 3131 Non

561 3168 728 3235 ‘guat,
762 3163 904 3233 quod
931 3162 1132 3218 nemini
1156 3162 1335 3233 possit
1381 3178 1603 3228 nocere,
1637 3162 1742 3218 nisi
1774 3176 1834 3217 se
1868 3162 2032 3217 homo
2079 3162 2162 3217 in-

581 3254 705 3310 felix
737 3256 887 3324 prius
916 3254 1166 3310 deorsum
1198 3255 1425 3311 miserit.
1768 3300 1771 3305 ,
1912 3266 1919 3273 ’

570 3410 571 3413 η
649 3342 913 3413 Scriptum
933 3355 1007 3399 est
1034 3346 1194 3408 enim,
1227 3346 1421 3416 inquit,
1450 3347 1591 3416 quod
1629 3348 1830 3417 angelis
1877 3350 1989 3404 suis
2011 3366 2162 3405 man-

583 3436 725 3489 davit
753 3424 819 3490 de
863 3445 931 3499 te,
970 3445 1024 3489 ιιι
1070 3437 1365 3493 custodiant
1405 3448 1454 3491 te
1483 3438 1539 3491 in
1568 3439 1807 3493 omnibus
1834 3440 1925 3494 viis
1953 3442 2077 3505 tuis,
2106 3450 2163 3496 et

542 3576 556 3591 ,
582 3532 779 3589 uetera
832 3540 953 3596 quae
990 3535 1310 3595 sequuntur,
1365 3529 1537 3583 donec
1577 3529 1649 3584 ad
1685 3544 1809 3584 eum
1848 3530 2027 3586 locum
2070 3532 2159 3587 ubi

575 3616 976 3673 conculcaudus
1004 3617 1116 3688 ipse
1132 3620 1455 3684 ostenditur,
1471 3631 1525 3675 ct
1551 3621 1732 3675 omnia
1758 3623 2014 3680 veneﬁcia
2043 3624 2161 3695 ejus

578 3711 806 3779 ﬁgurate
833 3709 1034 3762 virtute
1063 3721 1370 3773 sanctorum
1413 3710 1667 3765 calcanda
1700 3713 1919 3780 penitus
1970 3713 2162 3782 praedi—

576 3784 791 3853 cantur.
824 3798 896 3852 De
921 3814 1017 3853 sua
1038 3799 1253 3869 quidem
1279 3798 1467 3854 fraude
1508 3810 1562 3855 et
1585 3801 1994 3856 conculcatione
2034 3818 2161 3857 nar-

539 3958 544 3962 .
583 3904 706 3943 rare
732 3887 950 3958 refugit,
979 3890 1131 3959 quasi
1160 3889 1385 3944 callidus
1418 3890 1820 3960 tergiversatur,
1851 3891 1947 3947 sed
1973 3891 2038 3947 de
2061 3909 2162 3947 au-

579 3981 712 4036 xilio
751 3980 918 4051 210
957 3980 1266 4050 angelorum
1298 3998 1362 4036 ac
1394 3982 1439 4035 si
1493 3982 1561 4037 ad
1603 3982 1873 4037 inﬁrmum
1913 3983 2159 4052 loquens,

577 4070 871 4141 instantius
905 4069 1250 4139 repromittit.
1278 4084 1382 4123 non
1428 4081 1483 4124 ut
1533 4072 1817 4127 confirmet
1862 4073 1924 4126 in.
1946 4073 2157 4138 melius,

554 4162 677 4225 sed
703 4170 763 4215 ut
792 4168 1102 4232 prosternat
1143 4161 1197 4217 in
1247 4159 1435 4230 pejus;
1484 4162 1552 4216 ad
1592 4162 1695 4216 hoc
1746 4162 1945 4233 quippe
1990 4164 2161 4218 utitur

579 4250 898 4322 Seripturis,
932 4266 1039 4306 non
1062 4262 1121 4305 ut
1145 4252 1372 4306 virtutes
1411 4252 1680 4320 instituat,
1713 4255 1806 4310 sed
1847 4266 1905 4310 ut
1946 4270 2159 4312 errores

579 4343 808 4413 ingerat.
838 4341 1007 4409 Quem
1040 4343 1271 4412 denique
1308 4342 1592 4399 imitantur
1620 4359 1808 4400 omnes
1853 4345 2158 4417 quicunque

2264 3163 2486 3217 tentabis
2508 3162 2786 3219 Dominum
2812 3166 2975 3221 Deum
2992 3177 3163 3223 tuum.
3196 3169 3276 3224 Et
3304 3187 3412 3241 quo
3441 3170 3664 3226 declarat
3687 3164 3804 3238 quod

2232 3312 2235 3313 ν
2264 3268 2365 3308 nec
2386 3256 2682 3310 secundum
2706 3258 3095 3314 humanitatem
3126 3260 3439 3327 Dominum,
3462 3275 3627 3333 neque
3647 3268 3805 3314 secun-

2261 3342 2389 3397 dum
2414 3344 2749 3401 divinitatem
2775 3346 2942 3403 Deum
2967 3347 3162 3419 aliquis
3205 3350 3407 3407 debeat
3450 3359 3649 3408 tentare
3670 3389 3684 3413 ,
3726 3343 3804 3401 sed

2263 3449 2424 3505 agere
2448 3434 2501 3488 in
2539 3437 2925 3493 tentationibus
2943 3439 3202 3509 quidquid
3228 3441 3482 3497 humanae
3533 3421 3804 3495 menti‘s‘ln-

2263 3525 2468 3579 dustria
2494 3529 2795 3582 secundum
2828 3543 2952 3583 eum
2974 3530 3117 3587 valet
3165 3537 3351 3601 agerc.
3403 3534 3477 3589 De
3513 3541 3693 3587 caetero
3727 3521 3808 3583 soli

2265 3616 2377 3670 Deo
2403 3617 2778 3686 omnipotenti,
2806 3618 2892 3674 cui
2917 3621 3099 3674 omnia
3127 3621 3412 3691 possibilia
3457 3630 3599 3686 sum,
3629 3618 3671 3674 si
3700 3613 3807 3689 quld

2263 3707 2689 3777 superimminet,
2713 3724 2819 3764 non
2843 3710 3119 3774 tentando,
3153 3712 3248 3767 sed
3266 3713 3462 3769 devote
3487 3728 3549 3768 ac
3573 3707 3810 3767 confidet!-

2265 3804 2348 3850 ter
2377 3798 2538 3852 debet
2571 3800 2932 3855 committere.
2949 3802 3021 3856 At
3042 3816 3172 3856 vero
3199 3805 3347 3872 quod
3374 3805 3648 3860 Dominum
3669 3798 3808 3852 Deum

2264 3903 2416 3942 suum
2445 3901 2505 3942 se
2527 3895 2778 3955 testatur,
2813 3906 2919 3946 non
2946 3892 3085 3946 sicut
3113 3890 3410 3948 Maniclnei'
3427 3893 3670 3954 delirant,
3696 3885 3811 3942 alios

2261 3988 2345 4034 est
2370 3979 2508 4033 Deus
2537 3980 2884 4036 tenebrarum
2914 3991 2971 4037 et
2994 3981 3135 4036 alius
3163 3982 3326 4050 lucis,
3371 3985 3464 4041 sed
3509 3996 3643 4037 unus
3676 3979 3812 4034 idem-

2262 4085 2366 4138 que
2398 4070 2538 4125 Deus
2565 4073 2910 4127 tenebrarum
2935 4083 2990 4129 et
3010 4073 3145 4128 lucis
3159 4077 3534 4142 convincitur;
3562 4073 3645 4146 qui
3672 4070 3811 4126 etiam

2261 4170 2317 4214 et
2337 4175 2500 4230 super
2541 4177 2664 4217 eum
2695 4164 2787 4234 qui
2818 4173 2903 4219 est
2939 4165 3170 4237 abyssus
3219 4170 3464 4223 omnium
3508 4165 3813 4222 tenebrarum

2261 4252 2527 4307 dominari
2557 4254 2866 4311 testimonio
2884 4256 3054 4325 ipsius
3083 4257 3459 4315 conﬁrmatur.

2332 4344 2438 4399 Sed
2462 4360 2562 4400 cur
2599 4354 2860 4413 tentatur,
2894 4347 2940 4402 si
2992 4349 3062 4404 ab
3109 4364 3175 4405 eo
3221 4352 3423 4405 tentari
3467 4364 3571 4405 non
3623 4337 3818 4402 debuit?

544 4512 547 4517 η
580 4434 887 4495 testimonia
914 4433 1319 4506 Scripturarum
1348 4452 1509 4506 quam
1532 4420 1677 4507 Earpe
1703 4437 2057 4494 adulterando
2089 4440 2158 4493 ad
2190 4431 2512 4491 D‘Profecto
2539 4437 2665 4507 quia
2696 4439 2982 4494 tentatoris
3010 4442 3365 4512 praesumptio
3409 4440 3527 4495 fuit.
3580 4438 3642 4493 Et
3690 4437 3820 4505 post-

578 4540 708 4581 suos
731 4522 1010 4581 inﬂectunt
1038 4541 1250 4592 sensus,
1288 4543 1396 4583 non
1425 4542 1555 4585 sane
1578 4537 1636 4582 ut
1679 4529 1891 4583 veritati
1920 4527 2154 4595 faveant,

579 4617 677 4674 sed
706 4604 1104 4686 uttemerarios
1126 4617 1420 4673 voluntatis
1458 4632 1568 4673 sum
1614 4634 1779 4674 ausus
1822 4608 2160 4690 impudenter

578 4719 848 4783 astruant.
887 4694 986 4764 llic
1010 4725 1226 4781 quoque
1272 4710 1326 4767 in
1376 4709 1524 4766 Novo
1556 4711 1904 4767 Testamento
1949 4712 2160 4783 primus

579 4803 855 4871 haeresim,
889 4802 1015 4859 talia
1041 4819 1113 4867 ex
1142 4804 1320 4862 Veteri
1367 4807 1742 4875 permutando,
1784 4807 2160 4864 fraudulentus

576 4897 842 4962 condidit,
873 4907 1036 4967 atque
1065 4897 1421 4969 idololatriatn
1468 4898 1712 4968 ingessit,
1759 4900 1888 4956 dum
1922 4915 1983 4956 se
2028 4901 2159 4957 ado-
2203 4886 2213 4895 '

580 5001 703 5049 rare
737 4986 1043 5056 persuadet,
1075 5001 1235 5056 quem
1258 4986 1398 5040 etin
1435 4985 1739 5043 simulacris
1776 4988 1892 5044 falsi
1935 4989 2158 5043 deorum

576 5076 814 5157 cultores
828 5077 975 5140 ’male
998 5078 1218 5149 decepti
1243 5078 1450 5144 colunt,
1478 5079 1654 5151 qui-et
1683 5080 1737 5135 in
1760 5081 1938 5137 Veteri
1968 5080 2158 5137 Testa-

580 5178 764 5232 mento
789 5168 1033 5243 loquens,
1060 5169 1298 5241 priorem
1322 5170 1517 5235 Adam,
1543 5171 1636 5225 Dei
1658 5171 2017 5227 subvertenda
2036 5187 2160 5227 sen-

581 5244 993 5328 teutiarn,prins
1006 5260 1319 5331 deceperat.
1361 5259 1487 5327 Cur,
1520 5262 1712 5332 inquit,
1742 5263 1983 5333 prazcepit
2017 5261 2159 5316 nobis

579 5346 811 5410 Benene
829 5351 1173 5427 medentis.
1185 5366 1250 5407 ea:
1268 5352 1412 5405 omni
1433 5351 1575 5422 ligno
1599 5351 1876 5422 paradisi?
1899 5351 2053 5424 (Gen.
2073 5369 2159 5420 ιιι,

582 5435 660 5506 1,)
684 5435 838 5503 Quod
864 5440 1103 5497 omnino
1128 5450 1342 5497 constat
1365 5441 1532 5497 Deum
1562 5457 1667 5498 non
1696 5443 1917 5508 dixisse,
1949 5443 2066 5509 sed,
2101 5453 2163 5499 ut

580 5538 819 5587 mentem
844 5532 1089 5597 subruat,
1118 5535 1428 5590 mentiendo
1453 5537 1706 5608 prmcepli
1736 5537 1947 5607 pondus
1991 5552 2159 5609 exag-

574 5628 751 5690 gerat.
781 5620 857 5674 Ac
897 5621 1090 5679 deinde
1116 5633 1239 5695 post
1285 5626 1444 5681 dubia
1493 5626 1825 5691 infidelitatis
1874 5642 2152 5699 respousa,

2263 4542 2427 4596 quam
2454 4527 2688 4598 primum
2726 4529 3000 4585 hominem
3040 4545 3136 4585 sua
3178 4533 3479 4586 teutatioue
3519 4521 3821 4595 deiecit.‘i"

2265 4627 2407 4673 stum
2441 4619 2665 4674 omnino
2696 4617 2796 4673 fuit
2833 4628 2895 4674 ut
2921 4636 3026 4675 non
3054 4619 3227 4675 solum
3255 4629 3558 4676 tentaretur
3575 4615 3818 4672 Christus,

2269 4725 2457 4766 verum
2483 4718 2539 4764 et
2569 4710 2623 4763 in
2648 4710 2757 4765 illis
2791 4702 3106 4782 eisdemque
3146 4712 3486 4782 passionihus
3530 4708 3820 4764 tentaretur.

2265 4806 2630 4876 incorruptam
2660 4806 2753 4862 Dei
2777 4807 3067 4878 imaginem
3118 4815 3185 4863 ac
3224 4808 3624 4862 similitudinem

2262 4897 2420 4965 deus,
2449 4899 2502 4953 in
2534 4899 2730 4968 quibus
2755 4908 2813 4954 et
2849 4900 3021 4955 Adam
3059 4901 3269 4971 primus
3297 4906 3531 4956 tentatus
3568 4902 3670 4958 est,
3715 4894 3821 4943 οιιιιι

2262 4990 2439 5046 adhuc
2463 4990 2516 5045 in
2540 4990 2629 5045 illa
2659 4992 2912 5047 inviolata
2941 4992 3035 5048 Dei
3058 4991 3292 5062 imagine
3341 4992 3679 5063 perduraret.
3719 4986 3823 5049 (1⁸³³⁵

2260 5089 2387 5136 δοίη
2430 5083 2836 5154 ﬁastrimargia,
2868 5084 3185 5146 cenodoxia,
3227 5076 3502 5152 superbia.
3541 5070 3688 5155 Unde
3732 5076 3831 5122 nec

2261 5173 2316 5227 in
2342 5174 2538 5244 quibus
2565 5184 2689 5244 post
2709 5176 3219 5245 pmvaricationem
3239 5166 3481 5228 tuendati
3501 5170 3669 5237 Adam
3694 5160 3823 5217 datur

2266 5273 2450 5329 natur,
2480 5271 2535 5318 et
2560 5264 2813 5334 deinceps
2835 5281 2935 5321 suo
2955 5268 3009 5322 in
3048 5265 3182 5321 vitio
3224 5264 3546 5323 devolvitur,
3600 5248 3822 5314 Christus

2264 5362 2503 5412 tentatus
2529 5358 2633 5421 est,
2665 5356 2767 5411 sed.
2788 5342 2841 5411 in
2857 5357 3062 5427 'qnihus
3090 5352 3247 5415 antea
3272 5340 3513 5414 tentatus
3539 5358 3593 5407 et
3618 5354 3823 5417 super?

2265 5455 2353 5502 tus
2375 5445 2592 5518 legitur.
2625 5445 2889 5503 Tentatus
2913 5454 2998 5504 est
3037 5455 3216 5504 autem
3256 5442 3649 5520 gastrima’rgiat
3687 5430 3825 5489 vitio.

2256 5538 2476 5606 quando
2504 5539 2634 5609 ligni
2672 5539 2948 5596 interdicti
2986 5540 3337 5611 praesumpsit
3364 5536 3629 5618 edulium.
3668 5525 3825 5621 06W;

2261 5632 2418 5691 doxia
2451 5646 2600 5697 vero,
2624 5634 2842 5702 quando
2867 5634 3068 5688 dictum
3110 5643 3191 5689 est
3239 5635 3285 5687 ei
3320 5648 3334 5687 :
3366 5612 3676 5701 Aperirmur
3702 5611 3822 5673 οειιιὶ
