4000 6362
225 338 306 392 I97
980 331 1343 388 EXPOSITIO
1383 332 1447 386 IN
1493 328 1800 386 ΜΑΤΊΊΙᾹΞ

1865 327 1927 380 .\l.
1956 357 2021 366 —
2061 324 2187 379 ιλιι.
2227 326 2315 394 lll,
2352 331 2503 388 CAP.
2557 332 2645 395 IV.
3076 351 3082 358 '
3349 338 3445 392 llis

219 445 366 504 miri.
390 442 553 496 Porro
582 440 832 512 superbia
855 440 1094 508 dejectus
1121 451 1247 494 tunc
1273 441 1500 505 exstitit,
1544 441 1761 510 quando
1790 445 1835 502 Α
1864 439 1969 492 Διιι
1989 441 2119 509 quid
2147 455 2386 510 agemus,
2419 457 2540 496 cum
2567 444 2683 513 ipse
2734 458 2832 512 per
2877 460 2936 500 se
2966 445 3211 502 diabolus
3239 463 3443 503 concu-

218 543 392 593 dictutn
447 541 525 588 est
564 532 614 586 ei
650 550 662 586 :
709 531 872 585 Erilis
914 532 1172 594 sicutdii,
1215 533 1432 587 scientes
1475 531 1666 584 bonum
1715 540 1762 583 et
1821 567 1825 576 .
1867 529 2156 596 piscentias
2179 531 2330 584 carni
2360 532 2570 595 insitas,
2594 535 2772 588 acrius
2801 535 2961 606 213
2999 536 3354 601 inﬂammare,
3388 547 3446 593 et

217 628 405 682 malum.
434 625 489 678 In
522 624 608 677 his
633 639 762 693 ergo
783 623 956 676 tribus
979 623 1124 675 vitiis
1151 623 1313 676 etiam
1348 623 1629 676 Dominum
1653 621 1765 676 Sal-
1865 621 2007 689 quod
2050 623 2266 691 gravius
2309 632 2413 688 est,
2455 626 2607 694 quasi
2665 642 2732 680 ex
2781 630 3102 685 auctoritate
3141 631 3440 688 divinarum

217 733 425 776 vatorem
455 718 684 786 legimus
715 725 975 770 tentatum
1001 715 1184 769 fuisse.
1217 713 1608 785 Gastrimargia
1645 714 1763 784 qui-
1865 708 2288 780 Scripturarum,
2319 724 2552 769 mentem
2581 726 2637 770 ιιι
2667 719 2888 772 seducet
2926 722 3166 778 atrocius
3213 722 3440 778 delinire

215 815 336 873 dem,
360 824 478 863 cum
501 822 817 877 persuasum
843 816 926 860 est
951 806 998 859 ei
1022 823 1050 858 a
1081 805 1314 870 diabolo,
1347 806 1446 859 Dic
1482 817 1537 859 ut
1565 807 1762 876 lapides
1865 817 1928 855 ac
1953 803 2212 858 seducere
2240 807 2507 874 cmperit?
2532 808 2594 860 Et
2617 810 2759 878 quod
2805 811 2984 866 adlmc
3026 812 3295 869 infelicius
3333 794 3440 878 est,

213 903 285 955 ειιί
305 917 453 969 panes
480 899 653 966 ﬁam,-
683 897 998 959 cenodosia,
1025 895 1086 950 Si
1111 894 1280 950 Filius
1313 895 1408 948 Dei
1446 912 1520 958 es,
1551 896 1695 949 mitte
1715 905 1763 948 le
1861 887 1971 958 jam
2003 891 2128 946 hinc
2185 893 2456 963 colligitur
2499 898 2761 952 universis
2810 916 2930 968 qua:
2965 901 3018 955 in
3073 904 3272 959 mundo
3317 914 3444 960 sunt

208 994 456 1054 deorsum;
482 989 758 1057 superbia,
783 1004 904 1042 cum
929 987 1218 1040 ostendens
1260 986 1332 1038 illi
1374 987 1552 1040 omnia
1598 1001 1760 1056 regna
1863 991 2050 1036 contra
2078 999 2196 1049 nos,
2234 995 2292 1038 ut
2317 987 2447 1047 suis,
2476 989 2645 1054 utitur
2688 993 2874 1046 armis.
2921 994 3058 1060 Quid
3099 1010 3226 1065 ergo
3258 996 3439 1050 anima

211 1081 365 1135 mundi
389 1091 444 1134 et
477 1079 704 1150 gloriam
731 1092 916 1132 eorum
948 1078 1312 1146 repromittit:
1353 1075 1481 1130 Ηιεε
1525 1078 1618 1130 tibi
1652 1095 1761 1130 om-
1865 1073 2007 1128 inter
2031 1075 2397 1143 hujuscemodi
2427 1095 2586 1134 casus
2616 1081 2818 1137 factura
2861 1088 2982 1139 est?
3030 1085 3160 1140 Nam
3205 1088 3339 1142 nihil
3387 1089 3439 1142 in

210 1176 284 1226 ηξη
311 1173 457 1235 dabo,
481 1171 739 1223 εξταάεηε
761 1170 1064 1222 αάοναυεήε
1099 1184 1216 1223 me:
1252 1180 1310 1222 ιιι
1336 1170 1538 1223 eisdem
1565 1170 1762 1238 quibus
1864 1166 2064 1218 mundo
2105 1176 2185 1220 est
2217 1169 2316 1220 ιιίδί
2363 1173 2791 1239 concupiscentia
2836 1178 3036 1242 carnis,
3082 1187 3136 1232 et
3185 1179 3440 1250 concupi-

207 1265 437 1320 nituirum
464 1263 552 1318 ille
583 1263 936 1316 tentationum
953 1260 1118 1316 lineis
1146 1262 1415 1331 appetitus
1443 1272 1546 1325 est,
1589 1271 1760 1317 tenta-
1864 1255 2068 1308 scentia
2105 1257 2403 1322 oculorum,
2446 1269 2607 1328 atque
2648 1265 2895 1331 superbia
2948 1267 3087 1318 vitze.
3140 1268 3196 1320 In
3243 1269 3440 1336 quibus

207 1366 356 1420 mm;
382 1364 437 1409 ει
459 1369 558 1408 nos
587 1367 798 1422 quoque
817 1353 1266 1422 quemadmmmm
1293 1362 1614 1409 ieiuniorem
1641 1354 1760 1408 νίη-
1862 1347 2115 1402 nimirum
2162 1350 2330 1404 tribus
2362 1353 2642 1407 sententiis
2674 1355 2960 1424 Apostolus
2993 1357 3040 1424 (1
3065 1359 3224 1412 Joan.
3257 1374 3318 1421 ll,
3344 1359 3434 1426 l6)

199 1461 314 1499 cere
333 1445 648 1499 deberemus
668 1460 768 1497 suo
792 1444 1108 1512 perdoceret
1135 1444 1400 1512 exemplo.
1427 1445 1655 1514 Ideoque
1703 1454 1759 1500 οι
1874 1437 2123 1490 universa
2168 1441 2518 1494 tentationum
2553 1458 2747 1511 genera
2783 1446 3205 1514 comprehendit.
3233 1447 3294 1501 Et
3317 1449 3438 1502 ideo

205 1538 288 1591 ine
313 1537 489 1601 Adam,
512 1545 568 1591 ει
596 1537 700 1591 iste
718 1537 889 1590 Adam
923 1536 1156 1591 dicitur:
1194 1537 1280 1591 ille
1311 1538 1526 1606 quidem
1552 1539 1758 1606 primus
1861 1527 2133 1583 Dominus
2171 1531 2284 1584 lucc
2315 1533 2490 1586 omnia
2522 1534 2572 1586 in
2618 1550 2676 1586 se
2719 1535 2834 1588 sine
2872 1537 3188 1606 contagione
3233 1537 3434 1606 peccati

169 1663 171 1665 ,
211 1628 272 1681 ,τι
299 1629 487 1682 minam
513 1629 567 1681 ίη
599 1637 864 1692 nionem,
896 1627 985 1680 hic
1015 1641 1144 1680 γει-ο
1182 1627 1388 1696 primus
1417 1629 1483 1681 ad
1516 1643 1756 1684 resurre-
1857 1619 2120 1674 vincenda
2160 1626 2418 1693 suscepit,
2463 1636 2519 1679 ιιι
2556 1627 2710 1680 miles
2732 1629 2985 1692 disceret,
3010 1631 3136 1698 quid
3167 1646 3268 1683 una
3309 1645 3434 1685 cum

203 1719 412 1773 οιὶοηειη
432 1728 487 1773 οι
511 1720 703 1774 virum,
733 1719 801 1774 Et
821 1719 865 1773 si
897 1719 1029 1773 velis
1051 1721 1232 1773 omnia
1263 1720 1423 1789 212
1471 1722 1754 1791 diligenter
1862 1714 2032 1781 gratia
2061 1713 2150 1766 Dei
2173 1712 2376 1782 jugiter
2407 1726 2609 1786 ageret,
2643 1734 2763 1788 qua:
2805 1720 3056 1774 vitiorum
3096 1721 3328 1777 recidiva
3375 1719 3433 1775 in

199 1811 504 1878 perspicere,
537 1811 799 1876 invenies,
829 1812 968 1866 sicut
1006 1812 1136 1866 dicit
1171 1813 1253 1882 Ap
1275 1814 1478 1874 'stolus,
1506 1814 1556 1867 in
1581 1815 1754 1882 primo
1786 1795 1828 1853 Β
1855 1821 1913 1859 se
1941 1807 2227 1877 Pronigarc
2250 1811 2544 1864 debuisset.

189 1896 400 1950 ﬁrmam
433 1898 599 1953 futuri
626 1915 766 1963 esse,
811 1913 1008 1970 printer
1035 1902 1178 1969 quod
1207 1901 1296 1954 ille
1337 1903 1400 1955 ad
1435 1904 1644 1956 ruinam
1675 1904 1755 1959 di-
1927 1896 1981 1949 In
2001 1908 2234 1951 montem
2261 1907 2436 1952 autem
2463 1915 2585 1954 eum
2613 1903 2966 1972 assumpsisse
2990 1903 3108 1956 ideo
3133 1903 3349 1965 dicitur,
3375 1911 3434 1956 ut

196 1988 375 2055 lapsus,
400 1989 491 2044 hic
519 2005 647 2044 vero
671 1991 722 2044 in
748 1991 1148 2046 similitudinem
1193 1992 1373 2046 carnis
1415 1994 1620 2062 peccati
1666 2009 1754 2048 ve-
1855 1999 1918 2038 ex
1951 2001 2015 2039 eo
2037 1986 2154 2040 loco
2175 2004 2328 2043 mons
2355 1990 2482 2060 'l‘yri
2523 1992 2833 2046 vulneratus
2863 2009 2890 2046 a
2921 2004 3102 2046 monte
3126 1994 3240 2057 Dei,
3269 2009 3432 2063 super

191 2080 326 2132 aiens
349 2081 535 2134 omnia
575 2082 628 2134 in
653 2081 845 2135 meiius
873 2097 970 2151 per
1004 2082 1220 2136 easdem
1252 2081 1421 2136 tineas
1461 2085 1750 2152 reparavit,
1856 2093 2013 2146 quem
2049 2081 2225 2133 omnis
2250 2096 2446 2135 avarus
2487 2083 2732 2152 erigitur,
2761 2085 3062 2137 evidentius
3099 2087 3426 2155 signaretur.

188 2169 323 2224 "Unde
345 2181 399 2224 et
425 2172 481 2224 in
513 2172 716 2226 eisdem
743 2188 865 2226 eum
902 2173 1050 2227 vitiis
1096 2173 1340 2228 diabolus
1384 2183 1601 2228 tantum
1642 2185 1754 2230 ten-
1855 2168 1968 2224 Non
1989 2172 2131 2240 quod
2165 2170 2320 2226 Jesus
2342 2174 2530 2242 Spiritu
2565 2177 2828 2244 superbiae
2854 2175 3068 2230 inﬂatus
3095 2191 3161 2230 eo
3188 2192 3293 2245 quo
3315 2177 3444 2245 ipse-

190 2270 271 2325 lat,
289 2262 336 2314 in
361 2264 567 2332 quibus
591 2273 644 2316 et
668 2263 816 2317 illum
842 2265 1076 2332 primum
1103 2265 1428 2334 deceperat;
1459 2265 1753 2334 conﬁciens
1847 2259 2078 2324 corruit,
2127 2261 2195 2314 sit
2224 2259 2399 2315 elatus
2420 2302 2436 2326 ,
2487 2263 2582 2316 sed
2620 2279 2780 2331 super
2811 2265 3106 2332 quemlibet
3162 2277 3429 2319 terrarum

181 2353 310 2406 ibunc
341 2368 566 2422 quoque
593 2353 916 2424 simpliciter
937 2354 1082 2408 velut
1123 2355 1416 2419 hominem,
1443 2355 1503 2409 in
1543 2356 1754 2410 exieris
1855 2358 2089 2404 montem
2135 2351 2445 2413 assumitur,
2489 2361 2548 2404 ut
2586 2361 2978 2405 monstraretur
3020 2355 3274 2422 apertius,
3324 2369 3432 2424 quo

183 2444 526 2508 “ludendum,
553 2445 600 2500 si
630 2461 753 2500 eum
783 2446 834 2500 in
869 2446 974 2499 illis
1013 2445 1210 2515 quibus
1229 2446 1464 2516 priorem
1485 2446 1754 2515 dejecerat
1855 2438 1965 2508 ipse
1991 2442 2353 2495 trausvehitur
2374 2442 2464 2510 qui
2495 2443 2736 2496 avaritiae
2766 2445 2986 2498 testibus
3019 2445 3252 2499 inﬂatur.
3279 2445 3428 2500 Alio-

185 2533 354 2587 elisum
386 2534 673 2589 sensisset.
724 2534 857 2589 Nam
908 2536 1052 2604 quod
1100 2534 1273 2588 Lucas
1318 2536 1458 2589 hunc
1505 2536 1751 2590 ordinem
1853 2533 1980 2601 quin
2030 2534 2210 2587 omnia
2260 2549 2422 2604 regna
2451 2535 2633 2588 mundi
2662 2545 2716 2590 et
2746 2536 2968 2606 gloriam
2993 2552 3178 2589 eorum
3208 2536 3430 2589 minime

182 2625 502 2687 transcribit,
529 2642 634 2680 non
649 2640 714 2679 ex
744 2626 1031 2696 imperitia,
1054 2627 1146 2680 sed
1175 2641 1273 2694 pro
1298 2627 1552 2697 mysterio
1578 2635 1753 2680 trans-
1847 2623 2175 2694 locupletius
2225 2629 2540 2696 possidebit,
2570 2629 2669 2682 nisi
2723 2630 2884 2682 fuerit
2923 2645 3081 2697 supra
3111 2629 3430 2682 fundamen-

184 2717 409 2770 mutavit.
446 2716 734 2786 Siquidem
783 2718 836 2771 in
869 2717 1112 2786 utrisque
1140 2714 1346 2770 d'actum
1377 2725 1461 2768 est
1487 2724 1624 2768 utet
1664 2731 1753 2770 ve-
1854 2721 1962 2766 tuln
1993 2716 2254 2784 superbiae
2281 2718 2722 2786 transplantatus.
2749 2716 2882 2770 Nam
2917 2734 3042 2772 vere
3070 2719 3299 2774 humiles
3325 2733 3432 2774 non

155 2810 297 2879 “ritas
323 2811 600 2880 reigesta:
621 2819 895 2879 appareat,
916 2811 1227 2879 atqueordo
1253 2809 1563 2862 tentationis
1588 2807 1748 2871 Athe;
1853 2803 1954 2857 nisi
2007 2803 2057 2856 in
2113 2805 2339 2858 Domino
2384 2805 2701 2875 gloriantur.
2763 2805 2954 2860 Omnia
3017 2816 3199 2860 autem
3263 2822 3432 2876 regna

183 2898 355 2956 deinde
391 2911 455 2956 ut
497 2901 782 2956 moraliter
815 2901 881 2954 ad
918 2901 1200 2970 prazsentis
1239 2898 1494 2968 temporis
1544 2899 1751 2968 reliqua
1853 2893 2034 2946 mundi
2071 2895 2118 2946 ei
2145 2895 2342 2948 dicitur
2379 2896 2701 2957 ostendisse,
2731 2896 2981 2951 videlicet
3021 2898 3200 2951 omnia
3228 2913 3348 2966 quze
3374 2896 3430 2952 in

183 2991 600 3047 ροηῖοι-ιηεηιυτ,
627 2992 762 3047 Hinc
792 3002 875 3046 esi
919 2992 1172 3046 nimirum
1229 2990 1372 3060 ιιυοι]
1415 2989 1595 3044 Lucas
1641 3003 1753 3042 me.
1852 2984 2050 3036 mundo
2077 2995 2298 3052 possunt
2319 3000 2437 3039 esse
2460 2987 2921 3056 concupiscibilia,
2947 2988 2999 3041 in
3025 2988 3222 3058 quibus
3246 2988 3431 3043 mundi

181 3084 304 3137 diam
327 3086 484 3153 ponit
513 3085 821 3148 avaritiam,
844 3083 1227 3137 ultiinatnvero
1250 3081 1592 3149 superbiam;
1625 3080 1749 3148 quia
1785 3141 1820 3153 η
1855 3083 2125 3128 amatoues
2183 3085 2424 3146 regnant.
2480 3075 2574 3130 Vel
2609 3089 2758 3131 certe
2809 3078 3125 3147 simpliciter
3166 3079 3434 3148 accipien-

177 3141 536 3245 etiam'usqne
591 3175 645 3229 in
692 3141 852 3229 [incili
895 3175 1022 3228 vim
1073 3182 1200 3243 post
1250 3141 1439 3226 omnes
1489 3141 1749 3224 viriut-um
1777 3141 1822 3202 (ἶ
1854 3164 2001 3229 dum,
2039 3173 2095 3216 ut
2129 3141 2346 3234 quidam
2397 3167 2598 3230 volunt,
2633 3168 2775 3237 quod
2808 3141 3260 3238 illo'suggerente
3282 3141 3432 3222 totus

182 3262 466 3334 triumphos
496 3266 692 3319 saevire
728 3281 832 3320 non
862 3272 1058 3319 cessat.
1090 3262 1218 3316 Nam
1251 3263 1306 3315 in
1353 3276 1420 3315 eo
1464 3261 1606 3329 quod
1651 3260 1746 3323 ait,
1855 3254 2084 3307 mundus
2115 3255 2166 3308 in
2215 3267 2488 3310 momento
2533 3258 2680 3311 visus
2726 3259 2794 3312 ab
2846 3273 2911 3312 eo
2955 3259 3182 3313 dicatur.
3217 3259 3283 3312 Et
3330 3273 3432 3313 nec

179 3355 288 3420 quia
317 3355 367 3408 in
395 3365 681 3410 ωοηιεηιο
705 3355 1002 3411 ostenderit
1047 3355 1095 3409 ei
1123 3353 1301 3408 omnia
1343 3367 1508 3424 regna
1543 3352 1747 3417 mundi,
1855 3344 2072 3413 mirtnn,
2105 3360 2226 3399 cum
2269 3356 2320 3399 et
2353 3348 2554 3401 eximio
2578 3348 2694 3401 viro
2716 3347 3026 3412 Benedicto,
3055 3364 3218 3418 quam
3253 3351 3432 3404 subito

177 3447 339 3509 passio
367 3446 720 3516 philargyrize
740 3447 1128 3500 convenienter
1156 3444 1441 3514 accipitur.
1483 3443 1550 3497 Et
1601 3444 1654 3498 in
1685 3459 1750 3498 eo

1854 3433 1906 3487 in
1937 3434 2167 3502 sphzera,
2191 3444 2480 3504 antequam
2502 3438 2676 3491 exiret
2699 3453 2730 3490 e
2754 3453 3000 3506 corpore,
3034 3439 3229 3492 dicitur
3249 3449 3434 3493 osten-

178 3535 308 3599 quod
331 3533 567 3598 dixit,Si
598 3535 767 3590 Filius
789 3535 882 3590 Dei
898 3550 978 3599 es,
1007 3535 1158 3589 mitte
1185 3543 1238 3589 te
1263 3535 1536 3597 deorsum,
1569 3548 1751 3602 super-
1853 3541 1974 3589 sus;
2008 3537 2210 3593 quanto
2253 3529 2422 3596 magis
2467 3529 2535 3581 ab
2583 3529 2698 3596 ipso
2743 3527 2968 3582 Domino
3008 3529 3221 3583 Christo
3271 3531 3430 3584 simul

179 3621 275 3676 hia:
299 3628 577 3693 persuasio
611 3625 766 3694 juxta
820 3629 959 3681 hunc
1007 3626 1181 3680 locum
1225 3634 1371 3679 recte
1414 3624 1746 3691 intelligitur.
1851 3618 2024 3684 potuit
2055 3617 2106 3671 in
2131 3627 2403 3672 momento
2442 3621 2632 3682 videri,
2659 3620 2747 3688 qui
2796 3621 2953 3673 simul
2981 3636 3194 3690 semper
3215 3623 3434 3691 conspi-

179 3711 330 3783 ErgO,
360 3717 481 3782 quia
512 3718 639 3771 dum
662 3717 1036 3788 gastrimargia
1059 3733 1180 3770 eum
1209 3729 1462 3785 superare
1486 3713 1748 3782 nequivit,
1853 3707 1928 3760 cit
1957 3707 2243 3761 universa?
2272 3707 2336 3761 Et
2363 3709 2500 3762 bene
2528 3709 2580 3762 in
2613 3719 2906 3772 momento,
2947 3711 3100 3780 juxta
3130 3713 3270 3780 quod
3299 3713 3436 3766 alius

177 3807 341 3861 omisit
369 3808 680 3872 libidinem,
710 3817 905 3878 etqua:
931 3810 997 3862 de
1019 3808 1136 3878 gula
1163 3815 1471 3868 nascuntur,
1504 3813 1559 3860 et
1586 3813 1753 3859 trans-
1853 3800 2183 3868 cvangclista
2233 3810 2437 3866 narrat,
2481 3802 2604 3870 quia
2644 3818 2804 3856 omne
2845 3803 3103 3873 quidquid
3152 3805 3205 3858 in
3236 3806 3436 3858 inundo

179 3897 333 3952 currit
375 3901 442 3952 ad
501 3899 917 3970 philargyriam,
952 3914 1113 3969 quam
1161 3913 1263 3967 pro
1315 3907 1468 3952 certo
1513 3897 1748 3950 radicem
1848 3903 1956 3956 est,
1987 3892 2150 3946 breve
2194 3909 2256 3946 ac
2288 3903 2722 3948 momentaneutn
2761 3910 2880 3949 esse
2925 3897 3286 3951 convincitur.
3328 3897 3434 3951 Sed

183 3991 398 4044 omnium
426 3992 702 4044 malorum
727 4000 966 4045 noverat.
997 3990 1114 4056 Quo
1147 3989 1330 4057 utique
1351 3987 1494 4042 illico
1523 4001 1749 4055 supera-
1853 3982 2074 4051 gloriam
2103 3983 2295 4037 horum
2329 3999 2435 4052 quo
2456 3983 2679 4039 visionis
2703 3985 2861 4039 oculo
2890 3985 3141 4041 Salvator
3189 3988 3435 4058 inspexe-

179 4087 270 4143 tus,
293 4081 497 4135 nullum
525 4082 573 4135 ei
601 4082 789 4134 vitium
820 4096 884 4135 ex
915 4081 1000 4134 his
1027 4094 1146 4149 qua:
1183 4079 1550 4147 sequebantur
1580 4076 1746 4138 illam,
1853 4074 1944 4138 rit,
1986 4090 2090 4128 non
2147 4075 2378 4129 absurde
2422 4075 2701 4144 quzeritur,
2758 4091 2826 4129 ne
2869 4076 3030 4142 forte,
3073 4079 3215 4146 quod
3249 4078 3430 4134 absit!

179 4184 327 4226 ausus
357 4184 441 4228 est
467 4174 752 4243 ingerere;
780 4174 873 4226 sed
899 4173 966 4226 ad
993 4180 1291 4225 extremam
1321 4167 1584 4237 superbiae
1628 4181 1751 4236 pas-
1853 4163 1998 4216 illam
2025 4165 2476 4232 concupiscenti-ee
2507 4165 2666 4219 oculo
2696 4166 2920 4220 intuitus
2948 4167 3298 4238 intelligatur,
3327 4185 3438 4240 quo

173 4261 361 4317 sionem
412 4264 698 4325 transiliit,
750 4279 853 4332 qua
913 4269 1140 4315 noverat
1191 4258 1458 4329 perfectos
1507 4271 1751 4327 quosque
1854 4268 1974 4315 nos,
2003 4254 2295 4322 depravalo
2332 4255 2527 4308 mentis
2550 4265 2790 4325 aspectu,
2825 4258 3077 4326 quaelibet
3100 4261 3437 4331 concupisci-

175 4349 314 4417 tiosse
367 4352 602 4422 pulsari.
669 4352 724 4406 in
755 4352 948 4421 quibus
996 4351 1170 4404 tribus
1207 4349 1386 4404 omnia
1439 4347 1565 4401 vitia
1617 4347 1749 4400 sibi-
1854 4346 1981 4401 bilia
2013 4347 2526 4416 circumplectimur.
2559 4347 2664 4402 Sed
2690 4350 2736 4402 si
2787 4350 2840 4403 in
2873 4361 3052 4406 tuente
3092 4351 3191 4404 fuit
3221 4352 3321 4406 ista
3356 4369 3441 4408 re-

173 4454 267 4495 met
313 4443 586 4498 foederata
638 4453 915 4512 perempta
957 4443 1159 4512 jacent.
1204 4439 1356 4494 Unde
1386 4448 1441 4493 et
1480 4436 1750 4502 diabolus,
1784 4487 1829 4546 Β
1859 4454 1977 4491 rum
2001 4439 2262 4500 ostensio,
2293 4454 2358 4492 eo
2379 4439 2634 4492 nitnirum
2683 4449 2901 4508 aspectu
2942 4441 3096 4510 juxta
3127 4443 3442 4496 humanita-

173 4531 346 4588 videns
376 4551 478 4604 per
508 4534 752 4605 singulos
788 4532 1102 4587 tentationis
1125 4547 1236 4585 suae
1259 4529 1458 4598 gradus
1498 4543 1558 4582 se
1593 4543 1750 4597 supe—
1784 4526 1828 4546 "
1859 4539 1964 4582 tem
1987 4526 2105 4589 fuit,
2137 4543 2244 4596 quo
2271 4528 2463 4582 medici
2507 4527 2680 4582 solent
2719 4531 3036 4600 conspicere
3084 4532 3264 4585 omnia
3297 4547 3445 4587 mor-

173 4625 290 4688 rari,
318 4635 488 4695 auget
532 4624 772 4688 fraudes,
801 4624 946 4678 acuit
973 4621 1210 4692 ingenia.
1240 4620 1306 4673 Et
1327 4619 1502 4689 primo
1529 4616 1752 4688 apponit.
1857 4619 2046 4673 borum
2088 4632 2282 4688 genera
2314 4619 2430 4672 sine
2463 4618 2573 4672 ullo
2613 4619 2850 4674 lmsionis
2880 4621 3121 4683 vulnere,
3177 4632 3234 4676 ut
3262 4631 3315 4676 et
3349 4639 3448 4694 per

172 4718 351 4770 esuriei
383 4718 621 4787 lapides,
658 4727 718 4771 ut
742 4718 1035 4787 potentiam
1066 4715 1326 4784 exploret.
1369 4723 1424 4767 et
1470 4715 1751 4768 continen-
1857 4710 1958 4764 hoc
1986 4711 2054 4764 ab
2094 4710 2176 4763 his
2225 4724 2351 4763 suos
2378 4711 2578 4764 mederi
2620 4711 2829 4779 possint
2880 4723 3131 4782 mgrotos,
3181 4713 3347 4786 215
3395 4721 3451 4768 et

173 4807 287 4860 tiam
317 4809 580 4876 frangat;
607 4807 843 4861 secundo
865 4807 1029 4860 etiam
1055 4821 1120 4860 ex
1152 4805 1349 4859 divinis
1374 4805 1593 4869 litteris,
1622 4821 1752 4874 qua-
1855 4802 2014 4857 saluti
2043 4819 2230 4858 eorum
2265 4805 2354 4873 qni
2386 4803 2620 4857 nondum
2659 4805 2896 4872 corrupti
2931 4814 3076 4870 sunt,
3110 4807 3450 4860 consulendo

175 4900 295 4950 sie:
332 4899 671 4953 auctoritate
720 4899 902 4952 divina
949 4897 1300 4966 persuadens,
1346 4906 1404 4950 ut
1449 4897 1752 4950 demulceat
1855 4896 2167 4966 diligentius
2195 4898 2500 4968 providere.
2549 4897 2702 4964 Quod
2741 4907 2921 4952 autem
2951 4899 3066 4952 ait:
3102 4897 3229 4952 ’Iﬂ’C
3264 4915 3345 4951 om
3361 4899 3448 4950 m'u

174 4985 375 5053 laqueos
400 4997 582 5057 parat.
604 4987 788 5042 Tertio
810 5001 958 5052 vero,
977 4999 1051 5042 ac
1075 4986 1119 5040 si
1154 4987 1206 5039 in
1234 5001 1293 5040 se
1315 4986 1509 5048 victus,
1536 4987 1751 5040 nniver-
1860 4989 1952 5040 tibi
1976 4987 2130 5050 dabo,
2155 5003 2221 5042 ex
2254 4986 2563 5057 arrogantia
2603 4987 2904 5042 descendit.
2941 4987 3056 5041 Non
3103 4988 3243 5056 quod
3274 4987 3328 5040 in
3368 4997 3448 5041 ιο-

174 5091 222 5128 sa
249 5080 506 5134 vitiorum
546 5080 849 5144 molimina,
893 5090 947 5134 et
989 5095 1140 5132 arma
1166 5078 1424 5148 potentia!
1462 5095 1573 5133 sua:
1615 5079 1750 5133 artis
1863 5089 1972 5134 tum
2019 5082 2275 5134 mundtun
2321 5081 2516 5135 habeat
2551 5090 2898 5150 potestatem,
2942 5090 3000 5135 ut
3042 5081 3211 5151 possit
3259 5083 3448 5136 omnia

171 5170 335 5222 coram
368 5170 556 5225 oculis
577 5172 762 5240 ponit;
792 5181 1061 5240 quatenus
1094 5170 1146 5224 in
1188 5185 1289 5233 eo,
1317 5169 1362 5223 si
1400 5169 1530 5237 quid
1563 5170 1749 5224 deesse
1860 5190 2023 5244 regna
2054 5174 2236 5228 mundi
2265 5175 2414 5240 dare,
2444 5175 2536 5229 sed
2568 5183 2628 5228 ut
2679 5174 2817 5228 male
2850 5175 3172 5245 persuadeat
3200 5187 3258 5229 se
3289 5175 3448 5245 prius

174 5262 325 5323 possit
362 5262 523 5325 mali,
557 5273 712 5316 meus
748 5260 1240 5316 blandimentorum
1287 5261 1497 5331 laqueis
1539 5261 1746 5315 irretita
1857 5265 2108 5327 adorare,
2143 5273 2198 5317 et
2221 5278 2318 5332 per
2349 5264 2451 5317 hoc
2479 5274 2608 5318 ante
2632 5272 2874 5326 corruat,
2906 5263 2995 5334 qui
3039 5262 3106 5315 ad
3154 5263 3440 5317 avaritiam

175 5352 320 5406 male
342 5345 538 5408 suasa
573 5362 757 5408 "rerum
809 5352 1124 5407 deliciarum
1177 5353 1430 5422 cupidine
1480 5352 1746 5422 capiatur.
1858 5345 2172 5420 divitiarum
2211 5355 2395 5410 venire
2423 5355 2663 5409 festinat.
2693 5353 2826 5407 Nam
2855 5362 2909 5408 et
2942 5353 3230 5424 Apostolus
3264 5354 3444 5408 avari-

179 5438 646 5517 libicogitandum
674 5446 806 5517 quid
847 5461 947 5501 nos
983 5447 1165 5501 miseri
1211 5445 1406 5501 facturi
1458 5462 1664 5512 sumus,
1693 5445 1746 5500 in
1854 5447 1984 5502 tiam
2033 5445 2350 5499 servitutem
2398 5443 2668 5499 idolorum
2724 5450 2996 5512 nuncupat
3042 5441 3178 5507 (Col.
3233 5458 3315 5508 ιιι,
3361 5441 3440 5512 5),

175 5535 354 5602 quibus
407 5540 738 5594 inest'virus
782 5539 1254 5608 concupiscentize,
1306 5547 1360 5593 et
1411 5539 1614 5609 peccati
1661 5538 1746 5593 lex
1850 5537 1978 5608 quia
2023 5535 2250 5606 quilibet
2277 5550 2474 5590 avarus
2512 5534 2651 5589 infra
2700 5530 2865 5602 pedes
2906 5532 3102 5586 diaboli
3149 5533 3290 5588 male
3318 5547 3444 5604 per-

178 5630 421 5684 membris
469 5632 724 5686 omnibus
769 5633 1118 5687 dominatur:
1147 5632 1218 5686 ita
1269 5640 1328 5685 ut
1373 5631 1746 5702 unusquisque
1849 5644 2042 5684 suasus
2063 5627 2442 5696 curvusjacet.

177 5725 396 5778 tentetur
427 5740 460 5777 a
495 5725 930 5792 concupiscentia
960 5741 1057 5779 sua
1087 5725 1392 5780 abstractus
1420 5733 1471 5779 et
1510 5724 1738 5779 illectus.
1879 5751 1882 5754 ~
1923 5719 2206 5791 Respondit
2243 5727 2416 5774 niuem
2457 5717 2502 5771 ei
2547 5715 2764 5769 dicens:
2804 5713 2941 5770 l'ade
2972 5727 3126 5783 retro,
3183 5715 3438 5773 Satanas.
