4000 6362
641 287 740 340 illi)

1457 285 1514 337 S.
1555 246 1907 339 l’ASCllASll
1953 281 2296 336 RADBERTI
2337 283 2627 338 ABBATIS
2666 283 3110 340 CORBEIENSIS

3751 306 3836 362 ιω

635 399 946 468 Congrutnn
996 411 1124 467 ergo
1173 397 1494 450 temeritatis
1534 415 1644 451 sum
1682 399 1884 453 exitum
1937 396 2202 451 sententia
2234 400 2280 457 Α
2307 395 2510 458 nerari,
2548 397 2702 466 juxta
2744 397 2884 464 quod
2926 400 3163 467 expedit,
3214 415 3321 452 non
3371 414 3578 473 propter
3619 409 3832 480 Scipsutn,

591 517 598 525 -
640 489 1007 558 responsionis
1059 488 1261 544 Christi
1299 491 1526 558 accepit,
1577 507 1698 543 cum
1750 501 1802 544 et
1835 491 2038 544 fraudis
2077 506 2208 553 stur,

638 595 747 649 qua
791 588 979 635 contra
1009 579 1348 642 moliebatur,
1380 580 1428 632 in
1458 579 1659 634 Satana
1693 581 1834 634 illico
1876 581 2214 650 reperculsus

640 671 858 724 nomine
892 670 1116 730 audivit,
1166 680 1327 740 atque
1373 681 1663 725 retrorsum
1695 673 1844 726 abire
1877 673 1998 740 jure
2043 675 2216 728 victus

638 762 955 831 promeruit.
993 759 1307 815 Retrorsum
1355 772 1533 816 autent
1582 764 1695 826 ire,
1740 780 1842 817 non
1886 767 2022 820 sicut
2055 764 2214 820 Petro

639 850 842 904 dictum
871 859 954 904 est
975 865 988 904 :
1007 849 1147 904 Vade
1174 863 1286 921 post
1305 853 1620 923 ~me(ﬂatth.
1647 871 1754 917 xvi,
1772 855 1887 926 9.3),
1908 857 2005 924 qui
2039 857 2214 911 adlmc

638 942 944 997 contrarius
968 959 1026 997 es
1049 943 1308 997 voluntati
1339 961 1468 1016 mea:
1486 986 1501 1009 ,
1533 957 1590 999 ut
1611 963 1726 1000 mea
1760 949 2004 1016 sequaris
2031 963 2215 1003 exem-

640 1032 732 1100 pla
763 1047 778 1086 :
809 1034 920 1096 sed,
949 1034 1084 1088 vade
1106 1043 1274 1099 retro,
1298 1037 1559 1090 czecitatis
1581 1047 1686 1091 tuzr
1698 1042 1966 1107 pravitate
1985 1041 2040 1094 in
2059 1041 2215 1110 abys-

637 1136 757 1176 sum
783 1121 1085 1186 dcmersus,
1115 1139 1220 1193 qua
1259 1141 1528 1194 nunquam
1561 1111 1614 1180 te
1637 1128 1814 1182 valeas
1837 1130 2134 1198 explicare,
2156 1140 2213 1184 et

637 1210 695 1263 in
718 1220 875 1266 antea
903 1228 1019 1281 qum
1043 1213 1175 1268 lucis
1197 1221 1602 1285 suntappetere,
1629 1219 1718 1286 qui
1739 1217 1914 1272 lucem
1930 1218 2212 1274 obfuscare

640 1303 752 1356 tuis
776 1303 1052 1358 fraudibus
1071 1306 1284 1359 conaris
1327 1307 1500 1360 modis
1530 1310 1798 1363 erunibus.

712 1393 977 1462 Scriptum
1007 1405 1082 1449 est
1111 1397 1267 1459 enim,
1306 1396 1496 1466 inquit,
1544 1399 1826 1454 Dominum
1857 1401 2020 1455 Deum
2063 1414 2209 1456 tuum

634 1485 901 1538 adorabis.
944 1486 1039 1541 Ubi
1077 1489 1354 1543 evidenter
1385 1493 1622 1545 ostendit
1658 1495 1798 1562 quod
1852 1497 2011 1548 homo
2056 1495 2210 1548 Chri-

635 1582 752 1627 stus
785 1583 842 1628 ut
877 1575 1015 1632 Deus
1044 1593 1107 1632 ac
1155 1579 1410 1634 Dominus
1455 1581 1526 1634 sit
1568 1582 1898 1647 adorandus,
1945 1594 2210 1653 quatenus

630 1667 934 1734 postposita
965 1669 1109 1722 omni
1147 1669 1391 1724 humanm
1417 1674 1698 1740 potestatis
1725 1674 1914 1742 gloria,
1945 1686 1997 1730 et
2026 1678 2206 1731 sazculi

2319 486 2410 540 sed
2443 496 2662 556 propter
2691 485 2880 550 Deum,
2914 499 2970 540 ut
3019 489 3156 542 Deus
3186 489 3237 542 itt
3271 491 3351 544 eis
3371 483 3674 556 acueretur.
3699 515 3725 552 a
3749 519 3833 572 quo

2320 577 2654 632 venerabiles
2695 588 2752 631 et
2795 578 2894 647 ipsi
2938 578 3068 632 facti
3115 580 3427 635 cretluntur.
3475 584 3703 656 Alioquin
3753 607 3837 648 non

2317 675 2444 722 sunt
2486 667 2742 721 adorandi
2777 685 3014 736 prorsus,
3052 669 3104 722 in
3151 681 3413 738 quantum
3459 690 3560 727 non
3591 689 3702 730 sunt
3746 684 3833 739 veri

2317 760 2411 814 dii.
2446 760 2748 829 Adhibendi
2787 761 3003 828 quidem
3047 772 3173 814 sunt
3210 763 3260 815 in
3291 765 3563 831 precibus;
3607 782 3834 824 γετιιηιιςι.

2317 865 2440 902 tuen
2477 863 2582 901 non
2614 858 2738 902 sunt
2780 850 3005 910 colendi,
3053 859 3110 902 ut
3159 860 3214 904 et
3256 852 3354 920 ipsi
3387 855 3536 922 quasi
3567 855 3697 911 Deus
3734 862 3836 911 ado-

2315 949 2523 993 rentur.
2557 939 2704 992 Facti
2741 940 2891 992 enim
2938 949 3063 993 sunt
3092 940 3423 996 venerabiles
3449 954 3660 1012 propter
3678 945 3837 1002 Deum.

2317 1027 2644 1096 Simpliciter
2675 1029 2727 1082 in
2757 1028 2837 1082 eis
2870 1028 3126 1083 Dominus
3165 1031 3435 1098 diligatur,
3479 1045 3688 1104 propter
3707 1051 3838 1105 quem

2311 1132 2363 1173 et
2395 1121 2494 1190 ipsi
2522 1122 2701 1175 dilecti
2731 1139 2760 1174 a
2791 1123 2944 1176 nobis
2978 1123 3324 1178 devotissime
3353 1137 3679 1181 venerantur.
3703 1128 3839 1183 Gete-

2315 1228 2432 1264 rum
2459 1213 2501 1266 si
2533 1214 2652 1281 quis
2681 1214 2750 1266 ab
2795 1214 2893 1269 hac
2939 1215 3120 1285 regula
3171 1217 3446 1271 catholica:
3486 1220 3603 1274 ﬁdei
3643 1224 3840 1289 qualibet

2311 1317 2466 1378 parte
2499 1310 2860 1374 succubuerit,
2905 1311 3113 1365 scilicet
3154 1321 3246 1364 aut
3292 1313 3591 1381 spernendo
3630 1323 3839 1376 sanctos,

2267 1463 2274 1468 ν
2311 1416 2380 1454 ne
2404 1401 2642 1456 debitam
2673 1403 2752 1456 eis
2800 1405 3199 1459 venerationem
3231 1407 3532 1476 impendat;
3585 1415 3669 1460 aut
3703 1418 3841 1472 certe,

2267 1529 2272 1534 ι
2312 1507 2433 1546 cum
2459 1508 2566 1546 non
2589 1493 2697 1545 sint
2722 1494 2864 1560 quod
2907 1493 3046 1548 Deus
3071 1505 3172 1558 est,
3200 1496 3301 1550 sibi
3335 1510 3428 1550 eos
3471 1497 3521 1548 in
3550 1496 3705 1550 Deum
3727 1511 3840 1566 prae.

2310 1581 2534 1637 ferendo
2573 1585 2887 1650 constituat,
2923 1585 3145 1640 omnino
3201 1602 3230 1640 a
3267 1586 3529 1656 religione
3568 1602 3700 1640 verae
3746 1589 3840 1640 lldt'l

2312 1673 2538 1726 nimium
2574 1685 2862 1729 extraneos
2883 1658 3176 1731 abe'rrabit.
3212 1675 3348 1730 Nam
3377 1686 3430 1730 et
3455 1675 3727 1746 Apostolus
3750 1691 3840 1727 mo-

633 1757 928 1812 ambitione
968 1759 1173 1813 calcata
1203 1761 1373 1816 solum
1419 1765 1581 1818 Deum
1618 1782 1682 1821 ac
1728 1768 2011 1822 Dominum
2050 1769 2204 1823 Cbri-
2235 1777 2280 1834 Β
2310 1773 2399 1818 net
2429 1781 2526 1819 nos
2571 1781 2667 1834 per
2695 1767 3012 1821 cbaritatem
3046 1767 3277 1821 invicem
3330 1766 3555 1829 servire.
3588 1764 3840 1818 εεειιηιιιιῐη

632 1855 774 1900 stum
797 1848 1081 1904 instantius
1115 1852 1341 1908 adorare
1369 1853 1681 1910 debeamus.
1715 1856 1851 1924 Quia
1889 1859 2067 1913 onmis
2107 1875 2206 1913 saa-

625 1939 736 1992 culi
763 1939 934 1994 honor
961 1958 1066 1996 non
1100 1941 1167 1996 ad
1205 1943 1374 1998 Deum
1416 1945 1642 2012 relatus,
1688 1949 1962 2018 negotium
2008 1950 2204 2004 diaboli

627 2043 751 2080 esse
780 2032 1139 2085 convincitur.
1175 2031 1280 2087 Sed
1306 2035 1392 2088 ubi
1424 2037 1526 2092 hoc
1562 2031 1820 2107 scripi'um
1849 2040 1918 2092 sit
1947 2040 2086 2109 quod
2109 2042 2203 2105 ait,

631 2116 912 2172 Dominum
956 2120 1120 2174 Deum
1160 2134 1308 2176 tuum
1354 2125 1622 2191 adorabis,
1653 2130 1863 2182 cunctis
1906 2130 2206 2199 legentibus

631 2205 824 2274 liquet,
854 2211 994 2277 quod
1025 2211 1076 2264 in
1113 2210 1496 2269 Pentateucho.
1535 2216 1611 2270 Ex
1639 2233 1747 2286 quo
1786 2219 1923 2273 bene
1949 2222 2089 2274 Deus
2119 2222 2205 2276 ille

625 2312 790 2350 manu
833 2298 990 2355 fortis
1031 2311 1218 2356 contra
1265 2303 1557 2360 immanem
1605 2308 1814 2363 hostem
1869 2321 2205 2380 pugnaturus

595 2389 896 2455 signatur,
949 2391 1039 2459 qui
1065 2393 1306 2462 quinque
1351 2395 1553 2464 lapides
1600 2397 1846 2454 videlicet
1873 2412 1928 2453 et
1967 2403 2204 2472 quinque

622 2479 793 2534 l.bros
820 2481 952 2552 legis
979 2483 1172 2540 divina:
1218 2487 1269 2540 in
1316 2503 1446 2557 pera
1486 2489 1743 2558 pastorali
1777 2505 2065 2560 reponens,
2095 2509 2202 2548 uno

625 2587 836 2634 eorum,
865 2588 930 2626 ex
957 2573 1372 2631 Deuteronomio
1397 2578 1605 2633 scilicet
1625 2595 1723 2649 per
1757 2595 1917 2650 quem
1954 2599 2090 2636 nova
2113 2582 2200 2637 lex

623 2661 888 2728 ﬁguratur
922 2665 1288 2718 adversarium
1337 2670 1684 2736 repercussit,
1728 2672 1990 2740 nobisque
2020 2675 2198 2727 omni-

625 2751 725 2804 bus
757 2752 846 2804 illo
881 2767 1157 2822 perempto
1205 2757 1484 2810 victoriam
1531 2761 1828 2827 reportavit
1861 2778 1873 2812 :
1921 2760 2199 2816 Dominum

625 2840 791 2893 Deum
812 2853 982 2906 tuum,
1014 2844 1203 2912 inquit,
1229 2847 1494 2910 utiorabis,
1519 2858 1565 2900 et
1589 2849 1665 2900 illi
1696 2849 1792 2902 soli
1813 2851 1997 2902 servies
2019 2851 2196 2918 (Deut.

625 2946 698 2994 vt,
737 2933 840 3001 13).
865 2933 944 2988 Ac
978 2934 1020 2986 si
1046 2935 1256 2988 dicatur
1288 2953 1299 2986 :
1333 2935 1446 2989 Non
1487 2946 1543 2990 ιιι
1591 2937 1755 3006 igitur
1781 2939 2086 2993 adorandus
2113 2955 2194 3004 cs,

621 3031 682 3072 ut
721 3021 834 3086 jam
884 3023 1080 3076 multos
1134 3024 1268 3076 falso
1315 3026 1520 3081 erroris
1565 3026 1755 3096 laqueo
1792 3029 2072 3098 accepisti;
2101 3031 2195 3086 sed

2310 1856 2454 1910 illam
2519 1872 2857 1911 communem
2927 1860 3240 1912 servitutem
3303 1856 3605 1912 dilectionis
3669 1851 3835 1909 Christi

2307 1943 2450 2016 (Gal.
2483 1963 2532 2008 v,
2572 1947 2677 2012 ιδ).
2714 1945 2818 2002 Sed
2848 1956 2902 2000 et
2933 1946 3045 2016 ipse
3066 1946 3214 2011 alibi,
3251 1954 3311 2001 ut
3339 1945 3478 1999 servi
3511 1945 3724 1998 dominis
3754 1943 3842 1996 suis

2309 2056 2414 2094 non
2445 2041 2510 2093 ad
2536 2039 2750 2094 oculum
2782 2039 3053 2107 placentes
3097 2039 3203 2093 sint
3237 2046 3449 2100 monet,
3482 2037 3573 2091 sed
3611 2033 3741 2088 velut
3763 2033 3842 2086 Do-

2311 2129 2456 2182 tnino
2498 2129 2793 2182 servientes
2823 2125 3036 2196 (Ep/ws.
3070 2143 3146 2192 vt,
3179 2127 3256 2197 ti).
3294 2127 3359 2180 Et
3386 2134 3445 2179 ut
3475 2126 3658 2179 beatus
3687 2123 3842 2176 Petrus

2307 2219 2581 2288 apostolus
2626 2217 2722 2279 ait,
2773 2233 2877 2270 non
2922 2225 3126 2270 tantum
3171 2217 3334 2270 bonis
3368 2224 3425 2269 et
3471 2214 3734 2274 modestis,
3766 2211 3839 2265 sed

2307 2307 2468 2360 etiam
2494 2305 2724 2376 dyscolis
2744 2305 2889 2358 omni
2924 2308 3114 2360 timore
3145 2305 3362 2359 Domini
3403 2305 3605 2360 servire
3633 2301 3844 2358 convenit

2307 2395 2358 2466 (ι
2388 2395 2530 2448 I’etr.
2554 2412 2611 2452 ιι.
2650 2396 2756 2464 18),
2783 2403 2840 2447 ut
2863 2412 2958 2464 per
2986 2396 3164 2449 omnia
3195 2395 3526 2460 Deodevota
3557 2395 3607 2448 in
3633 2391 3842 2447 omnibus

2303 2487 2468 2558 216
2497 2489 2797 2542 Christiana
2829 2487 3032 2558 religio,
3069 2496 3231 2556 atque
3267 2482 3842 2554 irrwomprebensibilis

2303 2578 2703 2646 comprobatur.
2746 2576 2933 2631 lnfelix
2966 2592 3181 2648 quoque
3212 2577 3448 2632 nimium
3475 2576 3697 2630 humana
3723 2587 3842 2626 mor-

2304 2665 2502 2729 talitas,
2534 2681 2654 2733 qua:
2707 2666 2870 2719 tantis
2896 2663 3210 2719 obfuscatur
3235 2665 3502 2720 vitiorum
3546 2661 3777 2722 tenebris,
3800 2666 3844 2712 et

2302 2769 2330 2806 a
2360 2764 2466 2808 tam
2520 2754 2828 2823 aequissima
2875 2754 2980 2823 piae
3034 2753 3320 2823 religionis
3361 2752 3542 2820 regula
3590 2751 3731 2805 devio
3752 2761 3844 2818 gra-

2301 2845 2454 2898 diens
2478 2845 2690 2908 itinere,
2720 2845 2843 2899 hinc
2875 2844 2997 2898 inde
3025 2845 3272 2914 peccatis
3315 2842 3669 2914 intercipitur.
3696 2840 3764 2895 Ita
3800 2841 3846 2892 ut

2299 2945 2353 2990 et
2381 2935 2432 2990 bi
2457 2936 2545 3004 qui
2573 2946 2829 3006 praesunt,
2868 2935 3146 3006 tyrannica
3177 2950 3292 2988 non
3336 2941 3578 2990 metuant
3617 2932 3664 2985 vi
3702 2928 3846 2994 exagi-

2303 3037 2418 3082 tare
2451 3027 2750 3096 subjectos;
2783 3043 2956 3095 ncque
2990 3027 3041 3080 bi
3072 3027 3162 3096 qui
3194 3027 3429 3081 subesse
3457 3032 3710 3094 coguntur
3735 3035 3841 3074 eon-

622 3111 907 3167 Dominum
950 3115 1157 3172 scilicet
1197 3116 1412 3182 Filium,
1440 3125 1500 3173 et
1531 3117 1696 3174 Deum
1741 3119 1980 3184 Patrem,
2012 3137 2077 3175 ac
2101 3137 2190 3176 so-
2221 3133 2264 3194 (ς
2300 3118 2502 3172 ditione
2528 3133 2648 3180 sua,
2680 3117 2795 3171 sine
2827 3117 3016 3170 timore
3041 3116 3237 3186 pmnali
3281 3131 3474 3186 parere
3513 3113 3711 3185 possint
3735 3123 3843 3179 pne-

619 3203 731 3256 tmn
763 3203 1022 3274 Spiritum
1067 3217 1336 3271 sanetum,
1373 3209 1463 3276 qui
1489 3218 1574 3264 est
1607 3210 1744 3264 Deus
1777 3225 1933 3276 unus,
1959 3211 2083 3281 jure
2104 3227 2194 3282 po-

619 3293 730 3346 tius
763 3293 1032 3359 adorabis,
1065 3304 1118 3349 et
1158 3296 1258 3365 ipsi
1306 3297 1404 3351 soli
1453 3297 1695 3367 quolibet
1737 3308 1895 3368 pacto
1940 3303 2195 3370 deceptus

619 3383 842 3436 servies.
875 3383 952 3436 Ex
981 3399 1088 3453 quo
1131 3385 1335 3456 liquido
1376 3387 1648 3456 colligitur
1672 3391 1836 3456 quoi,
1881 3389 2007 3444 velit
2039 3391 2192 3456 nolit,

617 3475 760 3528 idem
787 3475 906 3544 ejus
927 3476 1264 3547 obtemperat
1303 3478 1494 3547 jussis,
1524 3488 1580 3533 et
1619 3480 1786 3534 servit
1816 3479 1942 3534 licet
1995 3481 2194 3535 invitus

617 3567 932 3637 imperatus.
963 3568 1126 3636 Cujus
1155 3570 1409 3624 nimirum
1439 3570 1600 3641 215
1624 3581 1810 3625 coacto
1841 3571 2193 3640 malignitatis

618 3676 728 3716 sua:
780 3662 1007 3716 servitio
1061 3661 1200 3716 Deus
1243 3661 1392 3730 justo
1447 3665 1617 3717 utitur
1678 3664 2086 3728 moderamine.
2134 3674 2192 3719 ut

613 3753 793 3804 omnia
823 3751 1061 3806 serviant
1105 3751 1263 3806 unius
1307 3751 1399 3805 Dei
1445 3753 1682 3822 scriptis,
1705 3764 1759 3807 et
1788 3755 1918 3807 nihil
1946 3753 2188 3824 effugiat,

614 3843 778 3896 etiam
807 3844 949 3912 quod
977 3845 1192 3899 sibimet
1236 3843 1375 3898 male
1419 3845 1624 3912 deperit
1673 3846 2190 3915 dominantisimpe-

617 3933 717 3986 rio.
763 3931 1026 4002 Namque,
1073 3933 1126 3986 in
1157 3949 1222 3987 c0
1249 3933 1392 4003 quod
1427 3932 1523 3996 ait,
1553 3932 1630 3987 illi
1667 3933 1767 3986 culi
1809 3937 2016 3997 seruies,
2046 3945 2189 3990 recte

616 4024 704 4078 illa
732 4024 900 4078 solius
927 4025 1022 4078 Dei
1067 4025 1300 4079 servitus
1323 4025 1664 4093 exprimitur,
1704 4040 1825 4095 quae
1864 4026 1990 4078 nulli
2035 4027 2185 4080 alteri

613 4131 774 4183 quam
831 4116 940 4169 Deo
969 4115 1066 4170 soli
1119 4117 1366 4180 debetur,
1411 4132 1572 4186 quant
1615 4116 1786 4173 Gr:ch
1823 4119 2060 4191 λατρείαν
2092 4136 2187 4174 v0-

612 4217 768 4271 cant;
819 4208 958 4263 unde
1014 4217 1070 4262 et
1121 4208 1423 4262 idololatria
1456 4221 1817 4278 nuncupatur,
1865 4210 1989 4264 dum
2019 4212 2188 4266 solius

613 4297 706 4350 Dei
730 4297 904 4352 cultus
933 4297 1145 4353 diabolo
1171 4315 1267 4369 per
1291 4299 1578 4354 simulacra
1609 4299 1851 4356 oll'ertur.
1895 4301 2063 4357 Porro
2095 4303 2182 4357 illa

613 4387 844 4443 servitus
863 4404 988 4458 qua:
1007 4405 1346 4444 communem
1371 4390 1600 4461 sigillcat
1619 4393 1952 4458 servitutem,
1977 4392 2181 4451 δουλεία

2300 3208 2444 3262 latis.
2498 3209 2737 3274 Quarum
2799 3207 3014 3276 utrique
3062 3207 3188 3260 dum
3245 3205 3426 3259 Deum
3478 3203 3703 3259 medium
3759 3211 3842 3252 non

2267 3369 2270 3374 _
2297 3300 2602 3363 attendunt,
2650 3315 2745 3352 sua
2773 3289 3002 3351 mortuo
3061 3297 3417 3366 improbitate
3447 3312 3477 3350 a
3507 3309 3631 3348 vera
3660 3290 3764 3346 lidci
3779 3287 3845 3355 ju-

2295 3391 2440 3445 stitia
2471 3391 2706 3444 deviant.
2745 3389 2880 3444 Vera
2913 3405 3144 3458 namque
3165 3387 3392 3456 justitia
3430 3397 3534 3452 est,
3565 3401 3656 3440 sua
3683 3381 3846 3450 cuique

2286 3483 2410 3549 jure
2460 3492 2519 3536 ut
2565 3484 2721 3537 decet
2775 3483 3074 3536 honestatis
3129 3481 3342 3547 ollicio,
3387 3482 3504 3536 sive
3542 3477 3764 3534 molestia
3805 3480 3850 3524 et

2295 3589 2504 3626 morum
2563 3573 2906 3640 improbitate
2949 3570 3181 3625 deferre.
3225 3571 3414 3637 Unde,
3439 3572 3484 3626 si
3514 3571 3580 3624 ad
3609 3563 3844 3622 diabolum
3895 3625 3898 3627 λ

2292 3663 2512 3725 dicitur,
2543 3661 2818 3715 Dominum
2848 3661 3011 3715 Deum
3052 3671 3201 3714 tuum
3233 3662 3522 3726 adorabis,
3551 3676 3656 3716 non
3681 3673 3737 3710 ex
3774 3670 3847 3708 su-

2291 3754 2492 3824 perﬂuo
2538 3766 2621 3809 est
2671 3755 2815 3823 quod
2852 3755 3165 3823 imperatur.
3215 3754 3372 3810 Bene
3421 3756 3586 3826 igitur
3633 3751 3847 3808 Christus

2290 3854 2514 3900 noverat
2548 3845 2694 3898 illum
2727 3845 2831 3899 hoc
2871 3860 2970 3900 suo
3009 3845 3325 3902 devotionis
3353 3844 3533 3902 ollicio
3561 3861 3664 3900 non
3691 3840 3848 3910 imple-

2291 3947 2506 4000 turum;
2551 3937 2644 3991 sed
2674 3951 2739 3992 ex
2770 3937 2947 3991 debita
3002 3937 3463 4006 reciprocatiouis
3503 3933 3754 3992 sententia
3790 3929 3848 3982 lo-

2287 4030 2491 4098 quitur,
2525 4038 2583 4083 ut
2609 4043 2673 4080 ex
2709 4027 2982 4081 contrario
3006 4043 3167 4096 quam
3204 4027 3300 4083 ille
3339 4028 3666 4084 moliebatur
3691 4033 3847 4080 osten-

2288 4121 2439 4174 deret
2487 4119 2745 4188 scriptum
2790 4119 2917 4187 quid
2946 4119 3058 4187 ipse
3084 4118 3257 4188 magis
3306 4118 3435 4187 jure
3459 4121 3670 4181 debeat,
3691 4115 3772 4186 qui
3794 4112 3850 4165 ab

2286 4211 2432 4264 omni
2481 4209 2697 4278 pietatis
2749 4209 2961 4276 negotio
3003 4223 3100 4261 suo
3145 4211 3444 4277 pravitatis
3486 4210 3616 4263 vitio
3643 4216 3721 4263 est
3746 4203 3850 4258 επεν

2287 4309 2451 4357 ratus.
2487 4299 2600 4355 Non
2623 4299 2769 4354 enim
2813 4297 3069 4366 injustam
3097 4308 3180 4352 est
3203 4300 3408 4369 cuique
3442 4301 3704 4369 imperare
3727 4291 3846 4364 quod

2286 4394 2582 4464 illijustum
2613 4401 2696 4446 est
2730 4390 3008 4445 exhibere.
3043 4390 3110 4444 Et
3136 4390 3256 4445 ideo
3284 4392 3420 4447 licet
3445 4391 3666 4462 proprio
3687 4400 3850 4456 super-

612 4487 666 4538 in
716 4487 902 4539 eadem
947 4486 1123 4553 lingua
1174 4487 1562 4558 signiﬁcantius
1599 4489 1915 4560 appellatur.
1967 4490 2048 4545 Ex
2075 4508 2181 4560 quo
2212 4477 2260 4534 Ι)
2286 4485 2387 4539 hia:
2418 4485 2547 4538 vitio
2573 4484 2644 4538 sit
2671 4483 2758 4535 ille
2795 4481 3070 4552 deceptus,
3097 4491 3277 4536 tamen
3329 4499 3432 4553 per
3464 4485 3571 4538 hoc
3619 4480 3752 4550 quod
3777 4476 3846 4530 δίο

615 4581 760 4628 tecto
785 4574 1100 4644 intelligitur
1128 4577 1267 4645 quod
1293 4578 1540 4632 similiter
1571 4587 1630 4633 et
1657 4580 1724 4634 de
1747 4579 1835 4633 illa
1866 4580 2180 4635 ador-alioue

611 4664 828 4725 dixerit,
862 4665 1138 4720 Dominum
1168 4666 1335 4720 Deum
1357 4669 1640 4734 adorabis;
1669 4685 1790 4738 quae
1821 4669 1920 4724 soli
1951 4671 2178 4724 Domino

610 4753 857 4808 debetur.
890 4754 1023 4820 Quia
1063 4756 1304 4824 profecto
1335 4759 1434 4811 etsi
1469 4758 1692 4826 legimus
1732 4759 2052 4814 homineset
2089 4776 2181 4813 an-

610 4844 759 4914 gelos
795 4859 828 4898 a
878 4845 1079 4900 sanctis
1123 4845 1372 4902 Patribus
1405 4849 1680 4915 adoratos,
1716 4866 1822 4905 non
1863 4861 2041 4906 tamen
2091 4854 2176 4906 illa

611 4936 926 4991 adoratione
948 4944 1136 5005 putare
1162 4937 1439 5000 debemus.
1466 4955 1570 5009 qua
1602 4926 1818 4996 unicum
1858 4951 1914 4997 et
1941 4943 2177 5014 singula-

612 5042 726 5082 rem
757 5027 926 5082 Deum
944 5024 1069 5095 jure
1097 5028 1351 5097 competit
1373 5031 1620 5087 adorare.
1646 5031 1799 5088 Unde
1836 5049 2177 5105 summopere

609 5118 906 5172 cavendum
926 5125 1034 5180 est,
1061 5129 1128 5170 ne
1171 5128 1264 5171 aut
1319 5118 1419 5172 ista
1456 5121 1507 5174 in
1556 5122 1718 5177 corde
1747 5122 2040 5190 minuatur,
2084 5136 2178 5181 aut

607 5216 757 5262 certe
808 5222 902 5277 per
949 5207 1094 5262 illam
1140 5208 1283 5263 circa
1334 5209 1502 5264 Deum
1545 5212 1856 5268 immutetur
1892 5216 2178 5272 servientis

607 5306 666 5351 et
683 5297 960 5352 adorantis
983 5297 1229 5361 devotio;
1260 5297 1333 5352 ita
1359 5307 1516 5353 tenus
1537 5310 1593 5353 ut
1640 5300 1728 5354 illa
1759 5305 2060 5359 communis
2081 5320 2178 5360 an-

608 5385 850 5456 gelomm
877 5388 1262 5456 hominumque
1284 5389 1564 5444 servitutis
1596 5392 1869 5446 veneratio
1893 5392 2174 5464 plusquam

607 5475 858 5544 expediat
902 5479 1330 5532 transcendatur.
1383 5479 1488 5534 Sed
1534 5495 1690 5536 orare
1739 5481 1904 5538 Deum
1954 5496 2179 5556 propter

609 5565 842 5632 seipsum
873 5574 932 5619 ut
963 5567 1126 5622 Deum
1157 5571 1288 5624 satis
1329 5571 1501 5637 decet,
1529 5581 1583 5626 et
1619 5573 1812 5627 serviri
1863 5574 1934 5628 illi
1967 5589 1997 5628 a
2023 5591 2176 5631 crea-

609 5666 730 5711 tura
771 5665 827 5711 ut
861 5656 1141 5713 Creatori:
1175 5661 1420 5729 angelum
1469 5677 1596 5718 vero
1640 5672 1731 5717 aut
1777 5663 2048 5718 hominem
2080 5681 2173 5720 ve-

2283 4587 2429 4631 ctum
2467 4586 2571 4640 est,
2625 4576 2908 4630 Dominum
2955 4574 3120 4627 Deum
3175 4583 3330 4628 tuum
3396 4575 3670 4637 adorabis,
3724 4576 3852 4641 patet

2281 4665 2430 4720 illum
2460 4665 2698 4719 creantis
2742 4665 2979 4718 dominio
3021 4661 3324 4730 subjacere.
3368 4664 3480 4719 Sed
3523 4661 3848 4733 quaerendum

2281 4767 2462 4810 utrum
2492 4771 2559 4809 ex
2589 4756 2913 4809 auctoritate
2935 4751 3372 4821 Scripturarum,
3405 4769 3531 4824 qua:
3566 4751 3852 4810 bomimbus

2280 4861 2377 4915 per
2408 4844 2646 4915 bloysem
2695 4843 3030 4898 solummodo
3063 4843 3202 4896 datae
3251 4853 3387 4898 sunt
3421 4845 3477 4899 in
3510 4843 3849 4899 eruditionem

2280 4943 2336 4990 et
2356 4935 2656 4990 doctrinam
2687 4942 2832 4989 recte
2878 4933 3110 4996 vivendi,
3153 4931 3454 4989 debuerint
3482 4942 3675 4992 contra
3705 4933 3851 4989 hunc.

2283 5042 2347 5080 ac
2378 5025 2422 5080 si
2451 5033 2636 5080 essent
2666 5034 2773 5078 tam
2822 5023 2895 5077 illi
2926 5037 3089 5091 quam
3135 5023 3366 5093 reliquis
3407 5026 3694 5095 spiritibus
3733 5033 3854 5089 prae.

2282 5127 2462 5188 cepta,
2493 5117 2618 5172 talia
2669 5114 2919 5184 proferri.
2958 5114 3209 5182 Nunquid
3245 5117 3317 5169 ad
3348 5132 3482 5171 eum
3515 5115 3854 5172 erudiendum

2283 5210 2541 5279 scriptum
2570 5217 2725 5262 erat:
2763 5205 2886 5260 Non
2913 5207 3135 5260 teutabis
3170 5206 3465 5263 Dominum
3500 5209 3672 5262 Deum
3701 5217 3851 5263 tuum,

2280 5307 2358 5364 et,
2404 5297 2685 5351 Dominum
2735 5295 2896 5349 Deum
2925 5305 3070 5348 tuum
3098 5295 3376 5362 adorabis,
3424 5308 3474 5352 et
3510 5297 3593 5351 illi
3632 5295 3727 5352 soli
3757 5308 3854 5347 ser-

2278 5387 2422 5441 vies?
2457 5384 2754 5455 pnesertim
2786 5399 2908 5437 cum
2938 5399 3034 5454 per
3070 5383 3334 5457 Moysen),
3361 5403 3476 5440 non
3525 5387 3624 5446 illi,
3654 5383 3745 5440 sed
3773 5393 3854 5451 por

2279 5479 2403 5550 pulo
2435 5476 2788 5531 institutionis
2813 5476 3056 5529 doctrina
3089 5478 3388 5530 tribuatur.
3425 5477 3496 5532 Et
3524 5479 3648 5532 ideo
3671 5475 3852 5548 proba-

2277 5571 2438 5625 bilius
2469 5569 2698 5630 videtur,
2738 5582 2842 5619 non
2867 5577 2925 5621 ut
2959 5568 3288 5636 suspicatur,
3325 5569 3556 5624 diabolo
3589 5585 3658 5624 ex
3686 5574 3854 5621 aucto—

2278 5663 2438 5715 ritate
2481 5659 2657 5713 divina
2697 5667 2973 5712 ostensum
3019 5673 3138 5713 esse
3170 5657 3469 5715 Dominum
3503 5660 3735 5716 adorare
3775 5653 3855 5710 dc-
