4000 6362
581 215 715 304 έεθδ

1381 239 1458 300 8.
1499 236 1852 312 ΡΑΞΕῌΛΘΙΙ
1889 237 2236 295 RADBERTI
2269 238 2564 298 ABBATIS
2597 239 3055 304 CORBEIENSIS

3749 251 3855 309 20d

577 401 581 404 -
609 376 825 434 tequam
855 364 961 418 iret
1005 361 1060 416 in
1089 348 1678 425 Galilaeamfnonnulla
1705 355 1774 411 ab
1798 354 2007 412 Joanne
2039 353 2179 409 facta
2206 359 2256 420 Α
2281 357 2575 428 primordio
2600 359 2898 430 prophetia:
2921 374 3112 416 versus
3137 368 3282 428 sunt,
3313 361 3687 432 praetermisit;
3717 325 3858 420 sicut

607 459 1046 526 interponuntur,
1077 469 1197 524 quae
1225 451 1312 507 isti
1343 451 1436 506 alii
1464 448 1860 521 praetermisere
1879 487 1894 513 ,
1925 447 2066 502 unde
2095 445 2177 500 in-

607 551 866 621 telligitur
894 548 1104 617 aliquos
1129 545 1296 602 fuisse
1341 544 1456 600 dies
1495 542 1840 612 interpositos
1864 540 2058 610 quibus
2086 539 2177 594 illa

603 653 754 714 gesta
783 643 892 697 sint
919 656 1039 710 qua:
1063 640 1128 694 ab
1153 652 1220 693 eo
1248 637 1661 692 intersernntur.
1691 633 1827 688 Nam
1859 632 2077 687 traditio
2095 645 2180 687 ec.

603 731 906 788 clesiastica
934 735 1078 783 tenet
1103 727 1433 798 (quanquam
1461 723 1699 780 nonnulli
1731 721 2015 778 Dominum
2047 720 2179 791 bap-

604 824 824 878 tizatum
868 835 964 876 vm
1006 817 1230 874 Kalend.
1274 815 1560 871 Januarias
1597 813 1870 880 dixerint,
1913 823 1972 866 ut
2001 827 2064 866 eo
2093 811 2178 866 die

602 916 918 974 crederetur
942 923 1165 970 renatus
1185 926 1294 982 quo
1316 919 1508 976 natus;
1534 917 1617 972 et,
1645 915 1705 963 ut
1724 907 1814 962 alii
1841 913 2174 970 asseverant,

605 1023 671 1063 ac
714 1008 758 1062 si
800 1009 915 1076 ipsa
947 1006 1034 1060 die
1068 1002 1409 1058 circumcisio
1456 1000 1714 1071 spiritalis
1757 1001 1829 1056 sit
1868 999 2175 1064 celebrata,

604 1118 710 1173 quo
725 1101 899 1156 fuerat
913 1097 1146 1154 carnalis
1163 1093 1496 1165 adimpleta),
1519 1093 1661 1163 quod
1683 1108 1778 1147 vm
1801 1090 1942 1156 ldus,
1963 1089 2176 1160 quando

601 1209 744 1250 nunc
779 1192 1103 1255 celebratur,
1135 1189 1405 1259 baptismo
1445 1185 1760 1256 perfunctus
1796 1184 1895 1250 sit;
1929 1190 1985 1237 et
2014 1180 2137 1236 inde
2158 1220 2174 1246 ,

601 1287 742 1354 quod
765 1285 904 1339 idem
927 1281 1160 1336 Joannes
1180 1277 1468 1349 praemisit,
1490 1277 1683 1332 ductus
1701 1283 1785 1328 est
1805 1274 1856 1327 in
1879 1273 2170 1327 desertum.

604 1377 733 1431 Post
777 1373 929 1442 cujus
974 1371 1331 1442 expletionem
1364 1367 1644 1436 temporis,
1683 1364 1971 1434 aliquantis
2003 1361 2172 1418 inter-

573 1467 790 1538 positis
818 1464 1036 1527 diebus,
1082 1460 1188 1530 iam
1217 1459 1424 1516 Joanne
1467 1459 1520 1512 in
1566 1470 1785 1514 carcere
1815 1462 2060 1517 retruso,
2091 1465 2176 1506 se-

575 1561 765 1615 -cessit
807 1559 861 1612 in
897 1555 1205 1616 Galilaeam,
1248 1560 1299 1606 et
1343 1551 1537 1605 deinde
1579 1547 1801 1602 veniens
1829 1543 2092 1602 habitavit
2119 1541 2173 1596 in

577 1650 978 1718 Capharnautn
1025 1643 1370 1699 maritimam.
1411 1641 1507 1696 Ubi
1541 1655 1662 1695 cum
1705 1638 1961 1708 coepisset
2005 1635 2173 1691 mira-
2203 1668 2218 1684 .

2280 459 2336 506 et
2359 451 2412 504 in
2442 451 2650 516 medio,
2681 451 2822 523 quod
2851 453 2937 506 via
2970 453 3137 507 maris
3163 452 3216 506 in
3245 453 3539 508 novissimo
3561 464 3853 526 aggravata

2279 541 2379 605 sit,
2412 541 2718 613 dereliquit.
2746 541 2883 610 Quia
2922 542 3174 598 nimirum
3206 544 3332 600 illuc
3355 546 3614 618 pertinuit
3643 563 3709 602 ex
3733 563 3858 620 pro-

2277 632 2461 704 phetia
2481 633 2644 688 etiam
2661 631 2858 702 juxtim
2885 633 3126 691 historia:
3151 635 3502 690 fundamenta
3525 633 3738 704 jacere;
3771 638 3858 691 hic

2277 737 2408 777 vero
2458 731 2663 777 tantum
2713 724 3022 790 insinuare,
3054 725 3200 795 quod
3245 739 3310 779 ex
3339 725 3454 794 ipsa
3504 726 3734 782 historia
3773 727 3860 782 ad-

2265 822 2471 878 _ventus
2517 814 2730 870 Domini
2768 825 2823 870 et
2868 815 3082 870 initium
3123 816 3522 888 praedicationis
3567 817 3687 888 ejus
3739 818 3859 880 luce

2275 906 2477 963 clarius
2507 914 2798 963 reseratur.
2837 907 3099 978 Populus,
3151 908 3360 976 inquit,
3409 907 3500 978 qui
3549 909 3865 964 ambulabat

2277 997 2332 1052 in
2363 997 2597 1053 tenebris
2624 997 2873 1053 videlicet
2903 1006 2959 1052 et
2987 998 3220 1070 caligine
3269 999 3503 1063 erroris,
3532 1008 3587 1054 et
3614 1001 3864 1058 caacitate

2275 1089 2623 1160 ignorantize,
2647 1089 2784 1144 vidit
2809 1089 2981 1144 lucem
3027 1089 3369 1160 praedicantis
3399 1087 3626 1144 Christi.
3654 1090 3725 1144 Et
3752 1106 3863 1147 non

2276 1193 2652 1250 quamcunque
2707 1178 2916 1243 lucem,
2964 1179 3057 1233 sed
3107 1193 3360 1247 magnam
3417 1177 3566 1232 illam
3618 1179 3864 1245 scilicet,

2276 1283 2397 1340 quae
2421 1269 2496 1324 ait
2519 1270 2572 1324 in
2603 1270 2888 1340 Evangelia
2915 1287 2927 1324 :
2955 1269 3066 1341 Ego
3093 1287 3209 1324 sum
3239 1269 3332 1324 tua:
3355 1271 3560 1326 mundi.
3593 1272 3662 1327 Et
3693 1288 3864 1344 quam

2277 1359 2508 1415 discreta
2540 1360 2635 1416 Dei
2667 1362 2992 1434 prtedicatur
3019 1361 3330 1426 clementia,
3350 1371 3410 1416 ut
3431 1363 3485 1418 hi
3509 1364 3752 1434 primum
3777 1382 3866 1424 re-

2276 1452 2586 1522 levarentnr
2625 1469 2654 1507 a
2700 1451 2829 1524 jugo
2876 1453 3154 1510 servitutis
3197 1455 3439 1524 peccati,
3467 1456 3558 1524 qui
3589 1457 3864 1526 primum,

2252 1545 2418 1606 ,sicut
2446 1543 2658 1600 Hebraei
2703 1545 2946 1610 tradunt,
2999 1545 3253 1614 captivati
3301 1546 3368 1600 ab
3413 1545 3656 1618 Assyriis
3707 1549 3863 1604 ducti

2275 1643 2405 1693 sunt
2438 1635 2493 1690 in
2522 1644 2718 1690 terram
2751 1636 2997 1690 hostilem
3026 1650 3095 1689 ex
3122 1634 3265 1690 omni
3301 1637 3495 1706 populo
3523 1636 3864 1694 Judzeorum.

599 1746 738 1801 culis
777 1741 1187 1799 coruscantibus
1234 1737 1581 1809 Evangelium
1627 1737 1922 1806 praedicare
1939 1776 1953 1801 ,
1996 1734 2171 1789 adhuc
2200 1723 2248 1786 Β
2276 1724 2472 1782 Postea
2486 1740 2614 1780 vero
2629 1741 2732 1780 non
2747 1726 2903 1796 221
2923 1725 3092 1781 solum
3110 1727 3226 1780 duae
3246 1727 3434 1792 tribus,
3459 1727 3550 1782 sed
3567 1736 3622 1784 et
3638 1729 3868 1800 reliqua:

577 1835 834 1892 Joannes
880 1834 932 1887 in
978 1845 1196 1887 carcere
1245 1829 1467 1885 audiens
1517 1844 1680 1899 opera
1739 1827 1970 1894 Christi,
2023 1827 2172 1882 misit

597 1929 732 1984 duos
759 1928 824 1982 de
850 1925 1128 1994 discipulis
1148 1923 1260 1978 suis
1282 1963 1296 1987 ,
1325 1922 1520 1990 quibus
1541 1935 1860 1990 responsum
1881 1929 1993 1984 est,
2025 1917 2170 1988 quod

593 2019 703 2089 jam
730 2019 956 2072 virtutes
980 2022 1353 2086 Operarentnr,
1381 2021 1437 2067 et
1470 2009 1814 2081 Evangeliutn
1842 2008 2171 2080 pauperibus

571 2109 996 2181 -pr.edicaretnr.
1028 2104 1159 2172 Quae
1193 2103 1444 2158 nimirum
1474 2102 1788 2174 praedicatio
1815 2117 1845 2155 a
1891 2100 2170 2158 catholicis

591 2197 792 2253 Christi
824 2195 1133 2252 doctoribus
1158 2192 1414 2248 Kalendis
1451 2192 1606 2248 Maiis
1635 2192 1866 2249 traditur
1891 2191 2165 2246 inchoata.

579 2288 668 2344 Ex
709 2301 816 2356 quo
862 2284 1066 2356 liquido
1113 2289 1354 2346 constat,
1405 2297 1546 2345 non,
1590 2290 1650 2338 ut
1695 2281 1914 2351 quidam
1949 2280 2166 2346 volunt,

589 2386 710 2445 post
739 2389 975 2438 annum,
1005 2372 1099 2428 sed
1133 2372 1185 2428 in
1231 2387 1337 2425 uno
1382 2371 1711 2440 eodemque,
1742 2378 1797 2424 et
1835 2369 2168 2438 baptizatum

569 2465 962 2536 ,etjejunasse,
991 2479 1056 2520 ac
1081 2462 1273 2518 deinde
1315 2462 1492 2532 spatio
1529 2460 1848 2532 interposito
1873 2461 2168 2531 praedicare

585 2557 833 2628 cmpisse.
877 2555 1054 2625 Ccepit
1079 2562 1258 2609 autem
1286 2551 1448 2611 Jesus
1474 2551 1669 2607 exinde
1711 2559 1993 2622 postquam
2022 2550 2170 2604 venit

583 2649 992 2720 Capharnaum,
1053 2646 1349 2717 praidicare
1437 2645 1580 2715 quod
1658 2644 2169 2716 appropinquaverit

581 2739 933 2810 Evangelium
958 2738 1106 2807 regni
1125 2777 1141 2802 ,
1163 2745 1220 2791 ut
1241 2735 1626 2807 adimpleretur
1649 2736 1790 2805 quod
1817 2737 2018 2792 dictum
2049 2743 2168 2790 erat

576 2846 686 2901 per
727 2830 920 2886 lsaiatn
945 2827 1256 2898 prophetam
1285 2827 1553 2882 dicentem
1585 2845 1598 2879 :
1632 2825 1795 2880 Terra
1815 2825 2089 2890 Zabnloa,
2117 2833 2165 2880 et

563 2931 724 2976 -terra
761 2918 1097 2990 Neplttalim,
1124 2919 1208 2971 via
1231 2919 1390 2974 maris
1411 2927 1558 2971 trans
1597 2916 1886 2971 Iordanem
1929 2913 2166 2970 Galilaw

565 3013 835 3082 .gentium.
867 3008 1100 3079 Populus
1130 3008 1293 3078 220
1320 3008 1408 3078 qui
1434 3007 1641 3061 sedebat
1679 3008 1735 3061 in
1775 3007 1996 3062 tenebris
2036 3006 2162 3063 vidit

2273 1833 2394 1890 quae
2421 1817 2738 1876 habitabant
2768 1827 2914 1873 trans
2949 1817 3239 1874 Jordanem
3282 1827 3445 1889 atque
3479 1821 3531 1875 in
3575 1820 3866 1890 Samaria,

2273 1911 2448 1966 ducta:
2496 1918 2624 1964 sunt
2666 1909 2720 1963 in
2753 1909 3137 1979 captivitatem.
3174 1909 3242 1964 Et
3286 1910 3389 1964 hoc
3427 1918 3510 1964 est
3535 1911 3676 1980 quod
3713 1911 3868 1970 Scri-

2269 2012 2430 2074 ptura
2460 2019 2603 2058 nunc
2631 2002 2796 2068 dicit,
2821 2009 2881 2056 ut
2907 2001 3132 2073 populus
3162 2001 3253 2072 qui
3283 2003 3432 2072 prior
3461 2001 3655 2059 ductus
3685 2012 3776 2060 est
3810 2005 3871 2060 in

2271 2095 2677 2165 captivitatem,
2715 2104 2770 2149 et
2816 2094 2870 2148 in
2924 2095 3162 2149 tenebris
3211 2095 3464 2150 vitiorum
3514 2097 3868 2163 versabatur,

2269 2185 2384 2256 ipse
2401 2226 2418 2252 ,
2445 2185 2736 2240 miserante
2759 2185 2890 2250 Deo,
2914 2185 3067 2264 prior,
3087 2184 3263 2240 lucem
3283 2186 3630 2255 prmdicantis
3659 2188 3870 2244 viderit

2272 2278 2602 2346 Salvatoris;
2635 2293 2698 2332 ac
2741 2277 2934 2332 deinde
2964 2276 3376 2332 disseminatum
3404 2278 3476 2332 sit
3500 2278 3868 2350 Evangelinm

2270 2369 2462 2428 salutis
2493 2371 2546 2424 in
2576 2369 2857 2424 universas
2882 2378 3089 2441 gentes.
3120 2367 3271 2424 Unde
3307 2377 3363 2426 et
3389 2371 3636 2440 sequitur
3664 2391 3679 2426 :

2343 2457 2738 2523 Habitantibus,
2763 2457 2960 2528 inquit,
2991 2459 3047 2512 in
3085 2460 3304 2516 tenebris
3344 2471 3391 2515 et
3435 2461 3620 2516 umbra
3667 2465 3868 2520 mortis

2271 2554 2364 2607 lux
2389 2562 2503 2605 orta
2543 2559 2619 2605 est
2666 2551 2760 2605 eis.
2805 2549 2948 2604 Inter
2982 2559 3212 2605 mortem
3260 2560 3437 2606 autem
3489 2559 3546 2607 et
3599 2553 3870 2610 umbram

2271 2645 2464 2706 mortis
2486 2644 2589 2700 hoc
2625 2657 2744 2698 esse
2770 2650 3114 2718 putaverunt,
3151 2641 3298 2721 quod
3341 2658 3489 2703 mors
3537 2657 3729 2698 eorum
3772 2653 3873 2700 est

2271 2736 2504 2808 quicum
2540 2733 2793 2802 operibus
2819 2733 3009 2790 mortis
3036 2733 3090 2788 in
3128 2733 3338 2798 inferno
3371 2743 3546 2812 morte
3572 2734 3866 2804 sepeliun-

2259 2835 2359 2886 tur
2384 2825 2600 2880 devicti.
2631 2822 2832 2878 Umbra
2866 2838 2995 2880 vero
3018 2823 3207 2878 mortis
3230 2838 3440 2889 eorum,
3462 2823 3701 2893 quicum
3727 2840 3869 2896 pec-

2270 2924 2418 2981 cant,
2451 2915 2678 2970 necdum
2708 2923 2885 2970 tamen
2917 2914 2983 2976 de
3004 2913 3111 2968 vita
3129 2914 3228 2968 ista
3241 2913 3459 2984 penitus
3483 2913 3866 2986 expelluntur;

2272 3008 2366 3062 sed
2403 3006 2582 3060 divino
2619 3014 3001 3076 exspectantur
3027 3002 3251 3074 judicio,
3288 3013 3347 3059 ut
3389 3005 3444 3062 in
3485 3005 3679 3060 melius
3725 3022 3870 3063 con-

585 3102 751 3154 tucem
775 3115 1053 3170 magnam,
1077 3097 1433 3154 habitantibus
1455 3097 1509 3152 ia
1534 3097 1739 3168 regione
1760 3097 1957 3152 umbra:
1977 3097 2162 3152 mortis
2186 3082 2238 3150 C
2271 3106 2570 3152 vertantur.
2603 3095 2778 3164 Unde,
2810 3096 2855 3158 si
2881 3095 3167 3161 voluerint,
3209 3104 3435 3165 possunt
3474 3111 3637 3168 agere
3679 3099 3874 3169 pceni-

567 3191 680 3256 ,lux
709 3202 824 3246 orta
853 3200 927 3246 est
950 3191 1023 3244 eis
1067 3189 1199 3259 (lea.
1233 3205 1288 3246 rx
1308 3229 1322 3254 ,
1354 3189 1378 3242 1
1403 3228 1418 3253 ,
1443 3188 1519 3260 2).
1549 3187 1700 3244 Unde
1729 3196 1784 3242 et
1813 3186 2168 3260 Septuaginta

577 3284 689 3340 hoc
715 3285 833 3338 loco
856 3283 1039 3338 dixere
1066 3300 1079 3336 :
1107 3281 1221 3337 Hoc
1239 3283 1464 3352 primum
1484 3280 1615 3345 bibe,
1642 3281 1878 3336 velociter
1897 3281 2002 3351 fac.
2027 3282 2167 3351 Quia

571 3384 727 3430 terra
756 3373 998 3430 Zabnlon
1044 3381 1100 3427 et
1141 3383 1283 3428 terra
1315 3370 1616 3440 Nephtalim
1655 3371 1829 3442 prima
1858 3370 2061 3427 Christi
2088 3372 2167 3428 vi-

581 3462 711 3518 dere
741 3462 1033 3527 miracula,
1081 3470 1140 3517 ut
1169 3463 1358 3532 prima:
1403 3463 1655 3517 biberent
1695 3463 1821 3518 ﬁdei
1850 3463 2161 3534 potionem,

561 3571 702 3624 .quce
740 3555 927 3627 prima:
959 3554 1208 3608 viderant
1237 3552 1495 3610 miracula
1532 3552 1818 3608 Dominum
1850 3553 2159 3610 facientem.

582 3648 766 3716 Unde,
791 3647 944 3719 juxta
986 3646 1340 3711 llebraicutn,
1385 3645 1670 3701 Mattbzeus
1713 3660 1920 3716 ponens
1946 3645 2052 3703 hoc
2081 3655 2164 3703 te-

578 3738 922 3801 stimonium,
969 3737 1144 3808 primo
1191 3745 1462 3807 tempore,
1514 3736 1722 3806 inquit,
1769 3737 2019 3793 alleviata
2078 3745 2164 3794 est

580 3837 726 3884 terra
757 3828 994 3884 Zabulon
1022 3836 1076 3882 et
1098 3836 1242 3883 terra
1265 3825 1570 3896 Nepthalim
1596 3841 1762 3882 onere
1788 3836 2159 3898 peccatorum,

564 3922 709 3989 .quia
740 3921 793 3974 in
823 3919 1132 3991 regionibus
1162 3919 1353 3992 harum
1385 3918 1610 3971 duarum
1643 3917 1875 3973 tribuum
1922 3919 2158 3989 primum

563 4011 830 4086 Salvator
853 4009 1202 4079 Evangelium
1229 4007 1558 4077 praedicavit.
1587 4006 1739 4064 Unde
1764 4018 1818 4064 et
1841 4009 2156 4069 iuPsahno:

561 4104 878 4180 ~Benedicite
915 4105 1024 4158 Deo
1070 4103 1328 4169 Domino,
1379 4103 1442 4158 de
1490 4104 1719 4173 fontibus
1767 4105 1937 4161 Israel
1981 4107 2156 4180 (Psal.

579 4212 756 4259 vau,
790 4195 901 4265 28).
948 4194 1024 4249 lbi
1059 4192 1372 4262 Benjamin,
1402 4194 1837 4251 adolescentulus
1874 4197 2154 4266 videlicet,

576 4297 632 4345 et
661 4287 860 4343 Paulus
888 4285 1162 4357 apostolus
1191 4286 1246 4340 in
1273 4287 1470 4342 mentis
1503 4301 1750 4344 excessu.
1781 4289 1861 4344 Ex
1891 4305 1999 4361 quo
2029 4291 2156 4348 alibi

559 4361 688 4434 'ait:
723 4378 850 4436 Sine
869 4387 1038 4432 mente
1059 4375 1354 4431 excedimus
1387 4377 1493 4432 Deo
1517 4377 1597 4449 (II
1628 4376 1748 4433 Cor.
1780 4396 1836 4447 v,
1871 4379 1976 4451 15).
2006 4380 2156 4437 Prin-

573 4471 722 4541 cipes
755 4468 992 4524 Zabulon
1020 4474 1076 4522 et
1107 4467 1380 4539 principes
1407 4467 1748 4538 Nephtalim,
1797 4470 1922 4542 quia
1971 4471 2024 4526 in
2067 4471 2154 4528 his

577 4561 825 4618 tribubus
853 4558 1002 4614 fuere
1028 4557 1223 4621 viculi,
1253 4573 1321 4613 ex
1362 4560 1556 4628 quibus
1601 4561 1774 4615 sancti
1812 4561 1977 4617 duces
2005 4562 2150 4633 Apo-

573 4649 699 4708 stoli
719 4648 997 4706 exstitere.
1045 4648 1113 4704 Et
1151 4649 1208 4704 in
1263 4649 1558 4706 novissimo
1595 4661 1883 4722 aggravata
1935 4660 2020 4708 est
2066 4654 2154 4708 via

559 4745 746 4809 ,maris
787 4752 944 4802 trans
996 4743 1288 4800 Jordanem
1331 4743 1566 4801 Galilaea:
1621 4747 1884 4817 gentium.
1933 4747 2154 4808 Galilrea

563 4851 806 4909 namque
845 4836 1085 4910 gentium
1130 4835 1252 4892 ideo
1293 4835 1510 4903 dicitur,
1537 4837 1661 4906 quia
1692 4838 1812 4894 dua:
1837 4837 2004 4896 fuisse
2028 4855 2155 4912 pro-

559 4931 789 4992 bantur.
833 4927 1071 5001 Quarum
1118 4943 1225 4983 una
1270 4926 1499 4986 conﬁnis
1526 4943 1590 4983 ac
1617 4928 1793 4984 vicina
1828 4937 1912 4986 est
1937 4929 2151 5014 Tyriis,

563 5038 696 5096 quas
720 5037 864 5094 nunc
889 5021 980 5080 hic
1020 5021 1261 5094 gentium
1289 5030 1532 5084 vocatur,
1562 5021 1652 5076 ubi
1681 5030 1735 5077 et
1774 5022 2027 5079 Salomon
2073 5026 2154 5082 vi-

557 5113 708 5198 ..ginti
733 5113 980 5186 civitates
1008 5112 1231 5172 donavit
1267 5109 1468 5181 Hyram
1501 5109 1614 5178 regi
1648 5111 1776 5183 Tyri
1805 5113 1857 5168 in
1881 5124 2026 5169 sorte
2059 5118 2154 5171 tri-

554 5204 674 5272 jus
700 5203 1025 5280 Nephtalim.
1069 5201 1252 5258 Altera
1300 5200 1498 5254 dicitur
1529 5200 1673 5256 circa
1717 5200 2056 5263 Tiberiadem
2099 5213 2154 5262 et

563 5305 820 5368 stagnum
843 5293 1137 5360 Genassar,
1162 5292 1215 5347 in
1251 5289 1392 5347 tribu
1415 5289 1673 5346 Zabulou.
1701 5292 1804 5347 Sed
1832 5295 1887 5348 in
1908 5295 2153 5366 utrisque

561 5384 859 5460 Dominum
903 5389 1294 5452 commoratum
1339 5393 1491 5445 esse,
1540 5380 1789 5436 vicinitas
1839 5385 2186 5441 earumdem‘

563 5473 852 5534 civitatum
874 5475 1085 5544 probat.
1111 5471 1210 5528 Hic
1231 5480 1410 5527 tamen
1430 5512 1444 5538 ,
1469 5480 1690 5542 propter
1718 5472 1942 5544 ﬁguram
1965 5490 2150 5532 eorum

575 5564 664 5634 qui
692 5566 914 5626 vocandi
953 5573 1108 5626 erant
1150 5579 1218 5620 ex
1247 5565 1499 5637 gentibus
1519 5605 1536 5631 ,
1568 5574 1714 5622 recte
1756 5564 1844 5620 illa
1876 5581 1994 5636 qua:
2021 5583 2151 5638 gen-

575 5655 710 5711 tium
735 5662 818 5714 est
850 5665 1196 5727 memoratur.
1228 5654 1361 5718 Nam
1387 5664 1441 5714 et
1469 5655 1808 5738 Evangelista
1851 5672 1914 5713 ea
1939 5673 2059 5730 quae
2087 5659 2142 5717 in

2261 3189 2522 3268 “tentiam,
2553 3195 2608 3240 et
2635 3189 2702 3243 ad
2725 3201 2907 3244 veram
2937 3187 3134 3252 lucem,
3159 3195 3218 3243 ut
3247 3188 3498 3268 deinceps
3522 3202 3632 3243 non
3658 3189 3775 3244 sint
3806 3190 3870 3245 in

2270 3280 2531 3346 tenebris,
2563 3279 2776 3335 Domini
2803 3276 3130 3352 suffragante
3156 3279 3352 3350 gratia,
3381 3261 3710 3359 quantocius
3735 3297 3872 3351 per-

2253 3369 2475 3437 ,venire.
2504 3368 2587 3424 Ad
2615 3369 2717 3423 hoc
2750 3368 2894 3423 enim
2926 3368 3256 3438 relaxantur,
3291 3377 3351 3424 ut
3383 3386 3486 3430 non
3529 3375 3872 3442 perveniant

2268 3461 2338 3516 ad
2380 3473 2536 3515 veras
2576 3459 2844 3522 tenebras,
2883 3474 3004 3530 quae
3053 3459 3178 3516 alibi
3211 3461 3513 3522 exteriores
3561 3473 3868 3534 vocantur,

2267 3553 2364 3609 sed
2392 3554 2457 3609 de
2483 3555 2832 3611 interioribus
2856 3555 3061 3626 peccati
3089 3554 3327 3612 tenebris
3349 3554 3573 3626 egressi,
3601 3556 3724 3611 sint
3767 3558 3866 3614 lux

2267 3644 2322 3700 in
2351 3643 2841 3718 Domino;quippe
2889 3646 3016 3716 quia
3070 3646 3307 3704 tenebrae
3352 3656 3700 3718 peccatorum
3751 3666 3874 3706 non

2261 3735 2412 3792 aliud
2434 3751 2630 3808 corpus
2660 3753 2824 3808 quam
2853 3746 3084 3794 mortem
3119 3746 3436 3810 perpetuam
3483 3740 3684 3795 habere
3731 3757 3878 3812 pro-

2261 3827 2482 3884 bantur.
2521 3829 2591 3884 Et
2621 3829 2742 3886 ideo
2769 3829 3038 3885 interdum
3063 3832 3268 3887 umbra:
3305 3839 3568 3888 vocantur
3614 3835 3825 3889 mortis
3855 3854 3871 3896 ;

2257 3919 2391 4000 quia
2423 3920 2562 3974 sicut
2589 3921 2792 3977 umbrae
2836 3937 3108 3992 nunquam
3149 3923 3284 3978 ﬁunt
3323 3923 3438 3978 siue
3482 3939 3740 3994 corpore,
3789 3930 3876 3987 ita

2257 4003 2365 4090 "nec
2388 4020 2608 4080 peccata
2644 4011 2760 4065 sine
2782 4021 2971 4069 morte.
3008 4014 3162 4072 Unde
3189 4017 3451 4090 scriptum
3483 4027 3565 4075 est
3605 4037 3619 4073 :
3651 4019 3872 4080 Anima

2264 4116 2380 4172 qua
2399 4099 2714 4173 peccaverit],
2757 4102 2871 4172 ipsa
2918 4104 3168 4162 morietur
3205 4104 3422 4177 (Ezeclt.
3471 4108 3650 4179 xvm).
3706 4109 3878 4178 Qua-

2255 4199 2482 4264 propter
2501 4191 2594 4261 qui
2616 4191 2729 4247 vult
2753 4190 2986 4264 effugere
3006 4204 3256 4263 mortem,
3283 4213 3505 4262 necesse
3527 4210 3612 4256 est
3643 4202 3874 4260 nullam

2262 4280 2316 4334 in
2345 4297 2402 4337 se
2429 4283 2642 4348 habeat,
2679 4285 2732 4342 in
2757 4296 3017 4356 quantum
3045 4285 3128 4344 fas
3177 4299 3282 4357 est,
3331 4295 3595 4351 umbram.
3628 4298 3871 4354 mortis.

2263 4374 2376 4444 Qua
2427 4393 2494 4434 cx
2542 4393 2705 4434 causa
2754 4379 2961 4436 desinat
3001 4397 3246 4452 peccare,
3289 4393 3344 4440 et
3387 4394 3532 4448 totus
3565 4387 3878 4448 adhaereat

2261 4467 2396 4535 Deo,
2421 4479 2479 4524 ut
2507 4469 2576 4525 sit
2600 4469 2689 4524 lux
2711 4469 2765 4524 in
2797 4471 2928 4527 Deo.
2965 4472 3097 4540 Quia
3130 4475 3373 4545 profecto
3402 4478 3447 4534 si
3474 4478 3578 4534 luci
3613 4479 3877 4540 nutasse.

2261 4560 2352 4644 rit,
2382 4560 2544 4616 nullis
2571 4562 2876 4620 obvolvitur
2902 4565 3140 4621 tenebris
3161 4576 3538 4638 peccatorum;
3575 4572 3729 4629 sicut
3751 4592 3880 4638 nec

2261 4653 2353 4708 ubi
2377 4653 2467 4708 lux
2498 4654 2598 4710 ista
2620 4655 2844 4712 visibilis
2871 4664 2974 4723 est,
3006 4657 3156 4714 locus
3176 4659 3400 4730 quilibet
3421 4661 3729 4720 oﬂuscatur
3759 4683 3875 4725 ca-

2260 4743 2442 4814 ligine,
2470 4746 2564 4801 sed
2584 4747 2763 4801 omnia
2788 4747 2842 4806 in
2873 4748 3066 4804 melius
3101 4749 3410 4816 collustrata
3448 4753 3773 4812 clarescunt
3805 4760 3878 4818 in

2259 4831 2466 4900 lucem,
2494 4844 2548 4890 et
2574 4835 2958 4906 pulchritudini
2992 4839 3202 4896 decoris
3235 4843 3416 4902 omnia
3443 4843 3874 4908 reformantur.

2249 4998 2258 5002 _
2329 4924 2535 4982 Exinde
2579 4939 2755 4985 autem
2795 4933 2941 5003 erepit
2985 4931 3141 4990 Iesus
3183 4936 3476 5005 praedicare
3519 4947 3566 4994 et
3607 4937 3808 4998 dicere
3849 4961 3879 5004 .-

2257 5016 2573 5082 Paenitentia
2600 5032 2810 5092 magne,
2852 5024 3279 5096 appropinquavit
3315 5028 3452 5088 enim
3483 5045 3697 5102 regnum
3746 5051 3880 5091 cc-

2255 5110 2446 5164 lorum.
2473 5110 2672 5166 Eadem
2700 5112 2865 5183 igitur
2887 5112 3084 5182 Judex,
3135 5132 3297 5186 quam
3339 5120 3479 5177 bene
3522 5101 3880 5198 confestim;

2249 5216 2378 5272 quae
2404 5209 2456 5256 et
2485 5217 2661 5272 praeco
2689 5204 2935 5260 veritatis
2958 5207 3248 5278 przedicat,
3279 5219 3338 5266 ut
3364 5211 3680 5268 ostendatur
3736 5201 3883 5284 non

2257 5293 2394 5351 alius
2421 5310 2582 5366 quam
2611 5295 2702 5366 qui
2732 5295 2784 5351 in
2807 5311 2938 5352 voce
2959 5298 3126 5368 ipsius
3147 5297 3372 5358 Joannis
3399 5303 3599 5358 dudum
3629 5319 3876 5368 sonue-

2257 5396 2359 5442 rat.
2394 5385 2546 5463 Unde
2569 5387 2709 5442 idem
2732 5398 2787 5444 et
2809 5387 3044 5446 Joannes
3065 5391 3270 5462 inquit:
3288 5394 3404 5466 Ego
3431 5411 3527 5450 vox
3552 5394 3880 5460 clamantia

2252 5481 2307 5534 in
2334 5479 2537 5534 deserto
2569 5479 2750 5549 (Joan.
2780 5498 2820 5547 ι,
2842 5481 2956 5554 25).
3002 5483 3070 5538 Ει
3105 5487 3234 5553 quid
3259 5495 3346 5542 est
3392 5488 3568 5544 dicere
3604 5504 3702 5560 cap
3747 5509 3883 5558 vos

2253 5571 2551 5636 clamantis,
2582 5571 2684 5625 nisi
2718 5589 2730 5625 :
2763 5571 2875 5642 Ego
2905 5589 3023 5630 sum
3066 5592 3170 5631 vox
3219 5577 3360 5633 illius
3393 5579 3560 5649 quiin
3587 5594 3677 5635 me
3719 5571 3880 5640 cla?-

2250 5653 2365 5718 mat
2391 5659 2671 5718 Christus?
2697 5661 2851 5730 Quia,
2899 5665 3000 5720 etsi
3050 5667 3164 5736 ipse
3216 5653 3589 5741 exterius'per
3637 5665 3883 5738 vocem
