4016 6360
1014 239 1375 299 ΕΧΡΟΞΙἮΟ
1403 239 1479 297 ΙΝ
1517 235 1954 296 ΜΔΤΤΗᾹΞἏΙἩ.
1991 267 2064 294 .--
2093 239 2224 302 ῙᾹΕ-
2259 238 2354 308 ιιι,
2387 239 2544 298 CAP.
2579 239 2708 299 IV."

208 359 434 426 sonuit,
465 358 614 416 intus
637 357 824 415 tamen
859 359 1088 415 verbum
1127 359 1376 415 Christus
1413 357 1650 415 clamans
1681 356 1802 412 fuit.
1835 360 1884 420 Α
1913 354 2031 412 fuit.
2213 371 2344 428 ergo
2386 365 2444 414 et
2479 355 2755 429 propiiéta
2779 355 2954 430 usque
2977 360 3386 430 'ad'Jounnem;
3415 363 3472 420 in

207 451 397 520 Cujus
443 449 703 506 nimirum
751 449 1040 504 clamantis
1066 450 1227 520 222
1257 462 1362 504 vox
1408 448 1643 506 Joannes
1685 447 1810 516 jure

211 543 500 613 accipitur
536 559 550 596 :
585 541 1020 612 quandoquidem
1059 556 1322 614 organum
1362 539 1594 612 Spiritus
1631 541 1810 597 sancti

211 633 346 690 fore
381 639 738 696 monstratur,
785 645 885 702 per
917 631 1073 701 cujus
1116 631 1520 704 inspirationem
1551 632 1806 698 Verbum,

214 727 372 797 quod
401 726 457 779 in
485 723 756 796 principio
780 733 900 779 erat
929 725 1069 796 apud
1093 725 1283 790 Deum,
1314 739 1446 781 voce
1472 726 1640 795 ipsius
1674 724 1809 781 iide-

213 817 371 876 libus
395 826 696 874 reseratur.
727 819 842 874 Non
873 820 1023 875 enim
1049 825 1084 875 a
1114 833 1173 876 se
1218 819 1508 891 quidquam
1551 819 1810 884 Joannes,

221 909 330 964 sed
355 909 544 964 omnia
566 909 711 964 intus
735 909 825 964 ille
849 909 1172 980 loquebatur
1196 912 1288 982 qui
1317 925 1441 966 eum
1481 912 1547 966 ad
1589 911 1810 980 lOQllGﬂ-e

223 999 364 1056 dum
381 999 664 1054 movebat.
694 998 898 1054 Idcirco
925 1013 1031 1053 non
1055 1001 1497 1055 inconvenienter
1529 1013 1717 1056 vocem
1751 1007 1810 1054 se

217 1088 400 1160 “quius
423 1095 789 1158 protestetur;
811 1087 1094 1150 clamantis
1122 1099 1300 1146 autem
1321 1105 1382 1146 se
1417 1105 1604 1146 vocem
1631 1090 1810 1162 potius

215 1197 390 1251 quam
421 1181 695 1251 loquentis
717 1179 935 1246 fatetur,
965 1191 1026 1234 ut
1065 1183 1119 1236 in
1165 1195 1231 1237 eo
1269 1183 1532 1253 sapientia
1578 1183 1668 1237 illa
1693 1182 1809 1238 cla-

217 1285 379 1327 mare
405 1269 762 1342 intelligatur,
793 1271 860 1326 de
897 1284 1002 1340 qua
1029 1272 1084 1326 in
1113 1269 1398 1328 Salomone
1425 1273 1624 1327 dicitur
1654 1291 1670 1327 τ
1709 1269 1811 1328 Sa-

218 1362 423 1433 pientia
479 1361 609 1430 foris
660 1359 918 1426 clamitat,
959 1363 1015 1416 in
1067 1363 1254 1432 plateis
1305 1364 1400 1417 dat
1446 1379 1618 1418 vocem
1657 1379 1809 1419 suam

220 1453 415 1524 (Ρη-συ.
439 1469 485 1518 ι,
514 1452 630 1521 20).
654 1453 716 1506 in
751 1455 986 1509 summis
1023 1454 1358 1525 excelsisque
1399 1455 1692 1511 verticibus
1715 1471 1809 1510 su-

222 1559 328 1616 per
351 1543 490 1609 vias,
515 1544 574 1598 in
607 1543 800 1600 mediis
821 1544 1034 1600 semitis
1061 1555 1212 1600 stans
1247 1544 1400 1614 juxta
1445 1555 1630 1615 portas
1676 1547 1809 1602 civle

224 1633 382 1698 tatis,
405 1640 474 1688 ut
491 1633 694 1702 ubique
716 1633 986 1697 audiatur,
1017 1643 1080 1689 'et
1124 1632 1302 1690 nullus
1343 1635 1712 1705 insipientium
1743 1637 1812 1694 de

1905 447 2122 512 Joanne
2145 464 2276 504 vero
2320 450 2478 505 voces
2515 450 2756 504 omnium
2795 461 3282 520 consummantur,
3303 462 3472 525 atque

1907 541 2157 612 deinceps
2180 542 2796 602 roce'evacuataisolm
2825 542 3076 599 Verbum
3099 545 3243 616 quod
3265 560 3471 604 :sonueé

1907 635 1990 688 r'at
2019 633 2167 698 intus
2207 633 2282 699 ab
2317 633 2541 690 exordio
2569 634 2701 706 legis
2727 642 2783 689 et
2819 637 3224 708 prophetarum,
3259 651 3362 708 per
3408 651 3480 696 se

1907 722 2024 784 sine
2050 723 2325 789 dubietate
2343 725 2490 779 recte
2511 724 2825 796 percipitur.
2845 725 2903 781 Si
2929 737 3114 782 autem
3141 729 3331 784 eadem
3356 727 3482 784 Sal;-

1906 821 2060 867 vator
2091 812 2347 882 praedicat
2384 823 2504 883 "qua:
2529 822 2587 869 et
2608 813 2846 870 Joannes
2867 817 2922 872 in
2943 818 3149 887 spiritu
3177 817 3483 889 prophetia?

1907 909 2033 956 ate
2054 901 2400 971 praedixerat,
2425 903 2662 958 ostendit
2688 905 2921 975 seipsum
2945 921 3084 973 esse,
3109 909 3265 979 cujus
3289 909 3388 964 ille
3415 911 3480 965 se

1905 1003 2094 1050 vocem
2115 991 2400 1060 fatebatur,
2429 1003 2494 1049 et
2517 1009 2674 1064 quem
2707 997 2882 1052 omnis
2913 995 3054 1052 ordo
3084 982 3220 1070 legis
3261 1015 3322 1056 ac
3350 999 3483 1070 pro-3

1906 1085 2192 1156 phetarum
2217 1099 2442 1141 currens
2461 1101 2633 1156 usque
2661 1088 2727 1141 ad
2755 1086 3040 1154 Joannem,
3059 1089 3241 1144 clima
3275 1089 3482 1147 szeeulti

1908 1183 2192 1231 venturum
2216 1177 2516 1232 nuntiabat.
2544 1176 2937 1244 Paenitentiam,
2970 1180 3166 1251 inquit,
3203 1183 3361 1254 agite,
3391 1195 3484 1253 ap;

1907 1267 2268 1338 propiuquauit
2290 1267 2426 1321 enim
2447 1284 2664 1338 regnum
2686 1268 2951 1324 caelorum.
2989 1270 3234 1341 Regnum
3283 1274 3482 1344 quippe

1909 1355 2170 1410 calorum
2193 1357 2296 1411 hoc
2324 1356 2444 1412 loco
2486 1357 2833 1428 Evangelium
2879 1369 3026 1414 recte
3065 1362 3349 1432 accipitur,
3389 1375 3482 1428 aut

1909 1453 2059 1500 certe
2087 1446 2202 1514 ipse
2232 1445 2377 1501 salus
2402 1447 2588 1518 mundi
2615 1445 2884 1514 Christus,
2909 1451 3000 1520 qui
3028 1451 3236 1520 pridem
3261 1451 3422 1524 longe
3449 1469 3482 1520 ιι

1907 1537 2287 1607 peccatoribus
2318 1538 2644 1603 minabatur,
2666 1555 2966 1597 nuncvem
3019 1558 3117 1613 per
3164 1546 3481 1600 reconcilia~

1913 1627 2112 1682 tionem
2139 1643 2328 1684 eorum
2367 1629 2460 1699 qui
2510 1629 2768 1685 credituri
2813 1641 2970 1687 erant
3017 1635 3517 1708 appropinquasse.

221 1723 532 1792 ignorantia
556 1735 869 1782 excusetur.
902 1727 961 1782 In
986 1729 1118 1799 ipsis
1135 1727 1354 1799 quidem
1387 1729 1593 1786 foribus
1630 1730 1806 1801 Inqui-

1908 1717 2122 1773 dieitur.
2163 1718 2280 1785 Quo
2305 1721 2456 1775 enim
2479 1720 2595 1776 ﬁeri
2625 1723 2977 1792 propinquius
3021 1727 3206 1794 generi
3242 1728 3479 1784 humano

222 1824 312 1873 tur
361 1816 556 1873 dicens
584 1835 596 1870 :
629 1816 676 1874 0
702 1819 826 1884 viri,
867 1821 937 1873 ad
979 1834 1075 1876 vos
1111 1821 1348 1887 clamito,
1375 1830 1431 1877 et
1457 1837 1562 1878 vox
1593 1837 1710 1880 mea
1741 1823 1808 1878 ad

222 1909 367 1966 ﬁlios
395 1911 701 1966 hominum.
732 1910 862 1979 Quae
885 1913 1142 1968 nimirum
1171 1913 1534 1976 voxJoannes
1573 1923 1714 1979 erat,
1751 1916 1806 1971 in

223 2017 335 2074 uno
355 2002 640 2074 Sapientia
686 1991 782 2063 Dei
805 2003 982 2059 Patris
1008 2005 1310 2071 claruitans,
1339 2006 1550 2061 dicebat
1581 2023 1593 2058 :
1631 2004 1808 2060 Pani-2

229 2094 452 2146 tentiam
473 2095 628 2164 agite,
660 2096 1088 2166 appropinquavit
1127 2097 1266 2150 enim
1297 2111 1509 2167 regnum
1539 2097 1806 2151 calorum.

233 2182 326 2246 Et,
353 2192 422 2238 ut
437 2185 670 2254 apertius
687 2185 1172 2256 claresceretquod
1193 2187 1306 2256 ipse
1327 2197 1471 2243 esset
1495 2188 1586 2257 qui
1609 2189 1808 2248 dudum

231 2288 336 2342 per
357 2288 482 2328 eum
514 2273 786 2342 clamabat,
812 2275 999 2331 debuit
1027 2277 1213 2331 eadem
1245 2285 1303 2331 et
1347 2275 1463 2348 ipse
1491 2277 1544 2332 in
1571 2278 1809 2348 primore

225 2361 324 2419 dio
345 2364 752 2432 praedicationis
783 2380 901 2432 sua
945 2374 1212 2430 retexere,
1242 2380 1362 2435 qua:
1389 2366 1506 2436 ipse
1533 2381 1810 2435 prteeonas

223 2459 320 2508 ms
338 2451 516 2508 uﬁcio
537 2455 842 2519 nuntiarat;
876 2463 1141 2524 quatenus
1169 2455 1283 2525 ipse
1309 2470 1436 2510 voce
1474 2455 1679 2510 clarius
1715 2469 1810 2524 per

227 2557 290 2612 se
313 2543 608 2599 nitcsceret
625 2557 694 2598 ex
721 2559 904 2614 opere,
930 2545 1021 2614 qui
1053 2545 1204 2616 prius
1247 2560 1346 2615 per
1385 2545 1644 2602 Joannem
1696 2547 1810 2601 cla—

228 2632 416 2702 mabat
466 2632 523 2688 in
575 2647 728 2688 voce.
758 2633 847 2702 Et,
893 2634 939 2691 si
989 2634 1276 2706 diligenter
1324 2636 1675 2699 attendimus,
1705 2651 1808 2690 non

229 2722 406 2782 nulum
436 2722 489 2778 in
517 2737 583 2778 eo
610 2721 877 2794 Christus,
910 2739 1098 2780 verum
1133 2724 1295 2778 etiam
1337 2725 1391 2779 in
1439 2725 1690 2796 omnibus
1718 2725 1809 2796 qui

231 2813 437 2883 aliquid
464 2815 534 2868 ab
571 2814 725 2870 initio
757 2815 1014 2872 divinitus
1043 2815 1287 2885 inspirati
1311 2817 1516 2881 dixere,
1555 2817 1666 2886 ipsa
1716 2817 1810 2872 Dei

233 2905 514 2976 Sapientia
554 2904 760 2962 clamor
805 2903 924 2960 fuit.
957 2905 1064 2962 Sed
1118 2913 1296 2961 tamen
1343 2905 1601 2969 Joannes,
1639 2922 1810 2976 quana-

229 3015 398 3070 quam
424 3006 476 3054 et
511 2997 564 3054 in
590 2996 713 3052 aliis
750 2996 998 3054 Christus
1037 2999 1374 3064 clamaverit,
1424 3014 1490 3054 ex
1531 2999 1808 3070 privilegio

1907 1820 2109 1881 posset,
2135 1825 2298 1880 quam
2353 1813 2495 1881 quod
2536 1813 2638 1868 hoc
2691 1827 2812 1870 esse
2858 1815 3109 1886 dignatus
3158 1827 3241 1873 est
3275 1820 3486 1890 absque

1907 1909 2153 1970 peccato,
2201 1902 2343 1968 quod
2391 1916 2490 1956 nos
2537 1901 2640 1972 ipsi
2689 1905 2942 1960 eramus?
3003 1904 3266 1974 Verbum,
3311 1908 3489 1979 inqui

1907 1991 2276 2063 Evangelista,
2307 2009 2432 2046 caro
2471 1993 2670 2062 factum
2701 2005 2800 2060 est,
2839 2005 2891 2050 et
2931 1997 3189 2052 habitauit
3223 2000 3286 2053 ἐπ
3333 1999 3481 2060 nabis

1908 2079 2089 2153 (Jm.
2123 2097 2163 2147 ι,
2196 2081 2306 2151 lt).
2359 2081 2472 2136 Hoc
2493 2091 2597 2146 est,
2629 2085 2771 2152 quod
2797 2097 2896 2139 nos
2927 2084 3025 2154 ipsi
3049 2101 3270 2144 eramus
3307 2087 3484 2157 factos

1907 2175 2022 2237 est,
2051 2181 2122 2226 .et
2158 2173 2422 2227 habitavit
2465 2173 2764 2229 nobiscum.
2813 2174 3054 2244 Regnum
3089 2187 3272 2243 autem
3307 2180 3482 2235 calo;

1905 2276 2028 2318 rum
2044 2263 2168 2334 jure
2189 2264 2310 2319 ideo
2335 2263 2654 2334 appellatur,
2677 2266 2806 2336 quia
2834 2268 2944 2338 ipse
2983 2278 3062 2324 est
3100 2269 3226 2325 illud
3255 2287 3481 2344 regnum

1907 2367 2006 2425 per
2034 2355 2174 2423 quod
2198 2355 2336 2408 etin
2363 2369 2472 2424 quo
2493 2355 2668 2410 sancti
2707 2371 2898 2412 omnes
2949 2357 3004 2412 in
3037 2359 3348 2417 caelestibus
3391 2377 3484 2432 pe-_-

1905 2442 2155 2498 tenuiter
2173 2444 2468 2512 regnaturi,
2501 2441 2614 2511 jam
2644 2445 2848 2514 hicper
2881 2445 3039 2502 [idem
3089 2451 3328 2519 quotidie
3364 2451 3485 2520 ejus

1905 2547 2136 2603 corpore
2161 2533 2506 2604 colliguntur.
2989 2603 2994 2607 _
3301 2599 3307 2608 _

1983 2623 2270 2678 Ambulans
2301 2634 2474 2678 autem
2506 2623 2665 2680 Iesus
2711 2643 2859 2682 secus
2899 2645 3046 2684 utare
3075 2629 3312 2688 (ὲάιὲιιεω
3355 2635 3485 2690 uidi

1903 2714 2042 2770 duos
2059 2714 2266 2783 fratres,
2291 2706 2556 2770 Simonem
2575 2718 2666 2787 qui
2683 2728 2898 2774 uocatur
2921 2719 3128 2788 Petrus,
3146 2733 3192 2777 et
3218 2724 3482 2780 Andream

1901 2806 2128 2876 fratrem
2150 2805 2286 2876 ejus,
2309 2807 2566 2862 mittentes
2589 2818 2694 2863 rete
2726 2810 2782 2864 in
2821 2813 2976 2865 mari.
3006 2813 3175 2868 Erant
3211 2826 3386 2870 autem
3410 2817 3482 2887 pb

1897 2907 2158 2951 .scatores.
2189 2897 2256 2952 Et
2276 2899 2348 2953 ait
2378 2898 2524 2955 illis:
2563 2897 2740 2955 Venite
2759 2913 2872 2971 post
2893 2919 2974 2958 me
2995 2944 3009 2968 ,
3035 2905 3230 2974 faciam
3253 2924 3341 2963 vos
3371 2910 3491 2977 ﬁeri

1909 2989 2196 3058 piscatores
2242 2991 2530 3045 hominum.
2561 2990 2676 3048 Hoc
2717 2993 2914 3064 quippe
2963 2995 3118 3052 valde
3157 3001 3487 3055 contrarium

225 3092 576 3158 meritorum,
595 3092 979 3162 Proprietate“.
1009 3094 1159 3148 vocis
1187 3093 1334 3149 solus
1373 3094 1637 3160 obtinuit;
1672 3111 1806 3164 qna.
1833 3072 1880 3138 Ο
1912 3080 2052 3136 inter
2079 3081 2434 3152 evangelistas
2456 3098 2651 3143 sonare
2691 3085 2922 3143 videtur.
2977 3091 3114 3156 Quia
3161 3093 3305 3161 quod
3354 3094 3488 3148 Mat-

229 3191 395 3240 .tenus
417 3199 516 3254 per
545 3199 668 3244 eum
690 3201 927 3255 praesens
970 3186 1192 3242 verbum
1235 3196 1639 3258 agnosceretur,
1673 3190 1816 3258 qltod

237 3272 394 3343 longe
433 3273 674 3330 ἀίει-διὲξ
723 3276 1056 3333 nuntiarunt.
1113 3275 1256 3332 Inter
1301 3291 1488 3332 vocem
1542 3279 1738 3348 quippe
1765 3288 1821 3344 et

221 3362 464 3424 'verbum
501 3362 633 3424 nihil
659 3364 894 3425 medium
913 3379 1038 3421 esse
1069 3374 1266 3436 potest,
1305 3368 1398 3422 sed
1453 3368 1707 3424 continuo
1759 3377 1821 3424 ut

221 3471 346 3512 ,τοι
367 3457 636 3520 senuerit,
669 3456 890 3514 verbum
929 3473 1172 3529 praesens
1208 3459 1522 3530 percipitur.
1565 3459 1655 3516 Sic
1683 3476 1821 3530 quo-

233 3560 348 3614 que
369 3545 518 3602 inter
541 3543 807 3608 Joannem
834 3555 890 3600 et
925 3546 1199 3606 Christum
1231 3549 1410 3605 nullus
1436 3550 1572 3606 alius
1609 3551 1820 3606 medius

245 3638 538 3710 recipitur;
565 3639 660 3698 sed
703 3655 825 3696 mox
863 3649 921 3698 ut
961 3639 1198 3698 Joannes
1231 3658 1450 3700 carcere
1497 3644 1816 3710 retruditur,

217 3730 495 3792 .Cbristus
531 3732 584 3788 in
619 3734 822 3790 mundo
848 3734 1140 3792 virtutibus
1165 3737 1508 3805 praedicatur.
1527 3737 1642 3792 Vox
1667 3753 1818 3808 ergo,

246 3827 311 3874 ut
333 3822 500 3892 cepit
541 3822 828 3889 desistere,
878 3822 1108 3882 Verbum
1135 3826 1276 3896 quod
1307 3834 1428 3881 erat.
1471 3825 1820 3882 substantiola

227 3908 497 3970 tenuibus
520 3911 586 3966 ad
611 3911 1012 3984 intelligentiam
1035 3915 1152 3970 sine
1193 3915 1422 3986 strepitu
1471 3916 1618 3971 vocis
1673 3915 1821 3972 intus

215 4000 301 4072 _in
329 3999 510 4056 animo
535 4017 780 4068 manens,
820 4005 983 4074 cmpit
1027 4005 1346 4071 clarescere,
1387 4013 1444 4062 et
1473 4006 1817 4076 semetipsum

243 4106 345 4163 per
377 4091 666 4161 seplenius
700 4094 1011 4164 explanare.
1055 4094 1292 4152 Joannes
1344 4098 1561 4166 quidem
1606 4097 1820 4165 expleto

243 4182 581 4240 vocisollicio
601 4186 826 4242 desiitin
849 4189 1050 4243 mundo
1072 4189 1296 4245 ulterius
1327 4191 1498 4246 audiri
1531 4208 1542 4244 :
1575 4190 1824 4248 Christus

213 4322 218 4324 _
242 4287 373 4330 vero
399 4273 658 4342 Verbum,
686 4278 1022 4348 singulorum
1043 4281 1097 4336 in
1119 4283 1282 4337 corde
1319 4291 1626 4352 perceptus,
1663 4289 1819 4337 tena-

243 4373 361 4428 cius
385 4387 724 4442 permanere.
765 4374 832 4430 Et
873 4375 994 4430 ideo
1023 4375 1253 4447 primum
1299 4392 1404 4431 non
1445 4376 1589 4431 aliud
1639 4375 1822 4432 debuit

1902 3173 2094 3229 .tbaaus
2117 3182 2306 3228 narrat
2333 3177 2474 3244 quod
2495 3177 2702 3234 venerit
2721 3187 2778 3236 et
2803 3179 3129 3238 habitaverit
3160 3184 3214 3238 in
3249 3184 3491 3255 Caphar-

1905 3282 2081 3325 .naum
2137 3267 2450 3334 maritima;
2499 3277 2554 3326 et
2605 3280 2789 3340 postea
2831 3272 3107 3344 discipulis
3158 3277 3496 3345 piscantibus

1919 3373 2014 3415 eos
2028 3360 2096 3415 de
2123 3361 2246 3414 navi
2276 3375 2497 3417 vocasse
2527 3369 2589 3417 ut
2608 3373 2962 3432 sequerentur
2981 3381 3102 3436 eum
3119 3383 3134 3431 ;
3153 3367 3316 3438 longe
3341 3369 3498 3425 aliter

1919 3455 2156 3512 Joannes
2177 3456 2450 3521 edisserit,
2479 3458 2622 3527 quod
2647 3467 2768 3528 post
2795 3458 2958 3532 224
2993 3460 3125 3515 illud
3173 3462 3494 3519 miraculum

1921 3548 1988 3602 de
2019 3562 2174 3618 aqua
2206 3548 2261 3602 in
2290 3547 2475 3602 vinum
2519 3561 2802 3614 conversa,
2849 3551 3188 3616 deacenderit
3229 3550 3388 3608 Jesus
3439 3553 3496 3621 in

1919 3637 2318 3708 Capharnaum,
2352 3654 2418 3695 ae
2443 3647 2620 3696 mater
2652 3639 2770 3710 ejus
2807 3649 2864 3695 et
2904 3640 3101 3706 fratres
3143 3651 3306 3713 atque
3333 3645 3497 3710 disci-

1920 3731 2064 3802 puli;
2123 3731 2316 3799 ίωηυεν
2365 3733 2558 3802 inquit.
2592 3744 2898 3788 manserunt
2947 3750 3052 3789 non
3099 3735 3278 3790 multis
3314 3735 3500 3793 diem

1899 3821 2101 3892 --(lamt.
2133 3822 2294 3893 11,2).
2337 3821 2444 3878 Sed
2485 3823 2749 3879 incertum
2787 3838 2919 3880 sane
2961 3826 3194 3891 videtur,
3243 3829 3497 3884 utrumne

1899 3912 1996 3966 illi
2023 3911 2135 3980 jam
2167 3914 2510 3971 adhaeserant
2554 3913 2748 3970 Petrus
2775 3924 2834 3972 et
2875 3916 3142 3983 Andreas,
3187 3923 3350 3987 atque
3395 3917 3493 3974 ﬁlii

1919 4005 2164 4060 Zebedaai
2189 4006 2331 4072 duo;
2366 4014 2425 4062 ut
2469 4021 2567 4076 per
2615 4006 3060 4077 capitulationem
3111 4010 3202 4064 hic
3245 4009 3498 4078 loquatur

1897 4095 2290 4168 :Evangelista,
2317 4099 2470 4168 quasi
2522 4099 2646 4165 hoc,
2675 4100 2994 4169 priusquam
3023 4099 3094 4155 ad
3115 4100 3497 4172 Capharnaum

1923 4189 2276 4244 descenderet
2305 4189 2372 4244 ad
2405 4189 2778 4255 habitandum,
2811 4191 3052 4260 quolibet
3093 4193 3252 4262 pacto
3291 4193 3495 4250 factum

1911 4277 2103 4332 fuerit.
2135 4279 2216 4333 An
2245 4279 2325 4334 sic
2353 4279 2694 4336 descendisse
2715 4295 2838 4336 cum
2876 4295 2943 4336 eo
2969 4281 3215 4352 discipuli
3259 4282 3376 4352 ejus
3399 4281 3502 4342 (ia-

1923 4368 2222 4438 pbarnaum
2253 4369 2519 4435 dicantur,
2565 4370 2836 4440 quomodo
2879 4381 2933 4426 et
2974 4373 3031 4428 in
3069 4372 3213 4429 Cana
3263 4374 3500 4436 Callian

244 4463 424 4519 audiri
477 4479 546 4522 ex
597 4463 776 4521 Verbo
793 4507 807 4530 ,
849 4445 1040 4534 quam‘
1057 4468 1199 4536 quod
1247 4465 1422 4521 oﬂicio
1471 4468 1622 4523 vocis
1669 4467 1821 4538 prius
1845 4445 1900 4506 Ῐ)
1917 4459 2030 4528 iam
2054 4461 2296 4532 discipuli
2322 4464 2503 4518 vocari
2533 4463 2599 4518 ad
2624 4464 2842 4535 nuptias
2865 4479 3070 4520 cumeo
3087 4465 3500 4536 leguntur..Nm

213 4555 624 4612 enuntiarent
651 4571 866 4626 praeco;
893 4564 953 4611 ut
981 4564 1150 4611 totum
1190 4556 1446 4612 nimirum
1490 4556 1821 4628 refragraret

243 4646 301 4702 in
347 4646 507 4718 233
549 4648 736 4712 verbo,
767 4648 1025 4720 quidquid
1061 4647 1352 4704 formatum
1394 4651 1609 4706 auditus
1647 4663 1822 4722 expe-

247 4737 446 4794 rientia
483 4738 616 4794 ﬁdes
652 4747 975 4810 conceperat
1013 4756 1080 4795 ex
1123 4755 1276 4795 voce.
1312 4739 1445 4794 Nam
1487 4750 1541 4795 et
1585 4739 1822 4798 Joannes

247 4829 474 4900 ligurum
496 4830 632 4902 legis
652 4840 707 4886 et
735 4833 1114 4902 prophetarum
1143 4832 1335 4896 tenuit,
1369 4832 1567 4901 quibus
1599 4845 1820 4888 cessan-

209 4973 212 4976 .
243 4921 412 4989 tibus,
438 4935 830 4994 consequenter
853 4924 1051 4981 Christi
1081 4924 1428 4996 Evangelium
1451 4925 1818 4980 annuntiatur.

243 5014 334 5078 Et,
367 5013 417 5071 ai
441 5015 749 5086 diligentius
791 5015 1114 5086 inspexeris,
1153 5015 1422 5086 percipies
1461 5015 1606 5085 quod
1646 5017 1824 5073 omnis

243 5104 528 5175 Scriptura
562 5106 776 5162 Veteris
793 5105 1127 5162 Testamenti
1172 5121 1280 5162 non
1323 5105 1468 5160 aliud
1509 5120 1673 5176 quam
1717 5121 1823 5162 vox

243 5194 532 5254 clamantis
611 5194 733 5250 fuit.
805 5195 1073 5254 Uudidem
1141 5196 1451 5266 quicunque
1514 5196 1825 5266 Scripturas

241 5295 483 5351 sanctas,
529 5294 624 5342 aut
667 5295 816 5343 certe
858 5286 1110 5344 doctores
1160 5301 1349 5342 earum
1388 5285 1826 5355 obtemperanter

241 5389 353 5432 non
382 5374 638 5440 intendit,
661 5375 884 5433 omnino
904 5390 1012 5432 non
1031 5389 1148 5442 eos,
1171 5376 1264 5432 sed
1291 5375 1617 5432 clamantem
1645 5374 1700 5430 in
1719 5375 1823 5442 eis,

243 5465 581 5536 inminutum
620 5467 863 5524 moribus
889 5467 1210 5524 conterunit.
1239 5466 1478 5534 Quorum
1511 5465 1737 5537 ﬁguram
1761 5480 1826 5536 se

243 5565 458 5632 gestare
481 5556 718 5616 Joannes
746 5559 926 5616 scim
954 5577 969 5614 :
997 5558 1115 5630 Ego
1153 5575 1254 5616 nos:
1287 5558 1591 5624 clamantis,
1626 5558 1820 5628 inquit,

211 5648 370 5719 .quia
395 5648 796 5718 quodammodo
826 5649 957 5720 legis
986 5659 1040 5706 et
1085 5650 1470 5724 prophetarum
1507 5648 1824 5720 adimpletio

1897 4551 2064 4623 quod
2097 4562 2223 4610 utne
2375 4554 2625 4623 discipuli
2647 4553 2868 4620 fuerint,
2889 4556 3106 4625 quando
3133 4558 3503 4628 propter'illud

1891 4643 2245 4699 .miraculum
2272 4645 2328 4698 in
2347 4659 2475 4710 etim
2505 4645 2802 4704 credidisse
2823 4646 3100 4713 dicuntur,
3127 4649 3268 4718 quod
3297 4647 3500 4706 factm

1922 4743 2034 4800 est;
2063 4734 2158 4790 sed
2192 4735 2434 4805 discipuli
2475 4735 2770 4791 secundum
2796 4736 2852 4791 id
2873 4747 3136 4793 vocantur
3160 4737 3302 4808 quod
3330 4738 3502 4796 futuri

1895 4859 1904 4864 -
1923 4832 2104 4879 erant.
2116 4823 2252 4880 Nam
2277 4835 2334 4881 et
2351 4825 2705 4895 antequamin
2727 4825 2874 4883 Cana
2887 4825 3120 4883 Galilth
3132 4827 3382 4885 Christus
3402 4831 3500 4892 de-

1901 4959 1906 4964 .
1922 4917 2154 4983 veniret,
2169 4917 2364 4974 dicitur
2375 4919 2621 4974 Andreas
2629 4917 2849 4974 Petrum
2865 4921 2932 4976 ad
2943 4935 3067 4976 eum
3079 4919 3306 4977 fratrem
3317 4937 3502 4988 suum,

1893 5057 1896 5061 .
1923 5007 2130 5065 Joanne
2155 5017 2312 5074 teste,
2338 5010 2656 5076 adduxisse;
2680 5020 2736 5066 et
2755 5027 2880 5067 cum
2894 5027 2961 5068 eo
2981 5013 3246 5082 siquidem
3269 5028 3378 5068 uno
3416 5015 3506 5071 die

1889 5125 1896 5150 ;
1925 5101 2214 5155 mansisse.
2240 5099 2353 5155 Non
2373 5100 2588 5170 quidem
2617 5110 2676 5156 ut
2690 5102 2804 5172 jam
2816 5103 3372 5172 eiperdiscipulatum
3393 5105 3504 5170 he-

1925 5197 2132 5256 rerent,
2158 5191 2250 5245 sed
2281 5200 2338 5245 ut
2352 5206 2450 5260 per
2463 5193 2848 5262 experientiam
2879 5203 3044 5248 tanta
3060 5194 3360 5256 dulcedinis
3379 5198 3505 5254 vim

1889 5313 1894 5324 ε
1931 5281 2185 5350 pabulum
2211 5297 2243 5338 a
2280 5283 2575 5352 primordio
2599 5285 2811 5346 avidius
2838 5285 3203 5356 degustaan
3241 5286 3535 5352 (indidem,

1933 5389 2060 5430 reor
2092 5373 2402 5430 Mamurium
2433 5375 2548 5431 hoc
2590 5390 2687 5446 per
2731 5375 3234 5445 recapitulationqm
3281 5360 3524 5446 dixisse,‘

1929 5467 2232 5538 praesertim
2263 5482 2387 5522 cum
2415 5483 2523 5522 non
2546 5466 2932 5538 interposuerit
2957 5480 3112 5522 more
3153 5469 3334 5536 sel-ito,
3359 5480 3510 5538 ultr,

1893 5565 2024 5624 ,aut
2047 5556 2258 5621 deinde,
2285 5556 2368 5611 vel
2414 5565 2572 5612 certe.
2599 5567 2744 5625 ,ρο-ι,
2793 5569 2890 5608 seu
2933 5555 3148 5626 aliquid
3195 5560 3507 5632 ὶιυῄιηιιωί

1893 5651 2348 5706 -continuationis
2396 5651 2564 5720 gratia
2591 5689 2606 5711 ,
2663 5647 2758 5703 sed
2812 5648 3162 5720 simpliciter,
3219 5652 3507 5712 mentm
