4000 6362
520 220 623 275 207

1299 217 1360 273 S.
1387 212 1755 274 'PASCHASII
1792 211 2152 272 MDBERTI'
2176 209 2466 268 ABBATIS
2503 209 2961 269 CORBEIENSIS

2331 97 2424 107 --..-~

3668 209 3771 270 aus

517 327 1040 404 autemjusttt'tttttre
1059 325 1315 396 Galiltete.
1329 327 1713 384 Verumtamen
1751 327 1882 398 quid
1901 327 2095 382 horum
2120 327 2176 388 Α
2197 324 2366 379 sentis
2385 324 2508 379 vitae
2532 325 2784 395 negotia;
2817 323 2912 378 sed
2964 333 3090 377 mox
3132 320 3260 377 dum
3296 321 3481 389 infert,
3527 325 3774 394 quoddlli

519 424 866 498 potissimum
914 420 1188 486 credatur,
1240 418 1379 474 nihil
1428 418 1553 475 ﬁdei
1605 427 1689 475 est
1732 418 2096 485 discriminis,

523 518 666 574 dum.
696 514 888 585 modis.
923 510 1173 568 omnibus
1219 510 1294 566 ita
1316 525 1406 566 res
1454 518 1602 583 gesta
1643 511 1918 577 credatur,
1955 511 2098 567 sicut

522 607 872 680 Evangelium
906 611 1110 660 narrat.
1136 602 1282 658 Mare
1315 611 1494 659 autem
1519 603 1753 659 Galilaa:
1773 612 1993 673 propter
2017 602 2100 656 vi-

523 699 801 766 cinitatem
849 693 1370 765 ejusdemrcivitatis
1417 693 1728 763 expressius
1771 691 2095 763 appellatur,

522 789 666 847 sicut
691 785 1070 856 hocidemque
1104 796 1254 838 mare
1300 781 1426 837 alibi
1475 791 1697 853 propter
1743 782 2098 837 circumstan-

510 879 630 936 tias
657 854 948 940 terra’rum,
971 854 1156 929 multis
1192 880 1418 928 vocatur
1455 871 1794 938 nominibus;
1847 869 2098 925 videlicet

523 967 675 1024 lacus
701 964 1055 1030 Genesareth,
1089 971 1182 1018 aut
1217 970 1488 1033 stagnum,
1525 977 1622 1017 seu
1652 959 1974 1026 Tiberiadis,
2013 958 2098 1014 vel

525 1060 678 1118 lacus
722 1059 1049 1116 Salinarum.
1091 1057 1253 1123 Vidit,
1299 1057 1497 1128 inquit,
1523 1057 1654 1111 duos
1698 1055 1907 1125 fratres,
1954 1053 2099 1124 quod

525 1149 1058 1220 satisdispensative,
1080 1149 1219 1204 sicut
1241 1147 1293 1202 in
1316 1147 1496 1202 Veteri
1513 1146 1858 1202 Testamento
1881 1143 2100 1216 Moysen

527 1252 583 1300 et
605 1243 785 1299 Aaron
819 1242 1034 1298 vocavit
1081 1241 1148 1296 ad
1192 1240 1525 1296 liberandum
1555 1254 1651 1310 per
1675 1239 1829 1309 signa
1854 1236 1977 1292 ﬁdei
2006 1251 2101 1306 po-

526 1335 710 1407 pulum
732 1348 799 1388 ex
824 1332 1096 1404 Egypto:
1125 1331 1198 1386 ita
1228 1330 1446 1386 Petrum
1471 1339 1526 1386 et
1550 1330 1822 1385 Andream
1847 1327 2104 1383 conduxit

528 1440 628 1498 per
658 1423 911 1496 gratiam,
962 1430 1022 1476 ut
1063 1428 1476 1491 transponerent
1513 1419 1773 1490 piscando
1815 1417 2025 1472 animas
2069 1429 2103 1470 e

528 1517 730 1572 mundo
757 1516 826 1571 ad
846 1513 1143 1571 Jerusalem
1181 1512 1473 1568 caelestem.
1515 1512 1753 1580 Quorum
1791 1507 2104 1564 fraternitas

530 1610 712 1666 carnis
733 1609 895 1665 debet
923 1608 1077 1663 nobis
1101 1606 1372 1661 insinuare
1397 1606 1539 1675 quod
1567 1617 1756 1659 omnes
1780 1601 1872 1673 qui
1900 1608 2025 1656 sunt
2047 1598 2101 1653 in

2198 414 2470 470 continuo
2490 413 2692 470 relictis
2713 413 2916 469 retibus
2947 413 3118 469 secuti
3145 421 3272 468 sunt
3297 427 3446 480 eum,
3477 412 3774 484 perfectam

2197 517 2384 562 eorum
2447 506 2682 560 insinuat
2729 505 3126 560 obedientiam.‘
3165 504 3441 572 Quatenus
3505 520 3602 574 per
3674 507 3776 564 hoc

2197 594 2406 652 discant
2428 594 2541 650 veri
2575 593 2776 650 Christi
2807 595 3130 660 imitatores,
3152 611 3250 650 sua
3281 595 3532 664 qumlibet
3579 597 3776 666 imper-

2196 683 2338 740 fecta
2363 683 2690 754 relinquere,
2719 691 2773 738 et
2806 683 2988 738 vicino
3039 683 3362 739 obedientiae
3408 685 3543 754 pede
3585 699 3778 742 vocem

2190 777 2429 848 iubentis
2457 777 2632 846 sequi,
2665 784 2826 846 atque
2855 777 3048 832 sectari
3077 790 3198 832 eum
3224 777 3317 848 qui
3359 776 3437 832 ait
3463 791 3477 830 :
3505 776 3629 832 Non
3665 779 3778 832 veni

2197 867 2368 938 facere
2387 867 2700 922 uoluntatem
2730 883 2923 933 meam,
2969 868 3059 921 sed
3084 867 3209 946 pejus
3229 867 3321 938 qui
3355 868 3496 922 misit
3530 885 3634 934 me,
3673 867 3782 922 Pa-

2198 957 2294 1011 tris
2325 956 2507 1028 (Joan.
2558 973 2633 1022 vt,
2662 957 2740 1027 8).
2789 958 2856 1013 Et
2905 961 3120 1016 vocavit
3164 975 3280 1024 eos,
3334 960 3526 1030 inquit.
3571 962 3784 1017 Vocare

2199 1059 2376 1106 autem
2403 1051 2497 1107 Dei
2538 1067 2642 1106 non
2675 1067 2889 1121 semper
2928 1053 2983 1108 in
3022 1053 3318 1125 Scripturis
3361 1055 3529 1127 226
3580 1055 3785 1111 divinis

2201 1143 2492 1198 secundum
2522 1141 2843 1207 electionem
2863 1144 3051 1213 gratia:
3079 1153 3183 1200 est.
3209 1143 3396 1214 Neque
3421 1160 3530 1200 una
3571 1146 3785 1202 vocatio

2199 1232 2459 1288 omnium.
2501 1233 2610 1288 Sed
2645 1240 2824 1287 tamen
2861 1248 3184 1305 quacunque
3227 1236 3510 1291 vocatione
3551 1236 3789 1307 quisque

2199 1330 2474 1379 vocatusa
2504 1322 2635 1386 Deo,
2686 1337 2910 1379 necesse
2963 1333 3047 1380 est
3099 1324 3153 1379 in
3204 1325 3394 1380 eadem
3440 1337 3785 1396 permaneat.

2201 1413 2452 1483 Alioquin
2472 1414 2644 1484 magis
2665 1415 2856 1470 obesse
2877 1415 3137 1496 creditur,
3159 1431 3226 1471 eo
3250 1417 3395 1486 quod
3422 1432 3482 1472 se
3502 1417 3790 1489 indignum

2205 1521 2302 1562 sua
2352 1506 2634 1562 vocatione
2686 1505 2897 1572 fecerit,
2947 1506 3075 1562 dum
3123 1508 3378 1578 coeperit,
3417 1509 3566 1564 velut
3590 1508 3788 1576 Iudas,

2204 1606 2532 1670 apostatare.
2557 1597 2692 1652 Nam
2717 1608 2772 1654 et
2800 1597 2968 1655 Judas
2986 1607 3211 1655 vocatus
3235 1609 3321 1655 est
3341 1601 3642 1672 apostolus,
3678 1618 3792 1658 non

532 1699 770 1765 Christo,
817 1697 1113 1753 secundum
1155 1693 1615 1765 regenerationem
1659 1692 1804 1755 vitae,
1857 1686 2102 1762 germani
2129 1697 2178 1758 Β
2205 1691 2500 1748 secundum
2553 1690 3082 1761 praedestinationem
3131 1692 3287 1756 vitm,
3337 1693 3432 1747 sed
3488 1693 3794 1748 secundum

529 1789 765 1846 debeant
791 1802 910 1845 esse
936 1801 1032 1858 per
1065 1786 1246 1850 ﬁdem,
1267 1794 1323 1840 et
1351 1786 1546 1840 fratres
1574 1783 1790 1839 nomine
1819 1779 2098 1852 appellari.

529 1882 611 1939 Ex
636 1896 745 1952 quo
781 1888 1030 1952 patenter
1061 1896 1074 1933 :
1106 1877 1246 1932 Vidit
1291 1877 1421 1931 duos
1449 1876 1662 1947 fratres,
1687 1873 1882 1943 inquit,
1928 1870 2104 1927 Simo-

532 1989 674 2037 nem,
703 1972 793 2044 qui
816 1979 1031 2026 vocatur
1062 1967 1274 2033 Petrus,
1303 1977 1352 2022 et
1380 1967 1663 2022 Andream.
1700 1964 1818 2019 Non
1843 1962 1987 2034 quod
2015 1960 2105 2017 hic

531 2062 767 2134 primum
796 2067 1020 2129 vocatus
1038 2058 1110 2113 sit
1132 2056 1343 2121 Petrus,
1373 2056 1467 2111 sed
1491 2064 1698 2126 postea,
1725 2052 1943 2124 quando
1969 2065 2102 2107 con-

534 2148 710 2206 fessus
731 2158 815 2206 est
838 2147 1000 2219 225
1020 2147 1295 2204 Christum
1323 2145 1518 2201 Filium
1548 2143 1642 2200 Dei
1669 2143 1810 2208 vivi;
1858 2151 1996 2206 tum,
2025 2140 2108 2195 in-

533 2239 946 2310 quam,-dictum
972 2246 1058 2292 est
1077 2236 1127 2292 ei
1151 2253 1164 2290 :
1191 2237 1329 2303 Quia
1344 2245 1403 2290 tu
1421 2253 1474 2290 es
1493 2232 1708 2301 Petrus,
1726 2244 1772 2288 et
1800 2248 1955 2304 super
1972 2233 2106 2286 hanc

533 2341 733 2404 petram
759 2329 1031 2400 cdiﬁcabo
1063 2327 1356 2383 Ecclesium
1379 2343 1546 2382 meam
1583 2326 1796 2398 (Matth.
1832 2339 1947 2390 xvr,
1996 2323 2105 2394 l8).

535 2422 710 2480 Porro
735 2423 825 2478 hic
851 2437 949 2496 per
970 2421 1406 2493 anticipationem
1438 2420 1506 2475 ab
1531 2417 1874 2491 Evangelista
1901 2425 1985 2472 est
2004 2415 2110 2470 uti-

528 2529 643 2586 que
665 2512 989 2586 appellatus,
1013 2513 1313 2585 praesertim
1339 2526 1462 2566 cum
1491 2525 1556 2566 eo
1597 2519 1858 2579 tempore,
1893 2506 2110 2578 quando

535 2609 641 2664 Ioc
665 2609 926 2678 scriptum
955 2615 1041 2662 est
1061 2604 1430 2677 Evangelium,
1455 2601 1568 2672 jam
1598 2603 1646 2658 ei
1673 2618 1702 2656 a
1725 2611 1878 2673 petra
1905 2601 2007 2656 hoc
2030 2600 2112 2654 in-

535 2697 708 2754 ditum
735 2707 854 2754 erat
875 2712 1092 2753 nomen.
1110 2696 1426 2766 Quanquam
1457 2703 1512 2749 et
1532 2693 1643 2758 alii,
1665 2693 1871 2764 pridem
1897 2689 2114 2760 quando

536 2788 782 2856 Andreas
809 2788 957 2842 illum
986 2786 1207 2840 adduxit
1235 2785 1304 2839 ad
1326 2783 1531 2846 desum,
1583 2783 1685 2839 boc
1731 2783 1947 2838 nomine
1978 2797 2116 2836 nun-

539 2891 791 2956 cupatum
818 2897 941 2938 enm
972 2889 1281 2937 asseverent
1312 2891 1598 2950 antequam
1625 2881 1728 2934 iret
1751 2878 1909 2934 Jesus
1937 2878 1990 2932 in
2016 2876 2117 2932 Ga-

541 2976 756 3040 lilaam,
779 2978 905 3030 dum
926 2975 1124 3029 dicitur
1149 2973 1197 3027 ei
1225 2989 1238 3026 :
1277 2971 1354 3025 Tu
1386 2971 1650 3025 vocaberis
1703 2969 1924 3040 Cephas,
1972 2967 2112 3040 quod

2205 1782 2335 1838 illud
2360 1781 2504 1852 quod
2531 1781 2685 1836 multi
2717 1783 2884 1837 vocati
2933 1781 3206 1849 dicuntur,
3242 1783 3400 1853 pauci
3447 1800 3566 1839 vero
3613 1784 3792 1840 electi.

2203 1872 2394 1930 Plures
2422 1873 2623 1929 etenim
2662 1881 2946 1947 vqcantur,
2982 1875 3076 1929 sed
3115 1875 3272 1945 pauci
3318 1875 3611 1946 eliguntur.
3649 1875 3796 1944 Quia

2203 1981 2591 2038 nonnunquam
2634 1966 2799 2022 etiam
2837 1965 2893 2020 bi
2936 1967 3004 2024 ad
3051 1966 3213 2022 ﬁdem
3266 1967 3525 2034 veniunt,
3568 1966 3664 2038 qui
3725 1968 3799 2024 ad

2204 2058 2499 2116 electorum
2527 2073 2811 2113 numerum
2836 2074 2942 2114 non
2990 2058 3338 2131 pertingunt;
3397 2067 3474 2125 et,
3521 2057 3651 2114 licet
3701 2059 3799 2114 hic

2205 2167 2303 2224 per
2331 2150 2726 2223 confessionem
2755 2149 3000 2206 ﬁdelibus
3024 2151 3132 2206 sint
3159 2150 3381 2206 admisti
3402 2155 3424 2216 ,'
3453 2161 3679 2222 propter
3713 2149 3803 2205 vi-

2206 2251 2320 2298 tam
2349 2241 2641 2313 reprobam
2657 2241 2710 2296 in
2731 2249 2877 2296 sorte
2915 2240 3155 2296 ﬁdelium
3202 2242 3480 2297 numerari
3523 2257 3630 2297 non
3675 2256 3803 2298 me-

2208 2342 2414 2389 rentur.
2440 2332 2586 2401 Quos
2627 2347 2757 2387 vero
2798 2331 3073 2400 praescivit
3119 2341 3176 2388 et
3218 2333 3630 2402 predestinavit
3662 2348 3802 2389 con-

2208 2422 2410 2480 formes
2457 2423 2572 2478 ﬁeri
2605 2421 2824 2494 imagini
2868 2421 2990 2476 Filii
3013 2421 3117 2488 sui,
3173 2423 3275 2477 bos
3333 2432 3390 2478 et
3439 2423 3678 2477 vocavit.
3724 2421 3807 2479 Et

2209 2529 2561 2588 quoscunque
2610 2513 2772 2586 igitur
2798 2512 2951 2586 juxta
2982 2512 3318 2570 vocationem
3364 2513 3508 2570 hanc
3553 2513 3806 2583 vocavit,

2212 2609 2310 2663 bos
2357 2616 2410 2662 et
2448 2607 2780 2677 justiﬁcavit.
2838 2605 3115 2662 Praescivit
3165 2615 3344 2662 autem
3389 2621 3484 2662 eos
3530 2607 3803 2678 primum,

2213 2699 2406 2755 deinde
2434 2697 2854 2770 praedestinavit.
2885 2698 2952 2753 Et
2979 2714 3114 2767 quos
3140 2697 3566 2769 praedestinavit,
3602 2699 3704 2753 hos
3740 2705 3808 2752 et

2213 2791 2426 2846 vocavit
2446 2789 2946 2859 juxta‘electionem
2974 2790 3180 2861 gratiae.
3219 2788 3371 2846 Unde
3413 2798 3468 2844 et
3509 2788 3807 2860 iustiﬁcati

2214 2892 2399 2956 postea
2426 2881 2862 2954 magniﬁcantur,
2911 2890 2970 2936 ut
2998 2881 3234 2952 praesciti
3270 2888 3456 2945 erant,
3491 2880 3635 2936 dono
3671 2895 3810 2950 pcr-

2215 2972 2553 3038 severantize,
2577 2979 2632 3026 et
2653 2971 2850 3027 deinde
2878 2973 2947 3026 ob
2977 2972 3080 3027 hoc
3104 2971 3157 3026 in
3185 2980 3502 3042 perpetuum
3525 2985 3809 3026 coronan-

539 3068 911 3137 interpretatur
940 3064 1130 3119 Petrus
1178 3062 1361 3136 (Joan.
1403 3077 1440 3127 ι,
1481 3061 1596 3132 42).
1640 3060 1748 3118 Sed
1774 3059 1988 3114 videtur
2027 3058 2115 3115 hic
2141 3059 2188 3124 C
2220 3072 2322 3118 tur.
2349 3062 2519 3118 Nemo
2555 3062 2720 3134 igitur
2747 3077 2779 3116 a
2809 3062 3088 3118 vocatione
3134 3077 3230 3117 sua
3278 3071 3425 3118 retro
3477 3062 3810 3134 respiciens,

539 3175 638 3231 per
662 3158 807 3213 aliud
827 3157 1176 3213 obscuritatis
1201 3155 1520 3211 vocabulum
1549 3154 1703 3225 quasi
1725 3167 1792 3207 ex
1829 3153 2118 3223 repromis-

541 3251 694 3305 sione
727 3247 1022 3320 signiﬁcari
1045 3246 1188 3316 quod
1209 3244 1449 3300 futurum
1475 3253 1632 3311 erat;
1671 3243 1907 3298 nondum
1939 3251 2117 3296 tamen

540 3355 665 3397 eum
696 3341 871 3396 adhuc
901 3345 1108 3411 aperte,
1131 3338 1472 3407 sicutpostea
1495 3351 1591 3406 per
1610 3334 1772 3390 ﬁdem
1794 3332 1993 3388 meruit
2016 3333 2120 3387 hoc

541 3434 761 3492 nomine
809 3430 1132 3503 nuncupari.
1173 3430 1332 3485 Aliud
1381 3439 1466 3485 est
1505 3428 1649 3484 enim
1691 3425 2011 3498 promittere
2053 3441 2119 3480 ex

539 3525 881 3600 praescientia
908 3523 1052 3594 quod
1073 3521 1314 3577 futurum
1335 3529 1438 3586 est,
1463 3519 1608 3575 aliud
1631 3533 1758 3574 vero
1780 3515 2003 3588 implere
2024 3531 2122 3586 per

541 3617 772 3690 gratiam
819 3615 964 3686 quod
1019 3615 1326 3686 prtescitum
1389 3620 1492 3669 est.
1560 3611 1630 3666 Et
1695 3611 1833 3667 bene
1885 3609 2122 3680 primum

542 3709 793 3767 Christus
813 3725 883 3764 ex
909 3708 1161 3763 omnibus
1191 3707 1488 3772 Simonem,
1514 3705 1606 3775 qui
1641 3712 1863 3759 vocatur
1903 3703 2120 3770 Petrus,

543 3809 601 3856 et
625 3801 919 3867 Andream,
946 3800 1015 3855 ad
1041 3798 1392 3868 discipulatus
1422 3799 1504 3852 sui
1526 3795 1756 3867 gratiam
1789 3809 2016 3850 vocasse
2037 3794 2120 3849 di-

545 3889 705 3946 citur.
734 3887 922 3943 Simon
949 3887 1146 3958 quippe
1175 3887 1412 3940 obediens
1442 3885 1853 3955 interpretatur,
1879 3883 2124 3939 Andreas

543 3995 674 4038 vero
695 3975 846 4051 fortis
865 3979 950 4034 vel
982 3978 1149 4032 virilis
1187 3977 1404 4034 dicitur.
1447 3977 1524 4031 Ex
1577 3990 1683 4046 quo
1738 3975 1929 4046 liquet,
1977 3975 2123 4045 quod

545 4071 792 4145 quisquis
814 4071 883 4125 ad
898 4068 1104 4124 Christi
1128 4066 1466 4136 disciplinam
1483 4065 1612 4121 velit
1632 4065 1882 4130 transire,
1902 4079 2125 4122 necesse

545 4170 634 4220 est
673 4171 735 4216 ut
783 4161 1018 4232 primum
1073 4157 1330 4212 virtutem
1390 4155 1712 4212 obedientize
1764 4155 2011 4221 excolat,
2059 4171 2125 4212 ac

548 4251 745 4309 deinde
773 4251 914 4307 idem
951 4248 1182 4304 viriliter
1209 4247 1278 4302 ad
1300 4245 1462 4302 ﬁnem
1496 4260 1667 4317 usque
1719 4243 1877 4300 fortis
1917 4245 2125 4301 viribus

547 4341 823 4412 perduret.
847 4339 984 4407 Quia
1009 4338 1264 4393 nimirum
1287 4336 1405 4393 sine
1426 4335 1732 4392 obedientia
1751 4333 1929 4391 nullus
1963 4335 2122 4408 digne

2206 3166 2376 3226 ‘aptus
2398 3163 2481 3210 est
2505 3170 2669 3226 regno
2697 3152 2792 3208 Dei
2843 3171 2856 3208 :
2909 3169 3068 3210 nemo
3098 3154 3152 3209 in
3190 3169 3254 3209 ea
3299 3153 3540 3227 segniter
3585 3155 3809 3221 vivens,

2219 3257 2399 3321 potest
2425 3264 2549 3304 cum
2580 3247 2755 3303 fructu
2783 3247 3236 3302 remunerationis
3279 3261 3654 3318 perseverare,
3699 3247 3812 3302 nisi

2221 3359 2410 3401 rursus
2436 3344 2593 3401 bonis
2615 3343 2986 3398 reinsumatur
3012 3341 3282 3413 operibus.
3314 3341 3572 3412 Alioquin
3599 3357 3713 3396 non
3744 3342 3818 3397 de

2221 3437 2324 3492 hac
2368 3451 2474 3506 qua
2516 3444 2780 3490 vocantur
2812 3435 2992 3499 electi,
3021 3432 3113 3489 sed
3141 3434 3208 3489 de
3246 3433 3337 3488 illa
3379 3434 3605 3489 omnino
3640 3447 3818 3488 voca-

2223 3528 2370 3584 tione
2401 3542 2507 3600 qua
2532 3537 2758 3583 vocatus
2781 3525 3073 3590 estJudas,
3104 3535 3162 3582 et
3206 3525 3358 3582 multi
3410 3525 3656 3596 quotidie
3710 3540 3817 3581 ve-

2221 3617 2400 3683 niunt,
2432 3632 2497 3672 ex
2518 3617 2714 3688 quibus
2755 3616 3134 3688 quamplurimi
3172 3633 3278 3672 non
3320 3624 3669 3688 permanent;
3714 3617 3820 3672 sed

2223 3708 2380 3780 pauci
2444 3708 2631 3779 utique
2700 3707 2991 3779 eliguntur.
3049 3707 3212 3763 Pauci
3271 3709 3490 3779 quidem
3555 3707 3820 3764 dinume-

2224 3808 2416 3856 rantur
2474 3809 2529 3854 et
2584 3799 2886 3870 eliguntur,
2945 3798 3372 3869 multiplicantur
3413 3813 3549 3874 vero
3583 3798 3822 3868 plurimi

2226 3905 2388 3960 super
2417 3905 2662 3956 arenam,
2690 3896 2745 3945 et
2770 3888 2918 3945 foras
2952 3889 3257 3955 mittuntur,
3280 3889 3406 3960 quia
3429 3904 3496 3945 ex
3518 3888 3823 3946 maledicto

2227 3989 2370 4046 sunt,
2404 3991 2460 4036 et
2510 3981 2724 4052 reprobi
2779 3981 3162 4037 decernuntur.
3211 3981 3592 4052 Multiplicabo,
3631 3982 3826 4054 inquit

2228 4072 2371 4128 Deus
2398 4072 2466 4126 ad
2493 4071 2796 4137 mulierem,
2830 4081 3106 4142 conceptus
3135 4081 3253 4126 tuos
3273 4082 3321 4126 et
3349 4089 3617 4126 (erumnas
3649 4069 3823 4143 (Gen.

2227 4177 2310 4226 ut,
2344 4161 2464 4233 l6);
2517 4160 2895 4231 multiplicatio
2921 4169 3102 4217 autem
3138 4161 3255 4217 haec
3283 4177 3347 4216 ex
3377 4161 3671 4218 maledicto
3704 4171 3823 4219 est.

2227 4252 2476 4324 Alioquin
2502 4253 2546 4307 si
2572 4268 2678 4307 non
2702 4261 2846 4308 esset
2886 4269 2953 4308 ex
2986 4253 3293 4320 maledicto,
3323 4269 3428 4309 non
3474 4269 3638 4324 super
3688 4269 3827 4312 are-

2231 4358 2356 4397 nam
2403 4343 2742 4413 multiplicati
2793 4354 2974 4400 essent
3023 4343 3117 4415 qui
3175 4353 3462 4411 vocantur,
3508 4345 3602 4401 sed
3663 4346 3827 4401 sicut

552 4435 622 4492 ad
647 4436 789 4491 hanc
827 4434 1032 4491 Christi
1083 4433 1330 4490 militiam
1385 4433 1527 4489 valet
1570 4433 1856 4500 accedere;
1909 4433 2022 4498 ubi,
2075 4434 2120 4488 si
2151 4422 2202 4482 D
2229 4432 2398 4488 stellae
2421 4432 2544 4488 coeli
2568 4432 3060 4500 dinumerarentur,
3085 4441 3141 4488 et
3164 4433 3363 4505 singuli
3391 4435 3673 4490 vocatione
3704 4450 3828 4505 qua

549 4525 693 4583 desit
737 4525 910 4581 virilis
968 4525 1183 4580 animus
1228 4534 1285 4581 et
1331 4524 1662 4580 fortitudinis
1709 4523 1916 4590 virtus,
1965 4538 2126 4580 nemo

548 4610 724 4687 usque
761 4616 831 4670 ad
858 4624 1092 4672 mortem
1120 4616 1301 4672 crucis
1347 4629 1574 4689 agonem
1625 4624 1803 4687 potest
1854 4613 2020 4670 ferre.
2060 4615 2128 4671 Et

548 4709 672 4766 ideo
720 4708 858 4766 bene
897 4707 1078 4762 divina
1111 4706 1450 4774 providentia
1479 4707 1613 4762 duos
1658 4705 1792 4761 istos
1838 4719 2125 4776 germanos

549 4802 703 4870 prius
727 4787 1028 4853 vocavitad
1054 4797 1232 4852 ﬁdem.
1265 4795 1400 4864 Quia
1425 4811 1696 4866 germana:
1730 4796 1832 4852 sibi
1878 4805 2006 4852 sunt
2045 4797 2128 4852 vi-

551 4890 739 4947 cissim
761 4887 1025 4945 dumistaa
1065 4888 1311 4951 virtutes,
1344 4903 1442 4959 per
1480 4903 1617 4958 quas
1660 4889 1887 4959 quisque
1927 4888 2130 4945 Christi

551 4996 778 5054 agonem
805 4979 1019 5035 videtur
1061 4977 1308 5034 excolere
1357 4987 1412 5032 et
1458 4978 1772 5048 adimplere.
1819 4979 1955 5034 Nam
2002 4980 2130 5050 quia

551 5075 759 5148 primus
790 5059 950 5130 homo
973 5072 1287 5150 inobediens
1303 5070 1404 5127 fuit
1425 5073 1477 5126 in
1498 5074 1772 5142 paradiso,
1794 5089 2132 5145 consequens

552 5172 672 5220 erat
699 5172 761 5219 ut
790 5164 943 5234 prius
963 5161 1173 5225 Simon,
1204 5159 1347 5231 quod
1369 5169 1452 5215 est
1475 5161 1736 5225 obediens,
1794 5177 1983 5218 rursus
2029 5163 2133 5218 iter

554 5242 797 5334 sumeret
820 5256 876 5312 in
906 5269 1240 5328 regressum.
1284 5253 1444 5321 Quod
1469 5253 1602 5310 satis
1645 5253 1902 5311 continuo
1951 5269 2132 5312 sermo

556 5346 796 5413 divinus,
821 5361 985 5416 quam
1003 5344 1264 5402 obedieus
1303 5343 1425 5413 quis
1471 5357 1592 5400 esse
1617 5344 1834 5411 debeat,
1879 5361 1978 5418 per
2028 5347 2131 5404 hoc

555 5436 868 5508 exemplum
903 5436 1136 5492 latenter
1180 5434 1439 5502 insinuat,
1493 5435 1681 5493 dicens
1729 5455 1741 5490 :
1811 5435 1949 5494 Vidit
1999 5441 2130 5495 duos

559 5528 753 5597 fratres
775 5526 908 5581 retia
929 5528 1188 5582 mittentes
1207 5527 1265 5582 in
1293 5543 1458 5582 mare.
1485 5527 1628 5600 Ergo
1654 5528 1710 5583 in
1734 5528 1835 5584 hoc
1863 5531 2005 5601 quod
2033 5531 2130 5598 ait,

531 5617 691 5683 “mia
712 5616 989 5684 mittentes,
1019 5615 1268 5687 designat
1288 5631 1382 5673 eos
1419 5617 1658 5674 intentos
1703 5615 1868 5675 fuisse
1890 5622 1954 5675 ad
2000 5637 2133 5692 prac-

1473 5824 1502 5844 Ι

2232 4525 2411 4579 vocati
2461 4532 2644 4580 essent
2696 4525 2983 4581 Dominum
3006 4526 3116 4580 vita
3145 4541 3209 4582 ac
3254 4526 3500 4583 moribus
3539 4525 3830 4584 collauda-

2233 4623 2376 4670 rent.
2400 4614 2514 4682 Qua
2547 4615 2802 4671 nimirum
2829 4617 3116 4673 vocatione
3137 4617 3242 4672 duo
3262 4617 3352 4673 isti
3383 4633 3483 4688 pro
3511 4627 3664 4674 certo
3699 4619 3833 4674 atii-

2233 4705 2472 4761 ciuntur.
2503 4705 2573 4761 Et
2594 4707 2716 4762 ideo
2740 4722 2806 4762 ex
2835 4708 2976 4764 dono
3021 4710 3440 4778 perseverantiae
3484 4719 3676 4781 postea
3727 4727 3834 4768 co-

2233 4805 2515 4852 ronantur.
2563 4797 2674 4854 Hoc
2726 4813 2855 4870 ergo
2911 4809 3196 4870 propterea
3244 4800 3519 4867 dixerim,
3542 4809 3603 4856 ut
3643 4816 3831 4859 unus-

2235 4891 2466 4961 quisque
2525 4900 2848 4947 consuescat
2883 4891 3038 4960 juxta
3085 4894 3424 4950 vocationem
3463 4893 3835 4965 proprietatis

2233 4999 2368 5050 suae,
2399 4993 2456 5038 et
2482 5000 2645 5054 opera
2681 4985 2933 5055 prosequi
2992 4986 3328 5041 meritorum.
3361 4985 3497 5053 Quia
3527 4994 3582 5041 et
3626 4985 3682 5040 bi
3722 4988 3833 5056 qui

2233 5085 2498 5131 vocantur
2547 5075 2841 5131 secundum
2874 5075 3194 5132 electionem
3225 5077 3430 5144 gratiae,
3463 5092 3569 5132 non
3611 5077 3834 5148 absque

2233 5164 2446 5221 fervore
2474 5165 2621 5231 ﬁdei,
2657 5179 2776 5234 quae
2808 5179 2907 5235 per
2955 5165 3301 5221 dilectionem
3353 5174 3628 5237 operatur,
3668 5166 3832 5238 digni

2235 5255 2605 5320 inveniuntur,
2637 5271 2814 5325 neque
2846 5256 2900 5311 hi
2925 5256 3016 5327 qui
3054 5274 3159 5313 non
3205 5257 3339 5312 satis
3391 5256 3683 5326 eliguntur,
3712 5257 3830 5312 nisi

2238 5361 2338 5418 pro
2362 5347 2598 5416 torporis
2618 5345 2832 5416 ignavia
2855 5356 2911 5401 et
2933 5346 3188 5401 vitiorum
3211 5347 3440 5411 meritis,
3462 5345 3826 5416 repelluntur.

2239 5439 2400 5510 227
2433 5439 2509 5493 Ex
2538 5453 2646 5509 quo
2675 5438 2840 5493 instat
2866 5447 2927 5492 ut
2955 5438 3232 5508 apostolus
3256 5453 3420 5509 opera
3451 5437 3566 5494 veri
3589 5439 3830 5509 apostoli

2239 5531 2455 5597 habeat,
2481 5538 2537 5584 et
2559 5537 2769 5602 martyr
2801 5529 3068 5586 charitate
3095 5531 3352 5603 martyris
3379 5525 3666 5597 fulciatur;
3709 5531 3806 5602 epi

2241 5620 2433 5692 scopus
2452 5638 2582 5678 vero
2611 5631 2702 5677 aut
2738 5623 3040 5692 presbyter,
3076 5630 3133 5677 et
3165 5621 3359 5678 deinde
3378 5615 3567 5678 'cteteri
3612 5620 3827 5677 Christi
