4016 6360
168 367 276 425 209

954 364 1315 427 EXPOSITIO
1352 366 1421 427 IN
1460 366 1900 441 ΜΑΤΤΗᾹΞῸΜ.
1937 402 2008 415 -
2045 370 2173 429 LIB.
2206 368 2294 440 Ill,
2331 372 2486 430 CAP.
2520 372 2609 431 IV.

3311 375 3425 438 ξω

168 479 435 544 ministri,
470 476 664 548 singuli
693 491 790 547 per
814 477 1054 548 singulos
1090 479 1291 548 gradus
1335 479 1589 550 operibus
1626 479 1750 534 fidei
1774 484 1832 545 Α
1924 482 1989 536 At
2043 482 2122 537 illi
2161 485 2409 539 continuo
2454 484 2648 540 relictis
2694 486 2887 542 retibus
2928 492 3093 543 secuti
3137 499 3418 549 suntcum.

167 573 514 631 vocationem
549 586 703 626 suam
732 568 1002 641 expleant.
1032 570 1219 642 Neque
1258 572 1513 628 metiatur
1558 587 1618 628 se
1654 571 1754 627 ali-

166 666 295 737 quis
325 679 515 720 eorum
539 664 607 718 ad
635 678 758 718 eum
801 662 894 731 qui
940 662 1082 717 infra
1124 672 1229 730 est,
1272 663 1369 719 sed
1411 663 1753 721 vocationem

167 770 328 811 suam
360 753 590 809 devotus
618 752 881 819 intendat,
908 766 976 807 ne
1006 761 1100 808 aut
1136 752 1388 825 indignus
1428 770 1497 810 ex
1534 769 1597 810 ea
1634 769 1755 811 cor-

170 856 316 912 ruat,
369 854 463 900 aut
504 855 651 901 certe
687 854 907 915 torpens
959 845 1108 900 vitiis
1157 847 1348 901 morbo
1403 846 1647 917 ignavius
1697 846 1754 901 in

168 945 405 992 mortem
451 934 751 1006 lethargico
791 936 1054 1007 sopiatur.
1090 934 1359 993 Caeterum
1387 937 1540 1008 virgo
1570 935 1755 1008 quaeli-

165 1027 282 1089 bet,
330 1029 434 1082 nisi
464 1042 625 1097 Opera
657 1026 986 1097 virginitatis
1028 1029 1299 1095 habuerit,
1341 1037 1392 1084 et
1440 1030 1626 1094 vidua,
1658 1043 1756 1084 seu

167 1117 430 1188 quaslibet
452 1117 702 1187 coniugio
732 1117 960 1182 sociata,
989 1118 1035 1172 si
1058 1133 1163 1172 non
1195 1134 1253 1174 se
1294 1119 1606 1174 ornaverint
1627 1133 1756 1189 ope-

167 1209 324 1263 ribus
361 1207 663 1263 vocationis
692 1222 824 1272 suae,
860 1207 1102 1276 profecto
1131 1209 1198 1263 ad
1228 1207 1335 1263 ima
1367 1208 1586 1277 dilapsae
1615 1208 1756 1263 inter

168 1296 354 1351 fatuas
384 1297 737 1367 repelluntur.
765 1296 827 1350 Ni
854 1297 993 1352 forte
1013 1299 1335 1367 quantocius
1362 1298 1753 1370 evigilaverint,

167 1396 223 1443 et
252 1389 412 1459 juxta
452 1388 579 1443 illud
610 1387 962 1460 Apocalypsis
990 1388 1070 1459 (ιι,
1097 1388 1151 1458 5)
1184 1390 1402 1444 videant
1437 1393 1575 1445 unde
1617 1392 1756 1447 ceci-

168 1482 373 1545 derint,
398 1483 691 1553 prioraque
719 1496 900 1550 opera,
926 1480 1176 1535 videlicet
1220 1497 1283 1536 ea
1325 1498 1444 1551 qua:
1476 1482 1627 1551 prius
1665 1482 1758 1538 de-

171 1574 410 1629 buerant
430 1588 608 1645 agere,
632 1590 756 1627 cum
780 1574 1144 1629 additamento
1159 1574 1487 1644 paenitentiae
1501 1576 1756 1632 divinitus

175 1680 308 1735 repa
318 1674 447 1719 rata:
460 1664 843 1741 suppleverint.
867 1664 1016 1720 Unde
1039 1681 1196 1720 nemo
1209 1666 1309 1721 sibi
1332 1666 1637 1737 applaudat,
1651 1684 1758 1724 non

171 1753 427 1820 clericus,
448 1771 553 1810 non
568 1754 884 1821 monachus,
901 1772 1006 1810 non
1027 1755 1252 1825 quilibet
1268 1767 1488 1825 vocatus
1507 1765 1752 1822 sanctus;

1856 570 2038 629 Secuti
2082 583 2210 630 sunt
2246 583 2441 645 autem,
2472 590 2599 632 eum
2640 591 2748 633 non
2777 577 2951 633 solum
2989 594 3202 636 morum
3254 580 3419 639 adee-

1854 662 2023 730 tione,
2050 671 2106 718 et
2136 663 2436 721 imitatione
2477 658 2755 731 doctrinas,
2797 683 2987 724 verum
3021 670 3187 726 etiam
3224 660 3421 742 pedum

1853 752 2067 809 incessu
2094 763 2151 810 et
2180 754 2489 811 obedientia
2515 758 2821 816 charitatis.
2850 758 3018 816 Datur
3040 762 3239 834 quippe
3264 762 3322 818 in
3341 762 3428 821 eis

1854 841 2029 898 forma
2052 854 2369 900 cunctorum
2398 847 2755 915 credentium,
2784 859 2867 917 ut,
2896 851 2942 906 si
2970 852 3092 921 quis
3133 852 3262 907 velit
3302 867 3427 910 esse

1855 931 2063 1007 Christi
2087 933 2407 1005 discipulus,
2440 937 2714 993 renuntiet
2737 940 2989 996 omnibus
3015 956 3136 1011 qua
3161 942 3423 1013 possidet,

1854 1022 2030 1080 adhuc
2057 1034 2114 1080 et
2156 1025 2426 1096 relinquat
2455 1029 2825 1100 semetipsum,
2872 1030 3067 1087 deinde
3114 1032 3265 1088 tollat
3299 1048 3426 1089 cru-

1856 1126 1973 1166 cem
2026 1126 2200 1179 suam,
2239 1124 2295 1169 et
2335 1122 2592 1185 sequatur
2612 1131 2758 1172 eum.
2797 1115 2931 1185 Quia
2959 1119 3200 1190 profecto
3226 1121 3316 1189 qui
3345 1121 3426 1177 di-

1856 1204 1932 1259 cit
1957 1220 2016 1260 se
2040 1205 2092 1260 in
2111 1204 2329 1261 Christo
2349 1222 2587 1274 manere,
2614 1209 2792 1276 debet,
2810 1210 2951 1268 sicut
2974 1212 3091 1280 ipse
3107 1212 3425 1279 ambulavit,

1856 1300 1912 1348 et
1964 1293 2077 1362 ipse
2119 1295 2413 1352 ambulare.
2459 1296 2565 1354 Sed
2612 1300 2880 1369 quomodo
2910 1300 3101 1357 Petrus
3149 1299 3430 1373 reliquerit

1857 1398 2068 1465 navem,
2098 1400 2216 1456 quae
2240 1396 2425 1455 postea
2455 1388 2622 1458 ipsius
2645 1390 2884 1446 Simonis
2906 1390 3225 1462 appellatur,
3265 1401 3428 1463 atque

1859 1474 1914 1530 in
1942 1477 2240 1546 piscatione
2270 1495 2457 1535 rursus
2497 1482 2565 1536 ab
2595 1496 2661 1537 eo
2699 1486 3012 1550 resumitur,
3044 1494 3188 1541 recte
3226 1486 3424 1557 quaeri-
3468 1526 3479 1535 ι

1859 1573 1946 1620 tur
1976 1584 1988 1619 :
2040 1568 2141 1622 nisi
2173 1567 2440 1638 perfacilis
2467 1581 2613 1627 esset
2632 1564 2856 1639 sensus,
2889 1575 3032 1644 quod
3061 1574 3175 1645 jam
3217 1591 3326 1631 non
3356 1591 3425 1631 ex

1859 1658 2292 1727 concupiscentia
2320 1661 2665 1731 proprietatis
2684 1660 2798 1731 ejus
2840 1664 3101 1720 hactenus
3125 1665 3425 1730 dicebatur,

1862 1757 1923 1803 ut
1956 1749 2068 1805 suis
2093 1765 2213 1805 eam
2242 1751 2425 1806 usibus
2447 1763 2765 1820 resumeret,
2796 1756 2888 1809 sed
2910 1755 3082 1827 magis
3108 1755 3429 1811 obedientiae

171 1847 322 1916 quia,
350 1848 455 1902 nisi
482 1862 647 1918 opera
672 1847 974 1902 vocationis
997 1862 1105 1903 suae
1127 1848 1431 1914 habuerint,
1448 1864 1635 1905 omnes
1666 1856 1760 1903 aut

1867 1837 2062 1907 oftlcio,
2091 1850 2147 1896 et
2183 1841 2626 1911 societatisjure;
2653 1853 2920 1914 quatenus
2945 1861 3042 1915 per
3089 1847 3192 1901 hoc
3238 1861 3428 1901 sacra-

172 1935 319 1991 inler
367 1945 647 2006 apostatas
693 1946 783 1990 aut
831 1944 978 1991 certe
1018 1936 1160 1992 inter
1191 1938 1500 2011 hypocritas
1525 1938 1760 1994 sortiun-

173 2039 281 2087 tur.
312 2030 375 2085 ln
405 2032 525 2086 istis
573 2030 773 2101 quippe
806 2030 1036 2095 duobus,
1069 2045 1204 2101 quos
1246 2032 1479 2099 primum
1510 2029 1759 2085 Christus

176 2125 248 2176 ad
272 2122 435 2177 tidem
471 2130 648 2186 vocat,
692 2120 863 2192 ﬁgura
908 2122 1149 2176 omnium
1182 2136 1369 2178 eorum
1403 2132 1487 2178 est
1531 2124 1648 2193 qui,
1692 2126 1760 2180 de

181 2212 552 2284 profunditate
578 2229 755 2266 rerum
785 2212 1086 2269 carnalium
1116 2214 1254 2268 retia
1293 2216 1588 2281 mittentes,
1620 2232 1757 2286 quo-

188 2304 322 2361 tidie
344 2314 677 2359 revocantur.
706 2304 859 2359 Retia
887 2305 1050 2375 igitur
1077 2320 1175 2360 sua
1202 2305 1477 2365 mittentes
1505 2308 1558 2362 in
1591 2324 1754 2374 mare,

179 2395 349 2450 simul
394 2410 582 2450 omnes
626 2396 737 2451 suis
780 2404 1115 2465 occupantur
1162 2398 1412 2469 negotiis,
1443 2399 1569 2454 dum
1598 2415 1761 2456 unus-

175 2487 416 2557 quisque
466 2503 716 2560 sagenam
773 2489 1335 2560 concupiscentiarum
1362 2532 1378 2559 ,
1447 2503 1570 2562 post
1620 2509 1760 2549 vana

174 2579 363 2636 saeculi
394 2579 566 2648 lucra,
601 2580 745 2637 velut
771 2582 957 2636 avidus
978 2582 1215 2652 piscator
1238 2581 1440 2637 laxant.
1463 2582 1633 2640 Nemo
1647 2585 1760 2654 jam

174 2668 387 2739 absque
416 2669 596 2724 saeculi
620 2680 827 2740 quzestu
852 2671 1105 2726 immunis
1125 2680 1180 2728 et
1205 2673 1762 2743 concupiscentiarum

175 2761 391 2815 retibus
431 2760 645 2816 alienus
684 2762 836 2816 vivit.
881 2761 1145 2818 Uudidem
1195 2763 1353 2819 simul
1398 2764 1503 2820 duo
1534 2764 1761 2821 forsitan

174 2850 588 2917 adsciscuntur,
618 2852 762 2921 quod
785 2867 946 2907 omne
975 2866 1144 2919 genus
1172 2853 1469 2908 humanum
1499 2854 1677 2908 anima
1707 2862 1763 2908 et

175 2956 345 2999 carne
383 2942 679 3009 subsistat;
724 2942 796 2997 ita
840 2950 897 2997 ut
948 2942 1342 3007 anima,virilis
1378 2944 1572 3012 portio,
1612 2942 1765 3013 prior

175 3048 487 3106 agnoscens
518 3035 708 3102 Deum,
742 3050 958 3090 carnem
985 3036 1087 3091 sibi
1127 3034 1466 3091 obedientem
1502 3038 1762 3106 perducat

176 3125 248 3179 ad
280 3123 583 3190 Christum,
616 3134 671 3180 et
719 3124 879 3180 simul
925 3135 1224 3197 sequantur
1267 3141 1547 3197 quousque
1596 3143 1763 3184 unus-

172 3217 413 3289 quisque
438 3232 538 3271 sua
560 3217 841 3273 vocatione
863 3217 1055 3291 dignus
1081 3218 1406 3275 inveniatur.

259 3307 470 3375 Venite,
501 3309 699 3381 inquit,
724 3319 840 3380 post
868 3326 976 3383 me,
994 3310 1190 3380 faciant
1231 3327 1319 3367 vos
1361 3311 1641 3382 piscatores
1670 3313 1766 3368 lao-

175 3401 405 3455 ntinum.
449 3401 620 3456 Porro
639 3402 850 3458 vocatio
889 3403 1007 3458 haec
1055 3402 1450 3474 quodammodo
1499 3405 1767 3474 generalis

176 3494 420 3557 videtur,
480 3493 608 3547 dum
661 3492 901 3563 qualibet
953 3494 1181 3564 quisque
1227 3494 1510 3550 vocatione
1544 3504 1766 3553 vocatus

177 3584 363 3639 adhuc
389 3584 722 3654 provehitur,
769 3592 829 3638 ut
868 3584 1053 3640 venire
1098 3599 1196 3655 per
1240 3600 1363 3640 eum
1412 3586 1505 3656 qui
1557 3594 1641 3642 est
1680 3587 1766 3642 via

178 3683 310 3744 post
342 3689 467 3729 eum
506 3673 742 3745 festinet.
776 3666 913 3742 Quia
942 3674 1182 3745 qualibet
1223 3684 1445 3731 vocatus
1481 3678 1768 3734 occasione

179 3763 356 3819 instat
381 3765 447 3817 ad
468 3762 743 3820 Christum
778 3765 978 3830 veniat,
1007 3764 1125 3821 sine
1166 3778 1273 3836 quo
1318 3780 1477 3821 nemo
1517 3767 1765 3836 pervenit

181 3853 254 3908 ad
294 3853 543 3923 patriam.
574 3854 781 3921 Quibus
810 3863 990 3910 tamen
1019 3855 1144 3909 dum
1176 3854 1422 3927 generale
1442 3855 1601 3911 datur
1627 3872 1767 3928 prte-

185 3952 437 4013 ceptum,
465 3946 695 4015 speciale
719 3949 1053 4018 promittitur
1072 3950 1273 4005 donum
1325 3968 1338 4004 :
1386 3948 1608 4005 Faciam
1654 3967 1766 4019 vos,

183 4033 391 4104 inquit,
418 4036 701 4105 piscatores
739 4026 1028 4093 hantinum.
1056 4039 1379 4095 [inmutatur
1416 4041 1561 4095 enim
1599 4041 1770 4096 inten-

183 4126 356 4181 tionis
388 4129 690 4199 negotium,
722 4145 828 4183 non
860 4131 1175 4201 piscationis
1201 4131 1461 4188 ofticium.
1496 4131 1772 4187 Mutantur

183 4216 324 4271 retia
353 4215 407 4270 in
436 4217 755 4285 doctrinam,
781 4221 1046 4291 cupiditas
1077 4222 1129 4276 in
1161 4237 1400 4277 amorem
1443 4223 1766 4277 animarum.

184 4308 358 4379 228
386 4307 477 4363 Fit
526 4326 690 4387 mare
718 4312 1006 4385 saeculum,
1059 4313 1210 4369 navis
1256 4312 1514 4377 Ecclesia,
1571 4313 1768 4383 pisces,

185 4397 318 4455 boui
349 4399 586 4481 malique
614 4402 861 4459 homines
908 4405 1000 4474 qui
1044 4404 1100 4458 in
1144 4404 1341 4459 szcculo
1362 4402 1609 4460 ﬂuctibus
1636 4420 1769 4475 qua-

188 4494 423 4549 tiuntur.
455 4495 533 4552 De
562 4513 668 4568 quo
703 4499 957 4554 nimirum
986 4501 1123 4555 mari
1170 4500 1336 4555 David
1363 4514 1564 4555 canens
1593 4498 1723 4554 dicit
1753 4513 1769 4553 :

190 4581 315 4639 Hoc
343 4602 492 4640 mare
517 4604 761 4659 magnum
787 4599 835 4643 et
858 4590 1143 4659 spatiosum
1170 4590 1409 4644 manibus
1438 4605 1457 4642 :
1482 4588 1591 4642 illic
1616 4588 1777 4659 νεριὶ-ν

188 4673 293 4738 lia,
339 4690 564 4742 quorum
608 4693 712 4731 non
758 4687 834 4732 est
855 4694 1101 4732 numerus
1147 4675 1317 4750 (Psal.
1348 4693 1468 4743 cm,
1499 4677 1610 4748 26).
1644 4676 1774 4744 Quae

188 4766 441 4836 profecto
468 4767 676 4838 reptilia
716 4770 770 4823 in
808 4769 971 4825 linteo
996 4785 1176 4825 coram
1221 4772 1380 4826 beato
1425 4768 1606 4834 Petro,
1643 4785 1774 4840 qua-

194 4863 324 4909 tuor
346 4855 519 4912 initiis
544 4858 810 4914 submissa
834 4859 1135 4914 otl‘eruntur
1155 4860 1292 4932 (Act.
1319 4876 1374 4925 χ,
1399 4860 1508 4931 il).
1535 4859 1785 4923 Oiferun:

194 4952 289 4998 tur
336 4954 553 5014 autem,
607 4948 907 5023 utPetrus
947 4950 1317 5007 iuditi‘erenter
1360 4952 1535 5009 discat
1587 4966 1787 5019 omnes

193 5041 487 5098 extrahere
522 5052 755 5113 quatuor
781 5045 1188 5118 Evangeliorum
1232 5046 1422 5111 initiis,
1469 5061 1499 5101 a
1524 5045 1776 5103 ﬂuctibus

197 5135 364 5205 bujus
403 5136 587 5191 saeculi
642 5146 698 5192 et
747 5137 799 5192 in
836 5154 1034 5210 corpus
1081 5155 1237 5195 suum
1284 5138 1484 5194 mundo
1533 5146 1775 5196 mortuos

198 5224 477 5295 trajicere.
505 5225 573 5282 Et
615 5228 871 5283 nimirum
900 5229 967 5284 de
993 5229 1130 5286 coelo
1160 5230 1280 5286 ideo
1317 5228 1673 5296 submittitur,
1719 5238 1780 5285 ut

199 5319 469 5393 intelligat
493 5337 561 5376 ex
596 5324 765 5394 gratia
791 5323 886 5378 Dei
914 5323 1129 5380 caelitus
1151 5323 1253 5379 sibi
1283 5322 1780 5393 concessum,un

200 5412 311 5465 erit
337 5412 521 5482 operis
570 5428 636 5467 ex
678 5413 877 5469 oliicio.
911 5413 1064 5470 Unde
1113 5423 1168 5469 et
1215 5415 1492 5485 signanter
1532 5414 1777 5469 dicitur:

202 5497 429 5557 Faciam
468 5520 555 5558 vos
603 5504 721 5572 ﬁeri
772 5505 1056 5574 piscatores
1111 5506 1399 5561 hominum.
1432 5505 1685 5575 Alioquin
1722 5505 1779 5560 in

206 5606 435 5647 vacuum
494 5594 701 5648 laborat
739 5594 936 5665 aliquis
964 5594 1262 5659 doctorum,
1296 5596 1342 5651 si
1374 5611 1479 5651 non
1527 5594 1704 5652 factus
1748 5611 1781 5650 a

206 5680 318 5736 Deo
338 5681 503 5739 fuerit
532 5692 591 5738 ut
615 5684 890 5754 proﬁciat;
922 5685 1046 5755 quia
1078 5699 1249 5755 neque
1269 5685 1360 5755 qui
1382 5685 1589 5756 plantat
1610 5701 1784 5756 neque

207 5776 299 5848 qui
321 5777 464 5850 rigat
484 5786 570 5855 est
596 5777 817 5847 aliquid,
840 5778 935 5834 sed
954 5777 1047 5849 qui
1064 5777 1453 5841 incrementum
1476 5778 1587 5847 dat,
1620 5780 1780 5837 Deus.

1860 1940 2099 1986 mentum
2148 1932 2315 1987 divini
2356 1934 2536 2005 Operis
2594 1935 2880 2005 mysticum
2940 1945 3230 1992 tereretur.
3286 1936 3430 1992 Nihil

1858 2025 2001 2078 enim
2024 2024 2351 2095 possidetur,
2378 2027 2521 2096 quod
2545 2041 2668 2081 cum
2690 2030 3124 2099 concupiscentia
3154 2040 3211 2085 et
3243 2045 3431 2086 amore

1860 2116 2045 2185 carnis
2072 2132 2178 2171 non
2227 2127 2491 2173 servatur.
2535 2117 2683 2174 Unde
2721 2118 2864 2175 idem
2913 2120 3225 2191 relinquens
3275 2130 3431 2177 extra

1859 2206 2130 2264 Christum
2161 2210 2432 2282 quidpiam
2453 2225 2659 2277 amare,
2683 2221 2775 2266 aut
2799 2212 3058 2284 deinceps
3084 2214 3283 2284 aliquid
3307 2229 3432 2270 con-

1859 2298 2138 2367 6upiscere
2169 2298 2313 2353 intra
2345 2300 2625 2367 mundum,
2668 2300 3001 2373 gloriebatur
3041 2303 3227 2359 dicens
3269 2322 3282 2357 :
3319 2304 3431 2359 Nos

1861 2390 2161 2459 reliquimus
2193 2393 2391 2457 omnia,
2413 2401 2461 2447 et
2491 2391 2656 2446 secuti
2695 2409 2877 2448 sumus
2913 2404 3000 2460 te;
3031 2395 3157 2465 quid
3190 2411 3311 2465 ergo
3332 2395 3431 2450 erit

1862 2481 2282 2551 nobis?()1attlt.
2323 2497 2433 2548 xix,
2475 2481 2591 2553 27.)
2642 2482 2735 2539 llle
2770 2484 2967 2555 quippe
2995 2494 3141 2539 recte
3180 2484 3433 2553 relinquit

1861 2574 2041 2629 omnia
2069 2577 2158 2644 qui
2186 2589 2288 2629 nec
2316 2589 2374 2629 se
2403 2574 2505 2629 sibi
2536 2586 2801 2643 reservat,
2835 2577 2931 2632 sed
2971 2585 3026 2631 et
3069 2577 3304 2646 seipsum
3333 2590 3434 2646 pro

1862 2664 2063 2719 Christi
2085 2679 2270 2719 amore
2292 2665 2732 2735 superimpendit.
2764 2665 3018 2738 Sequitur
3045 2675 3225 2723 autem
3267 2666 3433 2737 quod,

1863 2753 1988 2808 inde
2023 2753 2319 2824 procedens
2362 2770 2375 2808 :

1942 2843 2083 2899 Vidit
2101 2844 2232 2899 alios
2255 2845 2386 2900 duos
2403 2844 2612 2915 fratres,
2637 2848 2895 2903 Iacobum
2918 2847 3178 2914 Zebedwi,
3199 2858 3246 2903 et
3272 2847 3441 2903 Joan-

1863 2950 1979 2989 nem
2006 2935 2223 3004 fratrem
2247 2935 2382 3005 ejus,
2404 2951 2523 2991 cum
2553 2933 2804 2992 Zebedwo
2826 2948 2973 3008 patre
2996 2953 3177 2993 eorum
3200 2936 3439 3006 reﬁcien-

1864 3033 1937 3078 tes
1966 3024 2092 3078 retia
2113 3041 2231 3079 sua.
2262 3024 2439 3079 Etiam
2474 3039 2541 3079 ex
2565 3025 2759 3081 horum
2794 3025 3055 3082 electione
3081 3026 3321 3081 futurum
3345 3040 3438 3081 eo-

1867 3131 1985 3170 rum
2010 3114 2168 3171 cilicii
2196 3131 2332 3185 opus
2355 3117 2623 3186 proditur,
2661 3126 2715 3172 et
2750 3125 2861 3173 tota
2890 3117 3173 3190 integritas
3207 3118 3439 3189 quadra-

1868 3217 2002 3265 turae
2030 3208 2195 3279 229
2227 3218 2534 3264 sanctorum
2586 3210 2997 3282 praedicatorum
3049 3220 3279 3280 quatuor
3321 3208 3440 3265 istis

1865 3301 2222 3373 piscatoribus
2251 3299 2561 3371 plenissime
2584 3302 2913 3373 designatur.
2939 3300 3005 3355 Et
3030 3311 3229 3372 praeter
3257 3315 3439 3357 rerum

1866 3392 2049 3459 ﬁdem,
2080 3392 2206 3463 quia
2230 3400 2285 3448 et
2306 3393 2373 3447 de
2393 3393 2510 3449 istis
2541 3393 2615 3448 ita
2642 3404 2852 3463 gestum
2878 3401 2981 3458 est,
3013 3391 3315 3448 futurorum
3342 3406 3444 3464 per

1867 3486 2083 3543 eosdem
2116 3484 2577 3559 Evangelistarum
2610 3499 2871 3542 numerus
2894 3486 3266 3558 praesigmtur.
3298 3486 3444 3554 Quo-

1869 3593 1987 3633 rum
2023 3577 2252 3632 artilicio
2280 3577 2538 3632 doctrinm
2565 3576 2632 3632 ad
2676 3576 2857 3631 lumen
2895 3575 3133 3632 caelestis
3172 3576 3314 3641 vitas,
3345 3590 3444 3645 per

1870 3677 2101 3740 quatuor
2125 3668 2532 3738 Evangeliorum
2563 3666 2891 3731 rudimenta,
2915 3673 3225 3721 renatorum
3249 3665 3444 3720 anima

1870 3774 1901 3815 a
1931 3759 2115 3814 mundi
2140 3756 2390 3813 ﬂuctibus
2421 3757 2797 3813 extrahuntur.
2836 3754 3065 3811 Provida
3104 3769 3317 3826 quoque
3346 3754 3441 3809 Dei

1870 3854 2199 3926 dispensatio
2227 3854 2370 3909 hunc
2397 3854 2471 3908 ita
2506 3852 2754 3923 praevidit
2797 3859 2996 3907 sancta:
3016 3847 3315 3905 vocationis
3346 3862 3441 3903 or-

1870 3950 2081 4017 dinem,
2130 3960 2395 4021 quatenus
2437 3964 2534 4021 per
2585 3962 2680 4005 eos
2715 3948 3087 4020 praetiguraret
3132 3946 3186 4000 in
3230 3942 3460 4015 specie,

1869 4042 2013 4114 quod
2048 4044 2287 4098 futurum
2329 4050 2451 4098 erat
2478 4041 2532 4097 in
2559 4057 2773 4113 genere.
2803 4039 3045 4108 Quatuor
3080 4038 3243 4109 igitur
3267 4036 3445 4107 pisca-

1873 4144 2017 4190 tores
2042 4135 2096 4188 in
2129 4133 2654 4204 primordio'idciroo
2675 4130 2798 4200 jure
2830 4132 3084 4188 dicuntur
3108 4127 3285 4191 electi,
3315 4127 3443 4198 quia

1871 4235 2104 4299 quatuor
2129 4227 2195 4281 de
2223 4224 2362 4281 caelo
2398 4225 2566 4280 initiis
2594 4224 2840 4291 linteum,
2885 4224 2941 4278 in
2983 4236 3092 4293 quo
3129 4226 3283 4276 erant
3318 4218 3442 4273 uni-

1870 4333 2029 4375 versa
2056 4316 2269 4388 reptilia
2300 4324 2355 4372 et
2379 4315 2762 4386 quadrupedis,
2792 4312 3140 4376 submissum,
3176 4318 3292 4365 rete
3313 4322 3446 4377 qua-

1872 4413 1995 4462 tuor
2022 4404 2433 4477 Evangeliorum
2460 4404 2841 4475 prmsignabat,
2869 4417 3053 4459 coram
3078 4398 3447 4471 praedicatori-

1873 4494 1974 4550 bus
2000 4493 2202 4550 sanctis
2244 4494 2310 4549 de
2335 4494 2473 4549 coelo
2512 4495 2789 4565 signanter
2819 4491 3175 4548 inferendum.
3218 4489 3286 4545 Et
3325 4488 3447 4544 ideo

1875 4595 2105 4658 quatuor
2128 4586 2451 4657 colliguntur
2475 4586 2597 4652 viri,
2625 4586 2680 4641 in
2705 4600 2934 4656 quorum
2956 4598 3184 4640 numero
3208 4580 3446 4653 reliquus

1876 4679 2009 4735 ordo
2038 4679 2320 4734 doctorum
2366 4678 2707 4750 ﬁguraretur,
2734 4688 2999 4749 quatenus
3023 4684 3255 4747 quatuor
3294 4672 3446 4731 initia

1878 4773 2037 4828 unius
2084 4773 2214 4828 retis
2236 4772 2407 4828 sancti
2438 4771 2710 4842 Evangelii
2752 4770 2821 4826 ad
2859 4769 3211 4840 depiscandas
3238 4775 3443 4840 gentes,

1878 4879 1977 4936 per
2010 4864 2261 4918 universa
2306 4863 2551 4933 quadrati
2596 4862 2781 4917 mundi
2806 4861 2995 4928 maria,
3027 4869 3262 4932 quatuor
3305 4859 3446 4927 ipso-

1880 4968 2000 5009 rum
2015 4954 2262 5009 manibus
2288 4954 2354 5007 ad
2383 4952 2533 5007 littus
2560 4968 2730 5023 usque
2757 4953 2997 5024 paradisi
3020 4950 3305 5008 salubriter
3334 4957 3446 5002 tra-

1882 5045 2123 5101 heretur.
2154 5044 2428 5114 Multiplex
2455 5059 2584 5114 ergo
2612 5052 2669 5099 et
2701 5044 2913 5101 subtilis
2959 5043 3051 5099 Dei
3094 5039 3445 5111 dispensatio,

1881 5152 2002 5207 quae
2030 5136 2302 5207 sapienter
2322 5144 2533 5203 cuncta
2573 5134 2644 5189 ita
2672 5134 2907 5206 disponit
2933 5140 2995 5188 ut
3021 5139 3080 5187 et
3122 5129 3321 5185 veritas
3366 5140 3450 5183 re-

1882 5244 2002 5285 rum
2041 5230 2438 5284 demonstretur
2463 5241 2530 5282 ex
2563 5225 2759 5292 relatu,
2808 5235 2864 5281 et
2912 5222 3139 5296 mystica
3174 5219 3448 5276 doctrina-

1884 5336 2003 5377 rum
2050 5328 2390 5376 sacramenta
2425 5319 2626 5390 passim
2672 5333 2834 5389 opere
2869 5314 3257 5387 compleantur.
3295 5311 3451 5380 Quod

1883 5412 2169 5481 eouspicue
2204 5410 2376 5467 sancti
2405 5411 2653 5467 doctores
2679 5409 2735 5465 in
2766 5407 2968 5479 Spiritu
2994 5413 3183 5461 sancto
3206 5402 3452 5460 conside~

1884 5513 2087 5570 rantes,
2145 5504 2246 5571 sic,
2296 5503 2612 5560 mirabiliter
2663 5501 2907 5565 dicendo,
2947 5496 3157 5570 singula
3196 5497 3453 5556 submini-

1884 5604 2079 5661 strant,
2107 5604 2235 5651 utet
2252 5595 2333 5651 rei
2361 5594 2560 5650 veritas
2590 5593 2645 5647 in
2679 5603 2929 5647 sermone
2953 5596 3218 5661 patescat,
3245 5595 3302 5645 et
3322 5602 3453 5659 pro-

1886 5687 2127 5744 l'undiora
2171 5700 2397 5758 quaeque
2432 5685 2577 5738 intus
2606 5682 2835 5738 latenter
2873 5681 2929 5737 in
2971 5680 3185 5753 negotio
3216 5678 3455 5750 resplen-

1886 5782 2065 5839 deant.
2101 5778 2253 5836 Unde
2282 5776 2395 5834 bini
2421 5788 2489 5831 ac
2523 5773 2641 5832 bini
2672 5774 2907 5844 quatuor
2931 5772 3023 5832 isti
3064 5770 3360 5843 eliguntur,
3398 5770 3455 5826 in
