4000 6362
541 331 646 397 sn
1339 327 1404 382 s.-
1434 323 1788 383 rascnasn
1825 317 2191 380 muscum
2227 319 2516 382 ABBATIS
2552 305 3016 377 CORBEIENSISi
3680 323 3794 379 eis

539 457 767 512 quorum
798 455 1024 498 numero
1047 447 1364 496 cunctorum
1390 440 1522 495 ordo
1543 432 1949 510 mdicawrum
1978 432 2109 489 altu-
2135 432 2190 492 Α.
2211 426 2328 499 Qua
2357 433 2423 488 de
2449 420 2626 489 causa
2652 432 2950 503 quadratus
2975 435 3215 489 virorum
3254 425 3356 489 istc
3396 408 3680 502 numerus,
3709 425 3799 491 te;

539 531 878 593 dituraSaue
901 532 1032 600 quia
1063 529 1330 594 charitas,
1369 530 1488 584 sine
1511 545 1616 598 qua
1657 543 1756 583 nec
1794 519 2117 598 martyrluni-
2211 535 2492 596 tragonum
2533 528 2712 583 sancti
2745 526 3020 598 Evangelii
3070 527 3208 582 bene
3252 521 3550 582 consolidat
3595 515 3800 583 funda-1

541 621 748 702 aliquid
781 628 1163 689 computatur,
1211 635 1336 674 cum
1373 619 1442 674 sit
1486 619 1726 689 gemina,
1778 633 1882 672 non
1933 617 2114 672 minus
2209 624 2470 681 mentum,
2503 623 2564 670 ut
2603 617 2647 671 si
2693 615 2787 687 qui
2829 617 2996 672 relint
3035 632 3133 688 per
3149 610 3343 672 orbem
3393 617 3612 672 trahere
3649 617 3800 674 retia

543 729 706 785 quam
736 699 874 767 inter
904 712 1038 766 duos
1065 710 1270 779 uspiam
1297 725 1326 764 a
1353 724 1622 778 quoquam
1651 708 1836 762 haberi
1866 699 2116 762 concedi?

543 814 649 870 tur.
679 804 792 870 Qua
824 805 892 858 de
934 816 1120 866 causa,
1157 817 1264 856 non
1303 800 1474 856 solum
1507 799 1807 862 duodecim,
1837 811 2022 851 verum
2056 805 2116 852 et

543 897 877 967 septuaginta
921 904 1109 966 postea
1157 894 1481 958 transmissi,
1516 894 1627 948 bini
1659 890 1715 946 et
1759 891 1869 946 bini
1910 889 2116 960 pariter

541 987 834 1057 przedicatn
883 986 1287 1049 consociantur;
1339 992 1604 1054 quatenus
1650 981 1742 1038 Dei
1787 989 1842 1035 et
1885 979 2124 1050 proximi»

541 1077 862 1131 cbaritatcm
911 1092 978 1130 ex
1010 1075 1180 1130 veteri
1217 1084 1271 1129 et
1311 1089 1451 1128 novo
1497 1072 1896 1141 Scripturarum
1945 1070 2110 1134 fonte,

547 1175 653 1228 tam
678 1168 731 1224 in
760 1182 947 1223 eorum
975 1166 1229 1222 cordibus
1256 1165 1346 1235 qui
1373 1166 1440 1219 de
1477 1164 1725 1233 gentibus
1750 1161 2109 1220 crediderunt,

544 1272 706 1326 quam
731 1265 784 1313 et
809 1257 861 1311 in
892 1272 1079 1312 eorum
1111 1257 1201 1325 qui
1233 1257 1302 1309 de
1327 1254 1526 1310 ludatis
1555 1255 1607 1308 in
1635 1253 1849 1308 Christo
1878 1258 2004 1307 sunt
2031 1265 2122 1305 re-

547 1347 679 1410 nati,
709 1347 926 1413 uberius
963 1345 1343 1408 dill‘underent,
1385 1354 1441 1398 et
1469 1355 1712 1398 terrenos
1732 1355 1979 1412 quosque
2000 1355 2116 1396 cm-

546 1435 770 1491 Icstibus
799 1453 895 1506 per
922 1439 1146 1508 gratiam
1186 1436 1476 1490 sociarent.
1505 1433 1848 1500 Quadrantur
1883 1431 2024 1485 enim
2061 1431 2116 1485 hi

547 1537 762 1590 tantum
796 1543 862 1582 ex
905 1528 1189 1599 mysterio;
1220 1525 1612 1595 conjunguntur
1649 1538 1777 1579 vero
1801 1531 1855 1578 et
1877 1523 1966 1577 alii
1995 1535 2117 1579 cum

546 1618 665 1689 istis
697 1633 764 1671 ex
801 1616 1006 1683 ollicio;
1045 1626 1309 1687 quatenus
1353 1617 1406 1670 in
1436 1615 1526 1668 Dei
1562 1613 1887 1682 agricultura
1926 1608 2126 1681 singuli

2209 715 2620 776 praceptorum,
2655 716 2892 776 quatuor
2933 707 3052 762 istis
3083 707 3319 779 poileant
3343 708 3628 762 virtutibus
3668 708 3792 763 sine

2211 796 2408 864 quibus
2435 811 2595 852 nemo
2618 813 2836 853 manum
2859 799 3076 855 mittens
3103 799 3156 853 in
3188 807 3426 852 aratrum
3442 799 3508 852 ad
3530 810 3802 854 coronam‘

2212 887 2368 957 231
2432 891 2670 946 victoriae
2714 907 2952 960 unquam
3007 891 3207 962 poterit
3257 893 3559 960 pervenire.
3609 890 3698 954 Et,
3728 881 3801 944 ut"

2212 983 2460 1036 ostendat
2479 999 2639 1053 quam
2666 985 2976 1055 frequentes
3003 987 3111 1040 sint
3141 987 3196 1041 in
3220 987 3482 1049 doctrina,
3511 1000 3634 1040 mox
3662 987 3806 1042 bca-'

2215 1083 2302 1127 tus
2329 1063 2664 1144 Evangelista
2697 1077 2968 1147 subjungit
3004 1080 3221 1132 dicens:

2285 1163 2550 1220 Circuibat
2589 1179 2761 1222 autem
2789 1170 2943 1225 Iesus
2985 1178 3145 1223 totam
3182 1165 3480 1237 Galilwam,
3520 1169 3710 1224 docens
3739 1169 3798 1223 in

2215 1257 2493 1326 synagugis
2521 1274 2719 1321 eorum,
2747 1269 2796 1312 et
2815 1259 3106 1328 prmdicans
3139 1259 3477 1330 Evangelium
3516 1261 3679 1330 regni.
3717 1259 3796 1314 Ex

2219 1363 2326 1416 quo
2347 1348 2549 1418 liquido
2572 1351 2829 1419 perdocet
2857 1367 3015 1421 quam
3051 1353 3294 1408 sedulum
3325 1362 3574 1422 oporteat
3603 1354 3798 1407 docto-

2221 1453 2335 1493 rem
2367 1456 2488 1496 esse
2519 1443 2572 1495 in
2598 1441 2870 1508 docendo;
2905 1444 3026 1512 quia
3049 1443 3269 1499 omnino
3295 1444 3508 1513 pigritia
3536 1443 3805 1514 praedica-

2221 1527 2428 1584 toribus
2452 1546 2558 1584 non
2586 1532 2800 1601 expedit
2823 1550 2835 1586 :
2866 1533 2958 1587 sed
2981 1543 3038 1586 ut
3068 1533 3398 1588 circumeant
3426 1549 3531 1587 non
3561 1542 3802 1603 partem,

2223 1619 2315 1674 sed
2360 1629 2550 1685 totam,
2597 1623 2682 1675 cui
2715 1636 2945 1692 praeesse
2981 1630 3297 1687 cernuntur,
3336 1622 3542 1692 plebem
3615 1621 3812 1691 Neque

544 1713 771 1783 geminae
795 1713 1073 1782 charitatis
1099 1711 1228 1782 iugo
1259 1709 1550 1766 consociati
1593 1722 1774 1762 semen
1815 1704 2121 1761 dilectionis
2223 1722 2664 1782 praeoccupentur
2689 1713 2918 1783 negotiis
2938 1713 3139 1779 saculi,
3184 1713 3276 1767 sed
3305 1713 3532 1767 doceant
3556 1727 3808 1783 praesen-

548 1801 649 1860 Dei
672 1811 726 1854 ct
750 1802 981 1870 proximi
1004 1802 1199 1871 ubique
1223 1815 1318 1871 per
1336 1800 1560 1870 populos
1582 1807 1762 1852 aratro
1783 1796 1934 1850 verbi
1961 1795 2119 1849 uber-
2146 1785 2196 1845 Β
2224 1803 2355 1857 tium
2379 1804 2752 1858 mandatorum
2786 1804 3086 1858 doctrinam
3127 1803 3249 1858 vitae
3278 1794 3466 1858 activae
3509 1803 3814 1874 subjectos,

547 1889 643 1948 tim
677 1902 938 1955 sererent,
968 1899 1023 1945 et
1060 1891 1377 1960 quadratam
1408 1898 1799 1959 praeceptorum
1840 1885 1933 1940 Dei
1972 1898 2126 1955 sago-

547 1995 670 2034 nam
716 1981 1022 2050 praesignati
1052 1981 1215 2052 23o
1233 1995 1420 2035 omnes
1460 1996 1564 2033 una
1595 1980 1650 2033 in
1697 1978 1814 2032 istis
1858 1977 1926 2031 ad
1973 1975 2130 2030 littus

549 2071 787 2136 trahant.
822 2071 1063 2138 Quatuor
1108 2072 1286 2139 itaque
1333 2071 1419 2126 isti
1464 2080 1670 2123 tantum
1700 2069 1999 2138 piscatores
2042 2065 2120 2120 le-

547 2170 766 2231 guntur,
800 2171 859 2216 ut
887 2180 916 2217 a
947 2171 1181 2232 quatuor
1203 2163 1384 2216 mundi
1414 2162 1658 2232 partibus
1694 2161 1973 2214 trahentes
2009 2167 2126 2213 rete

549 2255 922 2316 mandatorum
945 2271 1014 2308 ex
1041 2255 1383 2308 tenebrarum
1409 2251 1658 2306 fluctibus
1679 2252 1746 2305 ad
1775 2250 1972 2315 lucem,
2004 2263 2128 2318 quae

549 2343 797 2405 Christus
821 2355 924 2410 est,
955 2346 1234 2400 universos
1261 2346 1315 2400 in
1336 2360 1502 2399 unum
1529 2351 1960 2413 transponerent.
1987 2341 2132 2396 Hine

551 2449 682 2496 sane
712 2435 860 2490 mira:
891 2436 1303 2504 dispensationis
1340 2445 1615 2490 mutantur
1647 2451 1826 2490 rerum
1855 2447 2122 2489 commer-

548 2527 632 2592 cia
661 2545 674 2580 :
709 2536 766 2582 ut
799 2529 890 2597 qui
919 2529 1096 2599 pisces
1133 2539 1260 2583 ante
1290 2529 1355 2582 de
1384 2528 1492 2582 vita
1526 2527 1852 2583 claudebant
1893 2529 1945 2581 in
1982 2539 2125 2580 moro

551 2627 678 2692 tem,
709 2636 852 2676 nunc
890 2621 956 2674 de
996 2629 1188 2685 morte,
1219 2620 1572 2674 mortiﬁcatos
1611 2627 1790 2674 tamen
1817 2633 2002 2680 carne,
2028 2633 2130 2686 per

550 2726 720 2780 aquas
765 2727 952 2766 rursus
992 2713 1254 2766 reducant
1288 2711 1354 2764 ad
1380 2711 1565 2764 vitam.
1607 2710 1741 2776 Quia
1779 2710 2032 2763 nimirum
2070 2715 2130 2764 et

551 2801 673 2869 ipsi,
701 2801 807 2860 nisi
847 2801 1000 2869 prius
1023 2802 1224 2856 mortui
1267 2801 1446 2855 forent
1482 2802 1700 2866 mundo,
1731 2815 1839 2856 non
1874 2807 2127 2870 poterant

556 2889 857 2959 relinquere
900 2907 1022 2960 qua
1068 2892 1436 2956 sectabantur,
1478 2901 1533 2947 et
1560 2892 1872 2946 Zebedaeum
1916 2901 2127 2962 patrem

552 2978 821 3039 deserere.
865 2980 1155 3036 Zebedtcus
1178 2982 1375 3052 quippe
1405 2982 1652 3053 fugitivus
1680 2983 2020 3052 interpretari
2049 2981 2128 3036 di-

2223 1901 2280 1948 et
2322 1894 2620 1963 praedicent
2657 1894 2722 1948 de
2775 1893 2968 1949 futuris
2995 1895 3114 1949 vitae
3157 1894 3588 1963 contemplativa:
3625 1892 3813 1964 perfe-

2224 1983 2326 2038 ctis
2350 1999 2365 2048 ;
2397 1992 2664 2052 quatenus
2693 1983 3175 2052 imprtcscntiarum
3209 1984 3262 2038 hi
3291 1983 3610 2038 erudiuntur
3633 1982 3814 2037 mori-

2222 2075 2342 2136 bus,
2383 2074 2438 2128 hi
2477 2089 2603 2128 vero
2628 2088 2723 2142 spe
2755 2072 3142 2128 confirmentur
3170 2073 3473 2127 futurorum
3506 2069 3822 2140 majoribus

2225 2164 2582 2218 documentis.
2617 2162 2753 2228 Quia
2794 2177 2967 2233 neque
2996 2163 3381 2240 contemplatio
3403 2163 3518 2216 sine
3551 2160 3824 2231 operibus

2226 2257 2414 2310 activa:
2435 2257 2561 2311 vita;
2586 2271 2618 2310 a
2656 2271 2826 2325 puero
2855 2257 3257 2322 conscenditur,
3290 2269 3464 2325 neque
3485 2254 3659 2309 activa
3691 2253 3822 2308 sine

2225 2362 2321 2416 spe
2368 2347 2762 2417 promissorum
2805 2348 2902 2402 Dei
2937 2346 3228 2418 perfectius
3271 2350 3698 2401 consummatur.
3743 2341 3827 2398 Et

2226 2438 2347 2493 ideo
2397 2437 2643 2493 fortassis
2688 2437 3006 2492 circumisse
3042 2436 3198 2493 Jesus
3249 2437 3447 2491 dicitur
3494 2434 3696 2491 docens
3744 2447 3824 2489 ac

2224 2529 2546 2600 praedicans,
2579 2529 2708 2598 quia
2737 2538 2994 2595 utrasque
3019 2531 3159 2582 vitas
3184 2535 3460 2597 appetere,
3482 2541 3588 2580 non
3624 2524 3828 2602 minus

2225 2620 2472 2689 exemplo
2494 2633 2654 2689 qnam
2680 2632 2811 2672 voce
2833 2618 3180 2672 credentibus
3201 2605 3511 2682 reserabat;
3545 2630 3612 2669 ne
3633 2613 3828 2685 siqui-

2227 2710 2350 2765 dem
2402 2709 2588 2777 paucis
2630 2706 2943 2777 proliceret,
2975 2721 3172 2761 verum
3219 2713 3280 2760 ut
3337 2706 3455 2760 sine
3493 2704 3829 2774 acceptione

2226 2813 2580 2871 personarum
2609 2797 2910 2852 tribuentem
2945 2797 3242 2852 vocationis
3271 2808 3381 2851 suae
3421 2795 3656 2866 gratiam
3697 2808 3828 2849 om-

2228 2889 2386 2946 nibus
2425 2881 2761 2944 abundanter
2809 2886 3139 2942 infunderet.
3190 2886 3428 2940 Docebat
3472 2892 3653 2938 autem
3701 2893 3830 2938 nou

2231 2979 2627 3050 qualiacunque
2648 2977 2950 3032 fabularum
2980 2985 3250 3048 portenta,
3281 2976 3375 3032 sed
3399 2965 3611 3031 summa
3644 2986 3710 3028 ac
3737 2973 3830 3029 ut;

552 3069 712 3124 citur.
742 3067 845 3124 Per
871 3081 1032 3140 quem
1063 3087 1194 3126 sane
1215 3072 1259 3127 is
1290 3082 1434 3130 recte
1454 3074 1736 3142 accipitur,
1764 3074 1875 3142 qui,
1906 3073 2019 3128 suis
2047 3081 2130 3127 te-
2166 3134 2198 3142 _
2231 3075 2382 3139 vina,
2413 3089 2480 3128 ne
2505 3074 2621 3128 suis
2644 3071 2778 3128 falsa
2807 3072 3149 3140 antiquorum
3170 3069 3446 3124 videretur
3467 3066 3830 3122 introducere"

554 3162 736 3222 nebris
762 3178 793 3216 a
818 3134 936 3218 luce
963 3164 1206 3220 veritatis
1233 3164 1514 3236 etingatus,
1537 3134 1647 3236 jam
1676 3134 1928 3235 deinceps
1951 3165 2126 3220 lucem
2154 3134 2208 3200 (δ’
2231 3134 2502 3235 figmenta.
2543 3165 2698 3220 Unde
2717 3173 2771 3219 et
2790 3134 3088 3234 signanter,
3115 3162 3262 3232 quod
3284 3160 3632 3232 Evangelium
3656 3157 3833 3236 regni

554 3253 702 3310 illam
728 3255 1071 3326 conspicuam
1100 3255 1422 3324 majestatis,
1451 3266 1509 3311 ut
1543 3258 1826 3326 resipiscat
1853 3258 2070 3312 tandem
2098 3265 2134 3316 α
2233 3260 2451 3313 doceret
2505 3256 2648 3310 illico
2718 3250 3070 3311 sublnfertur.‘
3136 3253 3308 3324 R‘egni
3352 3254 3552 3323 quippe
3616 3252 3828 3309 dicitur

559 3346 732 3408 malis,
763 3347 912 3401 adire
939 3363 1044 3402 nou
1077 3349 1295 3416 poterit.
1325 3349 1370 3402 Α
1399 3363 1506 3416 quo
1539 3347 1773 3418 Spiritus
1795 3349 2009 3402 divinus
2035 3363 2134 3403 νο-
2231 3351 2602 3424 Evangelium,
2630 3351 2756 3420 quia
2779 3363 2911 3406 suos
2944 3363 3080 3419 quos
3120 3348 3280 3404 modo
3303 3350 3404 3420 spe
3430 3348 3544 3418 jam
3583 3355 3836 3418 regnare

558 3437 675 3492 lens
703 3438 898 3494 animae
938 3429 1196 3511 cujusque
1233 3440 1369 3494 male
1405 3439 1596 3509 genita:
1632 3449 1692 3493 ut
1735 3439 1964 3510 refugiat
1997 3455 2132 3495 sua-
2232 3444 2497 3507 concedit,
2527 3443 2581 3498 in
2607 3443 2789 3497 futuro
2817 3442 2977 3498 simul
3004 3455 3159 3513 reges
3189 3447 3250 3496 etv
3272 3453 3497 3511 regnum
3523 3439 3633 3494 Deo
3653 3439 3830 3495 rebus

556 3530 706 3592 dere,
738 3529 885 3584 canit
915 3529 970 3584 in
1015 3531 1234 3586 Psalmo
1258 3547 1270 3583 :
1297 3529 1458 3594 Audi,
1494 3529 1628 3598 ﬁlia,
1656 3540 1702 3584 et
1743 3531 1889 3594 vide;
1930 3531 2138 3584 inclina
2233 3534 2444 3604 adeptis
2465 3533 2624 3600 facit;
2666 3535 2793 3588 dum
2815 3533 3073 3604 quidquid
3109 3547 3204 3601 spe
3223 3532 3394 3588 veniae
3415 3546 3561 3586 nunc
3588 3531 3834 3587 creden-

553 3636 735 3680 aurem
764 3631 934 3686 tuam,
973 3631 1020 3676 cl
1050 3621 1346 3676 obliviscere
1376 3623 1626 3691 populum
1653 3630 1800 3675 tuum
1836 3630 1884 3675 et
1917 3622 2136 3682 domum
2234 3628 2380 3684 ribus
2411 3627 2760 3697 repromittit,
2789 3625 3102 3681 muneribus
3136 3626 3324 3696 gratia:
3349 3623 3685 3694 adimplebit.
3829 3616 3837 3621 ’

553 3712 716 3779 patris
759 3715 833 3786 tui
860 3711 1030 3785 (Paul.
1081 3729 1230 3778 κων,
1255 3713 1366 3785 Η).
1405 3714 1576 3781 Quem
1616 3714 1869 3768 nimirum
1919 3705 2140 3784 patrem
2304 3717 2374 3771 Et
2395 3734 2610 3781 sanans,
2640 3718 2835 3787 inquit,
2867 3733 3071 3772 omnem
3107 3716 3411 3788 languorem
3441 3725 3489 3770 et
3519 3714 3823 3784 inﬁrmita-

557 3799 789 3858 Jaoobus
810 3811 867 3859 et
885 3803 1138 3869 Joannes,
1182 3805 1450 3874 simulque
1481 3805 1617 3859 retia
1661 3805 2134 3874 concupiscentia-
2233 3821 2337 3866 rem
2358 3811 2412 3864 in
2434 3810 2646 3881 populo.
2672 3811 2728 3865 ln
2757 3809 2952 3879 quibus
2976 3810 3231 3864 nimirum
3257 3807 3464 3864 duobus
3479 3807 3829 3875 nominibus,

561 3908 700 3968 rum,
729 3909 850 3960 qua:
871 3894 1009 3950 male
1035 3894 1278 3965 quotidie
1304 3895 1468 3950 variis
1488 3895 1804 3951 reficiebant
1825 3896 2129 3959 desideriis,
2234 3883 2561 3973 generaliter
2584 3901 2822 3957 omnium
2868 3899 3182 3956 morborum
3225 3913 3420 3970 genera
3454 3891 3834 3968 comprehen;

559 3983 948 4054 relinquentes",
986 3984 1115 4050 facti
1151 3995 1276 4042 sunt
1306 3986 1399 4045 ﬁlii
1429 3986 1670 4051 tonitrui,
1697 3986 1788 4056 qui
1836 3995 1992 4041 erant
2029 3988 2141 4041 ha-.

559 4085 750 4136 etenus
781 4092 884 4138 una
916 4094 1038 4134 cum
1080 4089 1235 4149 patre
1265 4079 1406 4134 servi
1430 4077 1780 4147 fugacissimi.
1808 4077 1962 4133 Unde
1991 4093 2140 4134 unus-

559 4185 747 4233 eorum
772 4165 1145 4239 Jacobusjure
1173 4169 1537 4240 supplanlalor
1567 4169 1972 4238 interpretatur,
2006 4169 2145 4239 quia.

2235 3993 2333 4046 dit.
2361 3993 2498 4059 Quia
2543 3994 2686 4062 quod
2715 3993 2804 4047 hic
2845 4007 3060 4048 omnem
3105 3991 3418 4062 languorem
3447 4000 3506 4076 et.
3529 3988 3832 4044 infirmitas

2238 4092 2344 4140 tem
2365 4085 2520 4150 dixit,
2552 4084 2712 4154 plane
2737 4094 2924 4154 postea
2956 4098 3054 4153 per
3077 4091 3261 4153 partes
3281 4081 3584 4152 specierum
3608 4079 3830 4151 sigilla-

2239 4177 2335 4230 tim
2365 4175 2564 4230 divisit.
2608 4174 2882 4245 Siquidem
2931 4189 3036 4230 non
3069 4174 3240 4230 solum
3269 4171 3502 4243 plurima
3543 4171 3658 4227 suis
3681 4171 3838 4238 locis

560 4264 820 4318 virtutum
864 4264 1090 4332 pedibus
1135 4263 1388 4318 vitiorum
1435 4261 1657 4332 laqueos
1712 4262 2025 4327 attriverat,
2079 4270 2147 4318 et
2237 4271 2548 4333 restituens,
2576 4284 2762 4323 verum
2785 4268 2949 4323 etiam
2977 4268 3085 4334 hic,
3114 4267 3162 4322 si
3199 4279 3302 4336 qua
3325 4280 3432 4320 non
3456 4271 3582 4320 sunt
3618 4264 3690 4320 de
3717 4263 3838 4321 lni-

563 4354 1004 4423 supplantaverat
1027 4361 1217 4411 contra
1239 4369 1395 4425 quem
1425 4353 1701 4410 luctantur
1717 4368 1908 4409 omnes
1926 4354 2017 4423 qui
2039 4369 2138 4409 vo—
2241 4360 2440 4415 iaculis
2491 4357 2788 4414 Salvatoris
2827 4359 3019 4412 litteris
3065 4357 3462 4422 commendata,
3516 4355 3838 4427 intelligere

559 4446 678 4503 lunt
718 4445 912 4502 mortis
949 4455 1215 4502 tormenta
1249 4445 1498 4511 evadere,
1529 4455 1584 4501 et
1607 4445 1773 4500 vitam
1809 4445 1929 4500 fidei
1960 4445 2138 4514 operi-
2163 4487 2216 4520 η
2240 4453 2403 4514 dedit,
2431 4459 2487 4507 et
2510 4451 2614 4506 nde
2648 4452 2893 4520 permisit
2932 4449 3174 4506 credere.
3206 4449 3349 4506 Inter
3367 4449 3679 4520 languorem
3718 4464 3838 4511 au—f

563 4534 667 4594 bus
694 4536 1116 4606 ammentum-
1151 4536 1281 4604 Ωυίθ
1303 4544 1364 4592 ιιι
1398 4537 1628 4607 possint,
1658 4537 1811 4608 prius
1839 4537 1933 4592 Dei
1957 4536 2136 4606 gratia
2162 4534 2212 4548 "
2243 4551 2349 4598 tem
2379 4549 2435 4597 et
2473 4541 2861 4606 infirmitatem,
2891 4541 2994 4597 hoc
3025 4541 3080 4596 in
3109 4541 3228 4596 loco
3252 4540 3470 4611 quidam
3516 4541 3590 4594 ita
3625 4538 3837 4596 distin-

558 4627 725 4686 veluti
745 4626 986 4684 fraterno
1014 4629 1256 4686 solantur
1279 4630 1498 4685 auxilio.
1530 4629 1683 4686 Unde
1715 4631 1856 4686 idem
1883 4638 1939 4685 et
1971 4628 2144 4685 Joana
2239 4639 2424 4702 guunt,
2455 4631 2692 4686 dicentes
2715 4630 3026 4700 languorem
3056 4631 3329 4700 pertinere
3356 4630 3422 4684 ad
3447 4629 3707 4694 animam,
3743 4630 3838 4684 in-

561 4732 658 4775 nes
681 4719 813 4776 satis
848 4729 971 4790 apte
999 4720 1097 4776 Dei
1126 4722 1297 4791 gratia
1336 4722 1389 4776 in
1414 4720 1602 4776 Latina
1636 4722 1702 4777 de
1729 4721 1919 4778 Graeco
1956 4729 2134 4777 sonat.
2239 4721 2550 4776 ﬁrmitatem
2591 4732 2720 4776 vero
2768 4721 3087 4791 corporibus
3139 4720 3386 4791 deputari
3431 4718 3646 4775 debere.
3704 4717 3844 4777 Seu

561 4810 700 4877 Quia
742 4811 996 4870 nimirum
1031 4811 1256 4882 quilibet
1293 4812 1666 4882 supplantator
1693 4813 1946 4867 vitiorum
1992 4812 2136 4881 posi-
2238 4816 2552 4884 languorem
2585 4815 2652 4870 ad
2690 4829 2754 4869 ea
2797 4828 2916 4884 quae
2941 4813 3202 4877 diabolus,
3267 4820 3537 4884 potestate
3567 4821 3837 4881 accepta,

564 4910 650 4955 tus
677 4901 730 4954 in
765 4913 964 4970 agone,
993 4901 1234 4956 nonnisi
1271 4915 1370 4971 per
1391 4901 1621 4971 gratiam
1667 4900 1812 4955 valet
1836 4900 1990 4970 quasi
2023 4900 2136 4956 fra-
2238 4907 2575 4978 ingesscrat;
2631 4905 3000 4961 inﬁrmitatem
3049 4903 3212 4976 232
3275 4904 3539 4959 duntaxat
3587 4903 3654 4957 ad
3701 4904 3838 4964 hac

564 5003 720 5052 terna
757 5007 825 5048 ex
865 4993 982 5048 acie
1028 4995 1238 5050 hostem
1275 4995 1610 5048 subvertere.
1641 4992 1710 5048 Et
1757 4993 1878 5049 ideo
1925 4994 2143 5050 actibus
2243 5008 2362 5069 quae
2394 5007 2588 5053 natura
2617 4987 2822 5063 rerum,
2861 5012 2958 5067 per
3004 4997 3470 5067 intemperantiam
3510 4995 3650 5052 male
3687 5009 3842 5054 saud

564 5086 762 5143 nostris
797 5086 886 5142 illa
927 5102 1146 5144 rrecesse
1184 5095 1269 5142 est
1296 5088 1551 5144 irremota
1588 5086 1785 5156 ubique
1812 5102 1996 5142 comes
2017 5103 2142 5159 ger-

567 5177 840 5237 manitatis
865 5177 1123 5246 obsequio
1155 5177 1462 5234 comitetur.
1502 5175 1639 5231 Hinc
1656 5191 1870 5246 quoque
1902 5174 2101 5232 Paulus
2122 5193 2142 5230 ι

568 5265 688 5328 dion
712 5283 828 5336 ego,
861 5267 1056 5337 inquit,
1088 5283 1273 5338 operor
1302 5268 1460 5335 illud,
1483 5268 1574 5323 sed
1611 5267 1784 5338 gratia
1811 5266 1910 5322 Dei
1940 5281 2147 5322 mecm

567 5357 618 5426 ll
647 5358 767 5412 Cor.
796 5375 880 5423 xv,
910 5360 1026 5431 40)..
1049 5360 1204 5427 Quia,
1234 5361 1373 5416 sicut
1398 5360 1640 5431 profecto
1678 5361 1848 5416 virtus
1881 5360 2148 5416 obediend

566 5447 676 5512 tite,
723 5462 842 5517 quis
881 5463 978 5518 per-
1024 5449 1244 5506 Petrum
1289 5451 1628 5520 exprimitur,
1670 5450 1787 5506 sine
1825 5449 2148 5508 fortitudine

567 5548 660 5596 aut
698 5541 902 5615 umentis
946 5542 1224 5614 virilitate,
1257 5557 1379 5613 quae
1422 5555 1519 5611 per
1563 5541 1834 5597 Andream
1872 5543 2138 5612 signatur,

568 5633 936 5706 consummari
966 5635 1188 5704 nequit;
1216 5635 1296 5690 ita
1321 5638 1450 5690 sane
1474 5633 1680 5688 et'vitia
1706 5649 1825 5688 cum
1851 5637 2018 5705 pestis
2047 5654 2140 5693 au-

569 5732 724 5789 αιυεο
739 5727 1302 5808 ωειιιβωιιὶαθιιιοιὶωι
1315 5727 1519 5806 absque
1540 5725 1634 5786 Dei
1669 5728 1842 5802 gratia
1876 5733 2135 5804 superari.

2243 5089 2400 5151 cista,
2434 5087 2651 5144 sibimet
2671 5095 3034 5144 contraxerat.

2314 5177 2384 5233 Et
2406 5178 2533 5233 abiit
2563 5179 2736 5249 opinio
2760 5178 2872 5248 ejus
2908 5180 2965 5233 in
2991 5187 3153 5233 lotam
3187 5177 3416 5249 Syriam.
3459 5177 3626 5235 Fama
3665 5178 3838 5236 sciti-

2244 5280 2351 5337 cet,
2383 5285 2544 5342 quam
2571 5269 2738 5326 Judaei
2768 5271 3024 5325 cmcitatis
3064 5285 3177 5325 suae
3203 5269 3562 5326 obfuscabant
3589 5268 3835 5333 invidia.

2245 5371 2438 5436 gentes
2484 5362 2682 5418 sensim
2711 5361 3034 5428 illustrabat,
3063 5368 3121 5417 et
3148 5375 3363 5417 omnem
3392 5358 3564 5432 Syriae
3602 5371 3842 5430 proruas

2246 5454 2406 5520 clam,
2438 5467 2556 5523 quae
2580 5468 2610 5506 a
2631 5450 2847 5507 Galilaea
2878 5469 2986 5507 non
3015 5452 3238 5507 multum
3261 5451 3420 5522 longe
3444 5452 3618 5512 abest,
3643 5450 3845 5507 virtu:-

2249 5556 2360 5600 tum
2391 5543 2645 5598 odoribus
2676 5542 3038 5614 respargebat.
3070 5542 3136 5597 Et
3164 5541 3285 5598 ideo
3324 5542 3451 5598 hinc
3475 5541 3598 5597 inde
3627 5535 3846 5600 onere?

2247 5639 2377 5692 bant
2403 5652 2452 5691 et
2475 5651 2662 5691 omnes
2700 5635 2841 5690 male
2882 5635 3162 5690 habentes.
3204 5634 3387 5690 Talem
3430 5636 3625 5706 quippe
3662 5636 3842 5699 doce.

2249 5735 2333 5788 bat
2367 5745 2486 5789 esse
2533 5728 2848 5802 magistrum
2893 5727 3230 5808 pontificum,
3261 5739 3319 5788 ut
3360 5739 3417 5789 et
3451 5729 3846 5804 testimonium
