4000 6362
215 381 323 438 213

991 369 1353 429 EXPOSITIO
1389 373 1453 428 ΙΝ
1496 370 1931 430 ΜΛΤΊἪΕΙΙΜ.
1969 403 2041 415 —
2080 372 2205 428 LIB.
2247 372 2334 436 lll,
2374 371 2524 428 CAP.
2569 371 2633 426 γ.

3353 374 3461 434 214

217 494 383 551 laudis
405 493 640 563 egregiae
666 492 829 546 etiam
871 491 939 545 ab
965 491 1052 546 his
1083 491 1176 560 qui
1226 491 1358 545 foris
1379 502 1504 545 sum
1540 481 1784 544 haberet.
1814 496 1863 556 Α
1891 490 1983 545 tici
2023 489 2226 556 forent;
2258 490 2350 544 sed
2373 489 2522 558 quia,
2544 488 2671 542 dum
2701 487 2927 542 callidus
2955 487 3124 542 hostis
3147 488 3235 542 illa
3257 489 3342 543 vel
3371 486 3463 546 illa

213 584 350 652 Quia
387 590 518 637 tunc
546 589 676 635 ante
708 580 1020 650 quempiam
1061 581 1402 636 sacerdotum
1446 578 1790 637 inﬁrmitates

213 687 416 728 moram
465 671 693 725 liberius
733 669 1066 734 detinentur,
1099 677 1156 724 et
1193 671 1502 741 panduntur
1545 670 1788 737 vulnera,

213 779 334 820 ann
355 762 502 823 fama
532 763 680 826 vitae,
719 769 775 817 et
801 761 1010 816 curatio
1036 761 1270 817 salubris
1319 763 1372 816 in
1419 762 1616 832 pupula
1651 767 1789 831 praei-

211 856 435 911 tlicatur.
463 854 624 924 Syria
639 868 873 924 namque
897 853 1190 908 sublimitas
1210 854 1615 924 interpretatur.
1639 853 1791 910 Tune

214 957 354 1002 recte
380 947 655 1000 virtutum
673 936 816 1001 lania
847 944 1060 1016 Syriam
1083 959 1254 1014 usque
1278 945 1634 1014 portenditur,
1665 955 1792 1000 cum

212 1037 320 1091 vita
341 1037 668 1091 meritorum
694 1034 936 1105 quotidie
964 1048 1064 1104 per
1089 1033 1421 1090 incrementa
1460 1033 1586 1088 boni
1609 1032 1792 1103 operis

211 1127 495 1184 mblimius
539 1128 612 1180 ad
635 1126 908 1197 fastigium
948 1139 1091 1180 vera:
1117 1125 1296 1180 laudis
1333 1125 1614 1180 attollitur.
1649 1123 1789 1180 For»

213 1233 354 1275 mam
373 1218 547 1290 igitur
569 1217 813 1274 medica
850 1224 1035 1272 noster
1069 1216 1350 1272 doctorum
1397 1215 1450 1270 in
1481 1231 1642 1271 carne
1671 1229 1792 1286 ges-

214 1311 302 1372 sit,
331 1319 386 1364 et
427 1310 552 1364 ideo
611 1308 840 1363 interius
872 1323 1062 1363 omnes
1104 1307 1390 1378 languor-es
1424 1315 1481 1362 et
1507 1307 1791 1362 tormentis

215 1399 632 1468 comprehensos
659 1406 848 1462 sanat;
881 1412 1088 1452 necnon
1128 1398 1389 1451 daemonia
1416 1395 1586 1465 ejicit,
1627 1405 1682 1450 et
1710 1395 1792 1450 luo

217 1493 427 1548 nations
463 1506 528 1546 ac
572 1491 907 1561 paralyticos
953 1499 1128 1545 curat.
1167 1492 1246 1547 Ex
1275 1491 1471 1561 quibus
1513 1497 1790 1562 gestorum

221 1581 514 1645 beneﬁciis,
551 1581 736 1652 opinio
765 1581 881 1650 ejus
908 1596 1076 1652 usque
1122 1579 1190 1636 ad
1237 1593 1331 1637 eos
1372 1582 1464 1652 qui
1492 1579 1626 1636 foris
1664 1588 1792 1636 sunt

229 1672 562 1740 ηερηὶωγ.
595 1672 733 1738 Quia
762 1672 1004 1742 profecto
1031 1688 1142 1728 nec
1167 1673 1310 1727 fama
1343 1674 1460 1728 sine
1507 1687 1649 1729 verae
1674 1673 1791 1727 lau~

215 1763 298 1817 dis
317 1779 479 1832 opera
517 1764 755 1834 proiicit,
781 1779 962 1835 neque
981 1781 1146 1835 opera
1183 1766 1373 1821 salutis
1408 1767 1610 1836 absque
1641 1767 1784 1820 fama

1891 579 2030 635 lunae
2051 581 2367 636 accensione
2419 579 2538 634 illos
2574 579 2830 648 exagitat,
2853 579 3184 648 putabantur
3217 577 3462 646 lunatici;

1890 673 2042 743 quasi
2057 674 2126 728 ab
2145 673 2276 742 ipsis
2288 672 2428 726 luna:
2453 671 2683 741 impulsu
2699 671 3089 726 cruciarentur.
3109 670 3464 739 Egerateuim

1891 764 1995 819 hoc
2028 764 2240 818 fallacia
2258 778 2357 818 sua
2387 772 2466 828 ut,
2511 771 2758 818 creatura
2783 761 2875 816 Dei
2904 761 3141 816 atrocius
3175 760 3464 827 infamata.

1889 867 2050 923 super
2067 852 2378 908 Creatorem
2408 851 2753 922 blasphemiae
2789 851 3167 905 redundarent.

1960 943 2173 999 Curavi:
2191 954 2384 1008 autem,
2420 944 2614 1013 inquit,
2653 959 2849 996 omnes.
2880 941 3096 997 Scilicet
3115 956 3469 1011 quoscunque

1889 1038 1939 1093 ei
1963 1039 2088 1092 hinc
2111 1036 2233 1091 inde
2266 1037 2590 1092 obtulerant.
2616 1035 2696 1091 Ex
2735 1051 2842 1106 quo
2873 1036 3164 1090 notandum
3205 1035 3467 1104 plurimas

1890 1131 2275 1186 miraculortuu
2331 1130 2600 1192 virtutes,
2653 1143 2789 1198 quas
2854 1127 3044 1197 reliqui
3109 1126 3466 1196 Evangelistae

1891 1219 2012 1275 aliis
2039 1221 2091 1274 in
2123 1220 2254 1275 locis
2285 1219 2516 1275 retulere
2555 1219 2764 1289 plenius
2783 1218 3072 1281 narrando,
3104 1233 3211 1272 non
3257 1216 3346 1270 hic
3371 1231 3466 1271 eas

1888 1313 2102 1383 penitus
2144 1313 2574 1382 prmtermisisse,
2607 1312 2731 1366 dum
2763 1311 2866 1366 hoc
2919 1311 2972 1364 in
3016 1310 3136 1366 loco
3182 1311 3467 1366 brevitatis

1890 1404 2208 1473 compendio
2237 1405 2561 1474 generaliter
2584 1417 2772 1457 omnes
2800 1411 3017 1456 curatos
3043 1401 3287 1471 legimus.
3320 1401 3468 1456 Inter

1889 1508 2026 1563 quos
2073 1493 2328 1547 nimirum
2377 1492 2594 1546 fuerunt
2637 1502 2691 1546 et
2733 1491 2946 1546 illorum
3005 1491 3222 1560 quidam
3255 1532 3270 1556 ,
3326 1505 3465 1561 quos

1888 1583 2104 1639 Marcus
2121 1583 2207 1639 vel
2232 1584 2424 1647 Lucas,
2451 1584 2640 1638 ordine
2666 1583 3004 1653 interposito,
3034 1582 3122 1637 ubi
3153 1584 3241 1638 rbi
3270 1581 3372 1637 alia
3395 1597 3466 1638 ex

1889 1687 2051 1729 causa
2083 1672 2292 1743 plenius
2347 1683 2650 1729 texuerunt.
2701 1672 3034 1728 Circumibat
3078 1673 3261 1742 itaque
3309 1671 3470 1730 «ἰθέως

1888 1779 2102 1819 omnem
2141 1763 2445 1829 Galilaeam,
2497 1779 2709 1818 omnem
2757 1763 3008 1818 videlicet
3073 1763 3468 1819 volubilitatem

207 1853 330 1910 boui
373 1855 564 1909 odoris
601 1855 735 1910 satis
778 1857 1114 1912 auditoribus
1165 1857 1388 1911 relucet.
1439 1858 1592 1924 Quod
1649 1859 1788 1913 bene
1814 1851 1863 1914 B
1891 1857 2093 1921 saeculi.
2155 1857 2290 1924 Quia
2338 1856 2580 1926 profecto
2628 1854 2844 1911 Galilzea
2896 1865 3010 1909 rota
3058 1856 3466 1925 interpretatur.

205 1940 394 1999 Pauius
424 1945 682 2000 hortatur
702 1948 930 2002 dicens:
959 1947 1036 2002 De
1055 1957 1263 2013 cetera,
1291 1948 1500 2018 fratres,
1538 1965 1787 2019 quaeuti-

208 2052 299 2106 que
327 2047 453 2091 sunt
493 2053 639 2103 vero,
674 2055 996 2110 quacunque
1035 2050 1237 2104 sancta,
1259 2053 1579 2110 quiscunque
1612 2041 1786 2109 justo,

206 2146 528 2200 mentique
570 2132 787 2200 pudica,
817 2149 1136 2203 quiscunque
1175 2133 1322 2188 bona:
1354 2132 1546 2202 famw;
1589 2135 1634 2186 si
1680 2145 1790 2202 qua

203 2223 377 2286 virtus,
405 2221 456 2275 si
485 2238 596 2290 qua
627 2221 775 2287 laus;
804 2224 913 2278 hac
943 2225 1183 2294 cogitate,
1219 2223 1417 2295 inquit,
1447 2241 1565 2295 quia
1594 2223 1790 2280 didici—

204 2312 285 2364 stis
311 2321 364 2364 et
395 2312 658 2378 audistis,
679 2324 728 2368 et
761 2315 963 2370 uidistis
991 2315 1046 2368 in
1079 2331 1160 2369 me
1184 2313 1402 2386 (Philip.
1439 2332 1515 2382 tv,
1535 2316 1612 2386 8).
1642 2317 1790 2372 Duo-

201 2402 307 2462 bus.
333 2404 589 2473 inquam,
624 2407 808 2461 verbis
837 2415 1029 2462 cuneta
1056 2406 1318 2462 conclusit
1348 2408 1555 2474 dicens,
1594 2410 1639 2464 si
1679 2423 1788 2479 quae

202 2494 384 2558 virtus,
409 2493 585 2563 siqua
609 2495 764 2560 laus;
800 2497 867 2551 ad
886 2497 1111 2551 virtutes
1130 2511 1366 2567 namque
1391 2484 1624 2568 perlinet
1642 2500 1782 2554 bona

203 2587 540 2640 conscientia
563 2626 582 2654 ,
608 2589 676 2642 ad
701 2587 912 2643 laudem
935 2601 1066 2643 vero
1087 2588 1230 2644 fama
1255 2590 1382 2644 vitae
1405 2591 1637 2660 proiicit,
1665 2592 1792 2647 sine

204 2679 385 2746 quibus
433 2695 578 2735 sane
619 2680 792 2735 forma
819 2682 934 2736 veri
968 2683 1265 2738 sacerdotis
1291 2697 1398 2739 non
1431 2686 1785 2740 commenda-

203 2777 297 2822 tur.
324 2768 510 2825 Curat
535 2780 717 2826 autem
752 2773 1031 2837 Dominus,
1069 2787 1174 2828 non
1203 2773 1375 2829 solum
1405 2776 1616 2830 animas
1649 2777 1788 2832 inte-

205 2858 325 2922 rius,
355 2870 598 2932 propter
625 2875 760 2931 quas
789 2873 1032 2929 venerat,
1066 2864 1160 2919 sed
1189 2873 1243 2918 et
1268 2865 1420 2934 prius
1446 2879 1671 2935 corpora
1693 2883 1790 2922 ex-

205 2953 362 3008 terius
388 2954 670 3008 ueneficio
713 2956 936 3010 visibili.
957 2955 1035 3010 uti
1072 2956 1359 3012 invisibilia
1385 2958 1574 3014 salutis
1603 2974 1699 3030 per
1726 2961 1788 3016 il.

204 3045 314 3102 lem
371 3051 638 3120 paratius
689 3052 904 3106 adeant.
961 3053 1212 3125 Alioquin
1272 3057 1589 3126 corporibus
1653 3072 1785 3112 con-

205 3140 342 3195 tinuo
391 3143 690 3198 morituris
743 3157 933 3212 parum
983 3153 1102 3200 erat
1149 3144 1378 3200 salutem
1433 3147 1782 3216 impendere,

1892 1949 2042 2010 Unde
2068 1958 2122 2004 et
2148 1951 2392 2020 pervenit
2420 1948 2534 2018 ejus
2567 1949 2748 2020 opinio
2776 1965 2947 2018 usque
2969 1951 3035 2003 ad
3062 1948 3298 2020 Syriam,
3326 1951 3470 2020 quod

1889 2054 1972 2111 est
1990 2046 2055 2105 ad
2082 2046 2466 2102 sublimitatem
2500 2044 2619 2098 ﬁdci
2654 2044 2986 2099 credentium
3043 2045 3376 2115 pervenisse,
3410 2053 3469 2100 et

1888 2138 2009 2194 ideo
2031 2139 2397 2206 sequebantur
2415 2152 2444 2192 a
2470 2135 2720 2202 Galilaea;
2747 2137 3052 2206 scilicetqui
3085 2138 3150 2191 de
3175 2137 3323 2192 vitiis
3343 2135 3471 2206 jure

1891 2229 2012 2298 ﬁdei
2041 2231 2108 2285 ad
2133 2231 2392 2286 virtutum
2424 2229 2573 2285 initia
2605 2229 3082 2300 transmigrarunt.
3119 2226 3230 2284 Nec
3285 2244 3389 2284 non
3413 2235 3472 2284 et

1889 2320 1955 2374 de
1988 2320 2262 2391 Decapoli,
2293 2335 2479 2376 revera
2500 2320 2592 2390 qui
2617 2319 2934 2390 decalogum
2960 2319 3336 2374 mandatorum
3364 2319 3471 2372 im-

1888 2409 2037 2478 plere
2058 2420 2334 2482 eruperant
2352 2425 2450 2481 per
2474 2410 2653 2467 fidem.
2681 2410 2836 2467 Unde
2857 2418 2913 2465 et
2963 2411 3148 2466 decem
3172 2411 3290 2466 ista:
3338 2409 3474 2466 civi-

1890 2508 2029 2554 tates
2063 2500 2221 2554 simul
2277 2501 2478 2570 ubique
2518 2509 2812 2572 ponuntur,
2861 2501 2986 2571 quia
3033 2515 3191 2556 nemo
3239 2516 3307 2555 ex
3360 2515 3471 2556 una

1890 2599 2078 2644 earum
2106 2597 2310 2644 tantum
2348 2593 2414 2646 ad
2437 2591 2711 2647 Christum
2735 2591 2897 2666 23‘.
2922 2593 3097 2658 venit,
3150 2593 3256 2648 nisi
3306 2591 3474 2655 simul

1889 2680 2074 2734 decem
2102 2680 2237 2751 legis
2262 2692 2530 2753 praecepta
2556 2685 2868 2739 servaverit.
2901 2685 3054 2753 Quod
3085 2686 3267 2756 si'quis
3289 2686 3342 2739 in
3366 2697 3475 2739 uno

1890 2783 2076 2827 eorum
2107 2770 2406 2837 offenderit,
2443 2773 2616 2830 factus
2659 2788 2742 2831 est
2781 2779 3039 2833 omnium
3092 2793 3239 2834 reus.
3267 2776 3472 2848 Seque—

1890 2865 2090 2920 bantur
2114 2879 2330 2937 quoque
2367 2875 2423 2921 et
2461 2868 2526 2923 de
2555 2867 2939 2942 Hierosolymis
2979 2885 3043 2925 ac
3087 2868 3293 2936 Iudaea,
3346 2884 3474 2924 nec-

1891 2970 1998 3010 non
2027 2965 2081 3010 et
2107 2957 2172 3011 de
2205 2967 2352 3012 trans
2402 2957 2713 3024 Jordanem,
2756 2961 2810 3015 hi
2858 2959 3101 3030 profecto
3153 2977 3290 3032 quos
3335 2961 3474 3016 visio

1892 3048 2040 3117 pacis
2064 3047 2451 3117 illustraverat,
2480 3059 2534 3104 et
2554 3052 2799 3107 confiteri
2824 3052 2937 3122 jam
2974 3055 3315 3110 confessione
3347 3052 3472 3108 fidei

1892 3137 2058 3192 Deum
2089 3140 2404 3196 didicerant.
2443 3141 2510 3197 Et
2564 3154 2707 3200 recte
2743 3146 2808 3200 de
2861 3154 3009 3201 trans
3047 3146 3334 3202 Jordanem
3385 3146 3472 3201 di-

204 3230 296 3284 nisi
337 3239 400 3284 ut
469 3231 598 3286 ﬁdei
643 3233 820 3289 virtus
862 3247 960 3303 per
1021 3249 1084 3289 ea
1128 3249 1250 3305 quae
1300 3215 1515 3291 fiebant
1547 3215 1786 3293 exterius

1894 3239 2086 3285 cuntur
2105 3247 2460 3299 commeasse,
2484 3235 2626 3304 quod
2653 3236 2920 3306 baptismo
2938 3238 3286 3308 transposito,
3307 3238 3466 3308 quasi

205 3319 534 3378 firmaretur.
582 3325 664 3379 Ad
697 3325 805 3410 hoc
853 3328 1051 3398 quippe
1099 3327 1298 3393 ﬂebat,
1332 3337 1392 3384 ut
1445 3329 1615 3384 oculis
1664 3345 1786 3385 cor-

205 3414 282 3469 dis
337 3417 577 3471 interius
649 3427 968 3488 Operantem
1030 3421 1431 3493 recogitarent,
1503 3431 1560 3477 et
1625 3437 1785 3492 quem

209 3505 480 3563 hominem
531 3513 772 3566 exterius
817 3512 1140 3580 cernebant,
1199 3512 1426 3568 interius
1470 3511 1637 3569 Deum
1689 3527 1791 3585 per

213 3597 369 3654 fidem
398 3601 750 3674 intelligendo
787 3606 1146 3676 requirerent.
1178 3606 1622 3676 Quandoquidem
1649 3622 1788 3676 prae-

209 3690 408 3746 dicatio
468 3693 780 3750 Salvatorls-
834 3697 1109 3754 beneﬁciis
1158 3699 1568 3755 commendatur
1613 3697 1787 3768 pluri-

208 3782 323 3848 mis,
366 3792 422 3840 et
469 3783 609 3841 fides
640 3785 950 3853 virtutibus,
993 3798 1053 3843 ut
1095 3787 1235 3844 idem
1269 3789 1432 3846 homo
1484 3788 1626 3844 Deus
1673 3801 1792 3844 crea

211 3874 387 3940 datur,
434 3876 711 3933 solidatur
761 3879 1031 3936 maximis.
1089 3881 1154 3936 Et
1213 3883 1352 3936 mira
1408 3882 1793 3939 haereticorum

209 3960 354 4035 233
377 3965 766 4036 delirarmnta,
818 3971 908 4041 qui
964 3979 1057 4027 aut
1098 3971 1372 4029 hominem
1422 3989 1607 4028 verum
1663 3989 1794 4030 eum

207 4053 364 4140 fuisse
391 4067 636 4130 negant,
665 4070 762 4117 aut
805 4063 971 4119 Deum
1011 4079 1199 4121 rursus
1243 4080 1406 4119 unum
1437 4065 1796 4137 eumdemque'

206 4151 268 4198 ea
289 4147 510 4204 duabus
539 4152 749 4207 unitum
788 4153 1102 4211 substantiis
1127 4155 1521 4211 contradicunt.
1557 4155 1691 4212 Cum
1737 4163 1794 4214 et

205 4245 326 4295 Baro
373 4255 606 4311 semper
652 4251 763 4299 non
801 4244 982 4302 minus
1025 4246 1253 4303 visibilis
1306 4262 1469 4318 quam
1520 4245 1794 4318 possibili!

201 4337 562 4396 monstratur,
598 4339 656 4387 et
676 4321 814 4391 Deus
841 4335 896 4389 i’n
917 4345 988 4391 eo
1010 4335 1178 4407 signis
1205 4341 1261 4392 et
1276 4336 1560 4392 virtutibus
1587 4338 1791 4408 passim

201 4419 536 4478 dedantur.
555 4422 960 4496 Quapropteret
977 4425 1264 4483 visibiliter
1283 4429 1511 4483 curabat
1525 4429 1785 4496 exterius,

201 4521 250 4566 et
267 4513 630 4572 invisibiliter
653 4515 870 4574 fovebat
887 4520 1032 4574 intus
1059 4536 1074 4573 :
1098 4520 1266 4574 Deam
1294 4519 1588 4576 ostendens
1607 4535 1666 4576 se
1687 4520 1788 4575 mi-

199 4607 409 4674 raculis,
440 4617 512 4663 et
539 4619 722 4665 mores
743 4610 994 4667 erudiens
1021 4611 1334 4681 disciplinis.
1358 4608 1593 4667 Curabat
1625 4610 1793 4682 igitur

199 4703 380 4754 omnes
403 4699 1139 4773 vitiorumlauguores,dum
1159 4713 1213 4758 et
1242 4703 1518 4772 sapientiae
1544 4703 1790 4759 doctrina

202 4792 555 4862 tespergeb‘at
575 4803 821 4864 egrotae,
853 4801 907 4848 et
934 4795 1216 4850 tormentis
1238 4796 1652 4864 comprehensos
1673 4808 1790 4852 me-

202 4873 518 4940 dicamento
543 4883 666 4940 ﬁdei
697 4885 970 4941 relaxabat
1015 4901 1196 4942 sanos.
1252 4885 1422 4942 Porro
1466 4887 1690 4942 lunatici
1733 4894 1792 4942 et

203 4963 484 5048 paralytici
516 4975 749 5032 hi‘reCte
773 4977 1140 5048 accipiuntur,
1169 4993 1305 5047 quos
1334 4978 1627 5034 menstruis
1655 4986 1792 5032 tem-

204 5067 419 5134 poribus
450 5066 763 5124 idololatria
794 5072 1132 5136 eruentabat,
1157 5077 1213 5126 et
1240 5070 1522 5126 discordia:
1570 5070 1792 5126 morbus

205 5157 434 5214 αδοωηί
487 5173 750 5231 compage
799 5161 1083 5217 charitatis
1129 5161 1474 5218 dissolvebat.
1520 5160 1794 5234 Paralysis

204 5249 394 5320 quippe
422 5247 624 5307 Graece
651 5251 936 5307 dissolutio
964 5251 1180 5307 dicitur.
1220 5252 1299 5306 Ex
1349 5266 1460 5323 quo
1510 5253 1798 5324 signantur

206 5341 271 5394 illi
300 5344 436 5399 vitio
464 5343 745 5410 laborare,
797 5343 888 5414 qui
933 5344 1078 5399 nulla
1123 5344 1490 5400 membrorum
1532 5346 1794 5402 societate

207 5434 251 5486 fn
279 5436 492 5492 Christi
526 5451 751 5508 corpore
771 5438 1050 5503 uniuntur,
1084 5443 1138 5494 et
1163 5447 1287 5493 sunt
1317 5437 1565 5494 dissoluti
1591 5453 1788 5509 corpo-

208 5525 436 5583 risvitio
457 5525 530 5582 ab
548 5529 696 5584 omni
743 5529 1016 5584 Soliditate
1061 5531 1279 5585 amoris.
1325 5527 1426 5596 Qui
1475 5529 1575 5584 etsi
1603 5528 1788 5584 vivere

205 5615 516 5686 rideantur,
541 5637 682 5690 pene
730 5621 859 5676 nihil
887 5623 1145 5687 sentiunt,
1201 5638 1324 5677 cum
1377 5621 1578 5677 fuerint
1624 5637 1788 5678 manu

206 5701 400 5784 ﬁngas:
437 5709 736 5765 salubriter
761 5708 1060 5766 fometitati.
1086 5711 1158 5767 At
1179 5725 1308 5768 vero
1331 5711 1572 5776 lunatici,
1598 5728 1790 5768 secun-

209 5791 333 5857 σω
360 5801 678 5872 opinionem
690 5800 836 5874 vulgi
857 5802 1107 5859 dicuntur
1141 5819 1155 5859 :
1187 5818 1296 5860 non
1324 5804 1466 5875 quod
1488 5818 1612 5861 vere
1637 5805 1792 5860 Ιιιηασ

1813 4573 1868 4633 D

1890 3322 1957 3376 ab
1983 3321 2100 3376 alite
2123 3323 2360 3404 regionis
2391 3333 2568 3394 parte,
2622 3335 2821 3381 terram
2863 3343 3007 3382 verae
3036 3328 3473 3399 repromiSsionis

1890 3413 2174 3479 intrantes,
2201 3415 2474 3471 Christum
2503 3416 2624 3472 fidei
2675 3419 2950 3490 gressibus
2985 3419 3098 3490 jam
3121 3419 3343 3492 jamque
3387 3435 3477 3478 se-

1891 3504 2212 3574 quebantur.
2243 3504 2394 3561 Unde
2423 3515 2478 3562 et
2497 3525 2510 3561 :
3435 3528 3463 3550 ·

1964 3533 2212 3559 συαιιιυϊο
2247 3533 2394 3561 υΙΙυΰ
2497 3533 2510 3561 ἰ
3435 3533 3463 3550 ⁵

1964 3592 2116 3664 (Cn.
2149 3533 2611 3664 V.)Jesus:°deus
2636 3599 2816 3652 turbas
2865 3600 3098 3654 ascendit
3117 3601 3173 3654 in
3208 3609 3451 3655 montem.
3499 3533 3521 3637 ῐ

1891 3685 2149 3740 Ascendit
2172 3695 2350 3741 autem
2377 3702 2538 3758 supra
2561 3698 2796 3745 montem
2820 3690 3065 3746 excelsus
3086 3691 3178 3747 Dei
3195 3690 3374 3747 Patris
3385 3690 3475 3746 Fid

1893 3774 2016 3840 lius,
2057 3787 2116 3830 ut
2143 3791 2238 3832 eos
2259 3778 2476 3833 doceret
2503 3778 2691 3833 altiora
2715 3780 2975 3836 virtutum
3004 3780 3238 3836 culmina
3262 3791 3469 3852 petere,

1891 3877 1946 3922 et
1978 3883 2044 3922 ex
2069 3867 2186 3924 loco
2215 3869 2471 3941 signaret,
2512 3885 2617 3926 non
2640 3880 2850 3928 tantum
2879 3874 3071 3929 altiora
3098 3875 3320 3930 moralis
3347 3876 3479 3932 vita

1892 3967 2254 4024 sacramenta,
2277 3960 2371 4016 sed
2392 3963 2553 4017 etiam
2583 3972 2822 4018 sanctam
2851 3963 2946 4020 Dei
2975 3964 3270 4021 Ecclesiam
3303 3965 3474 4022 subii-

1893 4051 2034 4106 mins
2059 4049 2393 4122 erigendum,
2433 4069 2592 4124 supra
2623 4070 2784 4125 quam
2827 4056 2942 4126 ipse
2985 4072 3081 4113 rex
3110 4066 3166 4114 et
3215 4059 3476 4115 sacerdos

1895 4145 2214 4215 praesidens,
2245 4161 2353 4201 non
2381 4146 2541 4203 modo
2563 4148 2825 4215 decernit,
2867 4165 3057 4205 verum
3083 4152 3326 4207 doctrina
3376 4167 3474 4208 sua

1897 4238 2130 4294 instituit
2151 4239 2450 4294 universos.
2480 4239 2617 4297 Hinc
2653 4241 2851 4312 quippe
2880 4242 3142 4312 scriptum
3198 4243 3427 4316 legimus
3452 4259 3468 4298 :

1898 4327 2010 4401 Ego
2035 4339 2208 4384 autem
2233 4331 2541 4385 constitutus
2558 4347 2675 4385 sum
2703 4347 2797 4386 rex
2815 4332 2880 4386 ab
2910 4347 2971 4386 eo
2996 4349 3154 4402 super
3172 4323 3474 4388 Sionmon-

1895 4429 1997 4475 tam
2023 4430 2262 4475 sanctum
2285 4421 2422 4492 ejus,
2447 4425 2741 4492 pmdicam
2789 4434 3101 4496 preceptum
3135 4426 3248 4495 ejus
3293 4423 3470 4497 (Psal.

1895 4525 1958 4578 ιι,
1973 4511 2050 4582 6).
2067 4512 2236 4568 Audis
2248 4513 2447 4582 itaque,
2465 4515 2709 4585 quisquis
2733 4515 2880 4580 ades,
2898 4515 3168 4585 prmdican
3177 4525 3284 4570 tem
3304 4529 3478 4586 supra

1895 4613 2135 4660 montem
2161 4603 2292 4661 Sion
2319 4621 2590 4661 summum
2616 4607 2926 4677 pontiﬁcem
2967 4605 3243 4663 Christum
3270 4624 3284 4661 :
3319 4621 3476 4662 reco-

1895 4695 2003 4767 gita
2032 4697 2200 4752 etiam
2225 4705 2282 4752 et
2308 4709 2521 4767 regem;
2553 4697 2679 4768 quia
2712 4711 2780 4753 ex
2815 4711 2924 4752 una
2952 4697 3254 4768 eademque
3285 4697 3472 4752 cathe-

1893 4788 1990 4844 dra
2018 4791 2173 4844 docet
2211 4803 2277 4844 ac
2299 4788 2560 4853 decernit,
2588 4788 2739 4858 juxta
2775 4789 3038 4846 doctrinae
3061 4805 3173 4846 suae
3201 4789 3484 4853 instituta,-

1893 4879 2020 4950 quid
2051 4881 2416 4951 unusquisque
2442 4879 2578 4936 lucri
2625 4879 2815 4936 aderat
2844 4881 2914 4937 de
2943 4881 3177 4947 talento,
3217 4889 3272 4936 et
3291 4893 3467 4950 quan-

1894 4981 2006 5028 tum
2031 4973 2279 5042 proﬁciat
2323 4987 2390 5029 ex
2427 4975 2674 5046 negotio,
2704 4983 2765 5029 ut
2809 4973 3184 5030 obedientibus
3218 4971 3478 5044 praemia,

1898 5063 2289 5136 negligentibus
2310 5072 2490 5120 autem
2513 5065 2774 5137 supplicia
2801 5065 2856 5121 in
2900 5065 3148 5121 examine
3186 5064 3468 5135 rependat.

1900 5158 2135 5224 Etenim,
2168 5159 2292 5228 quia
2331 5159 2528 5215 docere
2553 5159 2811 5215 salutaria
2857 5159 2978 5214 vitae
3023 5165 3291 5228 praecepta
3349 5171 3482 5212 crevi

1901 5248 2154 5304 dentibus
2199 5257 2440 5316 venerat,
2489 5250 2704 5322 dignum
2750 5261 2872 5305 erat
2923 5257 2984 5304 ut
3031 5263 3196 5319 supra
3225 5254 3483 5302 montem»

1901 5341 2238 5405 ascenderet,
2267 5349 2532 5410 quatenus
2557 5349 2884 5396 monstraret
2924 5339 3065 5409 quod
3102 5351 3170 5392 ex
3223 5337 3344 5407 ipsa
3377 5349 3474 5392 ea-

1896 5432 2127 5500 demque
2170 5431 2412 5497 scientia,
2463 5432 2600 5485 hanc
2639 5431 2723 5486 cui
2746 5428 3105 5499 praesidebat,
3146 5425 3479 5493 Ecclesium:

1895 5537 2015 5594 quae
2036 5538 2192 5579 mons
2220 5523 2449 5588 dicitur,
2491 5537 2660 5592 usque
2707 5521 2759 5575 in
2817 5519 2979 5574 ﬁnem
3026 5518 3207 5575 saeculi
3255 5516 3470 5589 plenius

1893 5617 2151 5671 erudiret.
2184 5615 2505 5687 Figurarum
2534 5614 2668 5668 ordo
2684 5613 2943 5682 poscebat
2969 5621 3027 5666 ut
3054 5613 3217 5668 rebus
3241 5623 3308 5664 ac
3335 5617 3471 5663 tem-

1894 5708 2115 5779 poribus
2143 5708 2368 5778 mystice
2405 5705 2718 5761 doctrinalis
2760 5706 2932 5760 virtus
2977 5703 3476 5764 commendaretur,

1894 5818 2034 5872 quia,
2067 5799 2258 5870 typicis
2277 5798 2458 5854 fulcita
2483 5799 2852 5868 sacramentis,
2867 5799 3478 5878 copiosiuspateeoeNt,
