4000 6362
566 357 673 414 215

1358 357 1414 414 S.
1456 355 1814 415 PASCHASII
1849 353 2198 412 BADBERTI
2232 352 2524 410 ABBATIS
2561 341 3012 412 CORBEIENSIS

3715 360 3817 420 216

563 481 620 530 et
643 471 709 527 ad
733 470 998 527 tlieoriam
1024 484 1160 540 quos
1191 469 1303 540 jam
1334 471 1653 525 subvexerat
1689 469 1816 524 hinc
1841 469 1966 524 inde
2005 468 2137 539 ﬁgu-
2161 478 2216 540 Α
2238 463 2527 520 ineffabile.
2558 462 2702 519 Nihil
2721 465 2866 521 enim
2892 465 3067 537 magis
3112 467 3449 523 contrarium
3496 482 3664 540 quam
3687 487 3816 543 pau-

561 565 641 622 ris
678 561 1001 634 generaliter
1024 561 1342 616 docentibus
1371 561 1652 616 sublimius
1688 560 1961 616 invitaret.
1999 557 2134 614 Nam

559 663 616 711 et
635 653 861 723 justitia,
893 668 1053 722 quam
1082 653 1374 708 secundum
1404 653 1804 722 dispositionem
1833 663 2134 723 temporum

560 746 812 800 tradebat
853 743 1299 814 perfectioribus,
1344 743 1516 811 major
1561 752 1681 799 erat
1731 744 1916 814 utique
1967 759 2133 815 quam

558 833 1006 903 pharisaaorumr
1034 833 1159 901 quia
1221 831 1460 902 profecto
1509 833 1680 902 legem
1735 834 1848 890 suis
1889 835 2133 904 partibus

557 924 902 994 adimplebat.
946 923 1060 979 Non
1094 923 1327 978 hominis
1355 923 1570 992 quidem
1614 932 1751 990 erat,
1782 924 1876 979 sed
1910 924 2023 987 Dei,
2067 925 2133 980 de

555 1032 662 1086 qua
697 1032 828 1071 sane
848 1015 1051 1070 editum
1079 1015 1302 1084 legimus
1328 1033 1341 1069 :
1373 1013 1593 1069 Iustitia
1638 1026 1731 1071 tua
1754 1017 1889 1071 sicut
1931 1025 2130 1071 montes

554 1107 676 1173 Dei,
697 1109 904 1178 judicia
931 1118 1022 1163 tua
1044 1110 1260 1179 abyssus
1301 1109 1468 1163 multa
1526 1106 1696 1180 (Psal.
1745 1125 1904 1173 xxxv,
1937 1111 2013 1180 7).
2063 1109 2130 1164 Et

554 1200 676 1253 ideo
710 1215 817 1254 non
856 1199 981 1253 alibi
1011 1213 1172 1268 quam
1228 1213 1389 1268 supra
1438 1208 1674 1254 montem
1703 1200 1842 1255 hanc
1881 1200 2012 1254 dare
2040 1201 2128 1254 de-

554 1297 761 1354 cuerat,
780 1298 840 1344 ut
850 1288 1111 1344 celsitudo
1125 1289 1487 1344 Ecclesiarum
1498 1331 1512 1354 ,
1531 1305 1690 1360 supra
1705 1285 1868 1367 quam
1882 1288 2128 1344 Christus

552 1381 800 1437 veritatis
830 1382 1086 1454 magister
1111 1382 1331 1437 sedebat
1353 1381 1576 1446 docens,
1604 1382 1668 1436 ad
1699 1381 1946 1437 sublimia
1963 1382 2124 1454 235

551 1489 612 1529 se
633 1472 922 1538 attolleret,
945 1484 1000 1528 et
1019 1472 1212 1528 ﬂuenta
1237 1488 1356 1544 quzr
1385 1475 1450 1529 de
1473 1473 1674 1529 vertice
1685 1473 1973 1528 manabant
1997 1474 2126 1530 ube-

550 1568 666 1624 rius
681 1575 850 1623 totum
863 1581 1058 1636 corpus
1071 1567 1329 1638 rigarent.
1345 1565 1594 1622 Christus
1606 1567 1785 1634 itaque
1796 1581 1950 1620 mons
1967 1580 2124 1621 verus

547 1665 654 1723 est,
687 1657 776 1727 qui
801 1671 960 1726 super
984 1671 1173 1712 omnes
1201 1654 1365 1710 colles
1393 1655 1651 1720 elevatur,
1683 1663 1743 1708 ut
1765 1653 2036 1709 conﬂuant
2055 1655 2123 1710 ad

546 1765 671 1804 eum
697 1764 886 1805 omnes
916 1758 1122 1819 gentes.
1157 1747 1226 1804 Et
1275 1749 1396 1803 ideo
1425 1747 1714 1819 discipulos
1761 1762 1942 1802 secum
1988 1763 2125 1818 prae—

2214 565 2419 641 .pertas
2453 563 2509 610 et
2527 554 2767 610 caelestis
2785 555 3094 623 beatitudo;
3118 567 3413 629 paupertas
3442 574 3680 632 namque
3709 579 3820 619 ma-

2237 649 2320 721 gis
2344 648 2687 704 miseriarum
2709 657 2813 714 est,
2845 656 2902 704 et
2946 665 3199 720 pressura
3243 650 3588 710 calamitatis.
3637 653 3744 712 Sed
3765 666 3821 713 et

2235 735 2416 794 luctus
2455 746 2510 792 et
2533 739 2842 809 persecutio
2862 738 2991 810 quid
3016 740 3161 796 aliud
3188 752 3315 797 sunt
3342 758 3504 813 quam
3547 747 3820 816 quoddam

2233 829 2448 900 poenale
2479 832 2765 901 praesentis
2811 831 2936 887 vita:
2985 834 3247 889 exitium?
3286 835 3494 894 Idcirco
3538 838 3821 898 sciendum

2233 922 2430 991 quibus
2456 920 2733 978 beatitudo
2762 924 3121 992 condonatur,
3161 927 3307 996 quod
3328 925 3446 996 jam
3493 944 3604 985 non
3631 931 3724 986 hic
3747 933 3824 987 vi-

2232 1025 2390 1082 vant;
2418 1017 2545 1086 quia
2580 1017 2873 1073 secundum
2901 1019 3160 1075 saeculum
3189 1021 3496 1078 viventibus
3539 1023 3659 1079 haec
3687 1023 3826 1080 nihil

2232 1106 2375 1162 aliud
2407 1116 2536 1164 sunt
2568 1125 2732 1180 quam
2778 1111 3126 1166 miseriarum
3187 1128 3452 1169 aerumna.
3487 1114 3644 1171 Unde
3671 1125 3826 1186 patet

2230 1199 2372 1268 quod
2401 1197 2557 1267 juxta
2581 1200 2750 1267 illam,
2780 1201 2835 1256 in
2864 1217 2970 1273 qua
2993 1202 3096 1259 ﬁde
3127 1219 3192 1260 ac
3213 1218 3310 1275 spe
3329 1212 3383 1260 et
3406 1206 3684 1262 charitate
3706 1205 3824 1275 jam

2227 1289 2447 1355 vivitur,
2471 1291 2637 1346 vitam
2667 1291 2809 1348 beati
2836 1293 3022 1349 vivere
3040 1293 3325 1361 dicuntur;
3351 1297 3455 1352 etsi
3484 1311 3592 1353 non
3629 1297 3813 1355 adhuc

2228 1377 2282 1433 in
2313 1395 2392 1446 re,
2426 1395 2521 1451 spe
2550 1391 2730 1438 tamen
2758 1385 3109 1453 perveniendi
3133 1385 3255 1456 jure
3284 1386 3429 1441 beati
3453 1387 3822 1457 accipiuntur.

2226 1469 2412 1528 Potest
2435 1473 2578 1529 enim
2605 1489 2727 1530 esse
2755 1490 2862 1530 non
2888 1475 3080 1531 beatus
3107 1491 3221 1546 spe,
3262 1477 3348 1532 cui
3375 1477 3599 1547 praemia
3622 1475 3824 1533 cales-

2235 1564 2311 1619 tia
2340 1566 2773 1635 promittuntur?
2814 1565 2992 1623 Causa
3043 1568 3212 1640 igitur
3258 1569 3421 1640 hujus
3463 1570 3827 1628 beatitudinis

2229 1657 2503 1727 possessio
2529 1658 2678 1730 regni
2711 1658 2993 1714 ccelorum.
3035 1660 3118 1715 Ad
3159 1661 3263 1717 hoc
3303 1663 3504 1734 quippe
3552 1664 3824 1722 Dominus

2225 1756 2466 1804 montem
2509 1751 2775 1816 ascendit,
2803 1759 2864 1806 ut
2911 1751 3189 1823 discipulis
3223 1761 3438 1808 terrena
3486 1753 3602 1825 jam
3651 1755 3823 1812 relin-

546 1840 872 1895 eminentius
892 1839 1131 1905 abducit,
1163 1849 1218 1894 ut
1251 1849 1460 1894 montes
1483 1839 1584 1910 ipsi
1632 1839 1782 1910 prius
1809 1840 1877 1894 ab
1925 1853 1991 1895 eo
2033 1840 2126 1910 qui
2156 1832 2204 1893 Β
2232 1841 2523 1909 quentibus
2551 1849 2608 1895 et
2634 1854 2865 1911 superna
2894 1842 3221 1913 petentibus,
3244 1841 3391 1899 velut
3417 1843 3473 1899 in
3527 1845 3640 1901 alto
3665 1847 3823 1918 posi—

543 1930 740 1987 celsior
773 1940 893 1987 erat
920 1946 1105 2002 pacem
1137 1932 1462 2002 suscipiant;
1494 1932 1684 1987 deinde
1717 1931 1883 1987 colles
1909 1947 1976 1986 ex
1995 1932 2119 2002 qui-

543 2022 669 2078 bus-°
691 2030 834 2078 totus
880 2024 1109 2080 mundus
1140 2024 1427 2095 colligitur,
1470 2023 1734 2093 justitiam
1784 2024 2116 2094 exciperent.

543 2112 676 2188 Qum
714 2113 968 2169 nimirum
990 2113 1218 2185 justitia,
1252 2115 1392 2169 sicut
1443 2121 1653 2168 montes
1680 2112 1793 2168 Dei.
1819 2113 1885 2168 Et
1922 2123 2121 2170 notau-

543 2205 672 2259 dum
703 2220 883 2274 quam
933 2205 1158 2276 mystica
1205 2203 1575 2259 doctrinarum
1627 2205 1825 2275 ubique
1873 2214 2120 2261 scateant

541 2287 902 2349 sacramenta.
930 2293 1064 2349 Nam
1107 2295 1262 2349 turba
1287 2310 1405 2365 qua:
1453 2295 1781 2365 sequebatur
1803 2310 1927 2350 eum
1969 2297 2120 2366 prius

541 2385 741 2452 nonad
762 2385 978 2440 excelsa
1007 2385 1273 2455 pervenit,
1299 2386 1502 2441 idcirco
1539 2386 1699 2451 bene,
1722 2384 1876 2455 juxta
1889 2384 2114 2454 Lucam,

539 2474 802 2532 Dominus
830 2491 953 2532 cum
995 2477 1075 2533 eis
1128 2476 1292 2532 alium
1345 2477 1399 2532 in
1435 2478 1826 2547 campestribus
1863 2479 2120 2535 habuisse

539 2580 847 2623 sermonem
871 2575 1095 2638 putatur
1135 2567 1284 2639 (Luc.
1308 2584 1386 2637 vi,
1432 2568 1542 2641 l7),
1566 2567 1633 2623 de
1669 2584 1776 2638 quo
1803 2568 1944 2625 forte
1983 2569 2116 2626 Mat-

537 2661 709 2717 thmus
739 2661 984 2718 siluerat.
1007 2660 1326 2732 Quanquam
1369 2663 1443 2716 ita
1486 2662 1658 2732 possit
1685 2662 1857 2732 accipi
1902 2671 1963 2716 ut
1991 2677 2114 2718 cum

540 2751 819 2822 discipulis
847 2753 1020 2822 prius,
1049 2752 1200 2822 quasi
1257 2753 1520 2807 orationis
1545 2753 1740 2824 gratia,
1773 2753 1826 2806 in
1877 2761 2115 2808 montem

538 2844 980 2912 prmeminentius
1013 2845 1317 2900 ascenderit
1354 2862 1368 2898 :
1419 2845 1610 2900 deinde
1638 2845 2004 2910 descendisse,
2060 2853 2115 2900 et

537 2946 667 2992 tunc
693 2938 746 2992 in
795 2937 972 3007 aliqua
1003 2937 1206 2992 montis
1243 2951 1308 2991 ac
1340 2936 1385 2991 si
1430 2937 1721 3007 campestri
1771 2935 2111 3001 celsitudine,

534 3042 643 3098 quo
675 3028 845 3083 turbae
904 3029 1092 3084 adesse
1136 3036 1376 3098 possent,
1408 3044 1574 3082 unum
1602 3030 1956 3096 eamdemque
2001 3042 2116 3082 ser-

534 3135 770 3185 monem,
795 3135 954 3190 quem
987 3120 1268 3175 Matthaeus
1315 3118 1597 3190 Lucasque
1633 3127 1922 3173 narrarunt
1968 3119 2113 3190 pari-

2224 1931 2311 1997 tis,
2347 1940 2616 2003 pratcepta
2664 1933 2905 1988 traderet
2966 1933 3270 1989 caelestium
3307 1935 3716 2000 mandatorum,
3771 1946 3826 1994 et

2219 2039 2445 2078 munera
2475 2039 2644 2079 sacra!
2659 2024 3058 2080 benedictionis
3071 2025 3338 2081 divinitus
3369 2024 3687 2096 largiretur,
3727 2043 3817 2083 se-

2220 2114 2453 2170 enndum
2475 2114 2620 2184 quod
2648 2113 2818 2169 David
2844 2115 2995 2170 canit
3015 2111 3188 2186 (Psal.
3214 2131 3444 2181 Lxxxm,
3461 2116 3517 2187 7)
3550 2135 3563 2169 :
3599 2115 3822 2171 Etenim

2220 2205 2595 2261 benedictiones
2623 2206 2766 2260 dabit
2798 2205 3085 2276 Iegislator.
3115 2207 3294 2278 Atque
3319 2216 3379 2262 ut
3406 2209 3653 2279 apertius
3683 2223 3820 2278 gra-

2221 2294 2349 2350 tiam
2373 2295 2735 2364 apostolorum
2774 2295 3104 2365 designaret,
3136 2298 3286 2353 addit
3310 2297 3528 2353 dicens:
3561 2297 3734 2353 Ibunt
3757 2299 3820 2354 de

2215 2385 2406 2439 uirtute
2434 2386 2488 2438 in
2513 2387 2775 2450 virtutem,
2803 2385 3061 2440 videbitur
3109 2385 3250 2442 Deus
3303 2387 3520 2442 deorum
3565 2389 3623 2442 in
3656 2387 3817 2444 Sion.

2219 2474 2371 2530 Patet
2397 2475 2552 2551 plaife
2583 2474 2730 2554 quod
2749 2475 2890 2530 idem
2933 2476 2986 2530 in
3030 2477 3132 2533 hoc
3165 2486 3349 2534 monte
3400 2478 3819 2537 benedictiones

2215 2569 2474 2639 apostolis
2502 2569 2670 2635 dedit,
2696 2571 2884 2640 eisque
2917 2572 3116 2641 gradus
3143 2575 3408 2645 quosdam
3454 2575 3814 2632 ﬁrmissimos

2215 2673 2281 2714 ex
2323 2658 2587 2729 lapidibus
2629 2659 3037 2729 pretiosissimis
3086 2664 3300 2729 stravit,
3351 2664 3444 2734 qui
3493 2665 3708 2720 dudum
3759 2666 3815 2722 in

2216 2758 2398 2805 monte
2418 2747 2550 2804 Sina
2584 2749 2749 2821 Moysi
2773 2749 2947 2821 legem
2988 2753 3154 2809 dedit.
3183 2752 3290 2810 Sed
3314 2755 3388 2811 ibi
3414 2756 3470 2811 in
3495 2756 3700 2812 tabulis
3747 2757 3822 2812 la-

2215 2839 2388 2911 pideis
2443 2855 2564 2894 eam
2600 2841 2918 2911 descripsit;
2951 2843 3040 2898 hic
3086 2859 3215 2900 vero
3256 2844 3664 2902 Testamentum
3709 2848 3819 2905 No-

2215 2948 2374 3000 vum,
2417 2935 2712 2989 secundum
2765 2934 3082 3004 Jeremiam,
3133 2939 3201 2993 de
3249 2954 3358 3010 quo
3403 2940 3616 3011 inquit:
3651 2940 3816 2997 Scri-

2217 3023 2334 3078 bam
2362 3023 2496 3094 leges
2529 3041 2670 3079 meas
2696 3025 2748 3080 iu
2773 3027 3018 3082 cordibus
3042 3045 3244 3096 eorum,
3273 3039 3321 3084 et
3344 3031 3398 3084 in
3430 3047 3588 3086 sensu
3615 3048 3816 3088 eorum

2215 3114 2439 3168 scribam
2477 3133 2566 3170 eas
2599 3115 2734 3184 (Jer.
2765 3132 2894 3172 xxxi
2918 3157 2932 3185 ,
2979 3118 3092 3188 55).
3144 3119 3456 3192 Ibidemque
3486 3123 3640 3191 quasi
3693 3140 3819 3182 ser-

534 3222 640 3278 ter,
663 3211 936 3268 habuisse.
971 3212 1076 3267 Sed
1113 3213 1296 3269 verius
1323 3227 1466 3276 reor,
1499 3220 1561 3267 ut
1590 3213 1929 3282 protulimus,
1964 3211 2106 3282 quod
2135 3201 2181 3266 C
2211 3217 2326 3266 V05.
2358 3205 2447 3259 hic
2481 3214 2659 3260 θιιιθιη
2698 3206 2851 3276 quasi
2889 3206 3029 3263 “"05
3055 3207 3269 3265 ³¹Ῐ³ιι¹¹⁵ο
3296 3210 3448 3268 Unde
3478 3213 3618 3269 miro
3645 3213 3820 3284 Prin-

531 3313 586 3360 et
621 3302 967 3373 Evangelium
1014 3303 1184 3371 magis
1232 3318 1425 3358 sonare
1452 3303 1680 3358 videtur.
1732 3302 1886 3359 Unde
1938 3304 2111 3375 magis

531 3394 821 3464 mysticum
847 3394 1216 3463 praetenditur.
1250 3391 1386 3448 Nam
1414 3395 1506 3464 qui
1559 3395 1723 3450 corda
1750 3395 1968 3466 inspicit
1995 3397 2108 3451 sin-

531 3485 798 3556 gulorum,
822 3483 952 3561 nulli
969 3485 1187 3540 dubium
1201 3485 1342 3555 quod
1357 3486 1567 3541 noverit
1586 3487 1781 3556 quibus
1795 3487 2109 3543 sublimiora

527 3576 832 3642 sublimius,
861 3586 916 3632 et
945 3577 1140 3648 quibus
1177 3576 1471 3632 mediocria
1508 3577 1701 3633 debeat
1733 3578 1867 3634 locis
1889 3593 1952 3634 ac
1977 3588 2110 3633 tem-

527 3669 751 3737 poribus
779 3669 974 3724 docere
998 3667 1240 3724 inferius.
1272 3667 1389 3724 Non
1409 3670 1557 3725 enim
1579 3684 1771 3726 omnes
1798 3669 1977 3726 omnia
1991 3685 2110 3740 pose

524 3767 674 3815 sunt.
705 3759 773 3813 Et
793 3759 912 3816 ideo
934 3769 1323 3831 praeceptorum
1337 3775 1444 3816 non
1467 3761 1695 3831 mqualia
1711 3771 1838 3817 sunt
1857 3763 2109 3818 omnibus

525 3850 794 3916 instituta,
821 3850 947 3905 licet
967 3866 1077 3906 una
1100 3851 1170 3906 sit
1189 3853 1468 3908 aeternitas
1494 3852 1636 3908 vitae.
1674 3851 1812 3919 Quia
1845 3867 1946 3908 nec
1992 3852 2110 3908 sino

524 3942 771 4011 gulorum
797 3957 964 3995 unum
999 3950 1083 3997 est
1102 3952 1308 4008 votum,
1331 3944 1472 3999 sicut
1506 3957 1607 3999 nec
1634 3944 1925 4015 unicuique
1952 3945 2110 4000 meri-

527 4044 707 4091 torum
730 4034 937 4104 aequale
955 4044 1039 4092 est
1060 4036 1367 4107 praemium.

596 4128 666 4183 Et
699 4145 817 4183 cum
843 4130 1088 4192 sedisset,
1117 4129 1314 4199 inquit,
1345 4139 1670 4184 accesserunt
1698 4131 1768 4184 ad
1793 4146 1912 4185 eum
1945 4131 2107 4186 disci-

523 4219 634 4291 puli
657 4219 788 4288 ejus,
828 4230 875 4275 et
903 4220 1139 4290 aperiens
1161 4235 1383 4274 ossuum
1407 4219 1622 4274 docebat
1647 4237 1755 4287 eos,
1780 4221 1976 4276 dicens.
2003 4224 2109 4277 Ac-

525 4311 723 4368 cedunt
763 4321 946 4366 autem
971 4310 1216 4381 discipuli
1263 4310 1332 4366 ad
1375 4325 1521 4378 eum,
1554 4311 1646 4380 qui
1683 4311 1796 4383 jam
1847 4312 2030 4368 animo
2056 4312 2107 4368 ei

522 4403 879 4468 inhaerentes,
945 4403 1050 4460 ﬁde
1105 4404 1333 4460 interius
1373 4405 1843 4476 propinquabant;
1890 4413 1944 4461 et
1993 4407 2107 4476 ipse

523 4496 773 4566 aperiens
801 4511 862 4552 os
888 4512 1043 4551 suum
1069 4497 1296 4552 docebat
1330 4511 1442 4553 eos.
1478 4496 1702 4568 Apertio
1736 4513 1971 4568 namque
1995 4501 2106 4556 oris

2217 3293 2359 3364 cipio
2384 3311 2536 3362 usus,
2572 3297 2734 3354 illica
2762 3305 2972 3354 terrore
3008 3299 3220 3370 incipit,
3254 3303 3344 3358 hic
3374 3317 3505 3359 vero
3552 3319 3583 3358 a
3631 3303 3822 3364 beati-

2217 3385 2432 3452 tudine.
2460 3385 2573 3441 lllic
2599 3401 2832 3458 namque
2868 3402 3054 3457 pmnas
3088 3389 3311 3463 irrogat,
3356 3393 3446 3450 hic
3501 3401 3682 3450 autem
3712 3396 3818 3452 de-

2217 3478 2476 3534 siderium
2503 3480 2772 3547 accendit,
2804 3480 3057 3551 proponit
3082 3490 3331 3552 munera,
3357 3486 3578 3557 praemia
3609 3501 3818 3556 repro-

2215 3568 2400 3624 mittit.

2284 3658 2459 3726 Beati,
2487 3661 2693 3732 inquit,
2739 3679 2992 3735 pauperes
3031 3665 3241 3734 spiritu,
3270 3668 3519 3738 quoniam
3565 3667 3817 3738 ipsorum

2212 3761 2287 3808 est
2318 3769 2534 3823 regnum
2564 3753 2832 3809 caelorum.
2863 3755 2932 3811 Et
2978 3758 3274 3814 notandum
3323 3759 3467 3829 quod
3519 3775 3630 3816 non
3683 3763 3813 3819 sine

2213 3843 2580 3899 additamenta
2611 3845 2706 3909 ait,
2742 3844 2884 3900 beati
2907 3863 3180 3918 pauperes.
3217 3846 3407 3904 Plures
3437 3863 3567 3921 ergo
3593 3850 3813 3907 scimus

2213 3937 2374 3994 rebus
2391 3951 2574 4008 egere,
2607 3937 2700 3992 sed
2723 3953 2828 3993 non
2863 3938 2990 4008 quia
3021 3953 3287 4010 pauperes
3312 3947 3458 4006 sunt,
3484 3939 3634 3996 illico
3655 3941 3811 3998 beati

2211 4044 2332 4086 esse
2355 4037 2598 4100 possunt.
2625 4028 2896 4097 Profecto,
2928 4032 3054 4101 quia
3093 4047 3200 4088 non
3240 4032 3538 4088 necessitas
3564 4047 3816 4104 pauper—

2212 4120 2476 4178 tatisfacit
2491 4136 2611 4178 esse
2629 4122 2861 4194 aliquem
2875 4123 3113 4188 beatum,
3130 4124 3223 4180 sed
3238 4123 3372 4180 ﬁdes
3383 4132 3569 4180 sancta
3582 4123 3817 4184 devotio
3898 4183 3902 4186 .

2209 4213 2564 4287 paupertatis.
2593 4213 2703 4270 Hos
2737 4215 2922 4284 utique
2947 4229 3214 4286 pauperes
3232 4214 3358 4286 jure
3377 4213 3657 4286 signiﬁcat
3669 4229 3810 4273 esse

2211 4307 2416 4372 beatos,
2442 4307 2534 4376 qui
2553 4308 2874 4378 contemptis
2894 4307 3058 4364 rebus
3081 4308 3266 4364 mundi
3305 4307 3432 4364 huic
3451 4307 3654 4365 saeculo
3679 4325 3812 4368 mo—
3847 4329 3854 4334 '

2211 4400 2425 4456 riuntur
2443 4408 2500 4454 ut
2528 4401 2638 4456 Deo
2658 4401 2866 4468 vivant,
2888 4410 2946 4457 et
2967 4415 3152 4457 coram
3175 4401 3451 4458 eodivites
3479 4417 3545 4458 ac
3564 4400 3817 4475 locuple-

2211 4501 2292 4547 tes
2323 4490 2610 4546 habentur.
2645 4491 2723 4548 De
2752 4507 2861 4563 qua
2893 4492 3479 4564 nimirumpaupertate
3499 4493 3556 4549 in
3587 4493 3819 4565 Apoca-

524 4560 945 4657 profunditatem
978 4587 1242 4658 signiﬁcat
1288 4560 1636 4644 sacramenti.
1687 4560 1900 4658 Aperit-
1924 4589 2105 4658 itaque
2130 4560 2183 4621 D
2209 4583 2343 4657 lypsi
2359 4583 2520 4655 237
2534 4583 2723 4655 angelo
2737 4560 2991 4640 Ecclesia:
3011 4560 3255 4657 Smyrnae
3271 4560 3500 4640 dicitur:
3520 4560 3657 4641 Haec
3671 4587 3816 4643 dicit

520 4677 637 4734 oris
669 4675 916 4746 januam,
972 4686 1033 4732 ut
1076 4676 1277 4733 ﬂuenta
1331 4687 1607 4734 eructaret
1663 4678 1864 4750 abyssi.
1913 4679 2103 4749 Aperit

521 4770 721 4828 ostium
745 4770 1146 4835 thesaurorum,
1172 4777 1234 4825 ut
1256 4771 1395 4826 dona
1412 4770 1683 4826 divideret
1702 4769 1990 4832 universis.
2012 4769 2100 4826 Si-

521 4861 739 4933 quidem
767 4877 862 4916 ora
894 4863 1279 4933 prophetarum
1301 4861 1453 4933 prius
1475 4863 1727 4936 aperiens
1751 4862 1867 4932 ipse
1907 4862 2100 4932 imple-

518 4963 692 5012 verat.
717 4955 944 5026 Aperuit
972 4963 1152 5011 autem
1179 4964 1235 5011 et
1256 4955 1371 5026 ipse
1396 4969 1460 5011 os
1486 4970 1642 5010 suum
1668 4971 1684 5022 ;
1717 4954 1842 5024 quia
1881 4969 1950 5010 ex
1984 4955 2102 5026 ipso

519 5054 641 5102 erat
665 5033 856 5118 gratia,
890 5061 1009 5116 quae
1047 5045 1168 5102 illos
1207 5045 1335 5102 olim
1367 5045 1700 5116 perfuderat.
1732 5045 1984 5116 Alioquin
2018 5046 2106 5101 hic

519 5139 566 5196 si
589 5155 695 5195 non
719 5140 1021 5212 aperuisset
1050 5139 1163 5194 oris
1175 5139 1396 5203 ostium,
1417 5153 1604 5194 eorum
1637 5138 1851 5207 eloquia
1874 5139 2102 5193 menda-

520 5229 608 5286 cio
633 5237 984 5296 notarentur;
1017 5228 1144 5300 quia
1170 5227 1432 5298 quidquid
1466 5243 1495 5281 a
1539 5225 1752 5282 saeculis
1777 5226 2103 5296 promissum

517 5317 712 5384 fuerat,
740 5320 791 5374 in
840 5335 906 5375 eo
941 5319 1095 5389 quasi
1126 5317 1301 5390 sigillo
1331 5316 1741 5382 claudebantur.
1783 5315 1935 5371 Unde
1979 5331 2102 5372 cum

522 5410 784 5467 meravit
820 5413 1058 5482 mystica
1105 5409 1382 5481 sapientiae
1432 5409 1752 5464 documenta
1780 5448 1796 5473 ,
1850 5420 1996 5465 recte
2041 5425 2103 5466 os

519 5501 798 5570 aperuisse
824 5501 1042 5567 dicitur,
1071 5516 1180 5571 quo
1209 5499 1396 5556 ﬂueret
1426 5497 1581 5568 quasi
1614 5511 1682 5552 ex
1713 5512 1821 5553 uno
1846 5499 2103 5567 paradiso

519 5587 734 5652 ﬂuvius,
775 5603 840 5644 ex
878 5606 986 5660 quo
1034 5607 1141 5647 non
1172 5591 1344 5647 solum
1394 5587 1659 5659 Apostoli,
1690 5602 1879 5643 verum
1923 5591 2103 5647 omnis

516 5679 680 5752 236
699 5679 941 5736 Ecclesia
961 5682 1280 5738 saeculorum
1307 5681 1481 5752 rigata
1512 5679 1735 5733 vireret.

537 5820 546 5828 .
585 5759 738 5827 Beati
749 5788 1002 5844 pauperes
1016 5774 1221 5844 spiritu.
1242 5771 1388 5828 Nova
1404 5772 1569 5843 igitur
1581 5786 1675 5828 res
1696 5781 1752 5828 et
1771 5772 2100 5843 praeconium

2211 4677 2411 4746 primus
2444 4685 2490 4730 et
2525 4677 2851 4744 novissimus,
2888 4678 2978 4749 qui
3004 4677 3112 4748 fuit,
3141 4687 3381 4733 mortuus
3405 4686 3454 4732 et
3479 4677 3598 4734 vivit
3631 4696 3654 4733 :
3690 4680 3813 4735 scio

2211 4767 2597 4822 tribulationem
2629 4755 2775 4822 tuam
2805 4777 2854 4823 et
2876 4778 3236 4838 paupertatem
3263 4777 3431 4838 tuam,
3457 4768 3548 4824 sed
3575 4768 3732 4826 dim
3749 4786 3814 4827 es

2212 4856 2420 4929 (Apoc,
2453 4873 2516 4923 ιι,
2545 4857 2622 4929 8).
2654 4856 3009 4914 Omnifariam
3036 4858 3199 4931 igitur
3229 4869 3601 4930 paupertatem
3630 4859 3813 4918 intel-

2208 4950 2375 5021 ligere
2425 4950 2704 5016 debemus,
2749 4965 2904 5016 cum,
2950 4965 3090 5006 unus
3123 4951 3617 5023 Evangelistarum,
3654 4952 3814 5008 beati

2207 5056 2458 5111 pauperes
2488 5048 2696 5095 tantum
2727 5040 2890 5095 dicat.
2921 5039 3051 5108 Quae
3071 5039 3327 5094 nimirum
3349 5048 3638 5110 paupertas
3660 5040 3815 5095 dua-

2207 5134 2310 5188 bus
2333 5141 2545 5188 constat
2575 5132 2854 5188 evidenter
2881 5131 3128 5202 partibus
3157 5149 3170 5186 :
3197 5131 3254 5186 in
3281 5139 3620 5186 terrenarum
3653 5131 3814 5188 scili-

2207 5235 2294 5281 cet
2318 5241 2500 5282 rerum
2524 5225 2884 5291 abdicatione,
2907 5233 3070 5294 atque
3095 5222 3412 5294 inspiritus
3435 5220 3810 5278 contritione.

2206 5315 2274 5370 Et
2313 5317 2527 5386 quidem
2556 5316 2746 5370 harum
2778 5330 2940 5370 unam
2969 5320 3362 5385 paupertatem,
3402 5327 3525 5382 qute
3551 5310 3605 5366 in
3633 5311 3813 5366 abdi-

2205 5406 2418 5462 catione
2447 5415 2788 5461 terrenarum
2816 5405 3094 5468 consistit,
3124 5403 3282 5475 pauci
3322 5403 3524 5459 habere
3542 5401 3810 5472 proban-

2205 5509 2312 5554 tur.
2337 5497 2575 5554 Alteram
2605 5513 2756 5564 vero,
2783 5512 2903 5568 quae
2925 5497 3250 5554 contritione
3281 5496 3505 5568 spiritus
3529 5503 3634 5560 est,
3663 5509 3809 5550 om-

2207 5605 2301 5644 nes
2327 5590 2484 5645 electi
2516 5589 2716 5645 habere
2747 5599 3000 5660 possunt;
3036 5605 3144 5661 qua
3172 5601 3228 5645 et
3254 5589 3333 5644 illi
3364 5588 3650 5644 facultates
3680 5595 3810 5643 ter-

2099 5716 2104 5722 ς
2207 5693 2367 5733 renas
2395 5679 2673 5734 abdicasse
2699 5679 3016 5744 creduntur,
3044 5680 3135 5748 qui
3161 5680 3241 5734 eis
3267 5693 3372 5733 non
3404 5678 3471 5734 ad
3494 5676 3809 5734 illecebras

2205 5771 2409 5839 carnis,
2456 5771 2550 5830 sed
2597 5773 2663 5829 ad
2707 5788 2844 5840 opus
2893 5772 3110 5842 pietatis
3149 5789 3279 5830 usus
3322 5771 3656 5830 necessarios
3710 5770 3807 5836 ut.
