4000 6362
550 316 675 377 :tts
1353 317 1413 372 s.
1452 275 1808 374 assumsit
1848 315 2195 373 BADBER’FI
2229 310 2522 372 ABBA'I‘E’S
2559 311 3026 373 conlatum
3705 316 3821 377 ne

549 434 833 505 praemium
852 428 1005 500 regni
1029 428 1267 484 emissus
1283 430 1521 499 assequi,
1543 430 1611 493 si,
1631 430 1921 500 cupiditate
1942 429 2127 484 mundi
2152 434 2204 495 Α
2229 444 2335 498 qua
2364 428 2639 499 possimus
2658 436 2879 497 peccata
2910 427 3143 493 deﬂere,
3168 435 3226 483 et
3265 412 3537 497 aerumnas
3572 441 3824 497 praesen-

548 540 779 599 pressus
798 565 814 593 ,
842 525 1155 595 respirandi
1173 525 1242 578 ad
1265 523 1513 579 sublimia
1545 540 1653 580 non
1680 526 1937 581 habuerit
1956 525 2125 581 facqu
2229 520 2666 575 tiuminhianter
2690 519 2898 591 lugere,
2926 519 3269 590 aliorumque
3295 519 3543 576 miserias
3568 519 3824 576 dilectio-

546 627 740 674 tatem.
771 617 976 671 Rectus
1013 614 1197 684 itaque
1234 613 1368 668 ordo
1400 615 1739 679 meritorum,
1789 624 1850 669 ut
1892 616 2127 685 primum
2226 610 2317 665 nis
2337 624 2523 665 amore
2552 618 2768 665 nostras
2797 608 3000 665 facere.
3036 608 3304 665 Craterum
3334 609 3424 665 illa
3452 609 3825 681 laerymarn.

544 706 709 763 beata
751 712 1042 777 paupertas
1068 717 1195 760 suos
1223 704 1370 759 intus
1408 704 1674 773 exspoliet
1713 713 2017 761 sectatores
2060 706 2128 765 ab
2230 699 2511 755 inundatio
2536 715 2657 771 quae
2693 699 2765 755 ah
2806 700 3011 770 irriguo
3052 701 3305 771 superius
3332 701 3610 766 nascitur,
3645 699 3827 770 magis

546 799 701 854 anni
730 795 852 852 labe
880 795 1089 867 peccati
1114 802 1170 848 et
1197 794 1465 864 superbiae
1488 793 1651 849 fastu.
1684 795 1888 851 Deinde
1916 809 2015 850 eos
2036 809 2132 849 exc
2230 805 2298 846 ex
2326 791 2594 847 desiderio
2637 792 2827 863 patria:
2869 791 3109 849 cmlestis
3153 791 3250 856 ﬁt,
3294 793 3422 849 dum
3470 793 3831 849 recordamur

554 888 723 943 terius
743 887 918 943 solvat
937 886 1007 942 ab
1025 885 1181 940 omni
1194 885 1629 954 concupiscentia
1654 886 1863 951 mundi,
1888 894 1950 940 ut
1964 885 2134 955 depc-
2235 883 2378 940 illius
2403 882 2709 950 felicitatis,
2748 893 2809 939 et
2849 884 3077 941 dulcedo
3105 884 3391 941 suavitatis
3415 883 3537 953 ejus
3552 884 3829 954 quodam-

542 974 690 1032 ‘nanl
718 977 848 1032 hinc
884 977 1010 1032 inde
1038 976 1279 1031 tunicam
1301 976 1459 1045 primi
1488 978 1763 1047 parentis;
1794 992 1974 1032 mores
1995 992 2132 1048 quo-
2236 972 2399 1028 modo
2430 971 2774 1043 intelligendo
2814 974 3069 1030 sentitur.
3112 974 3257 1028 inter
3294 989 3416 1044 qua:
3457 974 3696 1031 lamenta
3734 971 3835 1029 hic

544 1074 667 1153 que
685 1076 947 1138 temperet
970 1065 1355 1131 mansuetudo,
1373 1077 1430 1122 et
1457 1068 1708 1123 mitescat
1735 1067 1969 1122 animus.
1995 1067 2138 1123 Alio-

548 1155 716 1227 quin,
745 1154 917 1227 Super
943 1171 1117 1226 qum,
1146 1155 1401 1211 Christus
1429 1156 1625 1226 inquit,
1666 1158 2004 1227 requiescam,
2038 1156 2139 1211 nisi

559 1262 717 1316 super
744 1244 991 1301 [tantilem
1014 1286 1029 1311 ,
1057 1255 1108 1300 et
1148 1247 1379 1317 quietum
1406 1287 1423 1312 ,
1461 1255 1511 1300 et
1550 1257 1847 1301 trementem
1878 1262 2140 1301 sermones

2238 1059 2472 1117 mundus
2496 1077 2604 1116 non
2630 1062 2735 1118 nisi
2760 1077 2948 1119 carcer
2970 1062 3292 1127 aestimatur,
3334 1071 3391 1117 et
3430 1078 3495 1118 ea
3520 1077 3641 1132 qua:
3672 1064 3737 1117 in
3763 1076 3835 1118 eo

2240 1155 2417 1211 nitore
2446 1156 2857 1226 pulchritudinis
2881 1156 3132 1226 lhgrant,
3156 1171 3262 1212 non
3284 1156 3427 1210 aliud
3454 1171 3616 1226 quam
3641 1156 3838 1211 carnis

2226 1244 2418 1315 .laquei
2448 1246 2809 1314 deputantur;
2848 1245 2988 1302 unde
3014 1246 3194 1301 renuit
3222 1244 3488 1301 consolari
3519 1245 3620 1300 viri
3650 1243 3838 1300 sancti

562 1352 703 1393 meos
724 1338 751 1392 7
776 1337 912 1408 (Ira.
962 1350 1108 1402 LXVI,
1130 1338 1211 1408 2.)
1239 1338 1344 1393 Sed
1372 1338 1534 1410 ω
1564 1339 1746 1393 venire
1786 1339 1853 1393 ad
1879 1338 2140 1393 virtutum
2228 1338 2424 1392 anima
2446 1377 2461 1402 ,
2505 1336 2754 1404 factaque
2800 1346 2885 1391 est
2917 1337 3271 1407 iucunditatis
3310 1335 3627 1400 delectatio,
3660 1334 3842 1389 solius

561 1428 799 1483 eulmina
830 1429 1055 1485 minime
1079 1437 1281 1499 potest,
1310 1430 1401 1497 qui
1426 1429 1654 1483 necdum
1683 1428 1874 1499 primis
1899 1430 2143 1500 vestigiis
2244 1428 2550 1485 recordatio
2577 1429 2689 1483 Dei.
2730 1427 2800 1483 At
2833 1442 2959 1482 vero
2991 1427 3113 1483 talis
3150 1428 3364 1483 interim
3402 1426 3662 1497 lacrymis
3690 1425 3843 1482 refe-

569 1521 723 1589 sequi
754 1521 936 1591 jussus
981 1519 1253 1575 Christum
1278 1521 1436 1575 valet.
1461 1520 1791 1590 lmpossibile
1812 1536 2042 1590 namque
2061 1531 2146 1577 est
2245 1533 2383 1588 etus,
2410 1538 2572 1594 super
2592 1521 2869 1578 Christum
2892 1535 2986 1591 spe
3006 1520 3122 1576 sola
3146 1520 3415 1583 innititur,
3432 1519 3603 1575 donec
3624 1517 3843 1573 visione

564 1621 718 1668 extra
742 1614 987 1670 ordinem
1011 1614 1303 1668 secundum
1325 1614 1548 1683 gradum
1572 1615 1889 1677 ascendere,
1910 1612 2013 1666 nisi
2034 1612 2147 1680 pri-
2247 1616 2566 1686 quandoque
2592 1614 2648 1669 in
2674 1614 2849 1685 patria
2884 1612 3119 1667 fruatur.
3157 1610 3314 1667 Unde
3353 1610 3471 1666 suis
3505 1608 3623 1664 haec
3664 1608 3845 1662 beati—

566 1717 712 1757 mum
740 1703 1165 1772 apprehenderis
1195 1722 1207 1756 :
1235 1712 1291 1758 et
1314 1718 1653 1773 nequaquam
1683 1703 1830 1757 mitis
1850 1717 1970 1757 esse
1992 1708 2146 1771 pote-
2232 1710 2379 1765 'mdo
2406 1707 2653 1764 confecta
2694 1706 3098 1777 ρδι-ιὼυενδυί
3123 1713 3417 1775 [imitantes
3456 1703 3605 1757 lavat
3641 1701 3846 1757 sordes

568 1796 665 1860 ris.
698 1794 804 1849 υἱεῖ
832 1795 984 1864 Prius
1010 1808 1215 1864 Ρωιρθν
1239 1796 1431 1865 Si)irim
1456 1793 1623 1848 Γυθτίθ
1644 1793 1837 1849 factus.
1861 1792 2142 1860 Quomodo
2158 1789 2218 1853 τΒ
2245 1802 2520 1866 vitiorum,
2545 1809 2640 1854 aut
2663 1799 2860 1853 futurae
2882 1797 3007 1853 vitae
3030 1795 3311 1853 succendit
3329 1793 3514 1849 acrius
3535 1799 3843 1848 amatores.

566 1886 711 1942 inter
754 1886 972 1941 divitias
1000 1888 1230 1956 positus,
1261 1887 1404 1941 inter
1431 1902 1594 1943 curas
1634 1894 1691 1941 et
1732 1886 2143 1955 sollicitudines,
2248 1892 2379 1959 Quae
2399 1890 2657 1945 nimirum
2678 1887 2872 1953 virtus,
2892 1886 3020 1956 quia
3038 1884 3277 1940 Trinitas
3297 1884 3440 1940 Deus
3457 1892 3685 1953 peccata
3708 1896 3847 1937 00l-

571 1978 714 2034 inter
753 1976 877 2031 lites
916 1986 971 2032 et
1009 1978 1384 2033 contentiones
1414 1980 1503 2049 (ex
1532 1979 1729 2047 quibus
1763 1978 1877 2045 irae,
1911 1979 2065 2045 rixas,
2092 1986 2148 2036 et
2248 1981 2434 2046 donat,
2449 1981 2584 2036 bene
2600 1977 2759 2035 tertio
2780 1975 3286 2040 eonseeraturloco,
3313 1981 3377 2028 ut
3390 1987 3459 2026 ex
3474 1969 3672 2027 ali‘ectu
3690 1984 3849 2035 am

569 2069 697 2124 odia
722 2069 843 2126 sine
870 2070 1272 2126 intermissione
1312 2070 1665 2141 nascuntur),
1695 2072 1908 2127 animus
1943 2072 2148 2141 poterit
2251 2073 2326 2128 ris
2338 2072 2454 2141 ejus
2469 2071 2595 2127 vitia
2611 2070 2940 2136 relaxentur,
2956 2077 3012 2124 et
3025 2070 3203 2124 latura
3219 2063 3606 2135 contemplatio
3617 2064 3848 2133 pulsan-

567 2176 694 2217 esse
734 2162 881 2218 mitis
909 2169 967 2218 et
992 2162 1129 2218 lenis
1148 2202 1165 2227 ,
1204 2163 1307 2217 nisi
1347 2164 1496 2233 prius
1525 2176 1715 2219 omnes
1754 2162 2146 2219 discordiarum
2252 2161 2397 2218 tibus
2426 2171 2548 2232 post
2574 2161 2842 2232 lacrymas
2863 2158 3211 2216 concedatur.
3242 2155 3392 2211 Beati
3410 2169 3627 2226 quoque
3645 2153 3850 2210 nonob

578 2253 896 2309 occasiones
920 2253 1268 2324 praecideris?
1311 2253 1416 2308 Sed
1464 2254 1622 2323 hujus
1649 2252 1882 2307 incendii
1918 2252 2149 2309 materia

576 2344 667 2397 vix
691 2342 759 2398 ad
785 2346 981 2413 purum
1007 2344 1331 2411 detrahitur,
1356 2343 1583 2412 ideoque
1608 2343 1661 2397 in
1684 2343 1840 2398 nobis
1867 2358 2030 2412 quam
2055 2356 2151 2401 sre-

567 2451 637 2506 pe
662 2436 775 2491 ista
790 2437 1149 2493 mansuetudo
1175 2438 1559 2508 corrumpitur.
1592 2434 1746 2492 Unde
1775 2453 1940 2508 quam
1975 2439 2145 2494 bene:

639 2527 911 2600 Bcutiqm'
939 2528 1157 2600 lugent,
1207 2530 1369 2584 tertio
1411 2536 1661 2584 sacratur
1706 2527 1846 2583 loco.
1880 2526 2149 2593 Quoniam

571 2618 695 2685 etsi,
710 2633 835 2689 quae
853 2620 1038 2674 mundi
1062 2628 1212 2686 sunt,
1234 2634 1521 2690 moresque
1542 2619 1817 2689 improbos
1830 2618 2145 2688 abjecimus,

572 2721 632 2766 et
682 2711 941 2782 prmelsra
972 2713 1085 2783 jam
1115 2712 1320 2768 Christi
1358 2713 1586 2785 vestigia
1625 2721 1918 2777 sectantes,
1948 2712 2148 2766 hones—

571 2811 689 2858 tate
727 2818 941 2858 morum
984 2804 1266 2870 vestimur,
1312 2812 1485 2859 restat
1509 2804 1772 2858 rimarum
1823 2802 2149 2859 alluvione!!!

567 2895 900 2964 quotidianis
942 2892 1159 2950 ﬂetibus
1200 2911 1511 2967 purgemus.
1563 2895 1764 2950 Luctus
1791 2911 1924 2951 sane
1954 2894 2147 2950 beatus

568 2999 678 3039 non
707 2974 815 3039 uno
842 2984 1140 3053 eodemque
1168 2986 1327 3040 modo
1367 3001 1581 3056 semper
1610 2986 1904 3056 accipitur;
1943 2994 1998 3041 et
2026 2985 2147 3041 ideo

558 3090 800 3145 που.μο
827 3075 975 3133 omni
996 3074 1144 3129 luctu
1168 3074 1351 3130 futura
1380 3076 1704 3141 consolatio,
1731 3076 1841 3131 imo
1865 3076 2036 3147 magis
2061 3074 2147 3130 cl-

2251 2257 2354 2313 hoc
2393 2256 2667 2322 dicuntur,
2692 2255 2819 2325 quia
2863 2254 3077 2325 plorant
3106 2260 3164 2308 et
3198 2250 3332 2307 ﬂent
3381 2251 3525 2305 inter
3565 2249 3849 2314 miserias,

2246 2348 2357 2406 sed
2370 2348 2516 2419 quia,
2542 2347 2690 2403 exuti
2715 2345 2896 2411 malis,
2915 2343 3134 2399 aeternis
3148 2340 3574 2398 consolabuntur
3601 2339 3850 2410 gaudiis,

2251 2442 2435 2501 satiati
2470 2440 2585 2509 jam
2630 2439 2890 2496 felicitate
2916 2443 3198 2509 perpetua.
3233 2435 3406 2491 Causa
3434 2434 3620 2505 itaque
3646 2434 3851 2489 harum

2248 2531 2670 2595 beatitudinum,
2697 2544 2803 2584 non
2830 2527 3180 2599 praesentium
3199 2530 3289 2582 est
3306 2524 3537 2591 fructus,
3559 2533 3619 2578 ut
3640 2539 3853 2581 secun-

2251 2622 2380 2679 dum
2406 2637 2471 2677 ea
2492 2621 2636 2677 beati
2666 2619 2946 2685 dicamur,
2984 2619 3080 2675 sed
3107 2616 3412 2674 futurorum
3453 2615 3851 2685 repromissio,

2251 2728 2360 2786 qua
2387 2713 2582 2785 singuli
2606 2729 2637 2768 a
2664 2710 2891 2767 Christe
2910 2709 3312 2767 beatiﬁcantur.
3351 2706 3646 2763 Enimvero
3671 2721 3853 2763 cassa

2240 2815 2415 2861 tantae
2436 2804 2782 2861 beatitudinis
2804 2802 2922 2859 sola
2961 2801 3167 2859 Christi
3197 2800 3370 2874 gratia
3396 2808 3499 2867 est,
3514 2807 3572 2857 et
3591 2798 3853 2857 laborum

2255 2896 2488 2953 sollicita
2514 2894 2866 2952 concertatio.
2907 2934 2911 2939 ι

2322 2988 2475 3043 Beati
2503 2988 2591 3059 qui
2617 2988 2854 3042 esuriant
2884 2996 2934 3041 et
2954 2987 3136 3041 sitiunt
3159 2985 3445 3054 iustitium,
3468 2983 3721 3056 quoniam
3742 2983 3854 3053 ipsi

2252 3078 2655 3135 saturabttntur.
2686 3077 2801 3133 Hoc
2827 3078 2990 3149 igitur
3028 3077 3149 3133 loco
3186 3077 3309 3148 jure
3352 3073 3856 3144 succeditjustitia:

555 3165 749 3222 tensis
772 3174 1079 3237 genantur.
1108 3164 1270 3223 Solus
1297 3167 1462 3238 igitur
1486 3167 1575 3223 ille
1604 3167 1781 3223 luctus
1809 3166 2147 3221 beatitudine
2174 3174 2220 3237 C
2252 3169 2519 3234 esuritio;
2561 3170 2685 3237 quia
2729 3168 2823 3238 qui
2866 3176 3088 3237 peccata
3136 3166 3386 3237 deposuit
3417 3181 3583 3221 causa
3624 3165 3855 3219 timoris

550 3257 816 3324 inicitur,
844 3273 952 3329 quo
977 3259 1221 3329 partibus
1245 3260 1360 3315 suis
1385 3260 1513 3315 hinc
1541 3260 1666 3314 inde
1690 3258 1932 3329 perfecte
1954 3257 2147 3314 cccles-

572 3353 645 3407 tia
666 3351 1010 3408 meditantur.
1036 3350 1199 3420 Cujus
1225 3360 1469 3408 extrema
1492 3367 1622 3423 pars
1640 3360 1724 3407 est
1746 3350 2149 3422 praeteritorum

575 3445 814 3501 maculas
838 3444 1069 3512 deﬂere;
1100 3446 1274 3502 media
1298 3455 1477 3501 autem
1507 3444 1921 3515 praesentiarum
1943 3443 2147 3514 lapsus,

557 3546 633 3593 .et
655 3536 907 3593 miserias
931 3539 1077 3593 inter
1103 3555 1240 3609 quas
1268 3553 1555 3594 versamur
1574 3577 1589 3603 ,
1626 3536 1963 3607 aliorumque
1991 3550 2151 3591 casus

561 3640 635 3685 .et
649 3629 989 3685 calamitates
1011 3670 1027 3696 ,
1055 3630 1342 3687 charitatis
1367 3628 1564 3684 ali'ectu
1593 3628 1794 3684 acriter
1822 3628 2109 3684 condolere
2129 3666 2148 3695 ,

573 3733 823 3791 quosque
848 3729 1092 3776 mortuos
1119 3719 1390 3775 interdum
1420 3726 1662 3774 mortuos
1705 3718 1984 3789 plangere.
2015 3719 2153 3786 Quia

576 3813 821 3885 proiectu
850 3827 1013 3869 rarus
1034 3813 1306 3868 invenitur
1326 3814 1427 3882 qui
1454 3828 1561 3867 non
1584 3812 1784 3868 habeat
1805 3826 1947 3882 quos
1971 3811 2154 3881 deplo-

577 3913 664 3959 ret
692 3912 936 3960 mortuos
954 3943 971 3968 ,
1000 3912 1223 3973 peccata
1252 3903 1459 3959 scilicet
1502 3918 1599 3958 sua
1627 3903 1711 3957 vel
1734 3903 1985 3958 aliorum.
2015 3902 2154 3959 Nam

577 4001 848 4069 quomodo
875 4008 1061 4054 nostra
1094 3999 1409 4054 delictorum
1436 3999 1679 4055 facinora
1704 4000 1835 4057 llere
1859 4016 1961 4057 nos
1989 4015 2150 4072 opor-

576 4099 722 4158 teat,
752 4090 923 4147 David
945 4104 1015 4146 ex
1039 4107 1099 4148 se
1138 4092 1394 4159 ostendit,
1424 4094 1609 4149 dicens
1645 4112 1657 4146 :
1693 4093 1900 4150 Lavabo
1928 4111 2019 4167 per
2047 4094 2155 4149 εἱ»-

575 4181 727 4252 gulaa
768 4176 949 4238 noctes
991 4183 1179 4239 lectum
1206 4200 1416 4252 meum,
1461 4186 1708 4258 lacrynu's
1755 4188 1885 4242 meis
1920 4196 2154 4241 stratum

560 4288 751 4327 meum
787 4273 967 4345 rig‘abo
994 4272 1165 4347 (Prol.
1196 4290 1271 4341 v1,
1305 4276 1378 4347 7).
1412 4275 1677 4333 Cmterum
1705 4276 1931 4332 aliorum
1959 4276 2152 4333 delicta

577 4363 840 4422 Jeremias
860 4369 915 4422 in
935 4367 1437 4425 Lamentationibus
1456 4378 1517 4424 ut
1555 4385 1649 4426 sua
1675 4369 1839 4440 luget.
1865 4366 2020 4424 Unde
2039 4368 2151 4424 ait:

582 4454 716 4520 Quis
755 4458 899 4513 dabit
924 4459 1083 4531 capiti
1122 4475 1235 4515 meo
1263 4472 1487 4532 cum,
1517 4471 1566 4515 et
1590 4460 1758 4516 oculis
1793 4460 1920 4515 meis
1957 4459 2154 4530 fontem

2251 3265 2372 3331 Dei,
2402 3274 2457 3320 et
2480 3280 2661 3320 mores
2682 3264 2919 3320 correxit
2946 3264 3373 3323 mansuetudinis
3393 3261 3609 3328 all'ccm,
3641 3261 3854 3319 deiiem

2252 3371 2465 3429 quoque
2490 3356 2618 3412 ﬂere
2647 3356 2940 3421 stnduit,et
2960 3356 3106 3427 luget
3124 3371 3221 3426 per
3242 3355 3597 3422 desiderium,
3620 3366 3856 3414 succen-

2253 3465 2348 3507 sus
2375 3450 2613 3506 caelestis
2634 3449 2825 3520 patriai
2849 3462 3074 3514 amore;
3112 3463 3219 3503 non
3246 3455 3423 3517 potest
3446 3445 3562 3517 jam
3586 3461 3698 3501 non
3724 3460 3854 3501 ean-

2255 3542 2368 3597 rire
2405 3541 2672 3613 justitiam
2698 3548 2755 3595 et
2778 3540 2950 3595 sitire.
2993 3537 3097 3594 Sed
3123 3538 3297 3608 prius,
3327 3538 3453 3594 dum
3488 3535 3675 3591 adhuc
3698 3551 3854 3607 aeger

2253 3634 2404 3707 gravi
2446 3643 2785 3704 premeretur
2818 3633 3029 3697 morbo,
3069 3632 3279 3687 esurire
3317 3630 3668 3701 nequiverat,
3711 3629 3853 3700 quia

2252 3726 2408 3781 bonae
2448 3727 2571 3779 vitae
2600 3725 2870 3781 fastidium
2888 3765 2903 3791 ,
2934 3724 3160 3793 iustitia:
3186 3725 3329 3780 sitim
3358 3722 3708 3793 esuriemque
3728 3721 3855 3793 pd-

2255 3813 2420 3870 lebat.
2461 3812 2677 3869 Iustitia
2704 3828 2941 3884 namque
2965 3814 3261 3869 multarum
3289 3812 3522 3884 partium
3545 3811 3853 3868 virtutibus

2257 3905 2579 3975 integratur.
2622 3904 2718 3960 Est
2741 3898 2887 3959 enim
2928 3904 3084 3973 quasi
3110 3918 3278 3975 genus
3314 3910 3640 3958 caeterarum
3669 3901 3853 3957 virtu-

2255 4005 2396 4063 tum,
2421 3996 2618 4066 quibus
2655 4005 2908 4052 constare
2935 3995 3168 4051 videtur.
3206 3994 3420 4051 Iustitia
3448 4008 3579 4066 ergo
3612 4001 3703 4049 est
3745 4004 3852 4051 sua

2255 4086 2546 4156 unicuique
2569 4087 2824 4143 tribuere.
2850 4085 2987 4141 Hinc
3005 4095 3155 4156 patet
3179 4086 3323 4155 quod
3359 4096 3465 4141 non
3487 4098 3589 4155 pro
3618 4099 3681 4139 se
3716 4094 3851 4142 tam

2258 4189 2369 4234 tum
2396 4178 2528 4249 agit,
2559 4194 2747 4235 verum
2770 4187 2826 4234 et
2850 4178 2973 4235 aliis
2993 4179 3282 4235 subvenire
3306 4179 3519 4249 gaudet,
3540 4190 3600 4232 se
3622 4191 3853 4249 quoque

2255 4270 2369 4326 Deo
2397 4269 2685 4327 reformari
2712 4280 2890 4342 parat,
2918 4279 2976 4326 et
3002 4270 3275 4327 communi
3313 4284 3434 4324 cum
3463 4268 3732 4340 proximis
3754 4268 3851 4327 oi-

2256 4368 2381 4426 ilcio
2407 4382 2468 4425 se
2496 4369 2696 4424 vivere.
2729 4367 2858 4435 Quae
2884 4367 3138 4445 nimirum
3169 4365 3335 4439 m
3361 4365 3536 4421 virtus
3559 4366 3852 4436 ποιησει

2258 4462 2375 4517 sine
2397 4461 2589 4532 spiritu
2626 4458 2956 4515 fortitudinis
2990 4457 3333 4528 adimpletur.
3371 4454 3556 4522 Unde,
3597 4456 3861 4527 produn.

577 4544 978 4617 lacrymarum?
1026 4546 1158 4620 (Jer.
1188 4565 1242 4605 ix
1266 4589 1282 4616 ,
1312 4550 1390 4621 1.)
1434 4549 1516 4604 Ex
1555 4566 1664 4621 quo
1695 4556 1845 4619 patet
1888 4548 2035 4619 quod
2054 4590 2070 4615 ,
2104 4550 2151 4604 si
2177 4532 2231 4594 Ι)
2257 4554 2447 4618 lector,
2473 4551 2760 4624 diligenter
2782 4551 3010 4622 inspice,
3049 4553 3177 4622 quia
3204 4550 3426 4622 singulae
3452 4551 3571 4607 ista:
3598 4551 3850 4606 beatitu-

562 4638 823 4693 membra
846 4652 1032 4695 sumus
1052 4641 1313 4711 corporis,
1341 4639 1572 4695 aliorum
1594 4639 1818 4694 vulnera
1840 4638 1994 4708 quasi
2020 4652 2149 4693 nos-

577 4738 663 4784 tra
690 4728 887 4785 curare
909 4731 1185 4789 debemus.
1217 4729 1388 4787 Porro
1411 4728 1629 4786 Samuel
1658 4730 1878 4801 lugebat
1904 4729 2032 4784 Saul
2049 4769 2065 4796 ,
2096 4738 2173 4791 et,

577 4818 774 4875 Paulus
816 4820 1017 4878 multos
1055 4836 1125 4877 ex.
1165 4822 1255 4878 his
1280 4822 1371 4891 qui
1420 4829 1546 4876 ante
1572 4827 1935 4890 peccaverunt
1960 4826 2018 4873 et
2042 4832 2150 4872 non

573 4922 802 4987 egerunt
826 4915 1219 4986 punitantiam.
1257 4915 1366 4971 Sed
1387 4922 1444 4971 et
1465 4913 1654 4969 Daniel
1680 4914 1848 4969 nimio
1874 4912 2024 4967 luctu
2051 4924 2151 4981 pro

564 5005 812 5076 peccatis
852 5005 1089 5079 afficitur
1117 5005 1369 5059 aliorum.
1399 5005 1551 5061 Unde
1573 5011 1629 5059 et
1656 5005 1710 5059 in
1742 5005 1846 5059 hac
1883 5003 2152 5073 lacryma-

564 5113 695 5154 rum
737 5098 875 5155 valle
897 5136 917 5166 ,
944 5098 1088 5153 inter
1121 5097 1343 5166 laqueos
1383 5104 1438 5152 et
1464 5097 1744 5150 ruinarum
1777 5095 1960 5150 hostes
1982 5130 1997 5156 ,
2023 5089 2153 5161 quia

570 5205 734 5246 nemo
756 5198 1051 5246 extraneas
1076 5202 1111 5240 a
1134 5187 1376 5249 miseria,
1419 5199 1581 5243 nemo
1605 5184 1817 5239 alienus
1845 5181 2008 5237 debet
2031 5194 2152 5236 esse

566 5295 605 5336 a
628 5280 758 5338 ﬂetu
780 5288 836 5337 et
854 5281 1068 5353 ploratu
1090 5278 1291 5343 cordis,
1318 5275 1361 5331 si
1387 5291 1492 5330 non
1513 5275 1630 5328 vult
1654 5274 1708 5328 in
1726 5276 2009 5343 posterum
2030 5284 2153 5326 esse

562 5376 777 5446 absque
840 5374 952 5430 ullo
1016 5370 1403 5429 consolationis
1479 5368 1696 5425 eli‘ectu.
1757 5365 2144 5422 Verumtamen

571 5466 677 5521 iste
720 5465 899 5520 adhuc
941 5465 1167 5521 duarum
1212 5462 1445 5532 partium
1492 5460 1671 5514 luctus
1717 5458 1784 5513 de
1832 5458 2036 5529 irriguo
2066 5457 2146 5510 in—

562 5554 741 5612 terius
797 5565 1123 5629 generatur;
1191 5556 1319 5612 licet
1376 5569 1539 5609 nemo
1598 5551 1691 5623 qui
1759 5560 1906 5607 recte
1967 5550 2143 5620 sapit,

570 5647 727 5719 351
759 5648 903 5703 hunc
930 5649 1323 5717 quodammodo
1358 5647 1425 5702 ad
1462 5643 1852 5701 beatitudinem
1877 5643 2150 5714 pertinere

562 5736 805 5800 dubitet.
822 5738 921 5796 Dei
944 5738 1127 5812 itaque
1157 5753 1380 5796 munere
1399 5743 1691 5810 praestatur
1709 5735 1926 5808 pietatis
1952 5737 2146 5809 gratia,

2255 4642 2431 4707 dines,
2452 4649 2514 4695 ut
2541 4642 2750 4712 impleri
2784 4641 3028 4712 possint,
3070 4640 3384 4713 suli'rag-ium
3417 4641 3642 4697 totidem
3668 4640 3855 4699 dono-

2255 4746 2374 4785 rum
2417 4729 2707 4800 postulant.
2757 4730 2844 4796 Et,
2878 4738 2938 4785 ut
2969 4731 3085 4787 haec
3125 4730 3263 4785 dona
3307 4729 3701 4801 percipiantur,
3744 4728 3852 4784 do-

2252 4828 2410 4876 cente
2455 4821 2700 4879 veritatis
2741 4821 3000 4892 magistro
3051 4835 3115 4876 ea
3159 4821 3214 4875 in
3260 4821 3511 4876 oratione
3553 4819 3851 4876 Dominica

2250 4922 2458 4983 septem
2499 4913 2751 4984 precibus
2777 4926 2938 4969 orare
2976 4926 3280 4968 monemur.
3328 4910 3469 4967 Nam
3505 4910 3659 4966 ineo
3684 4911 3849 4981 quod

2256 5018 2494 5069 oramus,
2510 5002 2696 5057 Libera
2719 5018 2815 5058 nos
2838 5019 2871 5058 α
2892 5002 3032 5058 male
3061 5002 3276 5074 (ﬂatur.
3298 5001 3511 5074 v1.13),
3534 5000 3671 5057 nihil
3689 5000 3851 5057 aliud

2256 5092 2487 5148 dicimus
2513 5093 2617 5148 nisi
2644 5101 2707 5147 ut
2751 5093 2943 5162 spiritu
2980 5094 3197 5149 timoris
3222 5092 3337 5161 Dei,
3367 5094 3517 5148 intus
3543 5091 3731 5147 omnis
3755 5100 3851 5147 tu-

2255 5197 2376 5237 mor
2406 5183 2673 5247 elationis,
2694 5190 2748 5237 et
2777 5181 2984 5238 inﬂatio
3013 5184 3298 5253 superbiae,
3329 5197 3430 5239 nec
3449 5197 3558 5237 non
3579 5186 3636 5236 et
3652 5180 3848 5235 omnia

2253 5274 2414 5330 noxia
2445 5288 2624 5329 rerum
2655 5273 2898 5329 exterius
2920 5273 3276 5343 depellantur,
3306 5282 3576 5343 quatenus
3603 5270 3708 5326 sub
3730 5271 3849 5341 spi-
3892 5288 3901 5293 ·

2256 5365 2361 5420 ritu
2390 5363 2725 5433 paupertatis
2764 5363 2923 5419 beate
2954 5364 3136 5420 vivere
3171 5366 3459 5435 possimus.
3507 5363 3599 5420 Sic
3636 5364 3847 5434 quippe

2254 5455 2515 5526 sapientia
2546 5453 2641 5509 Dei
2662 5453 2839 5509 Patris
2865 5456 2979 5510 haec
3002 5462 3194 5511 cuncta
3217 5455 3477 5525 providit,
3497 5462 3639 5509 utet
3662 5453 3847 5509 virtus

2256 5545 2607 5601 beatitudinis
2645 5544 2974 5615 percipiatur
3017 5561 3085 5600 ex
3113 5546 3281 5607 dono,
3330 5554 3387 5600 et
3427 5546 3629 5601 donum
3659 5542 3846 5598 sancti

2260 5636 2496 5708 Spiritus
2520 5649 2683 5705 prece
2706 5635 2992 5702 orationis,
3021 5651 3182 5706 quam
3213 5637 3327 5707 ipse
3353 5633 3689 5704 composuit,
3739 5634 3848 5687 int-

2242 5737 2521 5804 -petretur.
2550 5724 2721 5793 Nemo
2747 5726 2911 5800 igitur
2931 5728 3101 5793 mitis,
3131 5729 3235 5785 nisi
3269 5742 3435 5800 quem
3460 5725 3689 5800 spiritus
3714 5724 3842 5799 pie-
