4000 6362
884 326 889 331 ·
951 315 1321 373 EXPOSlTlO
1352 315 1421 371 lN
1459 292 1901 377 muraenis.
1941 348 2009 358 -
2036 292 2174 374 [ιε.
2216 319 2302 386 ιιι,
2343 320 2494 377 CAP.
2536 321 2633 377 v.-

3330 288 3345 297 ο,

3412 305 3423 316 σ

174 431 312 487 tatis
328 426 679 483 instraverit:
703 432 760 480 et
786 432 851 499 tit
868 427 984 480 hec
1010 426 1183 480 virtus
1202 404 1457 482 continua
1480 434 1745 489 servetur,
1772 426 1826 486 Δ
1852 424 1995 480 nulla
2026 428 2078 482 in
2104 444 2226 484 eum
2252 430 2431 499 passio
2455 429 2619 496 cadit,
2642 430 2734 485 sed
2764 428 3059 487 clementer
3081 434 3277 488 nostris
3301 435 3429 513 subf-

172 522 408 594 petimus
431 518 572 589 apud
590 529 749 572 eum:
775 515 845 570 Et
866 531 929 570 ne
951 532 1046 571 nos
1069 516 1290 570 inducas
1312 516 1368 570 in
1391 516 1773 578 Mutationem,

174 613 379 668 Βείιιὰε
396 611 645 680 lugentes
662 607 911 663 scientiae
930 607 1121 677 spiritu
1148 607 1500 673 illustremur,
1522 616 1582 661 ut
1609 604 1750 661 scire

174 705 440 773 possimus
483 701 686 770 quibus
728 698 885 754 malis
912 697 1255 764 involvimur,
1286 704 1341 753 et
1364 697 1433 753 ad
1466 712 1631 768 quam
1657 712 1751 769 pa-

175 793 341 849 triam
363 790 705 860 suspirant”
742 788 971 860 lugendo
1009 789 1331 857 quantocius
1364 786 1619 843 festinare
1659 788 1752 844 de.

178 887 414 941 minus.
442 880 553 937 Sed
578 889 641 935 ut
657 881 921 951 'lacrymm
937 879 1224 950 proﬁciant
1245 881 1567 952 lugentibus,
1597 894 1751 951 roga-

175 990 302 1031 usus
336 973 531 1031 dimitti
580 972 763 1029 debita
805 980 1028 1037 nostra,
1075 971 1270 1041 quibus
1292 972 1609 1035 retinemur,
1645 970 1751 1044 [ut]

174 1067 419 1121 libertate
445 1071 696 1134 recepta,
717 1063 785 1118 ad
808 1062 1023 1117 Patrem
1052 1063 1233 1117 securi
1250 1062 1569 1132 quantocius
1591 1077 1751 1133 repe-

173 1159 383 1213 timus.
416 1156 493 1212 At
517 1170 654 1213 vero
691 1156 902 1210 esuries
927 1164 985 1211 et
1005 1155 1229 1226 iustitiae
1271 1154 1389 1211 sitis
1430 1155 1753 1224 Quandoque

176 1250 327 1305 uad
346 1249 664 1302 satietatem
686 1245 976 1316 pertingat,
1012 1243 1267 1300 fulciatur
1306 1245 1500 1314 spiritu
1537 1244 1752 1299 fortitu~

174 1342 333 1408 (linis,
360 1354 432 1395 ne
473 1338 747 1397 hssescat
780 1338 836 1391 in
866 1337 950 1390 via
973 1335 1179 1408 jugiter
1199 1336 1496 1405 rogandum
1518 1375 1532 1401 ,
1566 1334 1753 1393 fulcit!

170 1445 308 1485 vero
326 1439 383 1485 ιι
410 1428 559 1485 inter
575 1427 823 1482 defectus
852 1426 1031 1480 alatur
1050 1424 1257 1491 varios,
1287 1433 1345 1481 et
1371 1426 1425 1479 in
1451 1425 1626 1495 patria
1665 1439 1753 1479 sao

177 1520 367 1584 tiatur,
402 1518 705 1574 orandum:
753 1514 955 1570 Panem
995 1524 1232 1570 nostrum
1273 1515 1638 1586 quotidianum
1680 1515 1752 1569 da

180 1610 502 1665 meum
532 1608 679 1679 (Luc.
712 1622 792 1672 ιι,
812 1607 893 1677 ὃ).
915 1606 1029 1662 Tali
1063 1608 1227 1677 igitur
1250 1622 1388 1677 pane
1414 1605 1619 1669 refecti,
1644 1618 1753 1661 non

173 1703 389 1758 auiam
409 1701 629 1757 sitimus
646 1700 926 1771 crapulam
943 1738 960 1766 ,
996 1701 1091 1756 sed
1123 1716 1187 1756 ea
1215 1700 1413 1770 quibus
1434 1701 1597 1755 tantis
1620 1714 1752 1770 per-

1850 518 1999 571 venit
2040 518 2293 574 miseriis.
2338 520 2411 574 De
2454 536 2559 590 qua
2596 527 2742 575 recte
2773 521 3139 575 misericordia
3172 521 3430 579 Dominus

1852 607 2013 665 aliubi
2037 610 2202 665 dicit:
2243 610 2420 665 Estote
2452 628 2571 682 ergo
2602 612 2993 678 misericordes,
3022 614 3153 666 sicut
3188 623 3236 667 et
3269 613 3431 669 Pater

1853 710 2017 755 vester
2038 702 2329 756 misericors
2351 713 2425 757 est
2454 701 2604 773 (Luc.
2636 717 2710 768 vt,
2738 701 2851 773 36).
2888 702 2966 757 Ac
2995 702 3038 757 si
3075 702 3278 759 diceret
3307 721 3320 758 :
3361 704 3429 762 ad

1852 790 1956 847 hoc
1982 793 2311 848 miseremini
2340 795 2631 865 proximis,
2676 795 2741 848 ad
2777 795 2919 864 quod
2946 803 3000 848 et
3030 794 3082 849 in
3106 795 3300 865 quibus
3331 796 3432 850 mi-

1852 898 2064 943 seretur
2084 887 2262 955 Pater,
2288 889 2494 945 scilicet
2518 898 2575 944 ut
2601 891 2815 945 bonitas
2836 891 3097 947 redundet
3121 893 3174 947 in
3198 890 3430 959 cunctis,

1853 978 1942 1047 qui
1967 977 2121 1032 malis
2150 976 2271 1054 ideo
2296 980 2582 1033 miseretur
2606 984 2660 1032 et
2687 987 2908 1048 prastat
2936 979 3194 1035 beneﬁcia
3225 987 3283 1054 ut
3308 987 3428 1035 tan-

1852 1067 1973 1123 dem
2004 1051 2577 1124 bonitate'vincantur
2625 1078 3116 1139 convertanturqne
3161 1069 3228 1123 ad
3266 1050 3425 1135 eum,

1852 1174 1958 1231 quo
1983 1163 2151 1231 possit
2179 1161 2259 1217 eis
2282 1162 2464 1233 largiri
2490 1177 2609 1233 quae
2630 1173 2811 1219 servat
2838 1164 3010 1220 bonis.
3041 1163 3109 1219 Et
3136 1164 3432 1218 notandum

1852 1253 1993 1322 quod
2018 1253 2070 1306 in
2098 1253 2257 1324 hujus
2278 1253 2495 1307 virtutis
2519 1253 2734 1324 negotio
2755 1255 2905 1326 prius
2920 1254 3130 1336 justitia
3155 1251 3433 1327 praecedit,

1853 1341 2046 1397 deinde
2071 1343 2438 1399 misericordia
2473 1345 2824 1411 terminatur,
2851 1354 2902 1400 et
2933 1354 3097 1410 recte,
3129 1345 3251 1416 quia
3274 1348 3436 1403 nemo

1848 1432 2030 1503 justus
2061 1434 2178 1488 sine
2207 1433 2599 1502 misericordia,
2632 1434 2771 1489 sicut
2801 1450 2831 1491 e
2854 1436 3127 1492 contrario
3159 1449 3315 1489 nemo
3340 1431 3437 1489 mi-

1855 1527 2088 1582 sericors
2131 1527 2249 1583 sine
2285 1526 2517 1598 justitia.
2549 1526 2719 1600 Igitur
2737 1525 2963 1597 justitite
3002 1528 3179 1582 lumen
3220 1524 3435 1581 miseri.

1855 1619 2081 1674 cordia:
2129 1619 2269 1675 sicut
2309 1620 2806 1676 misericordiarum
2842 1621 3013 1676 virtus
3034 1618 3244 1689 justitia
3285 1618 3435 1675 aesti-

1855 1716 2055 1763 matur.
2090 1708 2475 1765 Verumtamen
2525 1711 2580 1765 in
2611 1711 2807 1781 quibus
2838 1711 2994 1767 nobis
3034 1709 3293 1779 judicium
3329 1724 3437 1765 non

168 1802 419 1864 ponunt
456 1791 875 1861 Scripturarum
916 1792 1197 1855 uberibus,
1245 1800 1303 1847 et
1341 1806 1449 1862 quo
1481 1792 1753 1851 reficimur

1862 1810 1962 1869 cst,
1980 1801 2139 1858 debet
2163 1803 2326 1858 etiam
2350 1813 2534 1859 nostra
2560 1803 2933 1859 misericordia
2956 1802 3189 1869 dilatari,
3213 1810 3266 1857 et
3293 1817 3440 1856 men-

170 1883 412 1955 αμα-ἱ»
436 1898 504 1940 ac
531 1884 815 1954 sanguinis
842 1892 1186 1939 sacramento
1217 1884 1476 1939 divinitus
1506 1884 1751 1955 aspirati.

168 1974 281 2032 Sed
302 1976 411 2033 hac
436 1989 664 2045 quoque
691 1989 795 2029 non
819 1974 939 2030 sine
967 1973 1205 2046 Spiritus
1242 1976 1411 2030 sancti
1449 1975 1623 2047 gratia
1662 1975 1756 2030 de-

171 2075 479 2139 gustantur.
506 2066 652 2134 Quia
679 2065 945 2137 profecto,
973 2066 1114 2122 sicut
1150 2082 1257 2121 non
1283 2066 1401 2122 sine
1429 2065 1549 2136 ejus
1580 2066 1755 2137 gratia

170 2159 575 2231 intelliguntur,
614 2160 690 2214 ita
734 2174 839 2215 nec
884 2159 999 2215 sine
1044 2158 1156 2214 ullo
1193 2159 1355 2231 digne
1395 2159 1755 2229 accipiuntur.

171 2248 316 2308 Unde
339 2250 727 2321 implorandus
747 2259 831 2306 est
853 2250 1079 2320 spiritus
1102 2250 1458 2317 fortitudinis,
1488 2259 1757 2320 quatenus

167 2356 262 2412 per
293 2357 421 2397 enim
439 2342 763 2408 esuriemlo,
787 2342 857 2396 ad
891 2344 1198 2398 satietatem
1228 2344 1553 2414 quandoque
1572 2343 1760 2398 venia-

170 2448 305 2491 nus.
328 2434 595 2503 Alioquin
617 2449 742 2490 cum
768 2434 826 2489 in
848 2434 1026 2500 nobis,
1050 2444 1140 2488 aut
1159 2435 1313 2505 quasi
1332 2448 1401 2490 ex
1420 2436 1599 2501 nobis,
1614 2433 1758 2504 apud

167 2535 381 2581 mmet
423 2527 595 2581 intus.
622 2526 678 2581 in
716 2526 898 2581 animo
926 2527 1237 2581 exteriusve
1278 2527 1332 2581 in
1364 2528 1531 2582 rebus
1556 2523 1756 2582 sufﬁci-

167 2631 307 2682 Itur,
352 2617 665 2673 cavendmn
704 2627 791 2673 est
828 2631 896 2672 ne
932 2618 1310 2672 dimittantur:
1339 2618 1463 2687 quia
1507 2616 1758 2672 Christus

166 2710 454 2765 atriense
472 2709 690 2780 repleuit
722 2710 895 2775 bonis,
938 2710 1121 2765 divites
1167 2720 1343 2765 autem
1391 2711 1589 2765 dimisit
1632 2711 1757 2764 ina-

165 2815 255 2855 nrs
284 2799 445 2870 (ιιι.
473 2816 517 2866 ι,
540 2799 660 2871 55).
682 2800 1019 2866 Esurientes,
1059 2800 1300 2870 inquam,
1327 2809 1383 2857 et
1410 2816 1521 2857 non
1543 2809 1759 2871 torpen-

167 2898 268 2956 tes,
287 2904 473 2960 ειεφιε
500 2892 563 2946 in
579 2905 645 2947 se
667 2898 765 2947 aut
788 2892 845 2946 in
868 2892 983 2947 suis
1005 2892 1312 2962 quibusque
1351 2893 1515 2948 rebus
1538 2891 1760 2947 afﬂuen-

168 2989 270 3043 tes.
300 2979 511 3037 Verum
546 2980 761 3051 iustitia
787 2997 897 3038 non
925 2983 1107 3038 minus
1144 2999 1305 3052 quam
1342 2983 1517 3039 tribus
1546 2984 1601 3037 in
1631 2998 1761 3054 par-

168 3074 309 3130 tiris
338 3072 703 3144 adimpletur,
750 3087 874 3130 cum
920 3083 1013 3130 aut
1039 3083 1251 3131 natium
1277 3082 1477 3129 nostrae
1505 3089 1599 3129 sua
1632 3073 1759 3144 jura

1857 1894 1927 1947 tis
1975 1891 2200 1949 affectus
2250 1908 2529 1962 crescere,
2582 1903 2642 1948 ut
2682 1894 2905 1965 justitia:
2950 1894 3152 1949 veritas
3200 1891 3440 1964 apertius

1856 1985 2284 2040 commendetur.
2326 1984 2397 2039 At
2434 2000 2567 2041 vero
2607 2000 2833 2055 quorum
2882 2002 3074 2041 causas
3118 1982 3281 2057 ω
3318 1983 3441 2053 jure

1856 2076 2193 2144 discutimus,
2220 2093 2325 2132 non
2348 2077 2400 2132 in
2418 2076 2620 2146 judicio
2644 2075 3018 2143 misereamur,
3046 2079 3137 2133 sed
3163 2086 3283 2148 post
3311 2091 3438 2130 sen-
3526 2088 3529 2093 ‘

1862 2168 2085 2222 tentiam
2114 2168 2166 2222 in
2192 2176 2450 2239 quantum
2478 2168 2649 2223 nostri
2681 2175 2766 2224 est
2788 2168 3055 2235 misereri,
3081 2168 3312 2224 discrete
3342 2164 3441 2220 mi-

1858 2274 2158 2314 sereantur.
2197 2256 2449 2313 Profecto
2477 2259 2648 2313 virtus
2683 2257 3067 2313 misericordia:
3102 2257 3301 2312 multas
3329 2254 3441 2309 elli-

1858 2350 2181 2405 cientiarum
2208 2350 2369 2405 habet
2399 2349 2677 2405 materias.
2723 2348 2831 2405 Sed
2871 2348 3015 2405 nulla
3056 2363 3244 2403 earum
3271 2346 3444 2418 major

1858 2441 1927 2495 ab
1950 2441 2264 2495 imminente
2290 2442 2479 2496 mortis
2499 2438 2756 2511 periculo,
2778 2455 2884 2509 qua
2906 2439 3205 2495 liberantur
3226 2439 3438 2505 animae,

1859 2538 1913 2585 et
1943 2530 2124 2586 futura
2152 2531 2310 2586 venia
2340 2530 2600 2587 fratribus
2629 2531 2958 2601 providetur.
3001 2530 3130 2598 Quae
3173 2538 3234 2585 ut
3272 2528 3443 2599 possit

1858 2620 1986 2677 hinc
2010 2622 2135 2677 inde
2164 2622 2319 2677 bonis
2353 2622 2681 2693 quotidianis
2723 2636 3054 2688 accrescere,
3096 2620 3287 2691 spiritu
3322 2624 3445 2691 eget

1861 2712 2096 2774 consilii,
2123 2712 2242 2768 sine
2272 2726 2380 2783 quo
2412 2713 2564 2767 alteri
2604 2726 2763 2768 nemo
2787 2711 2853 2767 ad
2883 2712 3092 2767 veniam
3129 2711 3270 2781 juris
3307 2726 3442 2767 con-

1860 2800 2001 2855 snitu
2032 2800 2425 2872 circumspecte
2446 2802 2751 2857 miseretur.
2774 2802 2841 2856 Et
2866 2801 2985 2857 ideo
3012 2799 3297 2856 indefessis
3318 2815 3444 2872 pre-

1860 2889 2012 2943 cibus
2038 2890 2301 2944 orandum
2332 2891 2487 2946 nobis
2516 2900 2617 2956 est,
2648 2899 2709 2945 ut
2744 2890 2838 2945 fiat
2863 2891 2918 2945 in
2948 2899 3090 2947 terra
3113 2891 3269 2947 sicuti
3302 2899 3357 2947 et
3385 2892 3443 2946 in

1861 2977 2034 3044 caelis,
2074 2978 2167 3033 Dei
2192 2978 2459 3045 voluntas,
2500 2980 2756 3050 quoniam
2792 2995 2896 3036 non
2933 2990 3016 3036 est
3046 2982 3303 3047 scientia,
3336 2997 3444 3038 non

1862 3077 1946 3122 est
1973 3069 2261 3123 consilium
2292 3078 2477 3125 contra
2505 3069 2811 3126 Dominum.
2840 3070 3178 3143 Quapropter
3204 3072 3446 3128 volunta-

165 3164 281 3237 κιο
304 3142 824 3231 W‘senmus’
847 3174 939 3221 am
962 3180 1089 3220 cum
1116 3163 1379 3221 τηιιίδυε
1398 3164 1559 3238 243
1583 3142 1759 3221 πάνυ..
1787 3142 1832 3206 C
1867 3166 1975 3213 tem
2004 3159 2215 3215 Domini
2243 3161 2610 3229 consulentes,
2643 3163 2909 3235 agendum
2948 3142 3031 3219 est
3060 3142 3133 3218 in
3180 3163 3445 3219 alterutro
3503 3178 3511 3185 '

167 3255 263 3310 tim
282 3270 357 3311 ea
378 3269 500 3326 qua
517 3254 683 3310 nobis
699 3254 819 3309 ﬁeri
840 3254 1090 3310 uolumus
1109 3262 1461 3325 opponentes,
1476 3270 1576 3309 nos
1597 3253 1761 3309 etiam

169 3345 552 3416 impendimus,
580 3360 653 3401 ne
672 3346 730 3400 in
752 3345 951 3417 quibus
970 3360 1258 3417 possumus
1277 3347 1526 3416 negotiis,
1550 3346 1762 3416 patian-

169 3447 259 3492 tur
287 3438 352 3492 in
380 3437 553 3493 malis.
583 3436 765 3493 Porro.
785 3438 840 3493 in
870 3438 982 3493 Deo
1010 3438 1278 3509 justitiam
1318 3446 1592 3504 tenemus,
1635 3451 1759 3492 cum

171 3543 302 3596 qua
329 3525 427 3582 Dei
450 3538 573 3583 sunt
590 3526 809 3583 ardenti
828 3528 1012 3583 animo
1032 3528 1381 3583 exsolvimus.
1406 3527 1561 3583 Unde
1581 3529 1723 3582 idem
1742 3543 1761 3582 ι

170 3615 425 3683 Reddite,
449 3617 637 3688 inquit,
663 3618 867 3673 Caesari
888 3634 1007 3689 qua:
1025 3627 1145 3673 sunt
1166 3617 1411 3683 Cesaris,
1434 3628 1480 3672 et
1503 3633 1619 3689 quae
1638 3626 1762 3672 sunt

171 3710 272 3767 Dei
292 3709 419 3764 Deo
455 3709 681 3781 (Hann.
715 3726 865 3777 xm,
892 3710 1019 3782 22).
1064 3711 1217 3778 Quod
1262 3726 1392 3767 sane
1426 3709 1761 3778 justitiarum

170 3800 391 3858 cum
410 3818 752 3872 nequaquam
774 3802 928 3873 prius
946 3802 1304 3874 complebitur
1322 3803 1374 3857 in
1398 3802 1574 3869 nobis,
1598 3816 1761 3872 quam

175 3892 250 3947 sit
276 3892 425 3949 Deus
446 3894 632 3948 omnia
657 3893 713 3949 in
737 3893 1009 3958 omnibus,
1033 3901 1087 3948 et
1108 3908 1207 3949 nos
1233 3894 1283 3948 ei
1308 3908 1376 3949 ex
1398 3902 1509 3949 toto
1534 3891 1763 3963 subjecti

170 3982 374 4039 simus.
401 3982 698 4054 Propterea
738 3984 829 4039 hic
857 3984 1068 4040 esurire
1097 3999 1416 4055 possumus,
1456 3984 1641 4039 satiari
1684 3992 1764 4038 tas

166 4093 293 4156 meri
319 4080 656 4150 nequimus;
697 4078 822 4149 quia
859 4078 1090 4135 necdum
1124 4093 1225 4134 nos
1251 4078 1394 4144 Deo,
1435 4077 1764 4133 reluctantes

166 4169 403 4235 seculo,
435 4170 740 4241 ntdignnm
764 4176 849 4225 est
874 4169 1160 4226 restituere
1189 4169 1451 4225 valemus.
1496 4167 1604 4225 Sed
1635 4168 1763 4238 quia

167 4262 373 4318 satiari
401 4262 493 4317 hic
520 4277 628 4319 non
653 4274 962 4333 pessumus,
992 4263 1151 4319 valde
1172 4263 1537 4320 necessarium
1562 4271 1669 4331 est,
1695 4277 1765 4319 ne

172 4352 410 4409 fastidio
435 4360 715 4424 torpentes
732 4353 879 4419 fame
896 4361 1155 4425 perpetua
1179 4354 1491 4410 moriamur.

1863 3252 2203 3320 miserendo,
2254 3262 2522 3322 quatenus
2571 3269 2602 3309 a
2647 3254 2802 3309 malis
2832 3254 3083 3310 omnibus
3126 3254 3439 3327 liberemur.

1842 3344 2008 3400 Ordo
2036 3353 2213 3401 tamen
2248 3345 2774 3412 misericordiarum,
2806 3356 2867 3401 ut
2907 3361 2938 3401 a
2980 3358 3041 3402 se
3078 3346 3447 3417 unusquisque

1826 3496 1832 3500 ⁴
1865 3435 2119 3507 incipiat,
2154 3437 2296 3492 sicut
2327 3436 2587 3508 scriptum
2627 3445 2746 3492 est:
2785 3435 3032 3492 Miserere
3070 3437 3264 3491 anima:
3304 3446 3442 3507 tuw,

1862 3527 2074 3600 placens
2093 3527 2203 3583 Deo
2227 3527 2415 3599 (Eccti.
2437 3543 2565 3594 xxx,
2579 3529 2692 3600 24).
2709 3527 2895 3583 Finem
2912 3542 3041 3583 vero
3062 3526 3310 3584 Christus
3330 3528 3446 3599 ipse

1864 3618 2137 3685 insinuat,
2180 3621 2285 3675 huc
2328 3621 2418 3690 qui
2468 3628 2618 3674 tanta
2663 3617 3032 3674 misericordia
3070 3627 3247 3673 motus
3274 3616 3444 3684 venit,

1865 3712 2028 3767 etiam
2058 3720 2119 3766 ut
2153 3725 2254 3781 pro
2293 3711 2668 3782 peccatoribus
2707 3709 2867 3765 vellet
2903 3709 3059 3764 mori.
3094 3707 3228 3764 Nam
3259 3719 3314 3765 et
3348 3718 3443 3768 eos

1866 3816 2002 3873 quos
2022 3802 2335 3859 vulneratos
2364 3802 2585 3867 invenit,
2612 3796 2782 3857 livore
2808 3816 2904 3856 suo
2935 3792 3168 3865 sanavit,
3189 3798 3447 3869 propriis-

1872 3908 1977 3964 que
2025 3894 2284 3957 humeris,
2322 3892 2600 3965 sanguinis
2633 3890 2715 3948 sui
2758 3890 3025 3946 medicina
3051 3898 3227 3945 sartos
3252 3887 3320 3943 ad
3346 3900 3444 3968 ρετ

1866 3987 2028 4041 triam
2054 3985 2280 4041 revexit.
2309 3984 2483 4049 Unde,
2517 3984 2643 4055 quia
2674 3999 2772 4039 suo
2802 3981 3049 4053 exemplo
3074 3989 3281 4037 tantam
3308 3994 3447 4052 pra:-

1866 4077 2002 4132 stitit
2044 4076 2493 4142 misericordiam,
2514 4074 2638 4145 jure
2663 4075 2809 4131 beati
2847 4074 2939 4145 qui
2981 4087 3104 4129 eum
3140 4072 3442 4127 imitantur.

1865 4172 1935 4226 At
1959 4186 2086 4225 vero
2111 4179 2335 4226 econtra
2358 4168 2467 4225 iiiis
2483 4167 2746 4238 judicium
2786 4162 2903 4222 sine
2932 4164 3319 4230 misericordia,
3351 4161 3445 4233 qui

1865 4264 2138 4319 noluerint
2168 4263 2222 4318 in
2253 4263 2357 4318 hoc
2386 4259 2584 4317 saeculo
2611 4258 2896 4330 egentibus
2922 4256 3188 4312 misereri.
3430 4268 3439 4273 δ

1937 4353 2087 4409 Beati
2115 4352 2311 4407 mundo
2338 4350 2525 4418 corde,
2562 4351 2811 4422 quoniam
2846 4348 2946 4419 ipsi
2983 4346 3149 4402 Deum
3180 4330 3442 4401 videbitur;

233 4446 412 4502 Beati
431 4446 815 4511 misericordes,
829 4448 1079 4518 quoniam
1096 4446 1199 4518 ipsi
1221 4447 1632 4503 misericordiam
1651 4462 1765 4501 con.
1789 4495 1844 4557 Β
1869 4444 2040 4512 Quam
2067 4442 2292 4547 pulchre
2319 4450 2472 4545 sexto
2500 4441 2620 4497 loco
2642 4437 3098 4557 gormsﬂunditia
3124 4438 3360 4557 ponitu‘r,
3386 4443 3447 4493 ut

166 4547 489 4609 Mr.
513 4537 883 4594 Ilisericordia
904 4546 1085 4594 autem
1106 4554 1215 4595 non
1238 4539 1343 4595 nisi
1371 4540 1436 4594 de
1456 4540 1767 4609 praeceden-
1789 4528 1844 4557 ³³
1869 4537 2032 4592 homo
2072 4534 2271 4590 sensim
2290 4572 2311 4600 ,
2334 4533 2429 4597 qui
2458 4543 2613 4589 sexto
2640 4532 2727 4589 die
2758 4530 3010 4587 conditus
3036 4538 3153 4595 est,
3180 4544 3278 4599 per
3306 4528 3448 4585 hanc

170 4629 323 4685 tibus
360 4628 615 4683 nascimur
637 4629 913 4698 gradibus.
943 4628 1079 4685 Nam
1102 4628 1264 4700 plena
1293 4638 1348 4686 et
1366 4645 1492 4687 vera
1523 4645 1769 4701 compas-

171 4719 251 4775 sio
276 4717 626 4774 uiuerent-
657 4720 765 4774 non
786 4727 903 4787 est,
940 4720 1045 4775 nisi
1071 4722 1411 4790 praecesserit
1437 4730 1564 4786 vera
1591 4721 1769 4777 humi-

170 4809 294 4867 litas
309 4817 393 4865 et
409 4817 615 4865 tura:
629 4811 960 4877 communio,
974 4812 1169 4869 deinde
1188 4823 1535 4869 mansuescat
1556 4814 1770 4869 animus

430 4913 645 4970 semper
686 4899 898 4972 lgibus
930 4900 1241 4969 subiacere,
1288 4910 1344 4957 et
1387 4903 1610 4973 incipiat
1642 4918 1769 4960 suos

172 5000 625 5060 cates-uruntque
664 5006 835 5049 casus
868 5000 926 5048 et
968 4992 1218 5048 miserias
1261 4994 1637 5064 compatiendo
1676 4996 1771 5051 de-

172 5081 331 5151 ﬂuo,
374 5096 442 5139 ac
466 5092 677 5153 postea,
697 5092 981 5156 purgatus,
1015 5085 1337 5156 quantisper
1356 5084 1622 5155 justitiam
1646 5102 1771 5143 esu-

176 5175 307 5230 ﬁre.
352 5171 601 5240 Quarum
639 5176 707 5231 de
750 5186 1010 5248 percepit
1046 5190 1173 5232 vera
1210 5178 1580 5233 misericordia
1608 5192 1772 5248 gene-

182 5275 362 5330 ratur,
395 5279 531 5334 quas
554 5267 647 5336 qui
674 5267 951 5334 habuerit,
972 5269 1223 5324 miserias
1258 5269 1538 5324 hominum
1563 5269 1772 5324 curabit

181 5369 310 5411 suas
340 5353 579 5421 eﬂcere,
605 5358 811 5413 viribus
831 5374 1048 5428 quoque
1074 5359 1272 5428 quibus
1296 5359 1495 5429 poterit
1521 5359 1771 5414 omnibus

180 5448 505 5505 Subvenire.
551 5445 651 5503 Cui
695 5449 740 5504 si
781 5448 1011 5505 facultas
1052 5450 1201 5509 desit.
1238 5449 1621 5517 subveniendi,
1662 5465 1771 5506 non

182 5553 317 5610 ergo
342 5539 653 5608 compassio
689 5541 1033 5595 miseriarum
1075 5540 1266 5596 deerit.
1312 5541 1393 5596 Ab
1432 5541 1534 5596 hoc
1576 5541 1775 5611 quippe

188 5629 571 5687 misericordia
591 5631 736 5686 dicta
766 5640 876 5698 est,
903 5633 1043 5687 utin
1070 5634 1233 5688 corde
1259 5634 1508 5689 miserias
1544 5633 1773 5693 aliorum

188 5734 417 5789 ιοιιω
442 5722 729 5785 ἰδοίαωιιι
751 5725 898 5786 Deus
916 5738 1069 5798 vero,
1089 5725 1195 5785 etsi
1210 5725 1524 5784 misericors
1543 5726 1773 5798 dicatur;

1869 4629 2057 4684 redeat
2098 4627 2171 4682 ad
2207 4625 2501 4695 imaginem
2534 4622 2829 4679 Creatoris.
2858 4620 3031 4688 Quam
3060 4620 3305 4691 profecto
3339 4622 3449 4674 non

1869 4720 1975 4775 nisi
2021 4719 2196 4789 caligo
2232 4717 2488 4772 vitiorum
2531 4714 2884 4772 oblitteravit.
2934 4712 3040 4768 Sed
3081 4712 3167 4767 his
3211 4710 3449 4781 depulsis

1870 4822 2137 4884 praecepta
2164 4810 2354 4866 salutis
2378 4817 2529 4865 recte
2550 4807 2916 4877 exsequimur,
2939 4813 3001 4859 ut
3028 4818 3218 4859 rursus
3245 4800 3445 4856 illumi-

1870 4903 1981 4959 uati
2008 4903 2177 4958 Deum
2200 4901 2383 4957 videre
2402 4899 2695 4970 possimus.
2721 4897 3049 4967 Prteceptum
3066 4935 3081 4963 ,
3125 4893 3299 4964 inquit
3321 4891 3450 4949 Pro-

1869 4995 2069 5067 pheta,
2114 4992 2328 5046 Domini
2374 4990 2610 5045 lucidunt
2663 4988 2971 5044 illumiuans
3026 4985 3205 5041 oculos
3252 4981 3447 5055 (Psat.

1873 5100 2026 5151 xvm,
2056 5083 2145 5157 9).
2178 5083 2295 5139 Lux
2323 5082 2558 5151 denique
2586 5088 2981 5151 praeceptorum
3017 5092 3122 5133 non
3161 5082 3341 5147 potest
3368 5074 3449 5129 iu-

1873 5190 1999 5233 cere
2042 5176 2094 5230 in
2144 5175 2302 5230 domo
2345 5174 2712 5229 tenebrarum.
2761 5171 2967 5227 idcirco
3009 5168 3277 5240 pellantur
3316 5165 3450 5221 vitia

1873 5267 2076 5323 nostris
2103 5264 2389 5330 cordibus,
2435 5270 2495 5317 ut
2533 5262 2867 5319 illustremur
2908 5260 3027 5314 luce
3067 5257 3446 5313 mandatorum

1878 5358 1993 5413 Dei.
2029 5355 2135 5411 Sed
2160 5354 2298 5410 forte
2324 5354 2440 5409 vult
2461 5354 2657 5424 aliquis
2677 5353 2757 5408 sic
2776 5351 2990 5423 operari
3019 5349 3249 5421 plurima
3278 5340 3452 5402 varth

1878 5456 1991 5502 tum
2019 5460 2203 5517 opera,
2233 5453 2292 5500 ut
2322 5446 2515 5500 habeat
2537 5443 2712 5498 adhuc
2738 5443 2791 5497 in
2812 5451 3027 5511 pectore
3051 5439 3278 5508 alicujus
3300 5440 3452 5495 vitio‘

1879 5555 1997 5595 rum
2021 5540 2325 5611 caliginem,
2353 5554 2513 5608 quam
2542 5538 2771 5593 necdum
2806 5536 2936 5589 velit
2962 5535 3080 5591 luce
3105 5534 3276 5605 fugari
3301 5534 3452 5588 veri-

1882 5633 2024 5688 tatis.
2049 5631 2185 5687 Huic
2204 5631 2444 5701 proiecto
2467 5630 2557 5685 lex.
2580 5629 2668 5682 illa
2699 5628 2946 5699 congruit
2980 5626 3048 5683 de
3076 5625 3303 5697 conjuge
3327 5630 3452 5681 carJ

1881 5727 2024 5783 tuine
2051 5725 2344 5797 redempta,
2361 5721 2517 5797 cujus
2534 5720 2786 5778 nimirum
2798 5719 2919 5778 viro
2937 5719 3025 5777 les
3046 5719 3305 5787 daturus,
3320 5717 3457 5781 (ιω
