4000 6362
571 315 676 372 92⁸5

1359 312 1416 371 S.
1456 310 1812 370 PASCIIASII
1851 309 2196 368 RADBERTI
2234 310 2524 369 ABBATIS
2561 309 3012 370 CORBEIENSIS

3716 310 3823 367 224

573 438 777 482 tartara
805 427 1042 496 liquerit,
1069 427 1150 482 fas
1173 425 1244 480 sit
1274 425 1326 480 in
1361 439 1480 480 eam
1503 425 1704 480 lumina
1726 425 1960 480 flectere.
1992 425 2144 482 Unde
2171 430 2222 490 Α
2249 429 2404 482 nobis
2442 437 2586 483 recte
2631 429 2906 498 incipitur,
2935 429 3082 497 quia,
3113 432 3286 483 donec
3316 427 3402 483 lex
3451 428 3633 484 carnis
3666 443 3828 499 repu-

568 519 820 590 quidam:
863 519 1169 588 Quicunque
1191 517 1259 570 ad
1284 533 1528 586 superum
1559 518 1693 570 diem
1717 527 1937 572 mentem
1961 518 2147 573 ducere

569 611 778 680 quierit,
791 619 837 663 et
853 618 1140 662 tartareum
1155 609 1209 662 in
1224 623 1405 676 specus
1418 607 1581 660 victus
1596 606 1794 660 lumina
1809 608 1990 676 ﬂectit,
2003 608 2150 678 quid-

569 702 696 772 quid
724 701 1042 770 prwcipuum
1066 699 1226 753 trahit
1256 698 1408 762 lucis,
1432 693 1599 765 perdit
1629 699 1755 752 dum
1778 701 1909 754 videt
1932 701 2145 770 inferos.

571 789 907 859 Quapropter
933 790 1171 858 quinque
1210 788 1503 857 praemissis
1532 789 1808 858 gradibus,
1839 792 2149 861 purgandus

571 887 653 935 est
677 878 838 951 245
870 879 1065 933 mentis
1087 878 1297 942 oculus,
1315 893 1380 931 ue
1403 876 1546 932 forte
1573 878 1627 933 in
1651 894 1758 932 uno
1776 879 2147 934 mandatorum

572 970 785 1024 animus
799 967 1058 1033 offensus,
1088 967 1181 1022 ﬁat
1205 969 1444 1022 omnium
1472 983 1615 1024 reus.
1638 969 1844 1024 Idcirco
1865 985 2007 1023 vera:
2028 967 2150 1024 bea-

571 1060 816 1114 titudinis
835 1070 1046 1114 amator
1060 1060 1127 1113 ab
1143 1059 1289 1113 omni
1313 1059 1604 1113 labentium
1623 1075 1802 1114 rerum
1813 1059 2149 1129 jucunditate

569 1167 688 1207 sese
713 1153 986 1217 extrahat,
1012 1161 1066 1208 et
1094 1161 1344 1206 avertens
1367 1167 1424 1206 se
1450 1161 1798 1206 convertatur
1819 1153 1884 1206 ad
1910 1153 2150 1208 dilectio-

570 1257 692 1297 nem
723 1251 1066 1296 :eternorum.
1097 1240 1504 1311 Contemplator
1526 1256 1593 1295 ex
1625 1241 1894 1296 desiderio
1941 1241 2152 1296 incom-

570 1333 879 1386 mutabilem
905 1342 960 1388 et
990 1333 1308 1388 immensam
1348 1332 1610 1386 unitatem
1640 1333 1766 1398 Dei,
1789 1333 2148 1404 eamdemque

572 1423 888 1479 Trinitatem
915 1423 1138 1478 Deitatis
1174 1423 1526 1492 incapabilem
1552 1421 1676 1478 ﬁdei
1700 1423 1974 1478 intellectu
2003 1439 2149 1478 com-

572 1515 893 1584 prehendat.
927 1513 1008 1569 Ob
1047 1511 1202 1583 cujus
1247 1529 1505 1579 amorem,
1539 1512 1764 1584 expletis
1797 1513 2052 1582 gradibus
2080 1513 2147 1567 ab

568 1603 714 1657 omni
739 1604 966 1673 stiepitu
994 1619 1199 1670 rerum,
1231 1614 1286 1658 et
1319 1607 1556 1674 appetitu
1586 1606 2147 1674 coueupiscentiarum

570 1691 803 1746 alienum
832 1708 890 1747 se
934 1691 1122 1758 faciat,
1145 1695 1322 1764 quoad
1344 1694 1513 1765 possit
1552 1695 1738 1749 videre
1764 1695 1950 1760 Deum,
1976 1711 2148 1764 quan-

2251 528 2380 588 gnat
2401 518 2502 590 legi
2535 519 2754 584 mentis,
2782 519 2956 589 pacati
2978 533 3085 573 non
3112 520 3272 574 modo
3300 517 3477 584 alteri,
3509 534 3699 574 verum
3729 535 3827 575 nec

2249 607 2402 662 nobis
2422 623 2541 662 esse
2561 624 2865 678 possumus.
2896 607 3168 663 Interdum
3198 618 3377 663 autem
3421 607 3685 663 inoﬂense
3715 625 3830 664 me-

2249 699 2482 755 dicinam
2511 700 2632 756 aliis
2659 701 2802 756 ferre
2833 702 3142 772 nequimus,
3166 703 3260 773 qui
3289 701 3444 757 divisi
3471 702 3521 755 in
3552 703 3716 756 nobis
3743 703 3827 756 in-

2249 802 2335 848 tus
2357 793 2501 850 civili
2534 795 2676 850 bello
2703 805 3004 850 vastamur.
3037 796 3243 850 Idcirco
3267 796 3417 866 prius
3446 796 3674 851 sedandi
3704 807 3832 851 sunt

2249 901 2436 942 omnes
2467 888 2661 942 animi
2717 897 2896 944 motus
2957 889 3244 957 carnisque
3304 887 3573 952 frenandi,
3634 888 3833 943 deinde

2249 991 2634 1046 componamus
2659 980 3011 1050 subjicientes
3037 995 3131 1035 eos
3161 980 3400 1049 spiritui,
3441 980 3726 1049 mentique
3773 996 3835 1035 ac

2248 1071 2469 1136 rationi,
2499 1072 2772 1128 calcantes
2816 1073 3083 1128 domando
3123 1088 3313 1127 omnes
3361 1072 3836 1142 concupiscentia-

2250 1177 2368 1216 rum
2410 1164 2596 1228 rimas,
2629 1164 2702 1218 ita
2744 1173 2802 1218 ut
2845 1164 3073 1234 imperet
3100 1165 3153 1218 in
3183 1165 3338 1220 nobis
3363 1165 3623 1233 quidquid
3652 1165 3838 1218 excel-

2249 1251 2446 1309 lentius
2489 1263 2592 1319 est,
2649 1264 2703 1309 et
2753 1265 2898 1310 totus
2942 1257 3102 1311 homo
3150 1265 3332 1310 noster
3376 1254 3611 1324 Spiritus
3657 1257 3834 1311 sancti

2248 1353 2436 1414 pareat
2455 1346 2771 1417 disciplinis.
2797 1345 2949 1401 Tunc
2973 1355 3115 1402 recte
3144 1346 3262 1401 fons
3286 1348 3434 1416 pacis
3462 1347 3527 1400 ad
3572 1345 3718 1402 alios
3751 1348 3841 1402 de-

2249 1437 2477 1504 rivatur,
2509 1454 2631 1493 cum
2664 1438 2718 1493 in
2766 1440 2921 1494 nobis
2963 1443 3281 1498 manaverit,
3314 1449 3369 1492 et
3411 1453 3602 1492 omnes
3649 1448 3840 1508 partes

2249 1527 2442 1583 animae
2470 1544 2534 1583 ac
2569 1530 2810 1598 corporis
2834 1539 3125 1598 occupatas
3155 1530 3406 1583 tenuerit.
3425 1527 3655 1598 Oportet
3675 1544 3838 1599 ergo,

2249 1632 2508 1690 quantum
2547 1637 2610 1676 ex
2655 1623 2810 1677 nobis
2833 1634 2934 1686 est,
2977 1633 3174 1676 etcum
3217 1622 3468 1676 omnibus
3519 1621 3842 1676 hominibus

2249 1730 2438 1785 pacem
2466 1715 2686 1770 habere.
2721 1713 2922 1769 Deinde
2968 1714 3108 1767 inter
3137 1729 3196 1769 se
3224 1722 3280 1768 et
3307 1714 3361 1767 in
3395 1728 3475 1778 se,
3503 1713 3841 1768 dissidentes

571 1790 683 1836 tum
738 1792 914 1853 potest
961 1785 1030 1839 ab
1084 1784 1170 1838 his
1229 1786 1320 1855 qui
1371 1785 1499 1840 huic
1561 1785 1758 1840 saaculo
1820 1786 2144 1840 moriuntur.

2250 1805 2475 1878 iustitia:
2499 1806 2715 1872 aﬁ'ectu,
2744 1807 2985 1877 singulos
3010 1807 3063 1860 in
3093 1822 3152 1862 se
3177 1815 3232 1861 et
3278 1821 3400 1860 cum
3441 1806 3700 1860 omnibus
3742 1820 3840 1876 pa-

569 1871 724 1929 Hunc
797 1876 977 1944 itaque
1057 1883 1264 1930 tantum
1335 1876 1564 1944 quisque
1623 1876 1770 1931 videt
1831 1876 2148 1946 inquantum

568 1966 766 2022 Steculo
822 1969 1069 2022 moritur.
1125 1966 1299 2033 Videt,
1339 1968 1578 2037 inquam,
1631 1982 1727 2039 per
1769 1969 2044 2038 speculum
2096 1975 2152 2022 et

569 2057 853 2126 aenigmate
909 2056 1304 2125 quodammodo
1380 2055 1600 2121 certior,
1673 2058 1799 2126 quia
1863 2056 2150 2124 jucundior

568 2147 618 2200 ei
650 2147 856 2217 species
900 2147 1036 2202 lucis
1078 2147 1264 2217 incipit
1311 2162 1589 2217 apparere.
1643 2147 1701 2202 In
1731 2146 1914 2202 futuro
1944 2156 2146 2214 autem,

571 2236 664 2306 qui
703 2249 874 2305 usque
912 2237 980 2291 ad
1007 2238 1151 2292 hunc
1196 2237 1472 2306 attigerint
1500 2238 1748 2308 gradum,
1789 2235 1901 2306 jam
1933 2237 2147 2292 niundi-

568 2329 763 2384 cordes
775 2330 964 2394 Deum,
979 2333 1134 2388 sicuti
1151 2341 1256 2399 est,
1284 2335 1477 2388 mentis
1489 2333 1646 2389 oculo
1657 2334 1932 2388 videbunt.
1950 2334 2016 2388 Et
2031 2334 2150 2388 ideo

570 2419 791 2489 spiritus
814 2422 1176 2495 intelligentiae
1209 2425 1334 2480 huic
1356 2424 1545 2494 gradui
1570 2423 1693 2493 jure
1737 2434 1970 2494 aptatur,
2017 2440 2151 2494 quo-

571 2510 715 2564 niam
749 2511 1052 2569 intellectus
1073 2513 1262 2569 oculus
1309 2516 1505 2569 mentis
1546 2524 1668 2580 est;
1709 2516 1891 2586 itaque
1918 2515 2149 2586 expletio

574 2603 954 2658 mandatorum
983 2605 1078 2660 Dei
1104 2605 1433 2660 intellectum
1465 2605 1662 2676 aperit,
1693 2606 1834 2661 sicut
1875 2605 2148 2676 Propheta

569 2695 756 2750 canit:
800 2698 842 2750 Α
882 2698 1147 2752 mandatis
1185 2700 1287 2753 tuis
1327 2698 1575 2753 intellexi.
1611 2698 1766 2755 Unde
1811 2710 2025 2755 constat
2056 2717 2151 2756 cor

570 2789 818 2843 mundari
849 2790 1068 2856 debere,
1117 2801 1175 2846 et
1219 2792 1384 2846 vitam
1436 2792 1728 2847 virtutibus
1777 2792 2054 2858 illustrari,
2090 2803 2149 2848 ut

570 2878 910 2934 simusluxin
925 2881 1168 2937 Domino.
1196 2881 1404 2950 Quibus
1433 2883 1670 2953 respersi
1703 2883 1866 2948 votis,
1896 2884 1949 2938 in
1974 2883 2149 2939 lucem

572 2969 730 3024 nobis
765 2970 1066 3026 clarescant
1086 2974 1291 3039 omnia,
1315 2983 1370 3028 et
1394 2972 1677 3028 affectibus
1703 2984 2104 3044 prosequantur
2129 2990 2145 3040 ;

574 3061 682 3117 tale
704 3063 902 3133 quippe
929 3079 1024 3118 eor
1045 3076 1275 3136 regnum
1314 3066 1437 3136 jure
1479 3066 1678 3121 dicitur
1715 3066 1830 3131 Dei,
1862 3073 1916 3120 et
1943 3066 2064 3120 ideo
2093 3074 2151 3119 ut

2251 1909 2400 1955 catos
2452 1899 2810 1962 exhortando,
2875 1900 3156 1963 movendo,
3229 1899 3467 1971 agendo,
3517 1899 3840 1954 restituere.

2253 1989 2390 2046 Vera
2414 1992 2628 2060 quidem
2657 2007 2761 2061 pax
2791 1999 2894 2052 est,
2918 1989 3007 2044 ubi
3058 1991 3190 2046 nihil
3219 2000 3505 2062 repugnat.
3548 1991 3844 2061 Quaprop-

2253 2089 2354 2145 ter,
2373 2081 2473 2136 etsi
2503 2081 2656 2134 nobis
2669 2080 2846 2150 pacati
2863 2096 3067 2147 sumus,
3098 2081 3324 2136 sollicite
3340 2082 3762 2138 consideremus
3779 2097 3844 2138 ue

2251 2189 2280 2227 a
2303 2173 2725 2226 sanctiﬁcatione
2750 2173 2983 2228 nominis
3013 2173 3105 2228 Dei
3139 2174 3194 2228 in
3224 2174 3407 2244 aliquo
3433 2174 3840 2244 discrepet-ius.

2252 2263 2357 2320 Sed
2387 2264 2556 2334 patris
2571 2279 2764 2318 nomen
2788 2265 2840 2317 in
2865 2263 2988 2318 ﬁliis
3015 2264 3344 2329 dedicatum,
3375 2264 3485 2320 vita
3505 2275 3562 2320 et
3586 2267 3846 2320 moribus

2249 2358 2584 2414 ostendatur.
2611 2356 2762 2412 Unde
2775 2373 2994 2412 oramus
3013 2375 3026 2411 :
3047 2355 3417 2428 Sanctiﬁcetur
3445 2377 3633 2414 nomen
3661 2371 3842 2426 tuum,

2250 2465 2440 2504 revera
2479 2457 2537 2502 ut
2563 2459 2614 2502 et
2637 2463 2736 2503 nos
2765 2449 2938 2504 sancti
2986 2448 3176 2504 simus.
3228 2449 3398 2520 Igitur
3437 2466 3540 2521 pax
3587 2452 3692 2506 ista
3729 2468 3847 2506 non

2251 2539 2353 2594 nisi
2386 2537 2656 2594 voluntate
2685 2539 2824 2592 bona
2853 2538 3107 2602 nutritur,
3131 2539 3273 2607 quod
3304 2540 3442 2594 bene
3472 2540 3526 2594 in
3557 2549 3682 2594 ortu
3717 2539 3848 2594 Sal-

2248 2629 2453 2684 vatoris
2480 2629 2651 2700 angeli
2678 2630 3031 2684 cecinerunt:
3067 2627 3250 2684 Gloria
3277 2631 3331 2683 in
3356 2630 3570 2684 excelsis
3617 2629 3766 2694 Deo,
3801 2642 3847 2685 et

2249 2722 2304 2775 in
2333 2718 2471 2774 térra
2492 2737 2596 2790 pax
2623 2720 2916 2774 hominibus
2943 2721 3090 2774 bonw
3122 2721 3400 2775 voluntatis
3440 2720 3592 2791 (Luc.
3617 2736 3682 2784 ll,
3720 2721 3845 2789 μ).

2250 2811 2400 2866 Hanc
2425 2813 2622 2881 quippe
2645 2811 2875 2866 mundus
2909 2812 3038 2867 dare
3076 2827 3182 2866 non
3218 2819 3394 2882 potest
3434 2825 3642 2881 pacem.
3679 2809 3850 2868 lianc

2251 2901 2408 2958 Jesus
2451 2902 2604 2972 quasi
2644 2902 3014 2956 haereditatem
3057 2911 3112 2957 et
3144 2902 3548 2957 Testamentum
3593 2898 3851 2970 adoptio-

2250 2994 2336 3048 nis
2363 2994 2474 3047 suis
2504 2992 2719 3062 reliquit
2739 2992 3042 3048 lueredibus
3067 3011 3080 3046 :
3109 2992 3324 3058 Pacem,
3351 2993 3544 3064 inquit,
3569 2994 3636 3046 do
3666 2993 3846 3061 vobis,

2251 3099 2428 3152 pacem
2461 3082 2694 3153 relinquo
2745 3083 2883 3137 vobis
2909 3081 3092 3154 (Joan.
3124 3099 3230 3148 Xtv,
3278 3082 3392 3155 27).
3435 3083 3502 3138 Et
3549 3098 3675 3138 vere
3713 3099 3850 3140 ma-

575 3151 670 3206 ﬁa‘
703 3153 755 3207 in
789 3155 945 3246 ξιοὺίε
964 3170 1222 3246 “tamus:
1257 3158 1512 3211 Αάυεηίατ
1561 3173 1774 3228 regnum
1819 3167 1988 3211 “‘“m-
2040 3156 2147 3212 Βε-
2177 3164 2222 3228 C
2253 3151 2414 3246 gnum
2444 3151 2774 3230 hereditatis
2796 3151 3200 3241 commercium,
3230 3151 3470 3246 quo'ﬁlii
3495 3174 3676 3231 Patris
3712 3177 3853 3234 efﬁ-

573 3258 738 3314 gnum
788 3244 970 3315 itaque
1016 3245 1111 3301 Dei
1159 3249 1354 3302 munda
1381 3249 1650 3317 possessio
1683 3257 1788 3314 est,
1809 3259 1864 3304 et
1888 3258 2035 3303 tanto
2065 3249 2148 3304 in-

573 3340 798 3411 tegrior,
827 3352 1029 3411 quanto
1075 3344 1284 3414 plenior
1320 3346 1607 3403 virtutibus
1658 3357 1714 3403 et
1756 3348 2036 3419 purgatior
2073 3347 2151 3401 vi-

575 3431 682 3486 tiis.
727 3432 861 3500 Quia
882 3445 940 3489 ut
971 3435 1103 3503 dixi,
1136 3437 1373 3506 quandiu
1414 3448 1648 3494 mentem
1678 3439 1930 3494 vitiorum
1979 3437 2150 3510 caligo

573 3527 866 3593 torporque
908 3525 1133 3594 ignaviae
1181 3536 1368 3593 caecat,
1413 3544 1516 3582 non
1545 3529 1666 3584 dico
1693 3528 1864 3583 lucem
1890 3544 2030 3592 esse,
2059 3529 2151 3583 sed

572 3627 672 3668 nec
699 3629 796 3669 nos
820 3613 992 3670 lucem
1022 3617 1204 3672 videre
1227 3634 1382 3689 posse
1408 3619 1613 3674 dubito.
1646 3618 1844 3674 Verum
1892 3634 1990 3674 nec
2031 3619 2151 3675 aliis

570 3705 742 3762 oculis
780 3708 1048 3764 videbitur
1072 3707 1211 3764 Deus
1264 3710 1502 3765 Trinitas
1533 3727 1694 3780 quam
1728 3710 1884 3766 oculo
1929 3711 2146 3766 mentis.

573 3793 685 3886 Nec
710 3799 928 3853 dubium
971 3801 1112 3870 quod
1142 3801 1283 3856 beati
1311 3803 1691 3858 mundicordes
1717 3802 1991 3868 dicuntur,
2018 3819 2152 3873 quo-

580 3900 702 3939 rum
728 3896 940 3942 mentes
983 3889 1260 3957 praemissa
1301 3891 1692 3945 beatitudinum
1724 3893 1979 3947 exercitia
2011 3893 2153 3948 illus-

577 3985 742 4042 trant,
807 3987 862 4032 et
910 3995 1097 4034 earum
1145 3981 1404 4035 munditia
1453 3982 1805 4036 directionem
1863 3984 2042 4060 cordis
2085 3985 2154 4040 ad

575 4067 850 4124 Christum
907 4071 1191 4142 gubernat.
1235 4072 1468 4127 Nimium
1500 4087 1713 4142 quoque
1742 4074 1922 4128 miseri
1963 4084 2019 4129 et
2069 4075 2150 4130 in-

576 4160 786 4228 felices,
837 4180 974 4234 quos
1020 4165 1195 4220 adhuc
1235 4165 1461 4220 intentio
1489 4167 1743 4242 vitiorum
1777 4175 1960 4222 caecat.
1995 4167 2149 4234 Quia,

575 4253 716 4309 sicut
744 4254 1082 4310 fastidientes
1105 4257 1338 4311 esuriem
1351 4255 1580 4326 justitiae
1619 4257 1853 4313 vitaliter
1878 4274 1984 4313 non
2017 4260 2154 4314 reci-

576 4342 750 4413 piunt,
799 4344 871 4398 ita
900 4345 1084 4400 caecati
1129 4347 1336 4416 peccati
1378 4347 1629 4418 caligine,
1660 4348 1835 4404 lucem
1879 4347 2007 4404 licet
2052 4348 2154 4406 ful-

575 4445 788 4506 gentem
815 4437 999 4492 videre
1022 4449 1318 4507 nequeunt.

2251 3267 2424 3322 cimur
2449 3275 2504 3322 et
2535 3283 2759 3338 regnum
2790 3267 3048 3322 sortimur
3096 3276 3377 3321 aeternum.
3425 3266 3529 3322 Sed
3576 3285 3850 3339 quaren-

2257 3359 2381 3413 dum
2417 3374 2521 3428 pax
2562 3373 2726 3429 quam
2772 3359 2886 3413 suis
2923 3358 3197 3413 distribuit
3232 3356 3531 3428 discipulis,
3578 3366 3854 3416 utrumne

2252 3449 2340 3504 illa
2371 3451 2441 3504 sit
2497 3451 2563 3505 de
2621 3465 2727 3520 qua
2761 3449 2894 3505 dicit
2925 3449 3213 3521 Apostolus
3242 3465 3256 3504 :
3294 3449 3413 3504 Pax
3454 3449 3553 3504 Dei
3588 3467 3711 3521 qua:
3747 3469 3856 3506 ex-

2249 3548 2461 3608 superat
2478 3556 2679 3594 omnem
2700 3556 2906 3594 sensum
2931 3539 3150 3611 (Philip.
3176 3540 3342 3610 n32).
3369 3541 3522 3608 Quod
3547 3541 3592 3596 si
3612 3556 3853 3597 omnem

2254 3641 2475 3702 superat
2556 3646 2797 3696 sensum,
2854 3631 3043 3687 saltem
3114 3633 3383 3703 quomodo
3425 3631 3854 3703 apostolorum?

2251 3723 2336 3779 vel
2364 3723 2634 3794 quomodo
2661 3723 2956 3779 secundum
2997 3739 3116 3778 eam
3137 3723 3349 3793 paciﬁci
3374 3738 3495 3780 esse
3520 3738 3849 3794 possumus,

2253 3833 2414 3887 quam
2445 3831 2545 3872 nec
2577 3817 2821 3887 capimus
2848 3816 2870 3869 ‘l
2900 3814 3071 3870 Omne
3095 3816 3237 3891 enim
3276 3816 3420 3885 quod
3447 3823 3851 3886 exsuperatur,

2251 3923 2350 3962 nec
2379 3905 2540 3978 247
2589 3907 2807 3976 attingit
2840 3906 2906 3960 ad
2957 3920 3080 3960 eum
3134 3905 3276 3976 quod
3323 3907 3659 3976 praeminet,
3707 3908 3852 3976 quia

2252 3995 2408 4067 longe
2436 3997 2662 4050 inferius
2691 4010 2934 4065 pressqu
2959 4011 3051 4050 sua
3077 3996 3572 4067 inﬁrmitatejacet.
3623 3997 3852 4056 Idcirco

2252 4090 2299 4144 si
2330 4105 2434 4159 pax
2458 4089 2553 4144 Dei
2584 4105 2799 4144 onmem
2827 4105 3045 4145 sensum
3074 4098 3314 4160 superat,
3339 4105 3531 4145 sensus
3560 4092 3854 4148 humanus

2251 4180 2462 4234 eminus
2492 4180 2544 4234 in
2585 4195 2642 4235 se
2670 4181 2844 4234 victus
2880 4181 3044 4250 jacet.
3082 4181 3233 4237 Unde
3263 4181 3511 4238 fortassis
3541 4197 3664 4236 eam
3713 4198 3854 4253 quae

2253 4269 2645 4340 superexcellit,
2702 4287 2805 4324 non
2838 4271 2960 4326 dico
2987 4286 3212 4342 capere,
3236 4271 3426 4327 saltem
3459 4281 3728 4342 quantum
3771 4291 3854 4329 ex

2253 4377 2311 4417 se
2349 4370 2451 4426 est,
2492 4377 2590 4416 nec
2625 4363 2892 4433 attingere
2924 4363 3085 4418 valet.
3117 4363 3198 4418 Ex
3220 4379 3328 4434 quo
3356 4372 3591 4430 constat,
3631 4364 3679 4418 si
3710 4381 3853 4420 sen-

2255 4467 2348 4507 sus
2371 4466 2488 4507 eam
2511 4453 2948 4538 praeminentem
2979 4453 3202 4511 minime
3227 4456 3392 4525 capit,
3422 4471 3522 4510 nec
3536 4457 3851 4526 recipitur;

647 4544 818 4613 Beati,
852 4549 1046 4619 inquit,
1075 4551 1304 4621 paciﬁci,
1344 4553 1593 4622 quoniam
1637 4553 1739 4622 filii
1768 4553 1867 4610 Dei
1894 4555 2152 4611 vocabun-

2254 4551 2331 4608 et,
2358 4545 2402 4598 si
2440 4559 2546 4598 non
2585 4515 2862 4614 recipitur,
2896 4542 3035 4598 forte
3081 4561 3183 4600 nec
3215 4514 3395 4600 datur.
3425 4545 3496 4599 At
3517 4514 3665 4610 vero,
3704 4514 3853 4616 quia

579 4647 687 4692 tur.
751 4637 1106 4696 Paciﬁcorum
1174 4641 1336 4710 igitur
1381 4643 1658 4698 beatitudo
1721 4644 2024 4712 adoptionis
2070 4653 2155 4700 est

572 4744 798 4793 merces,
851 4747 954 4800 qua
1000 4741 1346 4801 exspectatur
1410 4742 1469 4787 ut
1513 4734 1682 4790 simus
1730 4734 1846 4800 ﬁlii,
1875 4735 2016 4804 quod
2056 4750 2151 4805 spe

565 4821 678 4891 jam
705 4823 953 4878 dicimur.
981 4823 1122 4879 Nihil
1142 4839 1271 4895 ergo
1300 4826 1454 4881 nobis
1482 4826 1712 4896 amplius
1737 4835 1828 4880 aut
1859 4826 2150 4897 perfectius

571 4913 988 4982 repromittitur.
1018 4913 1084 4968 Et
1111 4915 1229 4969 ideo
1251 4931 1493 4971 summus
1519 4925 1603 4972 est
1622 4916 1723 4972 iste
1741 4915 1904 4990 246
1927 4919 2146 4988 gradus,

570 5001 636 5055 ad
666 5017 824 5072 quem
854 5013 1113 5075 purgatus
1137 5006 1364 5076 quisque
1391 5022 1606 5078 semper
1634 5007 1878 5072 intendit,
1910 5018 1965 5063 et
1999 5009 2148 5064 illus—

572 5099 747 5147 tratus
795 5093 1064 5164 dirigitur.
1110 5096 1211 5163 Qui
1243 5097 1458 5152 veritati
1510 5112 1608 5152 nec
1652 5098 1889 5168 seipsum
1929 5099 2146 5167 quidem

569 5183 799 5248 confert,
828 5201 927 5241 nec
947 5201 1068 5241 eum
1109 5202 1269 5257 quem
1296 5189 1435 5242 sicut
1463 5204 1700 5258 seipsum
1729 5188 1920 5257 diligit.
1972 5188 2046 5242 Ita
2092 5196 2149 5242 ut

572 5289 747 5344 neque
773 5277 1013 5346 placendi
1037 5279 1236 5344 studio,
1255 5293 1430 5349 neque
1450 5273 1606 5333 ullius
1634 5278 2032 5334 commoditatis
2055 5293 2148 5332 vo-

566 5367 898 5440 luptatisque
942 5371 1116 5436 lucro,
1164 5381 1259 5425 aut
1319 5381 1466 5426 certe
1525 5369 1866 5424 adversitatis
1912 5369 2148 5440 periculo

565 5455 852 5530 frangatur
891 5461 976 5515 vel
1011 5462 1349 5516 deterreatur
1392 5475 1423 5513 a
1473 5473 1618 5514 vero.
1650 5459 1795 5513 Talis
1841 5473 2031 5528 nempe
2078 5461 2145 5513 ad

566 5550 733 5619 hanc,
772 5563 827 5608 et
857 5555 924 5609 ad
954 5555 1176 5625 spiritus
1200 5553 1541 5624 sapientiam,
1569 5568 1688 5622 qua:
1718 5553 1950 5606 maxima
1980 5553 2145 5607 dono-

566 5659 684 5699 rum
719 5654 820 5712 est,
849 5647 1096 5702 ordinate
1145 5647 1408 5716 pervenit,
1445 5661 1549 5715 qua
1587 5653 1809 5715 pacatus
1844 5643 1954 5698 Deo
1994 5653 2139 5698 tran-

566 5737 765 5809 quillus
793 5738 1083 5811 adoptione
1110 5740 1269 5797 beata
1299 5737 1532 5796 fruatur.
1574 5735 1683 5794 Sed
1710 5735 1824 5792 haec
1853 5735 2082 5806 primum
2109 5750 2141 5791 a

2252 4636 2430 4701 datur,
2485 4651 2830 4706 summopere
2879 4637 3223 4708 cogitandum
3273 4651 3356 4693 εει
3397 4639 3668 4708 quomodo
3711 4642 3852 4710 capi

2250 4738 2432 4798 queat.
2481 4727 2614 4795 Quia
2655 4730 2798 4798 quod
2850 4727 3058 4785 Veritas
3112 4729 3362 4800 promisit
3403 4745 3506 4785 nec
3561 4738 3848 4786 mutatur.

2250 4817 2459 4873 Relicta
2481 4829 2564 4873 est
2589 4828 2768 4874 autem
2790 4835 2894 4890 pax
2921 4820 3196 4891 apostolis,
3229 4821 3286 4875 in
3325 4829 3535 4876 tantum
3567 4837 3674 4877 nou
3711 4838 3849 4878 mo-

2251 4909 2320 4964 do
2351 4920 2408 4964 ut
2435 4909 2533 4980 ipsi
2581 4909 2792 4980 paciﬁci
2819 4919 3022 4976 essent,
3053 4925 3236 4966 verum
3274 4922 3336 4967 ut
3377 4911 3556 4968 omnis
3595 4913 3849 4969 mundus

2249 5013 2387 5068 pene
2409 5015 2504 5069 per
2539 5015 2653 5064 eos,
2685 5014 2816 5068 pace
2854 4999 2948 5054 Dei
2976 5009 3219 5070 pacatus,
3251 5001 3588 5055 restituatur.
3619 4999 3850 5057 Idcirco

2253 5100 2346 5147 aut
2374 5093 2452 5147 sic
2491 5091 2862 5162 accipiendum
2889 5092 3034 5164 quod
3081 5107 3271 5148 sensus
3301 5107 3421 5148 eam
3471 5108 3578 5147 non
3625 5093 3846 5161 capiat,

2250 5184 2343 5238 sed
2381 5184 2481 5254 ipsi
2512 5183 2804 5239 clementer
2832 5192 2890 5238 ut
2920 5185 3267 5259 adoptentur,
3292 5185 3574 5255 capiantur
3617 5184 3686 5237 ab
3745 5201 3846 5250 ea,

2251 5287 2347 5331 aut
2374 5289 2522 5331 certe
2573 5277 2938 5347 magnitudine
2985 5292 3083 5332 sua
3112 5287 3332 5350 superat
3371 5292 3439 5332 ne
3472 5278 3725 5347 capiatur
3781 5289 3850 5332 ut

2252 5381 2354 5434 est,
2382 5384 2691 5438 quanquam
2745 5384 2844 5438 pro
2883 5371 3181 5440 capacitato
3234 5384 3490 5425 sensuum
3535 5369 3847 5423 rationabi-

2250 5457 2378 5513 lium
2409 5460 2591 5531 utique
2635 5459 2753 5526 capi
2797 5467 2979 5529 queat.
3011 5457 3128 5512 Non
3177 5469 3382 5529 quanta
3431 5469 3535 5524 est,
3584 5459 3840 5526 inquam,

2247 5552 2339 5604 sed
2368 5560 2625 5618 quantum
2647 5550 2714 5604 ad
2733 5551 3221 5604 reconciliationem
3248 5550 3551 5620 adoptionis
3573 5547 3834 5603 sufﬁciet.

2247 5642 2419 5712 Igitur
2444 5642 2576 5700 nulli
2600 5642 2822 5697 dubium
2846 5643 2990 5712 quod
3033 5644 3272 5699 inﬁnitas
3313 5654 3530 5698 aeterna:
3555 5642 3706 5712 pacis
3736 5659 3843 5696 ex-

2247 5734 2410 5792 cedat
2432 5748 2654 5791 sensum
2696 5741 2897 5790 nostra:
2918 5736 3252 5806 capacitatis.
3283 5732 3396 5789 Hac
3424 5733 3492 5789 de
3517 5746 3677 5788 causa
3720 5747 3838 5801 pax
