4016 6360
139 290 243 346 Ξ⁴25

890 284 1254 344 uxrcsmu
1287 283 1354 341 1N
1396 260 1834 342 nummum.
1873 314 1944 326 —
1983 283 2124 340 LIB.
2155 282 2247 352 ιιι,
2281 282 2434 340 car.
2475 285 2540 342 v.
2581 361 2591 372 ν

3265 292 3375 349 226

133 400 222 458 Dei
263 399 387 456 istis
428 394 904 470 intelligentiarum
943 395 1120 450 modis
1161 403 1376 450 nostros
1412 403 1699 466 exsuperat
1724 401 1776 460 Α
1803 393 1910 449 frui
1938 393 2252 449 meruerint.
2275 394 2392 449 Alia
2411 409 2541 467 ergo
2575 404 2658 451 est
2683 396 2901 452 claritas
2924 399 3076 468 solis,
3099 401 3202 457 alia
3223 404 3378 460 clari-

125 508 338 556 sensus,
371 489 500 545 dum
530 491 625 544 irae
665 488 792 544 ﬁliis
839 504 942 560 pax
971 489 1037 544 de
1064 489 1214 544 caelis
1250 490 1418 559 gratis
1446 490 1701 558 mittitur,

125 594 198 648 et,
231 595 365 652 pace
386 579 593 636 Christi
622 579 979 644 reconciliati,
1009 593 1115 634 non
1155 579 1230 634 illi
1261 595 1378 634 eam
1405 582 1577 650 prius,
1609 583 1702 638 sed

125 676 224 749 ipsi
263 671 804 745 comprehenduntur
858 673 928 726 ab
973 686 1058 727 ea.
1107 672 1238 738 Quae
1294 671 1549 727 nimirum
1597 689 1702 743 pax

127 775 268 824 recte
297 770 520 834 superat
550 777 767 818 omnem
795 777 1034 818 sensum.
1061 761 1200 830 Quid
1238 762 1400 833 igitur
1427 763 1534 818 scis
1563 779 1700 834 quo-

127 859 282 915 modo
295 856 424 912 [iliis
443 855 538 911 ira:
551 871 657 926 pax
676 856 965 910 conveniat
985 853 1008 908 ?
1033 863 1128 910 aut
1143 855 1250 910 scis
1271 855 1542 926 quomodo
1559 864 1701 911 tran-

124 948 324 1022 quillus
349 947 404 1001 in
434 960 570 1017 pace
597 944 741 1000 Deus
770 944 1044 1011 habitans,
1069 961 1134 1000 ac
1165 945 1212 1000 si
1237 959 1478 1012 severus,
1497 946 1705 1017 judicat

123 1039 376 1095 universa
401 1037 426 1089 i
452 1035 520 1090 Et
545 1037 688 1106 quod
727 1035 1032 1092 mirabilius
1061 1045 1164 1101 est,
1196 1052 1300 1107 pax
1333 1037 1497 1092 totius
1525 1037 1758 1118 Trini-

125 1129 270 1193 tatis,
297 1136 506 1198 quanta
555 1139 606 1183 et
645 1127 846 1197 qualis,
871 1128 992 1199 quis
1038 1129 1294 1200 agnovit?
1325 1128 1424 1184 Ubi
1467 1138 1705 1200 potestas

123 1234 226 1276 una
266 1226 328 1274 et
358 1217 544 1274 Deitas
585 1219 928 1288 praedicatur.
962 1217 1078 1275 Una
1110 1219 1308 1290 quippe
1357 1221 1552 1286 virtus,
1598 1237 1704 1276 una

122 1311 388 1383 operatio,
435 1319 492 1366 et
547 1311 780 1367 indivisa
818 1311 1084 1367 voluntas.
1134 1311 1269 1368 Puto
1313 1322 1460 1368 tanta
1501 1323 1556 1368 et
1581 1313 1704 1369 talis

121 1419 242 1476 pax,
281 1403 385 1458 nisi
411 1402 809 1474 quodammodo
837 1418 1002 1460 sensu
1027 1403 1152 1458 ﬁdei
1194 1412 1249 1458 et
1289 1404 1565 1459 intellectu
1613 1419 1706 1460 ca-

120 1499 324 1569 piatur,
353 1511 508 1552 mens
538 1497 726 1552 eadem
752 1511 888 1568 pace
933 1511 1042 1552 non
1070 1496 1392 1551 illustratur.
1426 1497 1702 1554 lllustrata

123 1597 332 1654 autem,
352 1585 399 1643 si
439 1601 496 1642 se
515 1586 660 1642 hanc
685 1586 986 1642 altitudinis
1011 1586 1333 1642 infinitatem
1348 1589 1705 1658 comprehen-

122 1678 269 1735 disse
295 1677 596 1748 prmsumit,
646 1693 714 1734 eo
739 1694 921 1734 .sensu
959 1689 1276 1746 evacuatur,
1319 1695 1426 1752 quo
1457 1680 1704 1752 privatur

1805 495 1890 541 tas
1917 485 2078 550 lunae,
2105 485 2207 539 alia
2239 499 2367 540 vero
2393 486 2614 542 claritas
2643 487 2940 543 stellarum.
2967 488 3134 546 Stella
3171 496 3313 552 enim
3341 512 3374 552 a

1803 576 1954 632 stella
1981 573 2158 630 dill'ert
2187 576 2243 630 in
2271 576 2540 642 claritate,
2579 577 2650 631 ita
2688 586 2744 632 et
2764 581 3090 635 resurrectio
3130 592 3371 638 mortuo-

1803 683 1941 722 rum.
1967 666 2101 720 Nam
2133 682 2354 736 regnum
2383 667 2711 723 coelorumin
2730 683 3015 746 commune
3042 673 3378 730 estinomni-

1803 759 1904 814 bus
1935 758 2296 814 reconciliatis
2337 760 2444 815 Deo
2483 759 2706 830 passim,
2754 759 2891 815 infra
2934 763 3076 832 quod
3117 763 3375 820 nimirum

1802 851 1948 905 varia
1966 849 2309 920 praemiorum
2333 851 2522 906 merita
2543 851 2932 906 suntdiscreta.
2953 851 3058 908 Sed
3083 862 3262 909 tamen
3280 853 3379 910 ali-

1804 940 1931 1011 quid
1964 939 2138 1009 majus
2171 948 2272 1005 est,
2317 941 2454 994 intra
2486 941 2659 1012 ipsum
2691 942 2964 1014 quidpiam
2994 932 3378 1017 dignitatis'ju-

1804 1050 1863 1092 re
1907 1035 2216 1107 specialiter
2276 1035 2573 1107 possidere.
2657 1035 2800 1106 Ergo
2867 1036 2998 1092 inibi
3056 1037 3379 1109 multiplices

1805 1139 1933 1185 sunt
1987 1130 2294 1185 mansiones
2328 1170 2342 1194 ,
2392 1136 2447 1183 et
2498 1129 2619 1184 ideo
2654 1128 2728 1182 ’fit
2777 1129 2844 1185 de
2889 1137 3074 1184 tantae-
3102 1128 3378 1186 felicitatis

1803 1217 1969 1292 249
1998 1219 2338 1289 possessione
2383 1219 2697 1274 consolatio.
2737 1217 2854 1274 Jam
2893 1221 3128 1276 saturari
3169 1222 3380 1292 justitia

1804 1310 1977 1379 majus
2027 1311 2226 1381 aliquid
2268 1319 2352 1366 est
2403 1327 2563 1380 quam
2603 1311 2868 1367 consolari
2909 1328 2939 1366 a
2981 1311 3149 1380 luctu,
3202 1322 3256 1368 ct
3308 1313 3379 1368 ad

1804 1400 2052 1456 ultimum
2097 1401 2190 1456 Dei
2239 1401 2406 1455 ﬁlium
2447 1416 2568 1456 esse
2611 1417 2770 1470 quam
2804 1417 2833 1456 a
2867 1402 3104 1457 reatibus
3156 1403 3377 1458 miseri-

1804 1492 2000 1548 cordiae
2053 1492 2264 1547 veniam
2301 1491 2618 1562 promereri.
2643 1492 3026 1547 Verumtamen
3056 1491 3194 1547 infra
3229 1492 3380 1562 pala-

1806 1583 1940 1638 tium
1969 1584 2162 1639 summi
2193 1583 2354 1655 Regis
2377 1583 2500 1652 quia
2522 1582 2741 1653 plurimi
2763 1591 2887 1638 sunt
2911 1585 3133 1653 gradus,
3153 1581 3264 1649 jam
3295 1583 3384 1639 ille

1803 1679 2122 1749 perspicuus
2153 1687 2237 1734 est
2267 1678 2319 1732 in
2352 1692 2577 1732 numero
2601 1717 2614 1742 ,
2647 1677 2733 1732 cui
2765 1677 3065 1733 claritatem
3092 1687 3149 1734 et
3175 1677 3384 1734 vultum

120 1767 238 1824 luce
285 1769 556 1835 veritatis,
607 1777 664 1824 et
704 1769 1139 1842 praesumptionis
1175 1786 1362 1828 errore
1414 1773 1698 1842 premitur.
1731 1763 1779 1822 B
1805 1772 1990 1828 aeterni
2019 1770 2183 1842 Regis
2219 1770 2583 1826 indesinenter
2626 1769 2855 1841 amplius
2901 1769 3085 1826 videre
3122 1770 3337 1826 licuerit
3368 1788 3382 1825 :

118 1858 241 1914 Inde
271 1855 529 1913 fortassis
558 1867 668 1925 est,
695 1858 838 1928 quod
865 1866 1030 1914 tantae
1055 1859 1206 1929 pacis
1233 1859 1460 1916 altitudo
1484 1875 1702 1916 sensum

1807 1863 1901 1920 sed
1923 1863 2012 1919 ille
2033 1861 2324 1928 excelsior,
2362 1861 2453 1931 qui
2485 1861 2751 1925 ultimam,
2783 1874 2944 1930 quam
2985 1859 3218 1930 praetuli,
3258 1860 3388 1916 ado-

119 1948 604 2021 intelligentiarum
647 1966 863 2008 omnem
910 1949 1125 2022 ell‘ugiat
1174 1958 1230 2007 et
1269 1954 1531 2018 excedat;
1579 1952 1709 2009 sub-
1802 1955 2042 2028 ptionem
2091 1953 2355 2025 gloriosus
2401 1951 2721 2022 perceperit.
2767 1951 2834 2006 Et
2894 1951 3192 2007 notandum
3242 1952 3388 2022 quod

119 2040 376 2096 stantiam
407 2049 590 2096 tamen
615 2040 764 2107 ﬁdei,
789 2049 849 2096 et
877 2041 1294 2098 illustrationem
1317 2042 1704 2115 intelligentiae,

118 2130 265 2202 quod
285 2131 381 2195 sit,
402 2138 462 2184 et
495 2137 646 2185 tanta
668 2145 736 2186 ac
754 2131 878 2187 talis
899 2132 970 2188 sit
996 2141 1196 2202 quanta
1217 2133 1272 2188 in
1308 2134 1483 2189 sacris
1509 2135 1706 2190 litteris

119 2221 474 2292 praedicatur,
501 2239 689 2279 sensus
738 2225 960 2280 omnino
1001 2225 1368 2296 intelligentiae
1410 2242 1517 2282 non
1545 2228 1708 2282 relin-

123 2324 302 2386 quat;
346 2315 458 2371 imo
485 2317 675 2386 gaudet
707 2320 911 2374 sentire
939 2327 994 2374 et
1030 2319 1311 2385 illustrari,
1351 2335 1451 2376 nec
1501 2337 1607 2376 non
1652 2329 1708 2377 et

118 2421 346 2476 semper
377 2422 475 2477 per
494 2410 723 2480 gratiam
757 2409 933 2465 eidem
963 2409 1082 2481 paci
1113 2411 1474 2466 reconciliari.
1502 2412 1707 2468 Idcirco

115 2515 174 2556 se
190 2500 419 2556 abducit
431 2503 501 2557 ab
516 2503 664 2558 omni
676 2503 818 2574 quod
829 2505 898 2559 ab
910 2520 974 2559 ea
988 2503 1260 2570 dissentit,
1279 2513 1339 2558 ut
1353 2503 1518 2577 248
1535 2505 1708 2575 possi-

116 2593 238 2656 deat
251 2602 461 2658 donum
475 2598 542 2650 de
565 2595 719 2650 cmlis
739 2595 839 2651 sibi
857 2595 1100 2650 allatum.
1119 2595 1194 2651 De
1206 2604 1400 2650 caetero
1411 2611 1530 2650 cun.
1548 2594 1710 2651 fuerit

115 2691 300 2765 ipsein
317 2708 382 2749 se
398 2692 526 2748 hinc
551 2690 676 2746 inde
688 2703 821 2758 pace
840 2688 1040 2743 Christi
1056 2703 1359 2758 possessus,
1377 2699 1502 2745 tunc
1523 2691 1708 2761 utique

115 2784 403 2841 beatitudo
428 2779 737 2852 adoptionis
756 2780 1120 2849 praestabitur,
1158 2781 1282 2850 quia
1306 2781 1359 2835 in
1389 2781 1533 2836 nullo
1559 2797 1710 2838 sanc-

117 2874 401 2930 tiﬁcationi
415 2887 539 2944 quae
557 2869 682 2926 ﬁliis
703 2870 948 2935 debetur,
968 2871 1285 2924 contraitur.
1307 2869 1364 2924 ln
1387 2869 1531 2924 nullo
1547 2870 1710 2940 igitur

117 2965 283 3021 totius
303 2961 596 3020 Trinitatis
621 2975 790 3032 regno
830 2959 1140 3024 rebellatur,
1174 2960 1231 3014 in
1267 2960 1416 3015 nullo
1446 2960 1706 3017 voluntati

113 3055 204 3111 Dei
241 3053 664 3112 contradicitur.
700 3050 806 3108 Sed
829 3051 1001 3107 donec
1025 3066 1189 3106 carne
1223 3066 1539 3122 gravamur,
1581 3051 1704 3108 talis

116 3155 167 3203 et
199 3155 360 3202 tanta
387 3160 498 3216 pax
527 3144 594 3199 ad
619 3143 882 3214 liquidum
897 3143 987 3197 vix
1017 3150 1110 3197 aut
1123 3119 1399 3212 nunquam
1432 3151 1700 3197 servatur.
1732 3119 1778 3182 C

115 3237 249 3307 Quia
286 3252 464 3308 quam
495 3249 639 3306 saepe
685 3234 742 3289 in
779 3233 936 3289 nobis
976 3233 1139 3288 etiam
1190 3233 1322 3302 ipsis
1353 3233 1705 3288 reluctamur.

115 3328 512 3384 Verumtamen
533 3334 760 3396 pacatus
802 3325 985 3390 homo,
1023 3323 1248 3378 interius
1299 3323 1450 3394 pacis
1497 3322 1706 3378 fmdcra

115 3422 460 3486 custodiens,
505 3434 568 3475 ea
607 3433 728 3488 quae
755 3423 1059 3488 repugnant
1103 3416 1343 3471 exterius
1372 3416 1577 3482 domat,
1629 3431 1712 3471 re-

116 3513 308 3585 primit
337 3519 400 3566 et
426 3507 724 3580 componit,
751 3508 805 3562 in
833 3505 980 3562 nullo
1003 3513 1183 3560 tamen
1211 3505 1359 3577 (quia
1390 3506 1548 3560 tidem
1595 3520 1710 3561 ser-

113 3614 208 3658 vat
228 3616 404 3675 quam
443 3600 714 3672 promisit,
751 3597 881 3654 licet
924 3596 1122 3652 bellum
1170 3605 1322 3668 gerat
1369 3612 1493 3652 cum
1539 3596 1708 3668 vitiis)

116 3697 264 3752 illam
308 3695 591 3764 abrumpit
634 3708 830 3764 pacem
871 3708 1034 3763 quam
1083 3691 1228 3748 Deus
1276 3691 1514 3748 indulsit.
1573 3690 1711 3747 llinc

114 3796 390 3863 scriptum
418 3800 504 3847 est
540 3808 555 3845 :
592 3789 714 3846 Paa:
743 3789 927 3844 'multa
957 3787 1294 3859 diligentibus
1337 3785 1501 3858 legem
1542 3797 1710 3852 tuam,

113 3886 381 3950 Domine,
405 3895 452 3939 et
477 3899 579 3939 non
599 3892 675 3938 eat
698 3881 805 3937 illis
818 3879 1128 3936 scandalum
1152 3879 1326 3951 (Paal.
1353 3895 1545 3945 cxvut,
1563 3878 1704 3951 165).

112 3974 387 4044 Alioquin
413 3973 648 4043 quandiu
686 3971 756 4027 ab
794 3973 902 4026 hac
946 3969 1255 4034 dividimur,
1289 3969 1585 4024 timendum
1630 3974 1714 4023 est

114 4064 523 4139 nepotiusirae
569 4062 664 4119 lilii
692 4077 854 4132 quam
897 4059 1204 4130 adoptionis
1237 4074 1710 4114 connumeremur.

116 4157 224 4214 Sed
255 4165 452 4211 tamen
482 4153 645 4219 Deus,
673 4152 766 4222 qui
789 4159 1030 4207 nostram
1079 4149 1426 4221 fragilitatem
1473 4148 1712 4219 inspicit,

115 4247 309 4303 docuit
353 4245 514 4317 plura
562 4241 1015 4299 reconciliatimiis
1042 4239 1398 4294 medicamina
1429 4255 1443 4305 ;
1473 4249 1563 4305 ut,
1587 4239 1714 4308 quia

115 4339 372 4410 quotidie
397 4333 740 4399 oﬂendimus,
765 4333 1006 4403 quotidie
1038 4347 1226 4401 pacem
1255 4341 1561 4402 quaerentes
1593 4331 1715 4384 vitae

116 4429 472 4489 documentis
515 4428 971 4497 obtemperemus.
1023 4415 1297 4479 Hactenus
1346 4423 1510 4495 igitur
1540 4424 1712 4476 incre-

115 4529 306 4578 menta
336 4519 608 4574 virtutum
644 4515 885 4587 inspexi,
931 4522 1099 4570 restat
1133 4527 1336 4585 quanta
1382 4529 1483 4584 per
1534 4515 1714 4569 incre-

118 4622 306 4669 menta
371 4609 724 4682 praemiorum
776 4607 1198 4663 consideremus.
1255 4605 1390 4674 Quia
1451 4607 1714 4677 profecto,

119 4705 250 4761 licet
275 4704 469 4760 minus
499 4699 818 4772 intelligam,
853 4700 994 4755 sicut
1023 4706 1312 4769 augmenta
1334 4698 1617 4765 virtutum,
1641 4698 1716 4752 ita

121 4806 252 4850 sunt
303 4791 644 4863 repromissa
706 4801 762 4846 et
817 4791 1154 4846 incrementa
1207 4789 1544 4846 meritorum.
1607 4791 1718 4846 Nec

118 4887 271 4944 etim
297 4885 436 4954 jure
474 4881 758 4938 uniformis
787 4881 1102 4954 meritorum
1135 4881 1528 4952 repromittitur
1555 4883 1716 4948 ratio,

121 4976 216 5031 ubi
251 4990 369 5032 non
392 4973 637 5028 omnium
677 4987 783 5027 una
820 4971 1116 5042 eademque
1146 4971 1320 5027 virtus
1344 4971 1717 5027 antecesserit.

121 5068 234 5125 Sed
270 5066 516 5123 diversis
535 5064 815 5120 laboribus
845 5065 1090 5121 diversas
1124 5064 1541 5120 retributionum
1569 5079 1722 5120 men-

121 5176 290 5216 suras
320 5158 542 5215 divinus
591 5172 773 5213 sermo
810 5157 1062 5214 instituit.
1095 5156 1270 5224 Unde,
1303 5157 1430 5214 licet
1455 5158 1598 5214 beati
1642 5159 1723 5215 di-

122 5261 331 5307 cantur
387 5262 620 5322 quorum
675 5254 800 5303 sunt
836 5261 1002 5318 regna
1030 5246 1313 5312 caelorum,
1345 5255 1401 5303 et
1447 5247 1595 5303 beati
1628 5248 1722 5319 qui

123 5342 495 5412 possidebunt
516 5348 742 5406 terram,
769 5355 834 5396 ac
861 5349 1060 5396 caetera
1089 5356 1208 5412 qua:
1231 5349 1550 5412 sequuntur,
1583 5343 1721 5397 mul-

125 5446 250 5493 tum
288 5436 560 5490 interesse
609 5441 788 5489 tamen
837 5434 1110 5490 credimus
1142 5435 1282 5490 inter
1321 5437 1720 5507 perceptionem

126 5528 530 5586 consolationis
563 5536 618 5582 et
669 5525 1060 5597 plenitudinem
1105 5529 1406 5584 saturitatis
1451 5527 1717 5598 justitiae;

125 5621 479 5690 multumque
526 5618 730 5673 distare
783 5619 924 5674 inter
977 5619 1096 5674 illos
1150 5622 1242 5691 qui
1295 5621 1722 5678 misericordiam

127 5721 577 5784 consequentur,
603 5719 657 5766 et
690 5710 810 5768 illos
835 5712 928 5782 qui
955 5713 1343 5785 gloriosissima
1375 5715 1470 5773 Dei
1513 5716 1724 5773 visione

1805 2045 2130 2119 generaliter
2156 2043 2395 2098 omnium
2423 2058 2589 2097 unum
2622 2042 2818 2097 dicitur
2853 2056 3075 2113 regnum
3099 2041 3386 2108 caelorum,

1807 2141 1908 2196 etsi
1937 2137 2244 2210 specialitas
2275 2147 2694 2192 connumeretur
2721 2135 3055 2192 meritorum.
3098 2135 3231 2203 Quia
3263 2135 3390 2192 licet

1809 2233 1955 2290 illius
1996 2233 2118 2304 jure
2157 2241 2320 2301 queat
2352 2231 2458 2286 dici
2489 2229 2580 2301 qui
2618 2230 2808 2286 saltem
2855 2230 2910 2284 in
2958 2243 3024 2284 eo
3064 2229 3388 2285 novissimus

1808 2340 1927 2381 esse
1956 2323 2192 2393 poterit,
2226 2331 2407 2378 tamen
2438 2323 2811 2378 universorum
2854 2321 3087 2393 dignitas
3139 2321 3193 2376 in
3244 2337 3391 2378 com-

1811 2429 1975 2470 mune
2007 2416 2132 2479 erit,
2165 2413 2290 2469 dum
2319 2414 2380 2468 in“
2404 2413 2654 2469 omnibus
2683 2411 2890 2484 singula
2931 2428 3030 2484 per
3069 2413 3388 2469 charitatem

1809 2507 1972 2560 etiam
2002 2505 2222 2560 ultimus
2250 2504 2566 2574 possidebit.
2595 2503 2828 2574 ideoque
2851 2504 3046 2559 ibidem
3077 2520 3388 2575 quanquam

1811 2593 2061 2651 dill‘erant
2097 2595 2154 2649 in
2192 2595 2440 2650 claritate
2467 2594 2744 2661 distincti,
2791 2603 2972 2649 tamen
3017 2610 3115 2665 per
3142 2594 3389 2650 dilectio-

1809 2701 1932 2742 nem
1967 2687 2147 2741 omnia
2171 2686 2508 2756 possidentes
2529 2685 2708 2740 cuncti
2739 2685 2791 2740 in
2823 2699 2888 2740 eo
2911 2685 3042 2741 satis
3069 2686 3391 2756 abundeque

1811 2778 1954 2835 beati
2000 2786 2181 2834 erunt.
2220 2777 2418 2834 Beatus
2445 2792 2576 2832 sane
2605 2777 2746 2833 sicut
2771 2776 2972 2834 dictum
3012 2785 3095 2833 est
3133 2775 3259 2845 jure
3302 2776 3392 2835 ille

1811 2869 2096 2940 accipitur,
2126 2869 2216 2940 qui
2275 2869 2409 2924 nihil
2460 2869 2588 2924 mali
2625 2869 2761 2937 vult,
2805 2877 2861 2925 et
2904 2870 3084 2926 omnia
3139 2868 3392 2925 habuerit

1811 2977 2148 3034 quaecunque
2194 2961 2326 3017 vult.
2382 2960 2698 3033 Propterea,
2747 2960 2872 3018 licet
2913 2971 3190 3018 extremus
3231 2961 3286 3016 in
3324 2975 3390 3016 eo

1811 3069 1978 3126 regno
2009 3063 2155 3109 recte
2185 3052 2374 3109 beatus
2403 3054 2772 3124 dicitur,'qui
2817 3053 2953 3109 nihil
3004 3063 3158 3110 extra
3203 3053 3391 3125 gratiae

1809 3143 2064 3199 meritum
2089 3145 2315 3214 appetit,
2337 3159 2436 3199 nec
2458 3144 2572 3198 vult
2598 3145 2829 3214 amplius
2847 3185 2861 3209 ,
2889 3143 3014 3215 quia
3042 3143 3174 3200 nihil
3196 3141 3392 3211 injuste

1809 3236 1944 3292 vult.
1969 3236 2074 3292 Sed
2099 3237 2446 3293 beatitudinis
2469 3238 2641 3308 gratia
2671 3237 2874 3293 ditatus
2899 3236 3062 3291 etiam
3084 3236 3389 3292 claritatem

1811 3341 1864 3388 et
1895 3333 2120 3404 gloriam
2151 3332 2272 3388 aliis
2293 3333 2632 3398 attributam,
2655 3347 2755 3403 per
2769 3332 3090 3387 charitatem
3119 3329 3262 3385 velut
3287 3328 3391 3385 sibi

1812 3437 2147 3489 concessam,
2173 3422 2430 3492 possidet.
2458 3421 2613 3479 Unde
2644 3421 2787 3477 beati
2812 3435 3000 3477 omnes
3035 3419 3140 3475 ﬁde
3163 3419 3394 3476 credun-

1813 3525 1902 3572 tur
1922 3557 1936 3582 ,
1971 3517 2074 3572 etsi
2102 3515 2239 3571 infra
2270 3531 2392 3571 eum
2428 3515 2746 3570 meritorum
2781 3512 3004 3568 claritas
3027 3509 3258 3567 differat.
3284 3509 3392 3564 Sed

1813 3626 1911 3666 cur
1931 3625 2026 3664 eas
2051 3619 2176 3665 octo
2205 3608 2456 3672 dixerim,
2485 3623 2609 3662 cum
2633 3621 2738 3660 non
2767 3604 2870 3659 nisi
2897 3612 3102 3674 septem
3125 3604 3390 3659 donorum

1813 3701 2035 3772 pramia
2093 3699 2462 3755 laborantibus
2523 3697 2954 3768 promittantur?
3008 3695 3140 3750 Nam
3200 3702 3396 3751 octava

1813 3807 2000 3848 earum
2048 3790 2398 3861 repromissio
2455 3805 2561 3844 non
2625 3787 2725 3843 alia
2781 3803 2944 3859 quam
2995 3787 3168 3858 prima
3214 3785 3396 3842 verbis

1813 3883 2108 3942 reiteratur
2136 3902 2149 3937 :
2184 3883 2332 3938 Beati
2361 3898 2614 3954 pauperes
2639 3881 2852 3952 spiritu,
2881 3879 3134 3952 quoniam
3161 3879 3394 3949 ipsorum

1815 3992 1892 4038 est
1923 3998 2136 4052 regnum
2163 3980 2428 4036 caelorum.
2455 3979 2522 4034 Et
2547 3997 2561 4034 :
3031 3983 3034 3986 ’

1887 4072 2056 4136 Beati,
2091 4071 2284 4142 inquit,
2315 4072 2404 4142 qui
2437 4071 2843 4140 persecutionem
2881 4070 3156 4140 patiuntur
3186 4076 3397 4139 propter

1808 4165 2074 4236 justitiam
2101 4202 2116 4227 ,
2164 4163 2413 4233 quoniam
2446 4163 2681 4231 ipsorum
2723 4170 2800 4216 est
2849 4176 3063 4231 regnum
3127 4157 3394 4214 oratorum.

1818 4254 1954 4310 Hinc
1980 4253 2180 4322 liquido
2208 4259 2353 4322 patet
2381 4252 2523 4322 quod
2569 4252 2854 4323 mysticum
2905 4259 2989 4307 est
3029 4250 3084 4304 in
3134 4263 3397 4311 numero,

1816 4343 2076 4414 quidquid
2123 4342 2374 4396 iteratum
2421 4350 2505 4397 est
2553 4341 2609 4395 in
2658 4340 2944 4411 promisso.
2997 4337 3142 4394 Infra
3195 4346 3401 4408 septem
3491 4365 3494 4368 ~

1817 4433 2056 4504 quidem,
2087 4432 2238 4503 prius
2268 4432 2408 4487 idem
2448 4440 2628 4498 sonat,
2659 4431 2753 4487 sed
2799 4438 3223 4487 connumeratur
3248 4438 3402 4485 extra

1822 4535 2060 4594 septem,
2091 4533 2151 4577 ut
2183 4522 2354 4595 gloria
2398 4537 2568 4578 sacrae
2621 4522 3032 4578 resurrectionis
3081 4521 3136 4577 in
3183 4521 3400 4578 Christo

1825 4617 1910 4672 his
1939 4624 2062 4693 octo
2110 4615 2456 4684 praemiorum
2503 4615 2760 4686 gradibus
2793 4622 3158 4670 consecretur.
3201 4615 3404 4672 Octava

1825 4723 2059 4779 namque
2085 4707 2497 4763 resurrectionis
2523 4707 2638 4764 dies
2661 4748 2676 4774 ,
2709 4707 2823 4779 ipsa
2849 4717 2933 4764 est
2959 4723 3079 4779 quae
3098 4717 3154 4764 et
3186 4709 3357 4780 prima
3387 4726 3402 4775 ;

1825 4803 1879 4857 in
1906 4816 2010 4870 qua
2034 4800 2184 4870 prius
2205 4800 2272 4854 ab
2293 4799 2517 4856 exordio
2545 4799 2637 4855 lux
2661 4809 2844 4856 creata
2873 4801 3098 4872 legitur;
3131 4801 3185 4858 in
3214 4803 3404 4858 eadem

1826 4891 2026 4962 quippe
2052 4889 2150 4947 die
2188 4899 2404 4956 creata,
2451 4891 2507 4945 in
2553 4907 2657 4961 qua
2693 4892 2909 4948 demum
2955 4893 3234 4964 amplioris
3282 4893 3407 4946 vitae

1823 4980 1992 5054 gloria
2018 4979 2338 5034 illustratur.
2367 4979 2599 5046 Interea,
2644 4982 2748 5037 etsi
2781 4983 2969 5039 eadem
2999 4984 3248 5038 videatur
3269 4996 3406 5053 prae-

1825 5073 1920 5130 mii
1947 5071 2286 5143 pollicitatio,
2320 5081 2499 5128 tamen
2529 5074 2754 5146 potioris
2783 5077 3097 5146 praeeminet
3123 5075 3402 5147 dignitate;

1825 5164 1950 5235 quia
1992 5179 2266 5234 nunquam
2298 5164 2503 5234 aequale
2549 5166 2780 5222 dixerim
2829 5168 3150 5238 incipientes
3185 5175 3242 5222 et
3286 5182 3409 5238 per-

1827 5253 2000 5312 fectos
2025 5253 2304 5326 praemium
2337 5264 2706 5328 percepturos.
2742 5255 2845 5313 Ubi
2882 5259 3140 5313 docemur
3164 5255 3410 5312 fortassis

1827 5349 2056 5422 mystice
2085 5347 2226 5418 quod
2271 5348 2503 5419 primum
2533 5350 2605 5404 sit
2631 5365 2857 5419 regnum
2881 5347 3061 5420 250
3104 5347 3362 5403 caelorum
3392 5389 3407 5412 ,

1830 5438 2048 5497 dissolvi
2076 5447 2132 5494 et
2159 5453 2280 5493 esse
2304 5453 2426 5493 cum
2455 5438 2692 5505 Christo,
2731 5441 2947 5509 quando
2977 5437 3148 5493 sancti
3189 5439 3407 5509 rapiun-

1833 5539 1920 5585 tur
1965 5530 2018 5584 in
2052 5529 2283 5584 nubibus
2319 5529 2371 5584 in
2403 5545 2548 5594 aera,
2581 5529 2796 5585 obviam
2827 5527 3064 5584 Christo.
3102 5529 3252 5585 Tunc
3285 5530 3408 5602 qui-

1832 5622 1951 5679 dem
1987 5621 2138 5676 multi
2172 5621 2551 5677 dormientium
2581 5629 2824 5690 surgent,
2857 5621 2945 5677 isti
2971 5623 3023 5678 in
3050 5625 3213 5680 vitam
3244 5632 3407 5680 teter-

1833 5729 1979 5778 nam,
2027 5713 2100 5768 illi
2157 5713 2210 5768 in
2253 5711 2618 5783 opprobrium.
2667 5711 2909 5771 Primum
2940 5713 3147 5772 scilicet
3184 5729 3408 5786 regnum
