4000 6362
612 293 726 350 327

1420 284 1479 347 S.
1517 284 1877 346 PASCHASII
1915 280 2265 341 RADBER'I‘I
2299 277 2590 337 ABBATIS
2629 279 3081 339 αοκωεπειε

3746 280 3875 342 ⁵218

607 402 941 476 propositum
983 400 1040 457 in
1081 400 1417 456 absolutione
1460 400 1704 468 corporis
1724 441 1739 465 ,
1792 400 1901 454 imo
1928 398 2096 469 prius,
2134 401 2194 449 ut
2220 396 2272 456 Α
2298 408 2425 447 num
2454 394 2730 449 inhiantcr
2750 395 3038 464 qumsitnm
3064 414 3076 450 :
3106 402 3288 450 tamen
3682 391 3876 457 octava

609 500 924 557 absolvatur
952 500 1020 554 ab
1045 497 1193 553 omni
1223 497 1406 551 mundi
1450 495 1889 567 concupiscentia
1924 505 1979 549 et
2012 491 2191 547 carnis
2288 482 2499 539 Christi
2524 484 2927 539 ι’θειιπεεῑίθιιθ
2956 484 3102 539 illius
3130 485 3352 555 Ρτωηιῖθ
3381 496 3763 556 οαιεαιιιθιυτο
3793 490 3878 545 Μ

609 589 901 651 illecebris.
946 602 1010 642 ac
1056 587 1276 641 demum
1312 585 1503 655 spiritu
1532 585 1867 655 paupertatis
1910 596 2190 654 possessus

2290 578 2434 646 quod
2456 575 2633 641 velim,
2649 575 2837 643 lector,
2857 576 2959 649 [ut]
2978 578 3218 632 animum
3242 592 3533 650 parumper
3546 578 3883 637 altinsattei-

607 679 717 752 iam
752 681 807 734 in
850 678 1164 735 omlestibus
1217 691 1313 747 spe
1369 676 1659 730 subvectus
1690 715 1705 741 ,
1749 683 1930 730 mente
1970 676 2191 745 incipiat
2288 668 2392 735 las,
2424 677 2480 723 et
2497 669 2621 723 vide
2663 684 2827 739 quam
2850 685 3085 725 consona
3126 679 3183 725 et
3222 671 3452 742 mystica
3478 668 3573 726 Dei
3595 671 3726 727 hinc
3752 673 3881 729 inde

607 768 940 825 conversari.
982 767 1135 835 Quod
1182 765 1418 836 alioquin
1460 766 1596 821 satis
1629 767 1909 836 signanter
1954 780 2187 836 evange-

605 859 728 919 lista
762 859 955 924 innuit,
991 858 1118 913 dum
1158 872 1267 912 non
1316 858 1383 912 de
1425 856 1625 921 l‘uturo,
1680 857 1774 912 sed
1824 871 1893 911 cx
1938 859 2187 927 praesenti

604 951 934 1021 repromittit
956 990 972 1014 ,
1004 949 1190 1005 dicens
1221 966 1235 1003 :
1268 949 1531 1013 Quoniam
1563 948 1793 1017 ipsorum
1839 956 1914 1001 est
1972 962 2187 1018 regnum

603 1045 868 1100 calorum.
902 1043 983 1098 Ad
1012 1043 1116 1097 hoc
1146 1043 1343 1113 quippe
1366 1042 1478 1113 jam
1523 1042 1591 1096 de
1621 1040 1876 1111 praesenti
1918 1041 2066 1097 illinc
2092 1056 2186 1097 eos

604 1153 831 1209 regnare
876 1138 1105 1201 astruit;
1138 1145 1405 1206 quatenus
1441 1135 1651 1189 interea
1680 1148 1804 1204 spes
1833 1134 2013 1189 omnia
2047 1134 2188 1190 inter

603 1242 886 1300 pressuras
915 1235 970 1283 et
996 1227 1178 1282 varios
1212 1241 1395 1281 rerum
1427 1232 1654 1280 eventus
1676 1225 2012 1279 corroboret.
2046 1223 2183 1291 Quia

603 1318 829 1377 facultas
856 1322 1114 1391 regnandi
1141 1329 1362 1391 propter
1382 1319 1647 1375 ditissima
1674 1319 1937 1373 donorum
1962 1333 2184 1373 munera

604 1427 710 1480 jam
747 1412 1083 1481 suppeditat,
1132 1420 1192 1465 ut
1238 1412 1306 1466 ad
1334 1410 1511 1466 futura
1543 1410 1752 1465 firmius
1779 1410 2100 1477 inhaereant,
2131 1420 2184 1467 et

603 1516 827 1571 regnum
868 1504 1015 1573 quod
1064 1511 1421 1573 perceperunt
1473 1502 1763 1557 instantius
1821 1494 2078 1571 appetant
2127 1511 2183 1559 et

606 1592 939 1647 custodiant.
977 1594 1117 1647 Vera
1146 1592 1341 1662 quippe
1364 1600 1658 1662 paupertas
1700 1590 1904 1646 Christi
1937 1606 2041 1645 non
2084 1594 2182 1648 im-

602 1682 797 1737 merito
816 1683 928 1753 jam
957 1697 1185 1752 regnare
1209 1682 1573 1754 promittitur;
1598 1681 1721 1751 quia
1750 1681 1976 1737 interius
2000 1689 2181 1739 mente

2290 770 2510 831 pateat“
2534 770 2899 817 sacramenta.
2928 762 3082 817 Haud
3105 762 3326 817 dubium
3340 764 3491 834 quin.
3509 764 3878 835 sicutseptent

2286 848 2524 921 Spiritus
2565 853 2739 908 sancti
2784 852 2941 908 donis
2969 853 3151 907 omnia
3192 853 3453 908 virmtum
3502 868 3729 909 munera
3766 855 3880 911 lar
3920 872 3932 929 ξ

2283 944 2528 1013 giuutur,
2562 945 2634 999 ita
2663 945 2866 1000 eisdem
2906 952 3110 1014 septem
3158 946 3433 1015 predbns,
3472 955 3699 1001 auctore
3738 945 3877 1015 Deo.

2284 1033 2524 1105 quotidie
2565 1044 2758 1091 cuncta
2798 1035 3081 1106 presentis
3119 1043 3177 1090 et
3203 1036 3569 1093 aeternam
3609 1037 3881 1096 «tum

2284 1124 2646 1194 postulantur.
2678 1124 2891 1179 Etcum
2912 1124 3218 1194 prmetitum
3243 1123 3406 1183 fuerit
3443 1126 3587 1195 quod
3616 1138 3879 1190 oremus,

2284 1216 2508 1270 totidem
2562 1215 2755 1270 harum
2796 1216 3193 1272 beatimdinum
3252 1215 3547 1275 virtutibus
3594 1216 3878 1273 emicant

2284 1321 2530 1371 munera,
2561 1321 2658 1375 per
2680 1315 2926 1361 octavam
2942 1307 3146 1362 Christi
3178 1307 3629 1364 resurrectin
3670 1309 3749 1363 ad
3792 1312 3880 1366 ri-

2285 1405 2394 1452 tam
2428 1397 2823 1469 praedestinatis
2865 1399 3021 1469 juxta
3070 1413 3235 1469 opera
3280 1396 3618 1470 singulorum
3660 1412 3880 1456 eum

2282 1500 2579 1546 merentur.
2635 1490 2770 1556 Quia
2817 1488 3060 1561 profecto
3096 1491 3248 1561 juxta
3300 1489 3459 1545 fidem
3511 1491 3881 1563 Apocaiypsis

2283 1580 2423 1652 (cap.
2484 1580 2525 1652 ι)
2552 1620 2568 1645 ,
2622 1581 2998 1650 septemplices
3033 1581 3258 1650 spiritus
3304 1581 3362 1635 in
3404 1580 3541 1637 θῶ.
3587 1591 3880 1637 tomum

2283 1672 2460 1737 missi,
2481 1671 2852 1741 septiformem
2889 1672 3095 1727 Christi
3120 1672 3417 1728 Ecclesiam
3443 1672 3876 1741 potitust-antes,

601 1786 762 1842 quam
791 1750 1040 1829 exterius
1059 1750 1226 1827 carne
1252 1813 1267 1837 ,
1296 1773 1364 1827 ab
1388 1773 1535 1828 omni
1580 1750 1852 1842 voluptate
1895 1776 2078 1830 mundi
2125 1783 2177 1831 et

2281 1777 2393 1818 suae
2422 1762 2704 1832 potestatis
2731 1762 2933 1817 ditione
2955 1773 3277 1833 operantes,
3303 1763 3459 1833 (tonsi
3488 1770 3705 1834 septem
3740 1778 3881 1819 can-

599 1861 991 1920 desideriorum
1018 1864 1286 1919 illecebris
1310 1864 1506 1931 aliena,
1539 1872 1672 1930 tota,
1702 1864 1916 1920 favente
1946 1864 2182 1936 Spiritus

600 1956 773 2011 sancti
802 1958 1001 2027 gratia,
1028 1972 1194 2027 supra
1223 1957 1420 2027 gaudia
1448 1956 1643 2011 futurze
1670 1958 1798 2013 vitae
1827 1957 2095 2023 innititur,
2125 1967 2183 2016 et

600 2046 711 2102 sola
738 2062 861 2117 qua:
888 2048 982 2103 Dei
1028 2056 1155 2104 sunt
1200 2048 1519 2104 delectatur.
1568 2049 1696 2105 Haec
1732 2064 1964 2121 namque
2009 2053 2183 2111 virtus

599 2136 668 2192 de
715 2138 906 2192 timore
940 2138 1038 2193 Dei
1070 2139 1334 2204 nascitur,
1365 2144 1504 2194 sicut
1527 2147 1584 2195 et
1611 2140 1831 2211 reliquae
1859 2156 1954 2197 sex
2002 2144 2179 2199 beati-

604 2227 819 2284 tudines
843 2268 859 2293 ,
910 2229 1131 2299 singulae
1180 2231 1247 2285 de
1287 2223 1513 2302 singulis
1550 2230 1784 2303 Spiritus
1819 2233 1992 2290 sancti
2024 2236 2181 2293 donis

601 2326 947 2389 generantur.
976 2320 1132 2377 Unde
1166 2323 1429 2392 prepheta
1447 2340 1461 2377 :
1481 2323 1549 2378 Et
1578 2325 1855 2394 requiescet
1882 2342 2037 2397 super
2061 2344 2179 2383 eum

601 2413 817 2481 spiritus
848 2410 1083 2478 Domini,
1121 2415 1335 2483 spiritus
1363 2415 1634 2485 sapientia
1661 2425 1709 2468 et
1736 2416 2046 2482 intellectus,
2073 2419 2180 2489 spi-

602 2503 735 2556 ritus
770 2503 976 2557 consilii
1002 2513 1050 2557 et
1076 2504 1423 2573 fortitudinis,
1453 2506 1665 2575 spiritus
1686 2508 1918 2561 scientia:
1938 2518 1987 2561 et
2009 2510 2178 2578 pieta-

597 2592 664 2647 tis
693 2592 829 2664 (Isa.
868 2610 945 2659 ιι,
970 2594 1048 2664 2).
1078 2593 1377 2652 Novissime
1397 2604 1577 2651 autem
1606 2595 1751 2651 velut
1778 2599 2031 2667 quiddam
2054 2614 2177 2671 spe-

600 2688 816 2754 cialius,
829 2703 893 2743 ac
907 2690 955 2743 si
976 2689 1325 2759 municipium
1342 2691 1658 2746 secretionis
1678 2692 1746 2745 ab
1761 2691 1906 2747 omni
1931 2691 2047 2747 labe
2060 2708 2182 2762 pec-

600 2780 731 2845 cati,
754 2781 954 2844 intulit,
982 2782 1207 2838 dicens:
1246 2780 1315 2835 Et
1342 2782 1549 2852 replevit
1586 2800 1704 2837 eum
1733 2784 1945 2853 spiritus
1977 2786 2179 2840 timoris

600 2866 814 2922 Domini
842 2869 1041 2941 (Ibid.,
1068 2870 1147 2943 5).
1182 2869 1298 2925 Non
1337 2870 1480 2925 enim
1500 2887 1849 2941 quoscunque
1868 2874 2176 2942 repleverit,

597 2973 829 3030 capaces
868 2961 1090 3017 alterius
1121 2962 1199 3017 rei
1232 2976 1355 3018 esse
1392 2962 1668 3032 plenitudo
1707 2965 1917 3020 timoris
1939 2966 2085 3021 sinit.
2113 2967 2179 3023 Et

598 3047 743 3115 ideo,
772 3066 1081 3122 quanquam
1120 3051 1384 3108 imitatrix
1419 3054 1698 3123 sapientiae
1723 3055 1839 3111 bsic
1864 3058 2035 3112 virtus
2063 3061 2133 3113 sit
2157 3099 2172 3125 ,

596 3140 737 3199 sicut
767 3116 824 3196 et
847 3116 1138 3213 paupertas
1172 3116 1590 3211 beatitudinum,
1625 3160 1732 3200 non
1757 3148 1965 3204 modica
1991 3116 2171 3205 tamen
2201 3116 2245 3181 Ο

596 3233 913 3288 aestimanda
941 3244 1063 3302 est;
1100 3236 1377 3305 quoniam,
1401 3238 1503 3292 etsi
1535 3239 1736 3295 divitia:
1754 3241 1944 3297 salutis
1966 3244 2178 3312 sapien-

596 3324 673 3379 tia
698 3332 754 3380 et
777 3325 1025 3393 scientia,
1050 3336 1228 3383 tamen
1260 3343 1295 3383 a
1327 3331 1591 3399 propheta
1628 3332 1791 3388 timor
1815 3334 2027 3390 Domini
2063 3338 2179 3406 ipse

597 3414 885 3470 thesaurus
914 3414 1033 3484 ejus
1058 3426 1209 3472 recte
1232 3417 1513 3488 probatur.
1564 3419 1833 3478 Plurimas
1868 3424 2014 3479 enim
2043 3440 2176 3495 plo-

598 3504 861 3563 l‘ectioues
895 3508 1011 3563 haec
1043 3510 1255 3565 mansio
1286 3513 1618 3582 paupertatis
1666 3512 1828 3570 habet
1857 3556 1873 3582 ,
1928 3518 2071 3572 sicut
2122 3524 2179 3575 et

598 3599 822 3670 reliqua
849 3600 1179 3667 mansiones,
1210 3601 1414 3658 idcirco
1458 3618 1566 3659 non
1606 3604 1978 3674 perfunctorie
2023 3610 2177 3681 cogi-

595 3694 756 3749 tanda
782 3701 900 3760 est;
939 3696 1240 3765 przcserti-
1280 3711 1407 3752 eum
1437 3698 1553 3769 ipsa
1589 3696 1703 3766 jam
1732 3715 1838 3755 non
1867 3700 1934 3757 de
1968 3701 2173 3768 futuro,

593 3786 685 3841 sed
730 3787 796 3841 de
832 3788 1089 3856 praesenti
1134 3789 1248 3858 spei
1290 3788 1479 3855 aliato,
1537 3790 1693 3846 dives
1752 3793 1807 3846 in
1857 3794 2174 3852 ctelestibus

596 3886 805 3947 regnat.
842 3877 1107 3933 Caeterum
1148 3888 1277 3949 post
1302 3881 1485 3936 carnis
1518 3883 1972 3943 resurrectionem
2020 3888 2175 3957 quasi

597 3969 891 4021 secundum
920 3984 1143 4040 regnum
1169 3971 1558 4040 perfectorum,
1589 3989 1695 4029 non
1729 3975 2178 4035 inconvenienter

598 4057 900 4126 accipitur;
932 4059 986 4114 in
1017 4076 1124 4129 quo
1158 4077 1447 4131 processus
1469 4066 1832 4134 mansionum,
1868 4076 1923 4122 et
1962 4069 2174 4126 diversa

596 4152 913 4206 meritorum
942 4154 1164 4223 prtemia
1196 4165 1567 4212 numerantur.
1619 4157 1778 4230 251
1831 4159 1936 4217 Sed
1971 4171 2175 4235 marty-

595 4241 785 4307 ribus,
832 4241 923 4312 qui
970 4252 1187 4313 propter
1243 4246 1508 4317 justitiam
1554 4251 1836 4319 patiuntur
1875 4249 1998 4320 jure
2044 4253 2174 4309 illud

597 4332 810 4405 integre
845 4349 968 4389 mox
1007 4336 1349 4405 conceditur;
1382 4339 1669 4409 quoniam,
1710 4327 1838 4396 dum
1883 4344 1949 4398 ad
1979 4344 2171 4403 altiora

595 4438 692 4493 per
721 4423 921 4493 gradus
957 4425 1216 4482 virtutum
1244 4443 1307 4483 se
1355 4429 1596 4495 tulerint,
1617 4446 1682 4486 ea
1710 4446 1832 4502 quae
1855 4442 1981 4493 sunt
2005 4436 2170 4491 subli-

597 4516 769 4572 miora
798 4518 1179 4588 percipientes,
1204 4520 1348 4577 illico
1372 4522 1537 4577 etiam
1569 4523 1674 4579 illis
1695 4522 1919 4581 inferior
1941 4529 2173 4600 dignitas

596 4621 704 4663 non
734 4616 980 4677 negatur.
1010 4607 1295 4666 Noaenim
1319 4622 1611 4668 evacuatur
1638 4615 1838 4685 prioris
1874 4618 1997 4672 vitae
2033 4634 2172 4690 prm-

597 4700 787 4766 mium,
843 4701 968 4757 dum
1009 4703 1246 4773 amplior
1292 4705 1606 4760 meritorum
1660 4707 1829 4778 gloria
1875 4710 2171 4768 virtutibus

593 4790 918 4847 cumulatur.
950 4792 1017 4847 Et
1053 4792 1198 4858 ideo,
1227 4801 1286 4847 ut
1321 4794 1453 4859 dixi,
1481 4794 1668 4850 ultima
1700 4796 2051 4854 beatitudinis
2077 4814 2169 4856 re-

593 4882 881 4951 promissio
923 4882 1003 4940 sic
1030 4885 1255 4955 mystice
1280 4892 1646 4956 temperatur,
1671 4896 1732 4942 ut
1759 4897 1815 4944 et
1843 4905 1948 4945 una
1992 4891 2066 4947 sit
2100 4893 2170 4949 de

590 4982 817 5043 septem,
852 4984 909 5029 et
937 4982 1115 5031 tamen
1138 4976 1341 5032 eisdem
1366 4979 1546 5034 verbis
1568 4980 1795 5051 repetita
1822 4983 2172 5051 prmentineat

592 5071 746 5127 extra
802 5072 1027 5134 septem.
1080 5063 1162 5120 Ex
1210 5080 1320 5135 quo
1364 5065 1569 5136 liquido
1613 5076 1763 5138 patet
1818 5071 1962 5140 quod
2008 5086 2170 5128 omne

591 5156 723 5212 illud
752 5171 977 5228 regnum
1004 5156 1339 5213 beatitudine
1362 5157 1641 5228 incipitur,
1665 5169 1719 5215 et
1751 5161 1977 5217 interius
2001 5164 2169 5218 meri-

592 5255 773 5304 torum
827 5247 1048 5305 claritas
1096 5246 1286 5302 iisdem
1324 5248 1580 5319 gradibus
1633 5248 1948 5305 illustratur.
2020 5252 2167 5309 Finis

594 5351 810 5408 quoque
851 5346 908 5394 et
949 5336 1299 5411 principia,
1330 5352 1436 5393 non
1470 5337 1614 5399 aliud
1655 5354 1817 5409 quam
1866 5356 2035 5397 unum
2085 5358 2167 5409 rea

592 5443 758 5497 gnum
789 5429 1049 5484 caelorum
1076 5437 1224 5484 recte
1247 5427 1588 5484 concluditur
1612 5446 1626 5483 :
1651 5431 1793 5500 quod
1811 5430 1937 5487 licet
1958 5442 2164 5503 septem

594 5517 828 5587 Spiritus
877 5520 1050 5576 sancti
1100 5519 1255 5576 donis
1282 5518 1628 5575 credentibus
1666 5529 1969 5575 reseratum
1995 5524 2089 5589 sit,
2111 5532 2167 5579 et

592 5611 888 5681 prannissis
930 5622 1135 5681 septem
1166 5613 1551 5673 charismatum
1597 5614 1845 5679 precibus
1891 5614 2047 5685 longe
2073 5615 2163 5671 diu

589 5702 907 5775 expetitum,
948 5705 1277 5775 totidemque
1303 5705 1594 5762 virtutibus
1644 5702 1836 5769 harum
1867 5705 2162 5763 beatitudi-

2198 4473 2251 4533 D

2280 1853 2713 1911 deiabracoram
2746 1855 3093 1910 Dominatore
3127 1855 3392 1921 lucentia,
3427 1856 3696 1911 virtutum
3758 1857 3881 1912 soi-

2280 1943 2407 2001 licet
2443 1961 2609 2016 opera
2652 1945 2894 2015 quotidie
2936 1953 3233 2015 perornant
3259 1984 3275 2011 ,
3315 1954 3374 2001 st
3414 1946 3475 2001 ia
3524 1947 3880 2017 pinguedine

2279 2037 2567 2095 charitatis
2597 2045 2657 2091 ut
2692 2038 2864 2108 magis
2888 2037 3171 2108 magisque
3196 2037 3433 2104 luceant,
3458 2041 3804 2096 accendunt.

2348 2135 2607 2201 Obsecro,
2637 2136 2866 2193 Domine
2890 2135 3039 2204 Jesu,
3088 2135 3317 2191 habeam
3353 2145 3414 2192 et
3446 2152 3548 2210 ego
3574 2138 3733 2194 inter
3777 2140 3880 2197 has

2277 2227 2673 2283 beatitudinum
2719 2228 2998 2299 lampadas
3026 2227 3214 2284 lucens
3234 2229 3369 2283 recti
3390 2229 3574 2300 operis
3600 2230 3882 2285 candela-

2278 2319 2459 2383 brum,
2483 2328 2540 2374 et
2562 2333 2635 2374 ne
2671 2320 2802 2374 mihi
2847 2329 3127 2375 moveatur
3157 2321 3329 2375 donec
3358 2329 3453 2375 tuo
3494 2319 3759 2378 firmetur
3788 2336 3885 2380 ac-

2280 2416 2459 2479 cepto,
2510 2419 2572 2465 ut
2615 2424 2798 2466 coram
2828 2418 2881 2466 te
2915 2409 3093 2468 luceat
3124 2412 3180 2465 in
3205 2420 3491 2468 ateronm.
3521 2412 3664 2468 Veni
3710 2426 3883 2487 ergo,

2279 2516 2485 2571 quaeso,
2513 2508 2569 2557 et
2595 2502 2731 2558 doce
2763 2515 2851 2555 me
2889 2503 3083 2558 harum
3119 2502 3489 2560 doctrinam
3532 2513 3772 2561 tuarum
3800 2507 3893 2563 di—

2279 2591 2581 2662 sciplinam.
2613 2591 2730 2647 Non
2760 2592 2924 2663 igitur
2952 2592 3095 2662 quod
3136 2592 3238 2647 sub
3265 2593 3423 2647 istius
3450 2593 3648 2649 calculi
3674 2610 3887 2653 sacra-

2280 2692 2465 2739 mento
2493 2684 2734 2738 omnium
2778 2683 3282 2753 predestinatorom
3328 2684 3527 2739 merita
3552 2694 3620 2740 ut
3648 2686 3894 2744 luceant

2279 2774 2629 2843 colliguntur,
2659 2788 2837 2844 neque
2867 2773 3072 2844 absque
3100 2781 3299 2845 magno
3323 2814 3341 2840 ,
3386 2783 3449 2829 ut
3490 2774 3603 2844 iam
3652 2777 3892 2834 dies.

2280 2876 2385 2933 est,
2408 2866 2786 2937 profunditatis
2812 2867 3091 2937 mysterio,
3119 2876 3248 2922 tuos
3279 2874 3506 2923 sanctus
3525 2869 3891 2940 evangelista

2279 2959 2632 3029 praemiserit,
2661 2957 2806 3027 quod
2834 2958 3077 3014 residens
3105 2959 3383 3028 aperueris
3402 2956 3567 3030 ᾖδε
3598 2973 3668 3016 os
3687 2971 3891 3030 ιιι-ς

2281 3051 2489 3107 scilicet
2513 3052 2639 3122 quia
2677 3053 2933 3108 reserasti
2973 3053 3256 3110 thesauros
3298 3054 3578 3125 sapientia:
3602 3058 3895 3114 διεξίω-

2278 3143 2386 3209 tiae,
2416 3144 2675 3199 eructasti
2723 3152 2903 3202 autem
2947 3144 3214 3214 profunda
3261 3145 3437 3216 gratia
3460 3156 3570 3201 tua!
3612 3162 3845 3205 arcana
3871 3189 3891 3218 ,

2276 3234 2487 3290 smilis
2512 3245 2564 3289 et
2600 3236 3045 3305 generationibus
3072 3234 3415 3293 abscondita.
3443 3236 3559 3293 Tali
3600 3239 3893 3299 nimirum

2277 3332 2402 3380 tuus
2427 3326 2726 3396 praedoctus
2752 3323 3041 3395 Apostolus
3066 3324 3288 3398 (Epiros.
3308 3340 3392 3392 vr,
3416 3326 3507 3398 19)
3536 3328 3892 3399 magiﬂerio

2274 3416 2511 3488 postulat
2535 3432 2718 3483 orare,
2740 3425 2802 3472 ut
2827 3418 2987 3473 detur
3021 3418 3073 3474 ei
3099 3432 3282 3475 sermo
3320 3419 3379 3476 in
3414 3420 3705 3490 attentione

2278 3506 2431 3563 Unde
2460 3508 2690 3579 imploro
2711 3518 2767 3565 et
2794 3523 2917 3580 ego,
2955 3517 3232 3565 reseretur
3260 3509 3394 3565 mihi
3424 3512 3900 3575 osscientiarun

2278 3598 2445 3665 clave,
2475 3599 2601 3669 quia
2640 3601 2863 3657 verbum
2909 3607 3059 3653 tuum
3092 3614 3160 3655 es
3198 3607 3253 3655 te
3277 3599 3554 3657 elaviseet
3578 3601 3723 3657 oris.
3762 3604 3899 3673 Qua

2276 3702 2423 3763 peto,
2470 3692 2681 3762 quoties
2712 3690 3039 3760 loquendum
3075 3699 3182 3757 est,
3226 3692 3409 3763 potius
3436 3690 3639 3751 laxatis
3660 3692 3900 3753 silenti

2278 3784 2507 3849 catenis,
2554 3792 2767 3837 tuarum
2812 3782 2944 3838 mihi
2980 3782 3203 3853 eloquia
3240 3781 3733 3852 intelligentth
3786 3801 3903 3858 p.-

2277 3884 2448 3931 teant.
2492 3875 2793 3947 lntelligam
2823 3878 2968 3931 enim
2989 3876 3135 3947 quod
3158 3884 3369 3947 septe-
3411 3876 3523 3931 siIt
3550 3876 3697 3935 dona
3728 3917 3749 3943 ,
3780 3882 3901 3939 sed

2275 3982 2414 4021 unus
2449 3966 2717 4037 Spiritus;
2766 3975 2974 4036 septem
3018 3966 3312 4033 orationes,
3347 3967 3442 4022 sed
3472 3981 3580 4023 una
3620 3970 3849 4038 petitio
3870 3984 3903 4039 ς

2278 4059 2422 4114 unde
2464 4058 2734 4129 Propheta
2767 4077 2779 4112 :
2810 4054 2985 4113 Unam
3008 4060 3131 4129 petii
3154 4074 3191 4114 α
3228 4059 3473 4123 bonum,
3510 4061 3654 4114 hanc
3698 4067 3901 4136 regis

2278 4168 2390 4205 rem
2417 4151 2590 4222 (Psal.
2627 4167 2775 4216 XXVI,
2806 4152 2896 4221 4);
2936 4161 3141 4222 septem
3165 4152 3425 4209 virtutum
3452 4152 3855 4212 Μηδίου
3875 4195 3899 4223 ,

2275 4258 2382 4299 una
2412 4245 2666 4298 nimirum
2696 4243 2957 4309 charitas,
2986 4245 3184 4313 quibus
3210 4252 3267 4297 et
3300 4244 3418 4314 ipsa
3444 4243 3498 4297 in
3530 4249 3901 4313 timorist:-

2247 4325 2391 4354 \__e_-
2452 4336 2592 4354 _,4--g
2645 4335 2747 4354 _e_2-
2802 4350 2855 4354 -_
2914 4349 2960 4354 μ-
2980 4335 3170 4354 -.μμ-ε..
3222 4334 3407 4354 _2.9.___
3459 4348 3518 4354 Α-
3568 4334 3731 4354 n__--
3754 4345 3773 4354 -

2276 4351 2396 4391 rum
2442 4336 2596 4405 quasi
2640 4335 2753 4391 suis
2792 4350 2859 4389 ex
2913 4335 3175 4390 membris
3218 4334 3410 4390 nititur
3456 4348 3521 4389 ac
3568 4334 3898 4409 ﬁrmatur;

2275 4435 2483 4498 septem
2514 4428 2842 4482 incrementa
2873 4427 3214 4493 meritorum,
3258 4426 3357 4483 sed
3378 4440 3493 4481 una
3519 4439 3584 4482 ex
3612 4441 3908 4490 manu

2278 4519 2453 4574 ctione
2476 4517 2675 4575 Cluiti
2706 4518 2899 4583 virtus,
2923 4533 3042 4587 quae
3060 4526 3145 4574 est
3166 4526 3381 4583 octava,
3398 4532 3473 4574 ex
3490 4530 3597 4588 qua
3628 4530 3909 4593 regnu-

2278 4610 2543 4667 coelorum
2607 4608 2937 4679 patientibus
2997 4622 3099 4679 pro
3159 4608 3371 4679 iustitia
3434 4610 3903 4680 "promittitur.

2277 4698 2531 4755 Proiecto
2564 4700 2708 4754 hanc
2750 4701 2874 4755 ideo
2917 4701 3110 4756 beatas
3140 4700 3472 4773 evangelista
3490 4702 3599 4756 sub
3623 4709 3912 4775 mystae.

2278 4793 2578 4847 reservavit
2622 4807 2894 4859 numero,
2939 4794 3064 4864 quia
3116 4802 3176 4848 et
3236 4809 3337 4865 pro
3387 4804 3577 4850 octava
3632 4796 3911 4866 plurimi

2276 4883 2649 4940 inscribuntur
2682 4885 2892 4955 psalmi.
2932 4885 3093 4953 Quia,
3125 4886 3265 4942 sicut
3287 4894 3478 4942 octava
3518 4886 3743 4946 Christi
3782 4895 3913 4951 im-

2278 4976 2579 5033 mortalitas
2607 4978 2866 5032 virtutum
2906 4993 3119 5035 summe
3158 4979 3322 5034 nituit
3351 4997 3365 5034 :
3395 4980 3474 5034 sic
3498 4979 3912 5046 beatitudinis

2277 5062 2435 5132 hujus
2481 5072 2687 5118 octava:
2752 5065 3256 5133 przedestinatorum
3292 5065 3685 5120 'remuneratio
3738 5072 3907 5133 erit,

2277 5152 2383 5209 Sed
2406 5161 2464 5208 et
2494 5153 2548 5207 in
2580 5151 2869 5209 Salomone
2888 5168 2911 5208 ς
2940 5153 3027 5209 ιιι
3054 5165 3276 5225 partem,
3299 5155 3756 5225 inquit,upmu,
3790 5176 3919 5218 κα

2274 5245 2443 5316 ueniet
2472 5253 2587 5299 octo
2616 5243 2816 5315 (Each.
2849 5259 2902 5299 XI
2920 5285 2935 5310 ,
2957 5245 3038 5317 Ω).
3058 5245 3331 5301 Fortassis
3354 5246 3478 5316 quia
3502 5245 3921 5316 palatum

2273 5338 2533 5395 virtutum
2558 5354 2785 5395 numero
2810 5338 2941 5397 facti
2963 5352 3129 5410 opera
3156 5339 3407 5409 iubemur
3435 5340 3813 5413 impendere,
3834 5357 3919 5412 ,ι

2274 5436 2452 5484 tamen
2479 5438 2685 5484 octava!
2714 5428 2827 5499 spei
2848 5437 3073 5494 nostra,
3100 5444 3223 5499 qua:
3256 5426 3513 5484 Christus
3546 5435 3638 5482 eat
3656 5466 3677 5493 ,
3748 5449 3921 5505 μ..

2272 5535 2460 5579 cessus
2478 5521 2798 5576 meritorum
2822 5560 2839 5584 ,
2867 5528 2923 5575 et
2946 5518 3222 5591 largitoris
3249 5519 3515 5575 beneﬁcia
3536 5533 3605 5574 ex
3637 5518 3923 5597 iam

2272 5621 2445 5668 totum
2489 5613 2745 5667 tribuam.
2794 5612 3045 5680 Alioquin
3102 5624 3199 5682 per
3231 5624 3292 5666 se
3336 5611 3404 5665 ad
3440 5611 3557 5665 haec
3579 5610 3723 5680 quis
3758 5616 3928 5677 με

2273 5704 2442 5760 nens?
2464 5702 2578 5761 lmo
2597 5744 2614 5769 ,
2644 5711 2703 5758 ut
2732 5702 2908 5759 idonei
2938 5717 3212 5769 essemm,
3248 5694 3401 5758 missi
3426 5701 3640 5759 suntin
3662 5707 3927 5769 arb...
