4016 6360
968 259 1334 318 EXPOSITIO
1363 259 1436 320 IN-
1471 257 1914 316 ΜΑΤΤΗΔΕΗἩ.
1953 266 2018 300 -'—'—
2057 260 2181 316 LIB.
2221 261 2308 327 Ill,
2349 260 2503 320 CAP.
2545 257 2617 318 Ὗ.

3331 252 3440 324 ιη

175 392 454 442 marum
487 382 698 446 septem
715 373 940 444 spiritus
981 371 1097 436 Dei,
1127 372 1266 428 unde
1303 373 1551 428 universa
1588 372 1759 426 virtu-
1787 375 1835 446 Α
1863 371 2111 438 eluserat,
2155 389 2343 430 rursus
2394 374 2641 444 personis
2685 389 2750 431 ac
2803 378 3035 446 negotiis
3084 373 3441 451 cengruentia

171 486 298 534 tum
327 473 468 528 dona
509 471 798 540 protluant.
831 465 944 522 Sub
975 480 1210 536 quorum
1241 480 1374 520 sane
1414 465 1662 530 obtentu,
1713 465 1768 520 in

174 564 430 620 oratione
450 561 703 620 Christus
722 567 969 612 votorum
997 571 1189 625 preces
1217 557 1454 612 edocuit.
1486 556 1544 612 ln
1573 558 1770 627 quibus

171 657 420 729 pendent
435 653 618 710 omnia
641 653 762 706 vita:
782 651 1132 706 od’oratnenta
1161 668 1176 706 :
1205 665 1514 719 quanquam
1539 651 1768 705 necdum

177 746 440 808 sciamus,
489 750 627 798 teste
667 740 928 812 Apostolo
979 739 1166 811 (Rom.
1199 741 1460 806 “11.26),
1498 741 1767 812 quomodo

179 837 456 894 interdu
481 849 643 892 orare
668 843 934 904 oporteat.
967 833 1162 890 Unctio
1181 833 1325 888 enim
1353 834 1580 905 Spiritus
1609 835 1767 902 docet

173 945 280 990 nos
329 930 398 986 de
437 929 524 984 his
561 928 834 984 omnibus.
875 926 1048 984 Aliter
1089 935 1270 982 autem
1293 967 1308 992 ,
1337 942 1437 982 nec
1468 927 1764 983 secundum

173 1019 322 1078 dona
356 1019 526 1089 ipsius
549 1018 734 1072 vivere
759 1057 778 1082 ,
822 1030 922 1076 nec
950 1031 1015 1072 ea
1057 1017 1346 1074 salubriter
1373 1017 1626 1086 precibus
1668 1019 1766 1072 im-

173 1111 400 1183 plorare
420 1153 436 1176 .
481 1125 588 1171 nec
619 1110 1010 1166 beatitudinum
1040 1109 1307 1179 promissa
1357 1108 1590 1166 feliciter
1619 1110 1764 1166 vale-

175 1222 306 1264 mus
333 1205 583 1276 adipisci.
627 1204 694 1260 Et
731 1204 853 1260 ideo
899 1203 1048 1272 prius
1085 1205 1222 1264 dona
1253 1205 1422 1274 gratis
1462 1205 1764 1276 largiuntur

169 1299 522 1370 negotiorum
549 1337 566 1362 ,
621 1295 818 1354 deinde
859 1297 1122 1352 virtutum
1151 1297 1434 1362 exercitia,
1466 1299 1760 1354 secundum

179 1388 455 1449 donorum
487 1385 708 1448 talenta,
761 1385 1087 1456 exiguuntur
1135 1401 1258 1440 cum
1290 1385 1456 1448 lucro,
1510 1387 1674 1442 etiam
1705 1395 1762 1441 et

169 1491 304 1552 post
329 1479 631 1538 certamina
673 1479 799 1534 vita:
839 1479 1056 1548 prmmia
1105 1479 1206 1532 sub
1235 1478 1442 1534 militia:
1482 1493 1648 1548 penso
1675 1493 1760 1533 re-

171 1579 627 1639 compensantur.
685 1568 770 1628 Ad
819 1569 962 1637 quod
1025 1567 1272 1624 Salvator
1334 1578 1518 1624 noster
1572 1585 1759 1640 preces

177 1661 407 1716 totidem
446 1659 628 1716 docuit
655 1699 672 1724 ,
719 1667 778 1714 ut
805 1667 866 1718 et
893 1659 1032 1715 dona
1080 1661 1348 1729 copiosius
1387 1669 1660 1730 petantur,
1701 1669 1758 1716 et

1869 462 2030 518 latius
2061 467 2323 534 exponit,
2374 475 2437 520 ut
2479 467 2706 536 singulis
2757 467 2998 538 singulas
3053 467 3442 529 sententiarum

1861 564 2047 626 partes
2072 557 2337 611 cdisserat
2378 567 2433 612 et
2462 566 2697 628 coaptet.
2725 557 2988 629 Proponit
3017 561 3160 616 enim
3193 564 3347 634 prius
3387 565 3443 621 in

1866 650 2146 719 utriusque
2173 649 2310 722 legis
2346 653 2566 707 oraculo
2591 651 2980 707 sententiarum
3020 669 3217 724 genera
3259 658 3444 718 verbis

1861 741 2052 810 paucis
2079 741 2352 796 conclusa.
2386 743 2648 798 Nimirum
2679 742 2844 816 254
2865 746 2994 813 quia
3025 747 3234 814 species
3260 761 3438 806 rerum

1859 848 2024 903 quam
2051 850 2196 905 smpe
2223 838 2330 898 vim
2355 837 2548 894 minuit
2571 839 2804 909 generis.
2833 837 3031 894 Deinde
3061 838 3148 892 illa
3171 841 3444 910 sapienter

1864 926 2051 982 dividit
2075 928 2128 982 in
2151 939 2363 999 partes,
2387 931 2534 1000 quod
2561 929 2753 985 divisio
2793 931 2845 985 in
2889 931 3064 986 causis
3091 931 3438 999 difﬁcillimis,

1858 1023 1928 1076 ad
1955 1024 2350 1093 capescendum
2384 1025 2673 1095 plurimum
2708 1025 2868 1080 valet.
2900 1027 3057 1083 Unde
3079 1029 3317 1098 prudens
3348 1045 3445 1083 att-

1857 1111 2007 1166 ditor
2036 1113 2260 1168 devotus
2287 1115 2584 1184 perpendat
2618 1117 2760 1184 quod
2784 1157 2798 1180 ,
2849 1117 3006 1170 simul
3035 1117 3087 1171 in
3116 1118 3302 1188 paucis
3326 1117 3440 1174 col-

1857 1203 2084 1270 lectum,
2131 1203 2322 1260 fortius
2347 1221 2410 1259 ac
2437 1206 2738 1261 mirabilius
2764 1207 2928 1278 viget.
2976 1208 3178 1263 Deinde
3212 1209 3441 1278 sparsim

1857 1296 2231 1351 numerosibra
2280 1296 2506 1367 singulis
2540 1298 2701 1352 rebus
2731 1299 3016 1368 specialius
3044 1299 3304 1354 attributa
3352 1302 3437 1352 in-

1861 1385 2096 1456 telligat;
2127 1395 2181 1440 et
2209 1393 2350 1456 quod
2379 1403 2475 1442 suo
2503 1389 2779 1459 proposito
2831 1405 3128 1460 congruere
3159 1391 3355 1446 viderit
3387 1392 3440 1446 in

1852 1489 2031 1545 parte,
2067 1477 2237 1532 fidelis
2267 1479 2497 1548 accipiat
2524 1481 2574 1534 in
2601 1489 2735 1544 toto,
2764 1481 2909 1535 velut
2936 1482 3037 1536 sibi
3062 1482 3262 1537 clarius
3298 1497 3443 1537 rese-

1857 1572 2057 1619 ratum.
2088 1565 2166 1620 Ne
2195 1575 2288 1620 aut
2313 1568 2611 1636 specierum
2652 1569 2888 1626 varietas
2913 1570 3024 1624 vim
3067 1585 3444 1640 summamque

1859 1654 2250 1711 beatitudinum
2277 1665 2553 1721 extenuet,
2581 1667 2671 1712 aut
2701 1658 2860 1714 simul
2889 1643 3242 1730 compositam
3265 1676 3444 1716 moras

171 1760 430 1821 percepta
454 1750 744 1810 virtutibus
763 1748 1156 1812 omciosissime
1181 1751 1594 1820 locupletemur.
1621 1753 1759 1820 Quo.
1786 1746 1834 1808 Β
1861 1743 1992 1800 lium
2025 1747 2430 1819 intelligentiam
2473 1750 2734 1804 sentiendi
2783 1751 3086 1807 obscuritas
3119 1753 3440 1812 confundat.

171 1858 296 1898 runt
339 1839 584 1910 profecto
623 1840 994 1902 remuneratio
1038 1839 1248 1896 felicius
1286 1851 1635 1914 augmentata
1701 1843 1756 1900 in

167 1933 526 1996 cmlestibus,
557 1931 720 2003 253
755 1931 912 1988 nobis
940 1931 1260 1988 sudantibus
1287 1945 1610 2004 prteoeatur.
1651 1934 1758 1992 Sed

169 2023 312 2078 nihil
362 2023 544 2077 acrius
591 2024 648 2076 in
699 2022 805 2076 vita
862 2021 1205 2078 credentibus
1258 2039 1422 2093 quam
1489 2039 1598 2094 pati
1655 2012 1801 2095 pro.

165 2113 387 2184 iustitia
411 2112 716 2168 mandatur.
761 2110 898 2179 Quia
941 2126 1068 2168 vera
1112 2113 1322 2170 esuries
1364 2113 1591 2182 iustitiae
1630 2125 1758 2178 tunc

175 2206 482 2274 probatur,
507 2204 551 2258 si
589 2213 716 2258 ante
749 2204 977 2274 quisque
1007 2219 1106 2274 pro
1143 2220 1208 2260 ea
1245 2206 1376 2260 velit
1416 2207 1553 2264 mori
1593 2222 1757 2277 quam

179 2291 352 2362 fidem
379 2307 442 2348 ex
473 2307 579 2361 qua
599 2291 926 2363 justiftcatus
969 2301 1052 2350 est
1109 2294 1251 2349 sinat
1298 2295 1551 2352 falsitatis
1605 2313 1758 2360 mea;

173 2384 346 2440 dacio
378 2383 580 2438 violari.
611 2385 994 2440 Verumtamen
1035 2385 1150 2440 haec
1185 2385 1370 2442 ultima
1399 2395 1454 2443 ct
1487 2388 1755 2457 praecipua

168 2475 302 2534 rita:
333 2475 627 2539 beatitudo,
658 2484 862 2545 septem
875 2476 1309 2546 praecedentibus
1322 2477 1566 2547 suppleta
1582 2479 1756 2544 donis,

167 2575 322 2638 recte
375 2574 434 2620 ut
483 2574 662 2620 teneat
697 2567 839 2637 quod
878 2567 1087 2636 accepit
1122 2566 1311 2622 ultima
1341 2567 1587 2637 martyrii
1633 2583 1754 2636 pas-

165 2658 348 2724 sione,
382 2655 931 2728 feliciusdecoratur.
973 2656 1230 2728 Alioquin
1271 2658 1392 2714 sine
1421 2659 1504 2714 bis
1531 2659 1596 2712 ad
1626 2674 1756 2728 pas-

161 2748 382 2808 sionem
428 2746 509 2804 ire
563 2746 846 2801 imbecillis
893 2755 979 2804 est
1027 2757 1280 2810 conatus,
1332 2749 1474 2818 quod
1516 2749 1758 2804 mortalis

165 2835 465 2892 infirmitas
485 2836 780 2892 acerbitate
803 2853 1081 2908 ptenarum
1105 2838 1214 2894 cito
1234 2838 1488 2894 vincitur.
1504 2839 1759 2909 Propter-

163 2945 229 2986 ea
258 2927 467 2985 Christi
492 2928 649 2984 miles
677 2930 826 2999 pacis
865 2938 1107 2999 tempore
1143 2930 1401 2984 virtutum
1434 2931 1757 2988 muniendus

163 3030 254 3080 est
287 3021 480 3086 armis,
529 3020 649 3076 sine
693 3020 888 3094 quibus
941 3036 1098 3076 nemo
1137 3020 1370 3091 gloriosa
1401 3023 1542 3091 gerit
1579 3032 1755 3076 certa-

1861 1838 2028 1909 lgitur
2069 1840 2172 1896 hac
2197 1840 2263 1895 de
2291 1855 2452 1895 causa
2489 1842 2586 1896 has
2606 1850 2732 1897 octo
2758 1843 2971 1898 videtur
3000 1845 3264 1913 gradatim
3293 1845 3443 1915 prius

1857 1943 2227 1996 enumerasse,
2255 1937 2446 2000 postea
2471 1947 2600 1986 vero
2643 1933 2990 2002 ﬁguratamm
3029 1935 3236 2004 species
3274 1934 3442 2004 signi~

1857 2018 2090 2090 ticanter
2117 2020 2546 2090 reassumpsisse.
2603 2022 2784 2088 Unde,
2835 2024 3128 2079 secundum
3159 2025 3440 2093 antiquam

1861 2110 2268 2166 translationem
2297 2128 2311 2164 :
3035 2127 3040 2130 ·

1927 2201 2080 2256 Beati
2107 2202 2253 2267 estis,
2277 2202 2470 2271 inquit,
2497 2219 2615 2257 cum
2645 2219 2730 2259 vos
2758 2203 2960 2273 oderint
2983 2220 3159 2259 omnes
3187 2205 3441 2271 homines,

1857 2303 1906 2350 et
1943 2293 2175 2349 dixerint
2216 2293 2487 2348 aduersum
2519 2309 2608 2347 vos
2643 2294 2818 2348 omnia
2856 2293 3034 2361 mala,
3067 2303 3114 2348 et
3149 2295 3444 2365 expulerint

1859 2399 1967 2440 vos.
2023 2382 2229 2449 Quibus
2259 2383 2502 2452 profecto
2529 2384 2711 2439 verbis
2739 2392 2888 2452 patet
2915 2385 3056 2453 quod
3090 2383 3210 2440 dico
3233 2423 3252 2448 ,
3298 2383 3443 2454 quod

1859 2473 1992 2528 niltil
2027 2473 2169 2528 aliud
2205 2475 2256 2528 in
2289 2474 2373 2528 his
2395 2515 2409 2539 ,
2439 2489 2599 2543 quam
2644 2474 2815 2529 virtus
2849 2484 3058 2529 octavae
3091 2474 3444 2530 beatitudinis

1860 2562 2020 2618 latius
2064 2563 2490 2632 recapitulatur,
2527 2572 2582 2617 et
2619 2563 3056 2632 persecutionum
3107 2570 3290 2631 partes
3343 2575 3442 2630 pro

1855 2651 2062 2722 justitia
2109 2651 2316 2720 plenius
2354 2660 2710 2720 exponuntur.
2757 2649 2890 2708 Nam
2925 2665 3087 2720 supra
3118 2651 3442 2721 generaliter

1861 2742 2101 2798 absolute
2127 2741 2378 2796 omnibus
2407 2741 2492 2795 illa
2536 2742 2822 2808 dicuntur,
2855 2742 2942 2798 hic
2977 2755 3106 2798 vero
3133 2741 3443 2810 specialiter

1861 2833 2134 2902 apostolos
2194 2846 2381 2888 eorum
2439 2847 2697 2902 sequaces
2749 2849 2846 2903 pro
2889 2833 3097 2902 iustitia
3143 2847 3440 2902 passuros,

1859 2924 2167 2993 expressius
2190 2923 2588 2993 pronuntiatur.
2615 2922 2724 2979 Sed
2745 2931 2922 2982 tamen
2947 2931 3004 2978 et
3047 2923 3134 2978 illa
3161 2918 3460 2993 apostolis;

1861 3024 1914 3070 et
1946 3016 2059 3070 haec
2090 3015 2357 3070 universis
2382 3029 2478 3083 pro
2499 3013 2717 3069 Christo
2741 3014 3063 3070 conveniunt
3088 3013 3442 3084 patientibus.

160 3120 342 3180 mina.
376 3118 614 3174 Possunt
637 3119 780 3174 enim
825 3119 964 3182 istac,
1010 3117 1058 3172 si
1095 3118 1396 3188 persecutio
1425 3117 1585 3182 desit,
1616 3117 1756 3172 dono
1783 3106 1832 3169 C
1860 3104 1916 3159 In
1937 3119 2038 3173 qua
2067 3105 2321 3159 nimirum
2343 3103 2629 3169 sententia.
2647 3119 2712 3158 ex
2733 3103 2932 3172 quibus
2951 3119 3054 3158 una
3073 3103 3442 3158 Ecclesiarum

162 3209 376 3278 Christi
411 3209 618 3266 militia:
641 3209 879 3280 palmam
927 3209 1132 3280 absque
1171 3208 1446 3279 sanguinis
1494 3206 1755 3262 effusione

161 3301 480 3372 expeditius
529 3300 865 3371 promereri;
925 3299 1013 3354 illa
1065 3315 1226 3364 vero,
1273 3299 1320 3354 si
1362 3306 1572 3370 tempus
1612 3298 1757 3354 adsit

163 3393 485 3463 passionis,
523 3407 798 3463 nunquam
835 3389 948 3447 sola
977 3392 1170 3447 mortis
1193 3391 1420 3448 audacia
1472 3391 1589 3446 sine
1636 3389 1756 3445 istis

165 3485 471 3556 salubriter
499 3484 768 3548 coronari.
803 3483 972 3550 Nemo
997 3483 1166 3555 igitur
1203 3483 1319 3540 sine
1358 3498 1489 3554 pace
1527 3482 1752 3548 Christi,

165 3593 341 3637 nemo
369 3578 486 3634 sine
533 3578 735 3633 mundo
769 3578 949 3640 corde,
996 3575 1082 3636 vel
1109 3576 1226 3631 sine
1253 3575 1621 3630 misericordia
1654 3589 1756 3643 pro

160 3671 384 3742 justiti:
419 3672 651 3742 patitur.
691 3668 834 3734 Sane
869 3670 992 3740 quis
1028 3683 1263 3739 unquam
1300 3668 1494 3724 dixerit
1523 3666 1756 3736 aliquem

165 3765 296 3820 sine
321 3775 506 3820 amore
529 3761 754 3831 iustitiae
773 3769 1041 3816 tormenta
1059 3767 1211 3822 recte
1237 3757 1540 3816 sustinere?
1562 3755 1754 3822 Nemo,

168 3855 404 3923 inquam
431 3893 449 3920 ,
493 3854 697 3922 absque
744 3851 1156 3921 compunctione
1204 3849 1414 3914 cordis,
1464 3856 1518 3901 et
1565 3846 1758 3902 futurae

169 3946 379 4016 patriae
426 3945 708 4010 desiderio,
755 3943 985 4000 libenter
1019 3957 1118 4014 pro
1139 3956 1213 3998 eo
1243 3941 1402 4006 morti
1431 3938 1770 4022 subjicitur;

166 4053 344 4105 petito
370 4038 570 4104 absque
603 4037 804 4106 Christi
854 4036 1298 4102 mansuetudine,
1361 4049 1523 4090 nemo
1558 4034 1758 4102 absque

165 4128 514 4202 paupertatis
551 4127 743 4184 aﬂ'ectu
768 4168 784 4194 ,
840 4127 1140 4199 praesertim
1181 4143 1304 4188 cum
1349 4142 1511 4182 verus
1556 4126 1761 4182 atbleta

165 4221 276 4278 Dei
315 4236 418 4276 nec
451 4236 513 4278 se
548 4219 679 4276 velit
721 4219 820 4274 sibi
859 4234 1111 4284 servare;
1169 4219 1262 4274 sed
1313 4234 1436 4274 cum
1477 4217 1600 4272 vitae
1646 4217 1757 4272 dis-

163 4311 376 4382 pendio
439 4310 610 4380 magis
655 4308 913 4380 [Creatori
969 4308 1266 4376 lucrit’ieri,
1312 4323 1406 4364 seu
1461 4323 1560 4378 pro
1600 4295 1761 4377 justi-

1858 3211 2117 3268 pressura
2166 3197 2537 3260 continuatur,
2590 3195 2694 3250 tria
2749 3196 3188 3264 persecutionum
3243 3208 3444 3264 genera

1856 3287 2237 3358 designantur;
2256 3289 2380 3358 quia
2402 3298 2496 3342 aut
2516 3287 2692 3344 cordis
2709 3289 2835 3356 odio
2853 3297 3250 3359 persequuntur
3269 3290 3446 3352 bonos

1857 3379 2052 3449 iniqui,
2082 3388 2176 3433 aut
2201 3379 2482 3434 maledicis
2511 3378 2770 3433 dilaniant
2799 3379 2997 3445 verbis,
3030 3388 3124 3433 aut
3149 3379 3291 3448 quod
3317 3394 3438 3435 sce-

1855 3469 2045 3532 lestius
2075 3477 2176 3534 est,
2209 3469 2369 3528 factis
2403 3469 2974 3541 pelltmturtnalignis.
3017 3470 3078 3526 ln
3127 3471 3214 3526 his
3238 3471 3436 3541 quippe

1859 3564 2244 3628 sceleratorum
2271 3563 2526 3632 gradibus
2567 3570 2677 3618 tota
2711 3563 3108 3617 adversantium
3159 3563 3438 3617 hominum

1859 3657 2151 3714 crudelitas
2178 3657 2508 3726 designatur.
2559 3653 2666 3709 Sed
2714 3655 2916 3708 habent
2964 3655 3082 3710 istae
3115 3661 3295 3723 partes
3325 3654 3439 3708 sin-

1857 3747 1995 3820 gula:
2038 3747 2235 3817 quibus
2265 3744 2620 3800 conficiantur
2667 3760 2854 3818 {ursus
2880 3760 2990 3800 suae
3027 3742 3232 3800 fraudis
3267 3759 3438 3800 mem-

1859 3839 1977 3894 bra.
2013 3835 2164 3892 Unde
2201 3834 2442 3906 expulsio
2483 3842 2629 3890 recte
2665 3835 2873 3892 duobus
2917 3835 3094 3890 modis
3137 3835 3436 3904 accipitur;

1860 3928 2068 3984 scilicet
2087 3927 2214 3980 dum
2240 3936 2333 3980 aut
2358 3942 2384 3979 a
2411 3925 2685 3981 consortio
2717 3926 2915 3982 civium
2947 3926 3217 3982 interdum
3243 3927 3442 3998 aliquis

1860 4035 1982 4084 cum
2021 4017 2217 4087 injuria
2257 4025 2593 4088 segregatur,
2623 4023 2718 4069 aut
2746 4015 2874 4070 dum
2911 4015 3022 4070 vita
3061 4013 3448 4084 praesens'suis

1860 4109 2074 4166 sedibus
2127 4107 2300 4178 pulsa,
2337 4121 2466 4162 caro
2507 4114 2680 4161 morte
2728 4105 3031 4176 perimitur.
3083 4104 3202 4172 Quo
3257 4116 3438 4162 tamen
3495 4164 3500 4169 ,

1858 4200 2026 4265 facto,
2054 4199 2184 4254 nulli
2226 4198 2444 4254 dubiutn
2479 4213 2578 4268 pro
2612 4195 2824 4266 justitia
2849 4237 2866 4264 ,
2897 4197 3040 4268 quod
3067 4197 3261 4252 melius
3291 4213 3435 4253 mor-

1861 4303 1952 4348 tua
1991 4295 2154 4348 vivat.
2213 4292 2448 4347 Econtra
2491 4291 2564 4344 illi
2609 4290 2998 4362 calumniantes
3055 4289 3178 4359 jure
3219 4290 3444 4350 mentiri

167 4379 249 4458 ᾖξε
305 4400 471 4472 eligat
515 4379 676 4458 ciuus
724 4400 1016 4456 immolari,
1059 4399 1232 4456 Amer
1286 4408 1466 4456 amem
1516 4396 1819 4472 quisquis_
1861 4385 2133 4449 dicuntur,
2161 4383 2206 4438 si
2233 4397 2331 4437 nos
2351 4382 2615 4453 justitiam
2644 4389 2916 4472 sectantes
2953 4396 3052 4451 pro
3085 4379 3302 4472 Christo
3347 4380 3442 4436 de-

167 4515 287 4568 m
315 4468 412 4570 pr;
431 4497 646 4568 iustitia
669 4497 860 4552 deum
883 4537 900 4562 ,
941 4496 1033 4551 sed
1065 4495 1235 4566 culpis
1275 4468 1617 4564 exigentis.”
1647 4489 1752 4543 alia
1779 4468 1834 4528 D
1857 4485 1978 4531 vote
2009 4473 2261 4570 patimur.
2303 4473 2553 4570 alioquin
2587 4481 2771 4570 reatus
2798 4471 2880 4526 sui
2912 4487 3129 4570 pte-nam
3155 4471 3258 4530 luit
3279 4473 3433 4570 quis:

168 4591 425 4663 qualibet
445 4605 516 4648 ex
545 4605 706 4658 causa
732 4590 889 4660 digne
915 4587 1159 4660 patitur,
1186 4602 1294 4642 non
1323 4585 1628 4648 beatitudo,
1658 4581 1754 4640 sed

169 4685 316 4744 ultio
341 4683 550 4753 peccati
579 4681 848 4752 aequitatis
887 4681 982 4736 Dei
1017 4678 1221 4748 judicio
1261 4677 1587 4734 cumulatur.
1628 4674 1756 4732 limo

170 4776 243 4830 de
275 4774 362 4828 bis
389 4774 532 4844 dicta
564 4772 846 4841 sufﬁciant.
874 4772 1142 4827 Caeterum
1175 4769 1384 4840 species
1411 4768 1603 4824 harum
1644 4767 1756 4822 vir-

173 4875 359 4922 tutum
388 4865 604 4928 lectoris
637 4863 873 4928 eﬂicacia
899 4863 1156 4920 solertius
1179 4863 1482 4927 discernat;
1513 4861 1656 4932 quod
1701 4870 1760 4918 et

169 4957 466 5029 legislator
511 4955 720 5028 Moyses
766 4955 953 5012 decem
997 4961 1267 5025 praecepta
1299 4953 1352 5007 in
1381 4958 1564 5008 monte
1600 4965 1762 5023 gene-

171 5049 320 5104 ralia
347 5049 500 5118 prius
527 5062 870 5118 proponens,
917 5045 1110 5102 deinde
1139 5044 1330 5100 eadem
1364 5042 1476 5099 suis
1509 5042 1762 5114 explanat

173 5141 453 5212 partibus,
469 5147 928 5216 etpraceptorum
947 5150 1213 5200 summam
1235 5133 1480 5205 pluribus
1497 5147 1564 5188 ex
1584 5133 1761 5190 causis

177 5231 522 5304 replicando,
549 5247 738 5288 rursus
770 5230 960 5288 dividit
995 5245 1092 5299 per
1128 5229 1340 5299 species
1372 5242 1387 5282 :
1415 5228 1489 5283 ita
1517 5238 1573 5282 et
1596 5227 1756 5283 Citri-

175 5332 305 5388 stus
343 5323 529 5380 volens
557 5324 843 5384 ostendere
870 5337 929 5378 se
959 5337 1057 5392 per
1084 5320 1344 5392 Spiritum
1373 5328 1621 5376 sanctum
1666 5319 1756 5373 illa

180 5417 456 5483 docuisse,
487 5415 653 5474 simili
685 5415 844 5474 modo
871 5429 1034 5481 nunc,
1061 5429 1126 5470 ac
1153 5414 1200 5470 si
1226 5414 1484 5470 virtutum
1518 5427 1715 5484 genera
1739 5451 1756 5480 ,

179 5521 311 5568 octo
353 5509 752 5566 beatitudinum
794 5507 1072 5578 proposuit
1108 5507 1293 5572 verba,
1341 5521 1409 5563 ex
1457 5505 1675 5575 quibus,
1702 5505 1759 5560 ni

177 5602 366 5668 fallor,
396 5615 730 5672 quaecunque
777 5601 958 5658 docuit
985 5600 1042 5654 iu
1077 5599 1264 5656 eodem
1295 5606 1499 5662 monte,
1529 5599 1760 5668 pendent

179 5696 388 5754 munia.
423 5694 532 5752 Sed
561 5694 655 5764 qui
679 5691 962 5751 obscurius
1000 5691 1188 5762 paucis
1209 5689 1409 5747 verbis
1441 5689 1595 5760 plura
1624 5704 1758 5746 con-

1861 4567 1983 4636 quis
2035 4565 2204 4635 culpis
2250 4563 2590 4632 exigentibus
2632 4562 2936 4618 damnatur.
2989 4561 3128 4617 Hinc
3173 4571 3257 4618 est
3296 4563 3442 4633 quod

1863 4658 2096 4736 gaudere
2149 4652 2476 4726 patientibus
2501 4691 2518 4716 ,
2564 4661 2619 4708 et
2651 4651 2922 4708 exsultare
2945 4667 3044 4723 pro
3069 4651 3278 4723 justitia
3323 4670 3439 4708 mo-

1861 4737 1990 4812 net;
2046 4745 2171 4820 quia
2209 4742 2537 4800 conscientia
2586 4742 2738 4796 testis
2783 4750 2837 4796 et
2886 4742 2992 4798 fida
3041 4743 3254 4800 devotio
3301 4742 3448 4802 nihil.

1862 4838 2008 4896 aliud
2037 4835 2262 4908 requirit
2290 4850 2452 4905 quam
2479 4831 2703 4902 justitia:
2729 4834 2963 4890 culmen.
2994 4833 3148 4890 Unde
3171 4834 3436 4905 profecto,

1869 4931 2011 5002 quod
2037 4944 2196 5000 supra
2228 4943 2451 4998 regnum
2491 4926 2773 4994 caelorum,
2807 4927 2897 4984 hic
2923 4926 3084 4998 255
3119 4927 3336 4998 copiosa
3379 4925 3436 4981 in

1868 5020 2177 5078 caelestibus
2222 5033 2428 5074 merces
2462 5016 2644 5072 futura
2709 5017 2972 5089 signatur.
3023 5019 3129 5074 Sed
3179 5033 3246 5073 ne
3296 5017 3437 5074 forte

1868 5112 2012 5187 quod
2039 5112 2168 5168 dicit
2197 5112 2383 5166 durius
2414 5111 2692 5177 audiatur,
2727 5120 2988 5183 temperat
3013 5110 3258 5181 exemplo
3284 5110 3443 5180 prius,

1865 5203 2134 5280 passionis
2183 5205 2416 5276 rigorem
2451 5219 2462 5255 :
2494 5211 2552 5255 ut
2583 5210 2734 5256 tanto
2775 5201 2986 5258 facilius
3026 5201 3256 5256 tolerent
3290 5200 3434 5271 quod

1866 5300 2120 5361 minatur,
2152 5303 2353 5366 quanto
2381 5292 2587 5348 felicius
2614 5292 2982 5365 cognoverint,
3004 5305 3100 5361 per
3127 5291 3242 5346 lucc
3281 5305 3339 5346 se
3367 5291 3435 5346 ad

1865 5401 2063 5448 atterna
2105 5395 2460 5458 perventuros
2489 5385 2683 5456 gaudia
2707 5399 2826 5454 qua:
2852 5382 3134 5456 promittit.

1938 5503 2025 5559 Sic
2074 5503 2208 5557 enim
2228 5542 2242 5567 ,
2284 5501 2490 5571 inquit,
2523 5497 2774 5570 persecuti
2805 5505 2924 5551 sunt
2954 5506 3000 5551 et
3039 5497 3313 5567 prapbetas
3345 5499 3436 5569 qui

1861 5607 2014 5654 erant
2043 5606 2164 5649 ante
2193 5611 2300 5648 vos.
2329 5593 2406 5648 Ac
2433 5592 2478 5647 si
2508 5598 2755 5660 patenter
2780 5589 2943 5655 dicat,
2979 5604 3167 5645 eorum
3192 5591 3436 5660 exempla

1865 5707 1964 5748 vos
1993 5690 2256 5754 invitant;
2286 5686 2429 5756 quia,
2461 5684 2600 5740 sicut
2625 5682 2826 5737 veritas
2859 5691 2963 5751 est,
2999 5699 3176 5740 meum
3207 5683 3280 5740 illi
3305 5697 3432 5754 pro-
