4000 6362
565 215 668 278 251

1348 221 1407 280 s.
1444 192 1808 282 PASCHASII
1843 224 2196 285 RADBERTI
2233 229 2528 291 seems
2563 233 3011 297 CORBEIENSIS

564 333 879 391 nuntiantes
928 333 1216 428 adventum
1272 347 1372 430 pro
1417 333 1650 430 iustitia;
1678 346 1804 392 sunt
1861 339 2146 410 perempti.
2171 353 2220 417 Α
2251 347 2482 403 ﬁeiendo
2515 351 2954 421 caretganguine
2990 360 3044 406 et
3080 353 3419 422 putredinem
3464 367 3679 430 purgat.
3721 361 3827 420 Ubi

565 425 772 482 ldcirco
801 440 900 480 vos
933 423 1155 481 minime
1179 425 1426 481 dubitare
1457 428 1684 496 potestis
1719 444 1807 484 me
1853 431 2002 500 sequi
2047 447 2144 501 per

564 521 780 580 labores
823 523 890 578 ad
946 521 1192 593 gloriam,
1243 521 1370 575 dum
1424 535 1518 576 eos
1555 538 1783 592 quorum
1832 525 2146 594 prophetias

560 615 805 686 probatis
842 613 894 668 in
935 627 1021 668 me
1063 612 1309 682 impletas
1333 652 1349 679 ,
1399 614 1620 668 cernitis
1661 623 1784 670 ante
1814 617 2146 686 triumphum

559 704 832 776 passionis
853 705 1074 760 devotos
1095 719 1158 760 ac
1189 703 1371 759 ﬁdeles
1392 704 1509 760 sine
1529 705 1776 774 exemplo
1799 704 2146 762 succubuisse

559 794 618 849 in
667 805 916 850 mortem.
971 793 1099 850 Haec
1138 795 1292 867 juxta
1341 795 1670 864 exemplaria
1717 797 1958 868 priorum
2001 797 2145 854 dicta

557 886 698 951 sint;
727 896 984 941 caeterum
1007 895 1192 942 nostra
1221 887 1617 960 interpretatio.

632 978 785 1034 Beati
811 978 954 1042 estis,
982 979 1188 1049 inquit,
1220 997 1338 1034 cum
1371 982 1737 1039 maledircerint
1760 984 1922 1052 vobis,
1949 993 2000 1040 et
2021 1002 2141 1056 per—

557 1071 720 1126 secuti
747 1085 832 1124 vos
862 1068 1076 1138 fuerint,
1110 1079 1158 1124 et
1193 1071 1423 1126 dixerint
1460 1090 1611 1129 omne
1639 1074 1839 1130 malum
1868 1076 2144 1132 adversum

556 1179 645 1218 vos
672 1202 688 1229 ,
739 1163 1044 1216 mentientes
1069 1173 1282 1233 propter
1304 1181 1404 1218 me.
1433 1164 1489 1220 ln
1518 1167 1713 1236 quibus
1737 1168 1991 1224 nimirum
2017 1183 2144 1224 ver-

557 1253 677 1319 bis,
735 1254 924 1309 eadem
965 1254 1218 1308 videntur
1269 1256 1608 1326 signiﬁcari;
1668 1261 1970 1328 pnesertim
2019 1275 2142 1315 cum

561 1343 848 1399 maledicta
900 1358 968 1397 ex
999 1345 1178 1400 cordis
1221 1345 1346 1401 odio
1387 1346 1554 1413 ﬁant,
1590 1356 1646 1403 et
1693 1351 1998 1420 persecutio
2035 1367 2143 1406 una

558 1452 683 1491 cum
709 1437 877 1492 variis
914 1437 1190 1508 suppliciis
1223 1439 1388 1494 vitam
1421 1455 1452 1495 a
1485 1456 1713 1513 corpore
1739 1444 1990 1514 expellat.
2022 1445 2145 1513 Qui-

555 1524 658 1580 bus
695 1533 873 1580 tamen
907 1533 1036 1582 tunc
1063 1535 1210 1582 recte
1244 1529 1479 1599 gaudere
1509 1539 1564 1587 et
1584 1532 1859 1588 exsultare
1893 1533 2067 1602 jubet,
2095 1532 2143 1589 si

554 1619 794 1674 exterius
842 1620 960 1675 haec
1006 1620 1190 1676 omnia
1244 1631 1464 1692 propter
1509 1621 1808 1691 Christum,
1864 1626 1955 1696 qui
2013 1640 2141 1681 vera

2247 447 2423 493 autem
2461 442 2669 508 peccati
2714 441 3146 511 corruptiosale
3175 446 3481 504 desiccatur
3525 452 3831 524 sapientiae,

2243 541 2460 582 vermes
2503 545 2610 583 non
2656 529 3042 598 demoliuntur,
3091 549 3190 590 nec
3219 552 3381 607 sapor
3407 539 3725 597 infatuatur.
3757 545 3829 599 Ut

2245 618 2410 690 igitur
2467 624 2620 679 cibus
2663 640 2768 680 non
2821 635 2904 680 est
2954 636 3111 696 aptus
3153 632 3219 685 ad
3257 633 3667 696 comedendum,
3723 637 3832 693 nisi

2245 711 2358 768 sale
2385 715 2674 771 condiatur
2702 734 2715 771 :
2748 718 2821 772 ita
2853 734 3031 775 sermo
3073 722 3221 778 utilis
3263 739 3371 779 non
3411 726 3516 780 erit
3552 727 3619 781 ad
3659 729 3830 784 disci-

2243 803 2466 875 plinam,
2494 807 2539 862 si
2570 809 2879 878 apostolicae
2925 811 3203 880 sapientia:
3243 830 3350 870 non
3387 816 3640 872 habuerit
3663 819 3837 873 docu-

2244 906 2506 953 mentum.
2555 899 2694 957 Hinc
2727 903 2923 974 quippe
2949 905 3153 960 dictum
3201 916 3286 962 est
3325 908 3380 962 in
3422 907 3709 965 Levitico:
3747 910 3836 966 Ne

2244 989 2459 1058 auferas
2490 991 2571 1045 sal
2596 992 2806 1062 foederis
2836 995 2932 1050 Dei
2959 997 3036 1050 tui
3059 998 3124 1052 de
3146 999 3289 1053 omni
3307 1001 3570 1069 sacrificio
3592 1013 3702 1067 tuo,
3737 1017 3835 1057 nec

2245 1097 2347 1135 non
2376 1091 2423 1135 et
2453 1083 2510 1137 in
2547 1086 2688 1138 omni
2729 1087 2991 1156 sacriﬁcio
3029 1088 3112 1143 sal
3152 1091 3337 1159 offeres
3377 1089 3566 1161 (Levit.
3599 1108 3673 1158 ιι,
3710 1092 3832 1164 15).

2244 1174 2511 1233 Videlicet
2545 1178 2598 1232 in
2629 1181 2774 1234 omni
2803 1197 3055 1248 munere,
3084 1191 3144 1238 ut
3172 1185 3531 1254 quodcunque
3575 1185 3834 1242 docueris

2242 1276 2335 1322 aut
2381 1272 2722 1337 correxeris,
2771 1271 2825 1327 in
2869 1288 3193 1345 quocunque
3245 1278 3524 1347 proposito
3569 1286 3836 1334 versatus

2243 1359 2428 1425 fueris,
2466 1361 2814 1432 apostolicam
2851 1365 3171 1434 sapientiam
3210 1376 3266 1422 et
3295 1368 3649 1424 imitationem
3679 1383 3836 1424 sem-

2242 1465 2340 1520 per
2368 1452 2586 1507 habeas.
2615 1453 2781 1524 lgitur
2802 1464 3064 1524 quantum
3111 1457 3178 1512 ad
3207 1458 3573 1530 eloquentiam
3612 1470 3839 1532 spectat

2243 1542 2572 1610 Latinitatis,
2616 1547 2734 1601 istae
2763 1549 3150 1604 sententiarum
3178 1549 3431 1608 clausulae
3457 1553 3708 1609 videntur
3765 1555 3839 1610 ad

2243 1650 2365 1690 eum
2393 1637 2630 1707 pendere
2659 1639 2836 1694 locum
2860 1639 2953 1696 ubi
2983 1639 3140 1707 dicit,
3186 1651 3246 1697 ut
3283 1643 3353 1698 sit
3393 1644 3553 1714 plena
3598 1645 3834 1701 oratio:

549 1707 760 1778 iustitia
780 1713 1210 1779 commendatur,
1233 1713 1504 1783 patienter
1529 1713 1738 1781 ferunt;
1765 1716 1990 1772 interius
2012 1733 2142 1774 vero
2168 1716 2217 1777 B
2243 1725 2472 1781 Docebat
2508 1744 2595 1782 eos
2629 1728 2823 1784 dicens.
2871 1729 3112 1786 Docebat
3159 1739 3339 1788 autem
3367 1707 3646 1802 {inquam
3670 1773 3686 1800 ,
3735 1748 3840 1791 eos

554 1803 670 1872 spei
716 1803 992 1859 beatitudo
1031 1803 1277 1860 veritatis
1323 1805 1538 1860 conscia
1581 1805 1802 1862 uberius
1830 1807 2017 1878 pollet.
2057 1808 2134 1865 De

553 1894 753 1966 quibus
791 1895 1101 1967 Propheta:
1140 1896 1323 1951 Omnis
1369 1896 1537 1966 gloria
1581 1896 1696 1966 ejus
1736 1897 1865 1966 ﬁliae
1909 1899 2042 1970 regis
2074 1899 2139 1953 ab

551 1988 694 2043 intus
723 1985 895 2059 (Psal.
923 2003 1071 2052 κων,
1102 1987 1213 2058 Η).
1241 1987 1393 2044 Unde
1416 1989 1543 2045 licet
1575 1989 1914 2046 extrinsecus
1957 2005 2142 2061 perse-

551 2078 798 2133 cutiones
826 2085 878 2133 et
904 2077 1006 2132 alia
1037 2093 1262 2148 quaeque
1291 2079 1539 2146 saeviant,
1589 2080 1746 2136 nobis
1797 2089 1976 2136 tamen
2005 2097 2136 2153 gau-

553 2171 682 2226 dere
705 2170 980 2235 convenit,
1025 2169 1224 2239 quibus
1263 2185 1474 2226 merces
1500 2171 1555 2226 in
1579 2171 1891 2228 celestibus
1920 2173 2138 2243 copiosa

549 2271 814 2316 servatur.
849 2261 916 2317 Et
953 2276 1060 2317 non
1091 2261 1263 2317 solum
1291 2263 1544 2334 gaudere,
1570 2279 1758 2319 verum
1789 2273 1845 2320 et
1863 2266 2139 2322 exsultare

550 2351 915 2421 praecipimur,
946 2351 1090 2420 quod
1122 2359 1274 2407 tanto
1299 2352 1518 2408 uberior
1548 2367 1760 2410 merces
1787 2355 1912 2420 erit,
1937 2364 2137 2426 quanto

551 2441 748 2510 gaudio
771 2450 824 2496 et
856 2441 1216 2497 exsultatione
1248 2456 1348 2514 pro
1373 2442 1590 2498 Christo
1612 2444 1666 2499 in
1699 2445 2136 2502 tribulationibus

551 2531 802 2588 devotior
831 2531 968 2589 ﬁdes
993 2532 1177 2587 fuerit.
1210 2533 1268 2588 ln
1303 2534 1613 2591 caelestibus
1644 2543 1823 2592 autem
1849 2578 1864 2604 ,
1904 2553 2010 2592 non
2039 2553 2134 2592 su-

547 2625 792 2693 periores
823 2623 1011 2679 mundi
1040 2632 1223 2695 partes
1249 2623 1351 2678 dici
1385 2625 1652 2689 arbitror,
1681 2640 1856 2697 neque
1891 2626 1944 2680 in
1963 2626 2135 2682 rebus

544 2714 893 2781 volubilibus,
924 2717 1016 2772 sed
1062 2715 1118 2770 in
1155 2715 1492 2786 spiritalibus
1520 2715 1878 2773 ﬁrmamentis
1918 2733 2133 2790 quoque

546 2804 639 2860 ubi
684 2806 831 2860 nulla
881 2807 1160 2878 corruptio
1207 2808 1535 2862 dominatur.
1569 2808 1643 2862 De
1674 2809 1869 2877 quibus
1894 2809 2134 2879 profecto

546 2895 701 2953 cmlis
725 2896 924 2952 Paulus
956 2897 1358 2962 aiebat,dicens
1390 2916 1402 2951 :
1436 2897 1633 2951 Nostra
1661 2907 1836 2952 autem
1857 2915 2133 2954 conversa-

547 2994 622 3050 tio
663 2995 719 3049 in
745 2993 884 3048 caelis
911 3002 987 3047 est
1015 2990 1272 3064 (Philipp.
1305 3008 1388 3059 ιιι,
1418 2992 1533 3065 20).
1567 2994 1643 3050 De
1673 2994 2008 3065 spiritalibus
2037 2996 2134 3051 ita-

2245 1817 2468 1874 dicens:
2496 1821 2651 1876 Beati
2695 1839 2947 1893 pauperes
2993 1825 3182 1895 spiritu
3209 1866 3223 1890 ,
3259 1835 3318 1883 et
3363 1834 3560 1882 czetera
3586 1843 3710 1897 qua:
3739 1843 3836 1884 se-

2241 1919 2502 1979 quuntur.
2519 1913 2738 1970 Necnon
2765 1924 2852 1970 et:
2876 1914 2979 1970 Vos
3008 1918 3130 1972 estis
3150 1917 3232 1972 sal
3251 1928 3403 1973 terra:
3425 1929 3474 1973 et
3494 1919 3589 1974 lux
3602 1923 3838 1990 mundi;

2242 2017 2340 2057 seu
2383 2004 2448 2058 ad
2491 2004 2928 2062 informationem
2962 2023 3148 2063 eorum
3187 2010 3278 2079 qui
3319 2011 3576 2066 credituri
3613 2022 3836 2068 erant:

2241 2094 2394 2150 Beati
2415 2099 2558 2152 eritis
2580 2115 2696 2152 cum
2723 2115 2811 2154 vos
2833 2102 3087 2170 persecuti
3116 2101 3398 2173 fuerint,et
3420 2105 3647 2160 dixerint
3671 2121 3839 2162 omne
3880 2157 3884 2161 .

2240 2186 2458 2242 malum.
2497 2189 2669 2245 Omne
2719 2190 2898 2262 itaque
2933 2192 3134 2248 malum
3161 2210 3282 2248 cum
3308 2195 3455 2260 dicit,
3486 2194 3648 2251 simul
3702 2197 3843 2250 nni-

2239 2294 2396 2335 versa
2422 2280 2825 2351 malignantium
2852 2284 3261 2354 comprehendit
3281 2299 3480 2354 genera
3500 2286 3836 2341 verborum.

2311 2370 2465 2436 Quod
2492 2373 2538 2427 si
2557 2372 2636 2427 sal
2662 2375 2948 2441 evanuerit,
2971 2375 3025 2430 in
3046 2393 3146 2446 quo
3170 2375 3390 2431 salietur
3406 2376 3432 2430 7
3453 2376 3530 2432 Ac
3563 2377 3609 2432 si
3635 2388 3842 2446 aperte

2239 2461 2486 2528 dicatur,
2525 2463 2572 2518 si
2611 2464 2800 2519 doctor
2843 2466 3128 2532 erraverit,
3173 2482 3201 2521 a
3234 2481 3340 2536 quo
3369 2467 3591 2524 doctore
3629 2483 3839 2525 emen-

2240 2553 2498 2610 dabitur?
2535 2553 2637 2609 Vos
2682 2558 2824 2623 estis,
2877 2557 3083 2626 inquit,
3127 2558 3209 2614 sal
3235 2569 3406 2614 terrm.
3447 2559 3599 2628 Quod
3637 2560 3682 2615 si
3727 2576 3840 2619 vos

2238 2655 2385 2701 metu
2433 2647 2806 2717 temporalium
2867 2664 3048 2704 rerum
3108 2659 3201 2706 aut
3257 2652 3840 2722 concupiscentiarum

2239 2741 2454 2806 aﬁ‘ectu,
2487 2743 2780 2799 omiseritis
2809 2759 3057 2815 saporem
3084 2747 3382 2817 sapientiae,
3414 2748 3507 2815 qui
3536 2758 3700 2805 erunt
3724 2765 3844 2822 per

2237 2846 2372 2901 quos
2399 2841 2593 2887 vestra:
2625 2831 2891 2889 fatuitatis
2938 2835 3241 2908 insipientia
3276 2837 3437 2909 25⁵1
3467 2846 3523 2894 et
3560 2838 3842 2897 vitiorum

2236 2937 2392 2978 error
2419 2923 2732 2979 auferatur?
2755 2925 2822 2980 Et
2843 2927 3138 2982 notandum
3167 2929 3310 2998 quod
3346 2927 3506 2997 hujus
3533 2932 3842 2988 sententia

2233 3015 2536 3084 propositio
2580 3017 2734 3087 quasi
2773 3017 2903 3073 solis
2953 3018 3211 3088 apostolis
3251 3018 3538 3090 dirigitur;
3585 3035 3842 3092 sequens

546 3101 653 3158 que
686 3085 842 3142 bonis
868 3085 1123 3157 gaudere.
1153 3093 1208 3140 ει
1237 3100 1300 3140 ea
1332 3099 1544 3157 semper
1569 3086 1719 3142 lucra
1755 3089 1972 3182 securi.
2022 3107 2128 3146 ηοη
2157 3093 2202 3156 C
2237 3113 2417 3159 autem
2450 3085 2749 3176 assumptio
2789 3106 2856 3163 de
2881 3085 3091 3163 cunctis
3115 3108 3210 3180 qui
3256 3085 3553 3182 magisterii
3591 3085 3844 3170 censen-

543 3178 717 3236 solum
764 3179 817 3232 in
860 3178 1062 3234 eisdem
1116 3177 1506 3245 thesaurizare,
1555 3195 1746 3236 verum
1782 3181 1946 3237 etiam
2011 3182 2128 3253 jam

542 3271 854 3327 conversari
887 3281 1007 3337 est;
1049 3270 1173 3343 quia
1210 3272 1300 3327 ubi
1333 3273 1653 3340 thesaurus,
1695 3273 1768 3329 ibi
1807 3283 1862 3330 et
1900 3290 1995 3331 cor
2036 3291 2130 3331 ve-

541 3371 716 3419 strum
745 3362 869 3417 erit.

623 3452 726 3510 Vos
756 3455 880 3509 estis
903 3454 985 3509 sal
1006 3462 1180 3510 terra.
1217 3453 1309 3510 Sal
1339 3455 1526 3527 utique
1559 3473 1658 3527 pro
1689 3459 1951 3529 sapientia
1993 3459 2126 3532 ﬁgu-

541 3553 657 3600 rate
683 3544 966 3615 accipitur.
999 3543 1075 3598 De
1119 3559 1227 3614 qua
1265 3543 1468 3599 Paulus
1497 3562 1510 3597 :
1547 3544 1899 3616 Sapientiam,
1929 3547 2124 3618 inquit,

537 3637 802 3710 loquimur
843 3639 980 3693 inter
1007 3638 1264 3708 perfectos
1300 3636 1354 3708 (1
1382 3637 1506 3692 Cor.
1562 3653 1625 3703 ιι,
1668 3638 1745 3709 6).
1793 3639 2126 3710 Sapientiam

537 3740 738 3797 autem,
784 3746 891 3787 non
924 3729 1083 3800 hujus
1111 3730 1322 3795 mundi,
1368 3745 1543 3801 neque
1574 3730 1896 3802 principium
1939 3733 2126 3788 mundi

541 3820 702 3889 hujus
731 3821 822 3890 qui
853 3823 1227 3885 destruuntur,
1261 3821 1356 3876 sed
1382 3820 1653 3891 loquimur
1679 3821 1772 3876 Dei
1803 3823 2126 3892 sapientiam

537 3912 591 3967 in
619 3912 879 3982 mysterio
905 3911 1294 3978 absconditam,
1332 3928 1495 3981 quam
1523 3914 1928 3982 praedestinavit
1960 3914 2126 3985 256

537 4011 665 4058 ante
709 4001 906 4057 saecula
945 4002 1010 4056 ad
1054 4002 1280 4073 gloriam
1325 4010 1589 4058 nostram.
1642 4003 1750 4058 Nec
1791 4004 1975 4074 itaque
2024 4005 2126 4060 mi-

543 4107 688 4154 rum.
719 4093 765 4148 si
795 4107 889 4149 eos
917 4092 1237 4163 sapientiam
1281 4093 1451 4149 voluit
1495 4094 1777 4165 appellari,
1814 4097 1906 4167 qui
1958 4105 2013 4154 et
2049 4099 2122 4154 dii

534 4195 592 4244 et
618 4186 710 4242 lux
741 4195 867 4242 sunt
891 4187 1069 4242 vocati
1095 4205 1109 4241 :
1135 4187 1386 4257 equidem
1415 4204 1521 4243 non
1551 4188 1996 4256 substantialiter,
2029 4192 2123 4247 sed

533 4291 636 4349 per
661 4277 916 4348 gratiam,
939 4277 1124 4333 multis
1154 4277 1460 4348 hujusmodi
1490 4279 1800 4336 nominibus
1826 4282 2118 4340 sublimati.

539 4370 631 4425 Sal
660 4381 839 4436 terrae,
875 4371 928 4426 id
962 4381 1069 4437 est,
1109 4373 1430 4443 sapientiam
1455 4388 1550 4429 eos
1578 4375 1724 4440 dicit,
1771 4388 1993 4448 propter
2019 4378 2116 4435 do-

2235 3206 2324 3253 tur
2355 3199 2594 3265 nomine,
2639 3201 3047 3270 pronuntiatur,
3096 3209 3153 3256 et
3189 3201 3245 3256 in
3287 3201 3398 3257 ﬁne
3439 3202 3505 3257 de
3546 3202 3840 3261 universis

2232 3288 2592 3344 concluditur.
2635 3287 2747 3345 Nec
2805 3290 3028 3346 dubium
3067 3291 3197 3362 quin
3246 3291 3326 3347 sal
3365 3301 3523 3348 terrm
3554 3302 3843 3351 vocentur

2231 3391 2328 3448 per
2357 3379 2614 3433 doctrinae
2639 3379 2893 3435 virtutem
2913 3419 2929 3445 ,
2959 3381 3050 3449 qui
3101 3380 3328 3437 saliendi
3357 3381 3588 3438 oﬁicium
3631 3398 3840 3443 susce-

2229 3476 2430 3536 perunt
2470 3468 2537 3523 ad
2587 3468 2916 3525 condiendas
2954 3470 3192 3526 ﬁdelium
3235 3481 3465 3538 mentes,
3496 3480 3554 3529 et
3585 3488 3840 3544 corpora

2231 3568 2446 3616 aeternae
2480 3561 2604 3616 vitae
2645 3562 2814 3618 verbo
2847 3564 3167 3620 eruditionis
3214 3567 3500 3622 servanda.
3541 3567 3697 3623 Unde
3725 3583 3840 3625 ne-

2230 3666 2382 3708 cesse
2411 3662 2492 3707 est
2518 3660 2578 3707 ut
2603 3653 2828 3709 audiant
2853 3655 3148 3721 temerarii,
3184 3657 3387 3726 absque
3425 3656 3534 3712 ullo
3562 3656 3840 3718 falsitatis

2230 3744 2624 3810 emolumento,
2657 3745 2762 3800 hoc
2782 3747 2838 3802 in
2871 3745 2988 3802 loco
3016 3762 3178 3817 quam
3213 3747 3468 3802 terribilis
3487 3761 3839 3808 evanescen-

2227 3834 2372 3890 tibus
2403 3836 2456 3890 in
2487 3836 2732 3891 doctrina
2763 3837 2905 3892 sacri
2936 3836 3098 3892 ollicii
3138 3838 3405 3896 sententia
3449 3840 3834 3898 concluditur.

2299 3926 2381 3979 Ad
2414 3926 2668 3994 nihilum,
2712 3927 2918 3998 inquit,
2949 3929 3081 3984 valet
3121 3929 3293 3998 ultra,
3338 3932 3441 3987 nisi
3481 3941 3539 3986 ut
3569 3933 3838 3988 mittatur

2226 4016 2407 4087 foras,
2453 4027 2502 4072 et
2561 4017 2894 4074 conculcetur
2936 4021 3002 4075 ab
3053 4021 3367 4078 hominibus.
3417 4023 3587 4079 Foras
3631 4032 3837 4082 autem

2225 4114 2379 4164 extra
2417 4108 2744 4176 Ecclesiam,
2791 4111 2874 4167 vel
2916 4113 3056 4170 [om
3085 4124 3240 4170 extra
3269 4115 3503 4171 oﬁicium
3545 4116 3834 4186 docendi,

2225 4203 2352 4274 quia
2391 4219 2639 4276 saporem
2666 4221 2775 4260 non
2805 4209 3028 4264 retinuit
3050 4210 3257 4280 gratias,
3294 4210 3614 4266 mittendum
3642 4209 3838 4281 signi-

2223 4294 2370 4351 ﬁcat.
2396 4295 2552 4364 Quia,
2583 4297 2627 4352 si
2654 4312 2785 4353 vera
2813 4299 3146 4368 comparatio
3175 4299 3302 4355 salis
3326 4299 3618 4355 secundum
3644 4314 3838 4370 gene-

2223 4389 2300 4445 ris
2327 4389 2410 4469 sui
2442 4402 2695 4446 naturam
2723 4401 3000 4461 pensatur,
3027 4391 3258 4461 rigorem
3287 4391 3590 4447 emolliendi
3611 4431 3626 4456 ,
3660 4392 3834 4450 nulla

534 4477 667 4516 num
712 4461 946 4531 Spiritus
993 4463 1165 4518 sane“
1185 4504 1200 4529 ν
1259 4479 1325 4518 ex
1365 4479 1472 4534 (Ιυο
1510 4475 1638 4520 ειιηι
1664 4481 1804 4523 VWB
1842 4470 2120 4540 εθρίθηιίπ
2143 4457 2198 4519 D
2224 4463 2410 4540 manet
2442 4457 2855 4556 argumentatio,
2887 4457 3134 4554 eoquod,
3161 4485 3204 4539 si
3233 4484 3514 4540 evanuerit
3535 4499 3564 4537 a
3586 4498 3834 4554 sapore,

535 4551 827 4622 participes
853 4551 1001 4609 facti.
1033 4554 1097 4608 Et
1126 4555 1169 4609 si
1194 4555 1482 4624 quaerenda
1512 4565 1595 4612 est
1623 4560 1924 4630 proprietas
1951 4562 2120 4617 dicto-

534 4658 656 4697 rum
682 4683 696 4708 ,
748 4658 901 4712 aqua:
926 4654 983 4699 et
1016 4644 1175 4716 ignis,
1219 4646 1416 4716 quibus
1443 4647 1653 4702 duobus
1681 4650 1760 4703 sal
1791 4651 2077 4708 conﬁcitur
2100 4692 2118 4720 ,

534 4731 823 4800 cogitanda
850 4743 976 4788 sunt
1003 4733 1293 4789 elementa.
1331 4736 1482 4792 Unde
1512 4753 1560 4790 in
1583 4737 1792 4807 psalmo
1815 4738 1961 4810 (va,
1991 4740 2115 4811 12):

538 4822 916 4890 Transivimus,
951 4825 1148 4897 inquit,
1169 4844 1263 4898 per
1282 4829 1452 4898 ignem
1480 4837 1530 4883 et
1553 4847 1766 4900 aquam,
1789 4842 1838 4886 et
1864 4833 2120 4890 induxisti

533 4931 629 4971 nos
677 4916 733 4971 in
780 4917 1130 4989 refrigerium.
1162 4920 1242 4976 Ac
1284 4921 1328 4976 si
1356 4930 1605 4991 patenter
1643 4925 1788 4980 dicat
1823 4945 1836 4980 :
1866 4942 1963 4982 vos
1988 4929 2118 4984 estis

533 5007 612 5062 sal
642 5017 824 5074 terrae,
865 5009 994 5079 quia
1036 5025 1100 5064 ex
1145 5026 1284 5080 aqua
1320 5011 1557 5082 Spiritus
1586 5015 1781 5080 sancti,
1813 5031 1974 5086 quam
2018 5031 2119 5088 ego

538 5100 657 5155 dedi
689 5099 866 5164 vobis,
897 5109 951 5154 et
981 5101 1105 5171 igne
1141 5101 1524 5169 tribulationis,
1557 5104 1609 5159 in
1642 5121 1808 5159 unum
1842 5106 2116 5176 sapientiae

536 5204 784 5259 saporem
815 5189 1079 5246 concreti.
1119 5191 1214 5246 Vel
1236 5201 1386 5247 certe
1423 5208 1519 5263 per
1548 5209 1743 5264 aquam
1774 5195 2023 5264 baptismi
2063 5204 2118 5250 et

533 5284 712 5354 ignem
741 5283 1027 5339 charitatis
1053 5284 1226 5338 renati
1257 5284 1323 5339 ad
1347 5287 1748 5341 condimentum
1779 5292 2114 5340 terrenarum

536 5374 794 5429 mentium
832 5374 945 5428 dati
984 5376 1134 5430 estis.
1169 5374 1528 5429 Terrenarum
1556 5375 1699 5429 enim
1729 5375 1989 5429 mentium
2035 5375 2116 5430 in-

526 5465 810 5536 sipientia,
859 5466 984 5535 quia
1014 5475 1217 5522 terram
1250 5475 1543 5531 sectantur,
1583 5474 1835 5520 cruentat
1882 5467 2109 5522 animas.

531 5553 736 5610 Idcirco
764 5553 892 5610 salis
918 5555 1092 5611 oﬁicio
1122 5558 1190 5612 ad
1220 5556 1492 5611 saliendas
1531 5570 1625 5610 eas
1655 5556 1778 5610 data
1800 5566 1882 5612 est
1909 5555 2112 5611 doctri-

527 5659 600 5701 na
629 5646 1016 5717 apostolorum.
1055 5648 1323 5721 Quidquid
1365 5647 1511 5703 enim
1557 5647 1667 5702 sale
1705 5649 1958 5705 conditur
1983 5666 2112 5706 con-

2222 4575 2387 4633 nullis
2414 4577 2604 4633 usibus
2643 4577 2872 4633 ulterius
2919 4586 3076 4649 aptus
3119 4592 3240 4633 esse
3285 4579 3643 4634 convincitur.
3700 4578 3837 4638 Sed

2220 4675 2406 4721 utrum
2450 4667 2516 4722 de
2555 4667 2665 4721 vita
2701 4667 2938 4730 doctoris
2961 4707 2977 4734 ,
3011 4682 3080 4722 an
3110 4667 3282 4722 solum
3313 4667 3381 4723 de
3407 4667 3651 4723 doctrina
3676 4707 3692 4733 ,
3723 4669 3841 4727 vel

2222 4757 2383 4812 simul
2411 4759 2476 4814 de
2511 4766 2740 4830 utroque
2770 4760 2998 4823 dicatur,
3052 4775 3161 4814 non
3204 4767 3408 4816 temere
3450 4759 3836 4830 iudicandum

2218 4858 2372 4918 puto.
2399 4848 2732 4916 Praesertim,
2761 4866 2884 4906 cum
2911 4850 3040 4905 alibi
3063 4851 3263 4907 dictum
3295 4851 3366 4906 sit
3395 4869 3408 4905 :
3441 4849 3610 4922 Super
3632 4853 3843 4910 cathe-

2224 4939 2376 4994 dram
2412 4939 2584 5011 Moysi
2605 4941 2846 4995 sederunt
2877 4940 3074 4996 Scriba:
3103 4951 3150 4996 et
3179 4941 3458 4997 Pharistei.
3483 4941 3699 5005 Omnia,
3724 4943 3839 5000 in-

2225 5031 2364 5100 quit,
2399 5047 2721 5107 qua’cunque
2751 5031 2978 5084 dixerint
3016 5031 3156 5086 vobis
3189 5043 3390 5088 servate
3419 5043 3466 5088 et
3505 5033 3684 5103 facile,
3721 5051 3838 5089 se-

2223 5122 2451 5175 cundum
2479 5137 2634 5190 opera
2659 5137 2776 5174 vero
2797 5119 3005 5176 illorum
3028 5121 3188 5177 nolite
3218 5123 3392 5193 facere
3419 5123 3834 5196 (Matthxxtn,

2221 5211 2302 5280 2).
2329 5211 2465 5267 Ecce
2502 5211 2603 5266 hoc
2633 5210 2751 5267 loco
2779 5227 2966 5266 sanam
2988 5227 3174 5268 eorum
3198 5214 3498 5270 doctrinam
3524 5231 3836 5273 commen-

2225 5304 2347 5370 dat;
2397 5303 2677 5375 agentibus
2701 5318 2830 5375 ergo
2870 5304 2993 5373 quis
3036 5313 3198 5376 negat
3221 5305 3309 5360 illa
3337 5306 3619 5376 proﬁcere,
3675 5307 3838 5367 dum
3889 5341 3926 5360 η

2223 5397 2467 5452 veritatis
2498 5397 2755 5468 magister
2783 5397 3038 5468 operibus
3085 5413 3203 5468 quae
3241 5399 3626 5470 praecipiuntur
3647 5399 3835 5468 jubet

2221 5489 2464 5545 servari?
2510 5491 2896 5545 Verumtamen
2933 5504 3100 5558 opera
3135 5489 3356 5544 mandat
3398 5505 3504 5545 non
3563 5490 3828 5562 imitari,

2219 5579 2521 5636 doctrinam
2549 5592 2678 5634 vero
2718 5593 2904 5634 eorum
2941 5577 3186 5646 exsequi.
3237 5577 3392 5633 Haud
3419 5579 3638 5634 dubium
3674 5583 3837 5650 quin

2217 5670 2539 5729 deterrentis
2568 5669 2816 5741 exemplo
2845 5669 3092 5728 veritatis
3134 5669 3410 5740 magistris
3447 5669 3579 5726 Novi
3611 5669 3834 5728 Testa-
