4000 6362
124 310 218 368 '155

902 300 1262 358 EXPOSITIO
1300 300 1363 354 IN
1402 298 1839 356 MATTHIEUM.
1880 329 1951 339 —-
1986 299 2112 353 LIB.
2155 297 2240 362 Ill,
2279 296 2430 353 CAP.
2469 295 2537 351 ν.

3280 293 3390 350 234

123 421 299 481 menti,
334 417 475 472 sicut
504 421 560 468 et
600 411 667 468 de
696 410 905 481 justilia
942 411 1143 466 sensim
1166 410 1564 466 Pharisaeorum
1594 410 1695 464 ista
1725 412 1772 472 Α
1802 419 1946 475 sunt,
1979 426 2073 480 per
2124 410 2354 479 gratiam
2405 407 2639 480 Spiritus
2670 408 2876 473 sancti,
2927 408 3017 462 lux
3056 408 3110 463 in
3141 409 3394 467 Domino.

123 508 411 570 conclusit:
451 521 520 561 ne
570 505 810 558 moribus
861 504 1178 573 impugnent
1225 518 1347 572 qum
1398 502 1576 555 verbis
1607 501 1700 554 do-

1805 501 1920 554 Non
1949 517 1977 554 a
2031 511 2218 554 natura
2256 501 2506 569 quidem,
2550 501 2643 555 sed
2693 515 2790 570 per
2843 499 3186 555 eﬁicientiam
3227 500 3396 565 doni,

125 603 340 659 cnerint.
389 597 669 668 Alioquin,
705 596 830 650 licet
875 594 1072 649 habeat
1102 595 1506 648 condimentum
1554 607 1699 647 sana:
1799 593 1952 663 juxta
1994 592 2137 662 quod
2179 594 2437 661 scriptum
2485 601 2567 646 est
2608 611 2620 645 :
2658 591 2763 658 Qui
2803 591 3034 645 adhaeret
3077 591 3244 664 259
3286 592 3398 647 Do-

124 695 390 756 doctrinze,
420 701 477 744 et
505 704 754 760 saporem
777 702 918 742 verae
947 687 1245 757 sapientire,
1282 696 1460 740 tamen
1490 685 1702 755 pericu-

127 791 227 845 lose
253 787 317 841 ad
343 783 652 839 docendum
675 781 954 851 prmsumit
973 780 1086 850 qui,
1117 780 1218 834 sibi
1245 779 1419 834 factus
1443 778 1700 843 insulsus,

127 881 245 936 alios
270 877 526 932 vitiorum
581 890 802 928 suorum
851 871 1021 927 fetore
1071 872 1402 941 corrumpit;
1453 871 1566 941 qui,
1599 870 1702 924 etsi

130 988 222 1026 non
245 968 494 1038 ejiciatur
521 966 688 1027 foras,
713 965 827 1034 jam
855 964 1040 1032 utique
1067 961 1418 1018 conculcatur
1443 961 1511 1015 ab
1536 959 1707 1015 omni-

129 1065 238 1123 bus,
265 1061 391 1115 dum
421 1059 542 1128 ejus
570 1057 683 1109 vita
707 1055 1090 1110 contemnitur.
1120 1053 1499 1108 Contemnitur
1523 1060 1703 1106 autem

130 1164 282 1218 recte,
337 1152 382 1206 si
419 1149 545 1205 talis
591 1157 676 1204 est
705 1157 764 1201 ut
810 1148 876 1200 ad
918 1146 1142 1200 nihilum
1170 1145 1307 1199 ultra
1347 1144 1540 1198 valeat.
1595 1143 1707 1197 lmo

131 1245 313 1298 amisso
342 1238 576 1294 saliendi
608 1252 804 1307 sapore
843 1250 912 1288 ne
953 1235 1125 1306 possit
1155 1233 1375 1288 condire
1417 1242 1670 1303 corrupta
1692 1272 1708 1298 ,

131 1334 408 1406 proteritur
457 1328 688 1400 pedibus
748 1326 1113 1381 subditorum.
1169 1326 1436 1381 Craterum
1491 1335 1710 1381 sanctus

124 1432 177 1480 τι
217 1437 376 1478 verus
407 1421 662 1475 minister
707 1417 930 1481 Christi,
967 1417 1214 1486 quamvis
1259 1417 1312 1469 in
1342 1416 1502 1469 terris
1542 1414 1708 1468 multa

127 1515 381 1570 ‘astineat
413 1520 470 1566 et
499 1508 787 1563 derideant
821 1521 942 1561 eum
986 1506 1147 1570 mali,
1180 1513 1362 1560 tamen
1402 1502 1709 1560 conculcari

133 1621 233 1662 non
251 1613 448 1675 potest,
483 1601 628 1672 quod
660 1607 842 1653 mente
873 1599 1014 1653 ﬁxus
1053 1598 1105 1651 in
1142 1597 1280 1652 caelo
1317 1610 1516 1652 manet.
1557 1595 1712 1652 Unde

137 1696 408 1766 signanter
435 1689 710 1763 apostolos
740 1686 949 1742 Veritas
976 1687 1274 1758 pnestruit,
1310 1701 1375 1740 ne
1402 1695 1708 1757 perceptam

1805 681 1944 735 mino
1989 698 2123 735 unus
2151 680 2378 751 Spiritus
2402 691 2474 735 est
2504 680 2552 749 (Ι
2582 679 2706 734 Cor.
2739 697 2816 744 vt,
2860 681 2969 751 l7).
3008 681 3073 735 Et
3101 682 3400 736 notandum

1805 775 1947 844 quod
1977 775 2162 829 eadem
2187 775 2257 828 sit
2298 775 2413 829 [nec
2449 775 2620 843 gratia
2652 775 2705 828 in
2753 773 3048 844 apostolis,
3096 788 3193 844 per
3235 790 3400 845 quam

1809 883 1969 940 supra
1996 867 2138 923 beati
2181 868 2562 923 mundicordcs
2598 867 2938 933 efﬁciuntur;
2970 882 3200 938 quorum
3234 867 3404 922 corda

1801 960 2138 1034 inundantur
2167 960 2269 1013 ﬁde
2317 968 2372 1013 et
2403 959 2696 1014 intellectu.
2724 958 2835 1014 Hoc
2860 974 2988 1013 sane
3015 958 3217 1015 lumine
3253 969 3406 1016 recte

1810 1050 1952 1106 Deus
1974 1051 2142 1106 videri
2171 1051 2432 1115 creditur,
2457 1067 2563 1120 quo
2586 1051 2832 1122 profecto
2863 1051 3123 1107 divinitus
3145 1051 3404 1108 illustrati

1813 1141 2039 1212 apostoli
2085 1142 2420 1196 coliterentes
2461 1141 2590 1206 luci,
2637 1157 2667 1196 a
2726 1151 2882 1212 parte
2946 1141 3167 1211 majoris
3213 1145 3406 1212 gratim

1805 1235 1927 1304 jure
1951 1237 2036 1290 lux
2059 1237 2239 1291 mundi
2266 1245 2394 1291 sunt
2412 1235 2876 1308 nuncupatiﬁam
2895 1244 2949 1292 et
2971 1251 3134 1306 supra
3162 1238 3306 1308 quod
3321 1237 3406 1292 sal

1815 1339 2075 1383 vocantur
2102 1329 2343 1400 paciﬁcis
2367 1331 2649 1398 congruit;
2676 1329 2801 1400 quia
2836 1329 2952 1384 sine
2979 1329 3246 1399 sapientia
3279 1345 3409 1386 con-

1815 1422 2112 1475 dimentum
2144 1421 2294 1490 pacis
2337 1437 2441 1475 non
2491 1431 2720 1476 tenetur.
2768 1420 2906 1477 Hinc
2935 1436 3152 1493 quoque
3193 1420 3411 1477 Marcus

1817 1514 1891 1566 ait
1917 1529 1930 1565 :
1961 1512 2129 1566 Habet
2167 1515 2220 1566 in
2260 1512 2404 1567 vobis
2441 1513 2626 1578 salem,
2655 1522 2703 1567 et
2739 1530 2920 1583 pacem
2947 1513 3129 1567 habete
3158 1514 3296 1567 inter
3319 1530 3409 1567 vos

1817 1602 2012 1674 (Marc.
2037 1620 2115 1668 1x,
2139 1604 2251 1667 50).
2285 1603 2548 1658 Nimirum
2573 1605 2698 1675 quia
2738 1605 2818 1660 sal
2853 1605 3200 1661 discretiOnis
3222 1613 3277 1660 et
3317 1620 3410 1659 sa-

1816 1695 2033 1764 pientia:
2061 1696 2266 1765 absque
2288 1711 2422 1766 pace
2452 1695 2652 1751 Christi
2679 1697 2899 1751 minime
2929 1697 3072 1751 valet
3100 1715 3113 1751 :
3143 1705 3198 1753 et
3218 1711 3250 1752 e
3282 1713 3414 1753 con-

131 1788 286 1858 25‘8
315 1785 631 1842 exinaniant
653 1783 710 1838 in
740 1796 799 1838 se
833 1783 1156 1854 sapientiam
1180 1823 1194 1846 ,
1227 1781 1389 1836 ullius
1431 1782 1506 1836 rei
1538 1779 1713 1851 gratia
1743 1768 1791 1829 Β
1823 1787 1990 1840 trario
2036 1801 2136 1841 nec
2166 1801 2269 1856 pax
2314 1787 2432 1841 sine
2468 1787 2732 1856 sapientia
2768 1788 2876 1843 Deo
2904 1788 3162 1843 cohaeret.
3203 1786 3414 1854 Quibus

127 1888 216 1934 aut
238 1881 435 1933 timore
465 1886 560 1931 aut
584 1874 1026 1944 concupiscentia
1051 1882 1143 1927 aut
1184 1882 1433 1943 torpore,
1471 1873 1563 1927 sed
1599 1888 1713 1926 ma—

129 1979 280 2025 neant
306 1970 367 2024 in
400 1968 678 2024 soliditate
706 1966 837 2022 salis
865 1980 1081 2034 semper
1114 1965 1524 2019 reminiscentes
1557 1962 1717 2033 hujus

131 2073 326 2117 natura:
361 2062 496 2124 sint,
529 2068 584 2115 et
611 2059 743 2129 quid
768 2058 838 2113 ah
863 2056 1056 2128 Opiﬁce
1084 2065 1429 2126 receperunt.

205 2155 301 2211 Vos
327 2157 455 2210 estis
480 2155 578 2208 lux
599 2153 807 2207 mundi.
835 2151 952 2206 Lux
985 2152 1172 2220 utique
1201 2151 1321 2205 ideo
1352 2158 1480 2205 sunt
1507 2150 1716 2212 vocati,

131 2252 271 2320 quia,
299 2248 558 2303 veritatis
602 2245 780 2300 lucem
825 2245 1222 2316 percipientes,
1267 2245 1320 2298 in
1352 2244 1554 2298 Christi
1600 2259 1722 2297 cor-

134 2359 258 2412 pore
285 2356 386 2411 per
408 2340 642 2412 gratiam
683 2346 809 2393 sunt
845 2337 1132 2408 assumpti.
1156 2337 1235 2391 Ex
1273 2352 1380 2407 quo
1404 2345 1461 2390 et
1491 2336 1723 2406 Aposto-

134 2435 248 2488 lus:
280 2432 483 2486 Fuistis
507 2431 645 2485 enim
677 2429 964 2499 aliquando
995 2427 1235 2491 tenebra',
1269 2443 1406 2480 nunc
1432 2437 1603 2479 autent
1631 2426 1724 2479 lux

131 2528 184 2578 in
217 2525 446 2579 Domino
483 2521 703 2593 (Ep/tes.
729 2536 782 2584 v,
815 2519 892 2591 8).
924 2518 1170 2572 Luminis
1195 2519 1338 2572 enim
1377 2525 1570 2571 natura
1607 2524 1720 2579 est,

135 2628 454 2685 quocunque
486 2612 782 2674 inferatur,
815 2618 879 2666 ut
920 2609 1175 2663 tenebras
1216 2607 1362 2662 foras
1392 2607 1572 2661 mittat
1601 2623 1615 2660 :
1652 2607 1726 2661 ita

135 2716 186 2759 et
212 2703 478 2776 apostoli,
514 2701 605 2756 lux
634 2701 687 2755 in
710 2699 942 2756 Domino
971 2697 1168 2762 effecti,
1198 2699 1322 2769 quia
1354 2697 1587 2752 mundus
1633 2713 1727 2752 ex-

133 2805 216 2851 tra
241 2794 614 2866 cognitionem
642 2791 735 2846 Dei
772 2791 980 2862 positus
1013 2789 1251 2844 tenebris
1282 2788 1598 2860 ignorantur.
1626 2803 1729 2842 cm-

134 2887 382 2947 cahautr,
401 2883 567 2954 positi
601 2890 729 2937 sunt
752 2888 811 2936 ut
837 2895 937 2952 per
966 2895 1062 2935 eos
1096 2894 1289 2934 omnes
1331 2878 1725 2933 illuminentur.

135 2975 273 3032 Hinc
323 2987 543 3044 quoque
590 2971 852 3043 propheta
897 2971 963 3026 de
1001 2969 1220 3025 Christo
1257 2969 1342 3024 vel
1382 2985 1447 3025 ex
1495 2985 1729 3038 persona

135 3066 503 3139 quorumlibet
550 3064 830 3135 signanter
866 3063 939 3117 ait
983 3080 998 3116 ε
1041 3059 1207 3115 Posui
1247 3062 1373 3115 tein
1409 3060 1575 3114 lucem
1609 3078 1731 3131 gen-

136 3133 288 3224 tium,
314 3170 371 3213 ut
401 3159 468 3214 sit
491 3133 641 3214 saluis
661 3173 776 3212 mea
798 3173 961 3227 usque
990 3155 1059 3209 ad
1084 3166 1369 3210 extremum
1400 3166 1552 3209 terrm
1592 3155 1727 3225 (Isa.
1756 3133 1808 3199 (ἶ

141 3269 286 3312 thx.
323 3251 400 3319 6).
433 3249 491 3304 ln
522 3249 704 3303 lucem
737 3248 922 3317 itaque
949 3255 1076 3301 sunt
1113 3261 1235 3301 cum
1276 3246 1341 3300 ad
1384 3245 1735 3301 illuminalio-

139 3359 261 3398 nem
293 3341 418 3397 ﬁdei
445 3341 795 3411 diriguntur,
824 3338 972 3394 salus
997 3354 1128 3394 vero
1165 3353 1289 3394 cum
1325 3339 1394 3394 ad
1424 3339 1730 3394 sanitatem.

139 3432 204 3487 Et
236 3433 362 3487 ideo
390 3431 473 3488 sal
497 3446 597 3487 eos
617 3444 740 3486 esse
781 3445 946 3500 supra
979 3439 1403 3493 commemorat,
1446 3439 1504 3485 ut
1545 3446 1734 3486 eorum

137 3523 410 3593 sapientia
436 3530 696 3592 corrupta
724 3531 1005 3576 sanentur.
1037 3521 1316 3591 Siquidem
1341 3536 1440 3592 per
1462 3521 1738 3576 illumina-

139 3614 357 3668 tionem
386 3613 568 3682 gratiae
596 3611 692 3666 lux
720 3612 1010 3676 dicuntur,
1041 3619 1098 3666 ut
1127 3612 1341 3666 illorum
1382 3612 1740 3668 illustratione

142 3704 214 3758 ab
271 3703 526 3758 humanis
564 3702 824 3758 cordibus
863 3703 1102 3758 tenebraz
1149 3702 1436 3773 pellantur.
1485 3703 1638 3770 Quod
1686 3712 1742 3759 et

143 3794 421 3865 Propheta
463 3794 527 3848 de
570 3794 848 3849 Domino:
885 3793 1140 3849 Dominus
1178 3793 1495 3849 illuminatio
1537 3812 1650 3869 mea
1693 3804 1742 3850 et

141 3887 294 3940 salus
318 3903 433 3940 mea
471 3883 646 3957 (Psal.
690 3901 838 3950 xxvr,
866 3886 941 3955 l).
975 3885 1184 3954 Quibus
1211 3887 1426 3941 duabus
1456 3889 1745 3944 sententiis

144 3979 437 4051 integritas
466 3988 670 4035 nostra:
700 3978 890 4035 salutis
919 3988 1195 4034 exoratur.
1211 3978 1503 4050 Propterea
1532 3992 1586 4035 et
1618 3996 1747 4051 apo-

140 4071 271 4126 stoli
314 4082 579 4140 quatenus
621 4070 696 4124 dii
730 4071 1026 4125 secundum
1070 4071 1298 4142 gratiam
1347 4070 1745 4143 intelligantur,

144 4179 248 4216 non
280 4161 462 4216 solum
488 4160 754 4230 sapientia
783 4161 835 4215 in
867 4161 1127 4226 salutem,
1151 4176 1337 4216 verum
1361 4163 1525 4216 etiam
1565 4171 1620 4216 et
1658 4161 1748 4216 lux

145 4254 208 4306 ad
238 4252 697 4307 illuminationem
730 4251 888 4322 hujus
917 4252 1102 4306 mundi
1139 4260 1262 4307 sunt
1290 4253 1485 4307 vocati.
1519 4252 1670 4308 Unde
1697 4263 1754 4308 et

145 4343 196 4397 in
237 4342 578 4414 quibusdam
629 4342 942 4408 codicibus,
977 4342 1043 4396 ad
1085 4343 1485 4399 distinctionem
1529 4343 1753 4400 alterius

146 4437 358 4500 iaculi,
389 4435 602 4489 additur
623 4434 781 4505 hujus
801 4476 815 4500 ,
845 4435 1348 4490 demonstrativum.
1380 4435 1457 4488 Ac
1487 4435 1530 4490 si
1567 4445 1753 4505 paten-

1820 1875 2060 1946 profecto
2088 1877 2264 1940 donis,
2297 1877 2556 1946 perfectio
2590 1878 2904 1948 designatur
2933 1878 3320 1949 apostolorum.
3347 1879 3416 1934 Et

1822 1969 1943 2023 ideo
1981 1968 2061 2022 eis
2107 1968 2209 2021 tria
2259 1967 2374 2022 btec
2417 1984 2627 2022 summa
2671 1977 2726 2023 et
2767 1969 3036 2041 praecipua
3068 1984 3134 2024 ex
3179 1969 3266 2025 his
3290 1977 3415 2025 octo

1822 2058 2129 2130 specialiter
2159 2060 2518 2129 deputantur;
2548 2070 2820 2129 quatenus
2868 2071 2924 2115 et
2963 2070 3158 2116 caetera
3191 2077 3284 2117 eos
3323 2077 3414 2116 as-

1824 2160 2038 2206 secutos
2063 2150 2273 2221 plenius
2303 2165 2678 2222 cognosceres.
2724 2151 2876 2207 Unde
2907 2153 3151 2223 sequitur
3183 2167 3198 2205 :

1904 2242 2024 2296 Non
2049 2252 2213 2312 potest
2244 2243 2426 2296 civitas
2469 2242 2719 2298 abscondi
2760 2260 2921 2314 supra
2949 2255 3172 2298 montem
3223 2245 3416 2314 posita.

1825 2335 1882 2389 ln
1918 2334 2116 2404 quibus
2139 2334 2329 2388 civitas
2358 2334 2448 2388 illa
2472 2332 2808 2389 Hierusalem
2837 2334 3100 2400 cuslestis,
3127 2350 3189 2391 ac
3210 2335 3256 2389 si
3287 2336 3420 2391 duo-

1828 2426 2001 2481 decim
2047 2425 2333 2495 splendore
2377 2441 2734 2496 gemmarum,
2782 2441 2944 2496 supra
2987 2426 3294 2491 Christum,
3324 2427 3419 2497 qui

1829 2531 1990 2570 verus
2036 2531 2192 2571 mons
2253 2516 2552 2586 appellatus
2592 2523 2709 2584 est,
2750 2516 3050 2570 dedicatur.
3081 2515 3234 2584 Quod
3280 2517 3421 2573 bene

1830 2609 1980 2664 locus
2004 2609 2057 2663 in
2089 2625 2195 2678 quo
2219 2624 2314 2664 eos
2333 2609 2580 2673 docebat,
2608 2611 2963 2674 demonstrat,
2983 2625 3049 2666 ac
3062 2610 3105 2666 si
3129 2619 3313 2681 aperte
3342 2612 3424 2666 di-

1833 2709 1922 2754 cat
1941 2718 1952 2752 :
1974 2699 2215 2771 ASpicite
2243 2715 2350 2770 quo
2376 2700 2535 2770 positi
2567 2700 2718 2766 estis,
2747 2701 2874 2771 quia
2896 2701 3046 2756 locus
3071 2711 3308 2757 montem
3343 2703 3426 2757 iu-

1835 2789 2032 2855 sinuat,
2077 2805 2240 2860 super
2279 2806 2440 2861 quem
2482 2807 2602 2857 vos,
2642 2792 2696 2846 in
2733 2793 2932 2862 quibus
2962 2792 3204 2849 ccelestis
3231 2794 3426 2852 civitas

1833 2878 2111 2945 fundatur,
2135 2883 2431 2936 constructi
2464 2882 2616 2938 estis.
2641 2883 2750 2938 Vos
2773 2883 2916 2939 enim
2932 2884 3064 2940 estis
3078 2883 3430 2943 fundamenta

1837 2973 2005 3042 ipsius
2035 2973 2273 3028 civitatis
2301 2989 2421 3044 qua:
2455 2976 2710 3031 fundatur
2732 2976 2787 3031 in
2815 2977 3086 3032 montibus
3123 2979 3350 3042 sanctis,
3374 2987 3432 3034 et

1841 3062 1960 3117 ideo
1988 3062 2101 3132 jam
2133 3080 2160 3116 a
2187 3062 2540 3121 fundamento
2568 3067 2723 3136 quasi
2754 3077 2943 3138 aperte
2971 3068 3166 3124 civitas
3195 3069 3432 3142 appella-

1839 3155 1990 3209 mini.
2029 3154 2146 3212 Non
2171 3165 2352 3228 potest
2375 3158 2569 3214 civitas
2603 3175 2766 3230 supra
2795 3171 3034 3218 montem
3070 3163 3430 3232 praeminen-

1839 3254 1947 3302 tem
1976 3249 2151 3318 posita
2182 3264 2240 3303 se
2283 3249 2621 3306 abscondere
2652 3292 2667 3317 ,
2719 3267 2806 3318 ne,
2853 3252 2992 3309 bene
3022 3263 3116 3308 aut
3146 3255 3285 3309 male
3305 3270 3432 3312 cum

1838 3337 2048 3404 fecerit,
2080 3340 2418 3406 innotescat;
2443 3357 2618 3413 neque
2648 3358 2708 3399 se
2732 3345 2928 3402 timore
2958 3347 3236 3415 occulere,
3272 3364 3340 3404 ne
3365 3349 3436 3405 ab

1839 3433 2086 3489 hostibus
2130 3435 2458 3490 inveniatur.
2506 3436 2848 3508 Quapropter
2872 3439 3119 3495 dedicato
3150 3440 3204 3495 in
3237 3441 3428 3498 funda-

1841 3534 2026 3580 mento
2065 3527 2209 3594 quod
2251 3536 2466 3582 maneat
2512 3528 2567 3581 in
2600 3527 2854 3583 culmine.
2903 3529 3212 3600 Prmparate
3259 3548 3408 3586 arma

1843 3630 2020 3676 turam
2060 3623 2296 3677 civitatis
2321 3664 2336 3688 ,
2382 3624 2507 3693 quia
2537 3639 2699 3694 supra
2731 3633 2967 3679 montem
3012 3625 3251 3690 statutis,
3293 3626 3438 3682 nulla

1844 3715 1996 3769 vobis
2056 3713 2282 3770 facultas
2311 3715 2417 3770 erit
2466 3715 2925 3788 subterfugiendi,
2977 3731 3152 3787 neque
3191 3717 3439 3774 clanculo

1845 3807 2122 3878 quidpiam
2155 3808 2398 3878 gerendi.
2429 3808 2690 3864 Excelsus
2716 3818 2801 3864 est
2839 3809 2984 3865 enim
3028 3825 3184 3866 mons
3215 3812 3442 3882 justitiat

1847 3916 1954 3971 quo
1980 3900 2359 3971 propalamini,
2381 3901 2483 3956 etsi
2511 3917 2607 3956 vos
2634 3902 2968 3958 abscondere
2988 3903 3186 3959 velitis.
3208 3904 3439 3971 Idcirco,

1850 3991 2055 4045 munite
2085 4006 2180 4046 vos
2240 3991 2417 4059 potius
2460 3992 2718 4046 virtutum
2759 3992 2959 4058 armis;
3003 4009 3111 4062 quo
3139 3995 3207 4049 ad
3251 3995 3439 4051 debel-

1850 4078 2008 4133 landa
2037 4080 2218 4134 mundi
2243 4080 2585 4136 adversantia
2615 4081 2668 4136 in
2697 4081 2900 4136 lumine
2934 4087 3239 4152 praestructi
3283 4087 3437 4142 estis.

1853 4170 2081 4226 Oeulosa
2133 4171 2350 4242 quidem
2393 4172 2446 4226 in
2477 4173 2729 4228 omnibus
2765 4172 3133 4230 Providentia.
3164 4175 3298 4232 Nam
3340 4179 3442 4234 tria

1855 4263 2107 4332 superius
2146 4263 2457 4332 specialiter
2484 4263 2743 4333 apostolis
2771 4263 3078 4334 deputavit,
3113 4267 3207 4322 sed
3247 4268 3442 4324 civita-

1858 4363 1964 4410 tem
2004 4370 2165 4425 supra
2216 4363 2453 4410 montem
2503 4357 2759 4426 positam,
2809 4358 2952 4428 quod
2999 4375 3104 4414 non
3133 4361 3303 4429 possit
3352 4363 3449 4418 ab-

1859 4446 2086 4510 seondi,
2137 4447 2379 4502 absolute
2431 4448 2683 4503 omnibus
2747 4448 3022 4505 indicavit.
3072 4451 3280 4524 Quippe
3321 4455 3450 4526 quia

340 4499 347 4500 ,
690 4499 707 4505 ,
803 4499 806 4500 ν
1567 4499 1582 4505 -
1862 4499 1879 4502 νγ
2074 4499 2085 4510 ,
2212 4499 2256 4501 ρ
3078 4499 3171 4520 ν.
3197 4499 3209 4506 ,
3253 4499 3280 4506 ν
3323 4499 3450 4510 η..-

144 4542 226 4588 ter
249 4535 437 4594 dicat,
469 4547 567 4587 vos
592 4532 727 4586 estis
754 4531 843 4586 lux
871 4531 1030 4603 hujus
1056 4533 1240 4587 mundi
1270 4548 1336 4588 ex
1372 4532 1567 4598 ofﬁcio,
1591 4543 1646 4590 et
1673 4534 1754 4590 sal
1779 4499 1832 4560 Β
1858 4538 2193 4594 Hierusalem
2223 4538 2489 4602 cmlestis,
2522 4555 2642 4608 quae
2676 4540 2728 4594 in
2780 4541 2941 4596 terris
2974 4559 3002 4596 a
3034 4499 3451 4613 primbtfdiolus-

147 4635 304 4683 terra:
355 4639 465 4692 pro
511 4623 835 4678 ministerio.
874 4623 985 4695 Ego
1027 4633 1248 4690 autem,
1299 4624 1424 4694 quia
1465 4623 1582 4680 Lux
1628 4641 1753 4681 vera

142 4737 285 4788 sum,
338 4735 447 4777 ero
486 4719 754 4775 universis
806 4719 858 4773 in
903 4720 1079 4774 lucem
1125 4719 1532 4790 sempiternam.
1584 4719 1756 4775 Porro

145 4817 336 4873 mundi
401 4813 650 4878 nomine,
700 4821 792 4866 aut
842 4813 1223 4868 universalitas
1267 4813 1484 4867 humani
1543 4814 1757 4885 generis

145 4908 500 4981 designatur,
535 4913 626 4959 aut
653 4905 708 4960 hi
738 4912 942 4960 tantum
974 4906 1065 4975 qui
1094 4906 1159 4960 de
1194 4905 1296 4960 hoc
1322 4907 1522 4960 mundo
1550 4907 1601 4960 in
1637 4923 1755 4961 ma-

145 4997 288 5072 ligno
317 4998 517 5072 posito
547 4996 700 5052 electi
751 5013 847 5068 per
884 4999 1164 5054 Christum
1200 4998 1756 5066 accipiuntur.-Quod

145 5091 185 5143 si
210 5086 716 5146 universaliterlux
732 5088 915 5142 mundi
933 5087 1322 5158 intelligantur,
1341 5087 1609 5154 fortassis,
1631 5089 1757 5159 quia

152 5186 368 5241 cunctis
387 5181 461 5235 ad
484 5180 883 5250 perceptionem
907 5181 1029 5236 ﬁdei
1056 5191 1183 5235 sunt
1216 5181 1428 5236 directi.
1459 5181 1552 5236 Sin
1577 5191 1756 5237 autem

152 5276 460 5330 secundum
477 5271 999 5340 praedestinationem
1021 5287 1231 5337 eorum,
1250 5272 1336 5325 lux
1350 5273 1472 5343 jure
1486 5273 1756 5340 dicuntur,

156 5369 239 5434 qui
266 5382 376 5436 per
401 5379 501 5418 eos
531 5363 598 5417 ad
624 5362 788 5416 vitam
825 5363 1222 5418 illuminantur.
1257 5365 1408 5432 Quod
1442 5367 1542 5420 etsi
1585 5366 1672 5420 lux
1707 5367 1759 5420 in

157 5456 408 5510 tenebris
440 5451 601 5515 lucet,
635 5453 869 5506 tenebrae
894 5460 1074 5506 tamen
1097 5468 1212 5517 eos,
1239 5454 1348 5508 imo
1370 5451 1642 5509 Christum
1668 5470 1765 5524 per

157 5561 278 5611 eos,
336 5560 459 5600 non
492 5543 1052 5614 comprehenderunt;
1105 5543 1150 5598 si
1195 5545 1339 5599 enim
1389 5546 1760 5615 apprehende-

162 5649 300 5705 rent,
323 5639 529 5706 utique
561 5650 900 5704 nequaquam
929 5636 1164 5690 tenebrae
1188 5638 1594 5692 remansissent.
1623 5636 1764 5692 Prat-

162 5740 306 5787 terea
337 5741 404 5787 et
433 5728 683 5800 apostoli,
715 5743 839 5782 cum
876 5736 1063 5782 essent
1093 5727 1186 5782 ﬁlii
1215 5731 1590 5796 tenebrarum,
1639 5729 1765 5786 facti

615 5822 891 5884 Pnaoc.
938 5821 1134 5884 CXX.

1858 4646 1963 4700 que
1995 4631 2046 4684 in
2076 4631 2237 4684 ﬁnem
2270 4631 2452 4685 smculi
2474 4630 2538 4684 de
2570 4630 2839 4700 lapidibus
2865 4632 3000 4687 vivis
3025 4634 3202 4690 adhuc
3229 4635 3450 4706 politur.

1858 4721 2369 4793 przedestiuatorum
2398 4720 2531 4775 ordo
2555 4730 2906 4777 monstratur.
2935 4723 3000 4778 Et
3024 4724 3143 4780 ideo
3157 4723 3270 4795 jam
3300 4728 3451 4784 colli-

1859 4813 2006 4884 gitur
2033 4812 2086 4866 in
2118 4825 2339 4882 genere,
2370 4813 2514 4881 quod
2543 4813 2774 4882 sparsim
2807 4813 3047 4871 futurum
3078 4827 3314 4889 eratper
3332 4836 3454 4891 spe-

1860 4904 1993 4958 cies.
2025 4903 2234 4957 Dictum
2273 4902 2436 4973 260
2461 4911 2546 4958 est
2582 4903 2635 4957 in
2667 4903 2908 4961 Canticis
2935 4921 2950 4959 :
2982 4905 3132 4963 Sicut
3152 4911 3314 4963 turris
3337 4910 3450 4964 Da-

1859 4995 1946 5046 vid
1974 4991 2165 5046 collum
2193 5002 2371 5054 tuum,
2402 5009 2518 5063 qua:
2556 4994 2818 5062 a'di/icata
2842 5006 2914 5050 est
2948 5013 3067 5050 cum
3085 5015 3454 5070 propugnacu-

1861 5084 1926 5138 lis
1955 5085 2102 5148 suis;
2143 5081 2284 5136 mille
2323 5082 2488 5153 clypei
2517 5085 2736 5153 pendent
2783 5101 2849 5139 ea:
2878 5104 2959 5150 ea,
2985 5089 3151 5142 omnis
3180 5099 3455 5145 armatura

1865 5173 2084 5243 fortium
2111 5171 2287 5245 (Cant.
2307 5189 2378 5238 Iv,
2407 5173 2485 5244 4).
2503 5173 2768 5229 Prietcrea
2791 5176 2905 5231 hazc
2932 5176 3122 5231 civitas
3152 5187 3242 5230 aut
3267 5182 3452 5243 turris.

1865 5266 1989 5335 quia
2036 5265 2088 5318 in
2133 5263 2453 5319 sublimibus
2490 5265 2733 5336 praelata,
2787 5267 3080 5321 immensas
3127 5268 3366 5337 possidet
3401 5281 3456 5326 et

1867 5358 2165 5414 ineffabiles
2187 5358 2566 5412 thesaurorum
2591 5358 2831 5423 divitias;
2853 5359 3052 5414 idcirco
3076 5360 3305 5416 saeviant
3327 5379 3457 5421 con-

1868 5461 1950 5506 tra
1977 5467 2096 5516 eam
2121 5450 2444 5506 adversarim
2474 5459 2792 5520 potestates.
2829 5450 2980 5506 Unde
3005 5451 3261 5508 nimirum
3291 5454 3458 5511 lectu-

1867 5547 1978 5602 lum
2013 5546 2321 5600 Salomonis
2349 5544 2549 5600 Christi
2579 5543 2826 5599 videlicet
2851 5543 3178 5613 passionem,
3205 5556 3259 5602 et
3281 5564 3458 5604 resur-

1870 5636 2126 5692 rectionis
2153 5634 2377 5706 gloriam
2405 5635 2681 5704 sexaginta
2709 5632 2878 5689 fortes
2914 5632 3160 5690 ambiunt
3188 5653 3254 5692 ex
3286 5636 3463 5694 fortis-

1869 5730 2025 5786 simis
2047 5728 2234 5794 Israel,
2267 5743 2455 5784 omnes
2475 5733 2721 5783 tenentes
2761 5727 2966 5798 gladios
2993 5727 3062 5780 ad
3092 5725 3230 5786 bella
3261 5726 3466 5786 doctis-

2991 5823 3032 5883 8
