4000 6362
1391 230 1446 285 S.
1485 229 1845 287 PASCHASII
1878 231 2229 290 RADBER'I‘I
2265 232 2561 291 ABBATIS
2598 233 3053 293 CORBEIENSIS

3754 241 3864 305 £6

578 343 739 402 simi:
766 340 1191 416 Uniuscujusque
1209 345 1369 409 ensis,
1393 345 1603 415 inquit,
1625 363 1780 416 super
1799 347 1973 417 femur
1990 365 2164 414 suum,
2199 354 2247 416 Α
2271 364 2366 407 eos
2394 351 2703 421 specialiter
2740 368 2901 424 quam
2947 367 3107 425 supra
3139 355 3471 427 generaliter
3495 357 3562 418 de
3609 361 3867 423 omnibus

570 441 786 505 propter
812 433 1023 487 timores
1051 443 1350 490 nocturnos.
1382 434 1528 502 Quos
1554 451 1686 492 sane
1716 437 1937 493 timores
1972 440 2162 511 magis-

578 533 665 579 ter
688 523 941 578 veritatis
969 538 1301 593 praecavens,
1329 535 1513 580 monet
1540 526 1593 580 in
1613 527 1809 596 quibus
1836 528 1949 583 haec
1973 529 2168 587 civitas

562 632 605 671 'a
638 614 935 687 primordio
961 616 1267 683 dedicatur,
1289 625 1343 672 et
1370 633 1469 688 per
1487 634 1583 675 eos
1616 621 1869 677 universa
1924 624 2167 694 corporis

512 714 513 717 ‘
575 709 659 764 sui
689 707 958 771 membra,
987 716 1047 762 ut
1094 709 1351 763 virtutum
1407 723 1467 764 se
1521 709 1745 766 induant
1782 712 1988 779 armis;
2039 715 2165 783 quia

572 801 789 855 cunctis
815 800 1059 855 hostibus
1087 801 1142 854 in
1180 802 1465 871 propatulo
1496 803 1681 873 positi,
1725 805 1932 860 nullum
1976 805 2166 862 delite-

575 891 764 945 scendi
814 889 991 945 locum
1049 890 1345 953 habebunt,
1388 892 1492 947 nisi
1528 894 1847 951 cmlestibus
1878 912 1937 953 se
1980 896 2166 953 defen-

562 980 707 1036 dant
731 982 1175 1053 propugnaculis.
1202 983 1271 1038 Et
1298 984 1436 1039 mira
1468 986 1560 1041 Dei
1583 989 2004 1057 praedestinatio.
2034 991 2166 1049 Nec-

568 1073 699 1128 dum
730 1074 876 1128 enim
930 1082 1242 1130 constructa
1288 1076 1454 1130 etiam
1501 1078 1617 1133 suis
1645 1078 1699 1133 in
1755 1078 2161 1151 fundamentis,

562 1167 727 1237 quasi
750 1165 989 1237 perfecta
1016 1168 1315 1223 dedicatur.
1340 1168 1665 1239 Proponitur
1681 1169 1769 1239 jus
1792 1181 1846 1226 et
1863 1175 2164 1243 praedicun-

569 1268 659 1313 tur
690 1259 889 1324 futura,
926 1260 1081 1330 cujus
1111 1274 1205 1313 rex
1232 1268 1288 1315 et
1351 1260 1546 1316 artifex
1599 1263 1836 1319 civitatis
1890 1265 2046 1337 longe
2094 1267 2163 1321 ad

574 1352 679 1406 alia
707 1353 882 1407 iturus
912 1352 1187 1407 interdicit
1237 1353 1603 1408 abscondendi
1633 1354 1885 1410 fiduciam
1928 1358 2159 1423 civibus,

570 1454 630 1500 ut
679 1445 993 1500 fortioribus
1034 1445 1296 1500 virtutum
1355 1463 1414 1503 se
1466 1448 1926 1505 circummuniant
1971 1453 2157 1507 armis.

569 1540 674 1596 Ubi
701 1540 746 1594 si
773 1539 1036 1609 respicias
1063 1538 1311 1593 ordinem
1362 1539 1650 1606 donorum,
1703 1550 2001 1596 cernuntur
2046 1544 2161 1599 haec

570 1629 847 1701 pertinere
875 1630 942 1685 ad
969 1629 1219 1701 Spiritum
1235 1630 1444 1685 consilii
1475 1640 1531 1685 et
1554 1630 1917 1687 fortitudinis:
1965 1642 2157 1703 quate-

2270 443 2339 498 ad
2386 442 2603 513 plenum
2657 443 2986 513 instituens,
3037 446 3221 502 docuit
3270 464 3483 527 summa
3512 462 3567 508 et
3608 454 3867 533 sublimia

2269 538 2487 610 quippe,
2522 547 2582 592 ut
2606 539 2866 593 condiant
2900 539 3031 596 salis
3058 541 3234 597 otlieio
3282 542 3348 598 ad
3394 545 3866 619 incorruptionem

2268 631 2499 695 animas,
2522 640 2581 686 ut
2604 630 2908 688 illuminent
2928 635 3116 689 eas-ad
3147 635 3560 708 Intelligentiam
3591 641 3867 711 veritatis,

2266 727 2327 774 ut
2358 717 2651 775 defendant
2680 738 2814 792 quas
2859 724 3216 793 acquisierint
3264 727 3335 782 ab
3376 727 3611 800 impulsu
3657 731 3869 799 hostili,

2266 807 2518 865 defensos
2563 826 2696 867 vero
2734 821 2794 866 ut
2824 814 3123 869 accendant
3164 816 3230 870 ad
3262 832 3505 874 amorem
3541 820 3870 880 divinitatis.

2265 900 2422 956 Nunc
2452 912 2654 967 autem,
2681 903 2830 959 velut
2861 905 3101 961 cmlestis
3137 916 3344 973 orator,
3376 908 3516 965 forte
3547 912 3676 983 quia
3710 894 3873 985 pote-

2267 999 2392 1046 rant
2408 994 2679 1047 aestimare
2711 993 2854 1064 quod
2875 993 2995 1062 jura
3017 1005 3406 1067 prmceptorum
3431 1008 3674 1055 veterum
3703 992 3873 1059 vellet

2266 1084 2579 1159 infringere,
2597 1093 2653 1139 et
2677 1086 2894 1156 penitus
2915 1085 3148 1151 abolere,
3178 1089 3418 1144 occurrit
3442 1092 3711 1162 praescius
3735 1102 3872 1155 ante

2262 1174 2602 1247 interrogata
2633 1190 2845 1231 eorum.

2338 1264 2537 1332 Nolite,
2562 1267 2757 1338 inquit,
2782 1269 3010 1338 cogitare
3036 1270 3175 1340 quod
3220 1271 3335 1325 veni
3363 1270 3561 1326 solvere
3584 1271 3751 1345 legem
3777 1286 3875 1331 aut

2262 1361 2561 1433 prophetas.
2588 1360 2835 1416 Solveret
2860 1375 2991 1416 sane
3012 1361 3205 1431 legem,
3223 1363 3267 1418 si
3291 1372 3501 1419 mentes
3525 1366 3874 1422 credentium

2263 1451 2331 1505 ad
2360 1466 2480 1505 eam
2528 1451 2830 1516 intendere,
2876 1464 2931 1508 et
2980 1468 3101 1523 qua:
3149 1453 3292 1509 dicta
3344 1462 3502 1510 erant
3545 1456 3878 1526 spiritaliter

2261 1540 2527 1617 perficere
2552 1542 2832 1598 vetuisset.
2875 1543 2997 1597 Non
3023 1544 3158 1610 veni,
3186 1545 3284 1610 ait,
3320 1544 3540 1611 solvere,
3575 1548 3668 1601 sed
3693 1550 3875 1603 adim-

2261 1631 2423 1705 plere.
2470 1632 2716 1706 Implevit
2771 1636 2918 1690 enim
2961 1635 3095 1705 legis
3142 1647 3199 1692 et
3251 1636 3637 1709 prophetarum
3683 1641 3874 1698 omnia

569 1736 674 1775 nus
701 1721 1036 1776 habitatores
1063 1736 1191 1776 suos
1231 1722 1459 1777 interius
1484 1724 1908 1779 misericorditer
1936 1726 2162 1782 consilio
2191 1716 2238 1779 Β
2266 1740 2386 1795 quae
2414 1729 2695 1797 praemissa
2729 1736 2853 1781 sunt
2875 1726 2943 1782 ad
2970 1727 3373 1783 inchoationem
3405 1730 3627 1800 agendae
3671 1731 3761 1785 vel
3792 1732 3877 1787 si-

565 1822 781 1884 regant,
812 1822 868 1867 et
893 1812 1240 1869 adversarios
1274 1816 1519 1869 exterius
1554 1815 1777 1886 spiritus
1819 1814 2161 1883 valetudine,

567 1923 692 1962 cum
723 1909 981 1964 universo
1016 1909 1139 1964 ﬁdei
1166 1917 1427 1979 apparatu
1452 1925 1549 1981 pro
1579 1910 1792 1981 justitia
1821 1911 2163 1971 decertantes

570 1999 809 2054 vincant.

643 2091 824 2162 Neque
843 2100 1133 2145 accenauut
1162 2107 1454 2157 «acernam,
1481 2101 1529 2147 et
1550 2102 1750 2162 ponunt
1778 2109 1894 2147 eam
1930 2095 2027 2149 sub
2049 2113 2163 2151 meo

567 2185 674 2237 dio.
703 2184 855 2250 Quod
877 2184 924 2238 si
953 2182 1018 2238 de
1041 2183 1220 2251 seipse
1240 2183 1499 2248 insinuat,
1517 2200 1622 2239 non
1651 2199 1775 2241 esse
1801 2187 1903 2241 sub
1928 2187 2162 2243 obscuro

567 2275 721 2346 legis,
746 2283 807 2328 ut
833 2274 1053 2344 quidam
1080 2273 1288 2339 volunt,
1321 2274 1403 2330 vel
1424 2276 1524 2331 sub
1554 2276 1733 2331 modio
1758 2278 1938 2332 carnis
1958 2293 2163 2349 ponen~

572 2367 732 2431 dum;
768 2376 880 2420 tum
922 2374 1073 2420 recte
1114 2379 1213 2436 per
1262 2365 1646 2422 candelabrum
1679 2383 1815 2423 crux
1866 2370 2158 2439 passionis,

569 2474 733 2529 super
754 2473 916 2529 quam
941 2458 1201 2513 levandus
1223 2467 1361 2523 erat,
1385 2466 1441 2513 et
1470 2473 1570 2527 per
1587 2457 1865 2514 lucernam
1891 2461 2161 2517 introrsus

560 2552 835 2608 lucentem
850 2550 1105 2605 divinitas
1134 2550 1188 2604 in
1210 2565 1377 2606 carne
1407 2560 1645 2607 reserata
1671 2562 2023 2608 monstratur.
2054 2553 2161 2610 Sed

567 2652 750 2700 tamen
802 2642 1246 2697 circumstantias
1277 2642 1547 2713 apostolos
1580 2651 1635 2697 et
1661 2644 1985 2713 apostolicos
2012 2645 2161 2700 viros

564 2735 819 2791 lucernas
836 2748 956 2788 esse
981 2742 1253 2803 putamus,
1279 2748 1590 2804 quanquam
1608 2735 1856 2804 superius
1869 2734 2160 2806 gloriosius

566 2829 662 2885 lux
688 2829 797 2884 sint
825 2828 1020 2883 vocati.
1047 2826 1317 2881 Nimirum
1357 2828 1484 2896 quia
1520 2828 1622 2881 etsi
1676 2827 1784 2881 luci
1820 2827 2160 2884 adhznrentes

562 2923 654 2978 lux
686 2936 806 2977 esse
835 2928 1168 2985 meruerant,
1192 2928 1373 2973 tamen
1399 2919 1621 2974 alterius
1658 2919 1860 2974 lumine
1887 2921 2157 2986 succensi,

556 3017 704 3071 sicut
723 3014 941 3069 lucerna
965 3011 1156 3066 alienis
1183 3011 1425 3080 pascitur
1454 3011 1629 3075 donis,
1660 3027 1767 3066 non
1793 3013 2033 3082 oportuit
2057 3015 2159 3069 sub

2267 1817 2588 1889 gnilicandae
2611 1819 2758 1885 vitae,
2790 1820 2917 1875 dum
2947 1829 3002 1876 et
3025 1820 3179 1892 plura
3212 1822 3588 1892 superaddidit
3626 1824 3697 1877 ad
3740 1840 3875 1895 per-

2265 1905 2556 1963 fectionem
2595 1908 2880 1963 moralium
2924 1920 3359 1982 praeceptorum,
3412 1921 3467 1967 et
3518 1912 3705 1968 omnia
3742 1930 3876 1985 qua:

2266 2000 2333 2055 de
2355 1998 2443 2054 illo
2464 1999 2545 2054 vel
2574 1999 2813 2055 Ecclesia
2842 2008 3002 2055 erant
3023 2000 3091 2054 ab
3112 2015 3177 2057 eo
3198 1998 3466 2071 completa
3491 2001 3870 2066 declarantur,

2266 2110 2387 2165 qua:
2419 2093 2548 2147 olim
2595 2094 2648 2148 in
2700 2094 2787 2149 his
2823 2094 3033 2167 signata
3090 2095 3433 2166 tegebantur.
3481 2092 3669 2149 Virtus
3717 2096 3875 2150 enim

2264 2184 2402 2254 legis
2429 2193 2484 2238 et
2522 2183 2911 2255 prophetarum
2952 2183 3235 2253 Christus;
3272 2184 3401 2256 quia
3453 2200 3574 2257 qua:
3624 2186 3695 2240 de
3746 2185 3877 2256 ipso

2264 2278 2521 2350 pra-.dicta
2552 2288 2608 2333 et
2645 2278 2992 2351 prmfigurata
3033 2277 3269 2342 fuerant,
3299 2278 3345 2332 si
3374 2293 3438 2332 ea
3481 2279 3595 2349 ipse
3624 2294 3731 2335 non
3770 2278 3877 2333 im-

2262 2367 2547 2440 plevisset,
2585 2370 2767 2424 omnia
2804 2370 3096 2426 verborum
3130 2369 3419 2440 aanigmata
3459 2368 3790 2438 imperfecta
3822 2380 3878 2426 et

2264 2478 2432 2518 vacua
2482 2463 2887 2518 remansissent.
2919 2463 3165 2534 Implevit
3214 2472 3396 2518 autem
3448 2478 3513 2518 ea
3559 2448 3875 2533 operando,

2263 2552 2510 2624 implevit
2557 2563 2610 2609 et
2638 2553 3088 2627 perfectioribus,
3136 2554 3301 2641 262
3360 2570 3482 2626 qua:
3533 2554 3772 2611 deerant
3817 2556 3875 2612 in

2262 2654 2419 2716 parte
2451 2646 2671 2718 agenda:
2720 2646 2864 2713 vitze,
2909 2644 3344 2717 superaddeudo.
3395 2646 3643 2717 Implevit
3692 2649 3874 2706 etiam

2264 2746 2319 2792 et
2365 2737 2791 2807 signiticatarnm
2828 2750 3011 2791 rerum
3062 2751 3295 2802 arcana,
3332 2752 3429 2793 seu
3463 2738 3874 2809 prophetarum

2258 2814 2495 2903 mystica
2530 2839 2891 2899 sacramenta,
2938 2831 3065 2887 dum
3122 2830 3378 2900 quaelibet
3429 2845 3549 2901 qua:
3594 2830 3873 2900 praedicta

2262 2918 2422 2974 erant
2449 2918 2516 2974 ad
2565 2918 2827 2989 liquidum
2875 2921 3146 2986 exhibuit,
3176 2930 3236 2975 ut
3263 2936 3391 2975 vera
3427 2929 3485 2979 et
3532 2919 3714 2976 ﬁdelia
3744 2938 3877 2978 ma-

2265 3020 2461 3067 nerent
2494 3009 2764 3071 universa.
2794 3007 2930 3066 Nam
2967 3011 3033 3065 de
3066 3010 3151 3065 his
3177 3011 3429 3067 omnibus
3453 3011 3876 3081 praeteritorum

562 3106 746 3163 modio
796 3103 1007 3159 timoris
1042 3074 1362 3157 delitescere
1385 3100 1533 3167 illos,
1578 3102 1664 3157 vel
1698 3074 1846 3157 certe
1872 3103 1972 3158 sub
2012 3119 2154 3158 com—
2186 3074 2232 3149 β
2263 3105 2529 3160 exhibitio
2557 3119 2677 3174 qua:
2708 3104 2760 3158 in
2792 3103 2910 3175 lege
2939 3114 3201 3174 aguntur.
3245 3112 3338 3158 aut
3384 3090 3454 3159 de
3505 3102 3621 3175 lege
3649 3105 3875 3160 credita

561 3198 825 3254 moditate
844 3194 1129 3265 pra-sentis
1158 3193 1282 3249 vitae
1312 3192 1664 3249 abscondere.
1697 3194 1804 3249 Sed
1844 3196 2056 3251 accensi
2083 3196 2158 3249 lu-

561 3290 709 3344 mine
736 3286 985 3342 veritatis
1004 3327 1021 3350 ,
1049 3285 1284 3354 ponendi
1326 3293 1486 3339 erant
1521 3284 1575 3338 in
1604 3284 1930 3341 candelabro
1953 3327 1967 3349 ,
1995 3302 2158 3355 super

558 3379 706 3451 quod
745 3387 950 3448 septem
994 3377 1269 3447 lampades
1317 3375 1548 3447 mystice
1595 3376 1647 3429 in
1686 3377 1886 3445 templo
1926 3379 2111 3448 positu
2138 3419 2152 3443 ,

562 3470 701 3533 oleo,
730 3469 981 3524 videlicet
1010 3466 1245 3539 Spiritus
1279 3466 1453 3522 sancti
1483 3466 1655 3537 gratia
1676 3507 1691 3532 ,
1712 3464 1918 3537 jugiter
1951 3470 2156 3524 nutric—

561 3565 779 3620 bantur.
832 3561 941 3616 Cur
977 3567 1158 3616 autem
1200 3560 1644 3630 prmemineutius
1686 3559 1895 3629 lampas
1940 3561 2062 3615 tidei
2099 3569 2155 3617 et

559 3658 829 3715 honorum
866 3671 1091 3727 operum
1137 3654 1319 3710 lucere
1368 3653 1581 3719 debeat,
1609 3661 1861 3724 patenter
1890 3654 2151 3721 insinuat,

558 3752 720 3825 261
754 3764 877 3805 cum
910 3748 1187 3819 subjungit
1209 3789 1223 3812 ,
1253 3757 1309 3801 ut
1336 3746 1528 3812 luceat,
1562 3748 1767 3817 inquit,
1799 3748 2037 3804 omnibus
2066 3730 2155 3821 qui

556 3848 620 3901 'iu
642 3848 796 3899 domo
826 3852 966 3897 sum.
997 3841 1254 3895 Videlicet
1290 3841 1343 3894 in
1378 3839 1646 3903 Ecclesia,
1678 3856 1798 3911 quae
1826 3856 1932 3895 una
1960 3852 2015 3896 et
2036 3858 2154 3912 per-

560 3936 701 3990 fecta
729 3934 921 3987 domus
953 3932 1293 4000 praedicatur.
1322 3930 1416 3984 Vel
1440 3928 1579 3983 forte
1608 3930 1786 3983 luceat
1824 3931 2074 3986 omnibus
2099 3933 2151 3988 in

561 4027 722 4081 domo
747 4024 902 4093 hujus
934 4021 1118 4076 mundi
1139 4061 1152 4083 ,
1187 4036 1305 4089 qum
1329 4020 1430 4074 sub
1468 4034 1576 4073 uno
1599 4018 1737 4073 cmlo
1761 4021 1914 4089 quasi
1938 4035 2154 4077 camera

562 4118 925 4174 concluditur.
955 4114 1268 4169 Praesertim
1300 4128 1423 4167 cum
1456 4120 1511 4167 et
1556 4127 1719 4183 supra
1750 4113 1840 4168 lux
1874 4114 2037 4173 totius
2059 4118 2152 4189 ge-

564 4211 822 4266 neraliter
849 4209 956 4263 siut
987 4206 1182 4260 vocati.

636 4302 722 4357 Sic
750 4303 920 4354 luceat
949 4297 1043 4352 lux
1070 4306 1239 4351 vestra
1286 4312 1463 4350 coram
1490 4295 1820 4361 hominibus,
1866 4306 1922 4351 ut
1949 4298 2153 4355 videant

562 4408 733 4453 vestra
764 4397 897 4448 bona
931 4409 1109 4463 opera,
1154 4402 1201 4446 et
1229 4390 1519 4463 gloriﬁcent
1551 4391 1765 4446 Patrem
1810 4406 2034 4449 vestrum
2062 4398 2152 4469 qui

556 4491 621 4544 in
648 4488 787 4542 catis
818 4496 914 4542 est.
942 4487 1021 4540 Ac
1045 4486 1089 4540 si
1113 4493 1364 4556 patenter
1390 4485 1534 4539 dicat
1558 4499 1573 4537 :
1601 4484 1680 4539 sic
1708 4483 1888 4541 luceat
1924 4495 1982 4541 ut
2011 4504 2150 4558 pra:-

565 4580 765 4643 scriho,
798 4578 877 4632 sic
905 4577 1093 4645 utique
1130 4584 1191 4629 ut
1218 4575 1407 4629 doceo.
1460 4574 1639 4629 Doceo
1685 4582 1864 4629 autem
1919 4593 2023 4631 non
2055 4577 2156 4632 sub

560 4670 745 4726 modio
765 4685 885 4725 eam
908 4682 1133 4739 ponere,
1162 4669 1255 4723 sed
1294 4682 1456 4737 super
1475 4667 1856 4723 candelabrum
1888 4688 1901 4724 :
1941 4678 1996 4724 et
2029 4686 2157 4725 catt-

566 4777 683 4817 sam
710 4776 951 4831 expono,
997 4770 1055 4813 ut
1101 4760 1190 4829 qui
1227 4759 1279 4813 in
1319 4760 1479 4813 domo
1518 4768 1642 4815 sunt
1684 4760 1934 4815 omnibus
1982 4761 2158 4816 luceat

558 4854 654 4908 lux
691 4862 890 4913 vestra,
919 4860 969 4906 et
996 4851 1242 4905 videntes
1269 4860 1447 4904 vestra
1480 4851 1617 4904 bona
1647 4865 1835 4921 opera,
1857 4852 2157 4923 gloriﬁcent

566 4959 672 4997 non
706 4956 823 5005 vos,
860 4940 952 4995 sed
998 4938 1217 4995 Patrem
1268 4948 1541 5003 vestrmn,
1582 4941 1674 5009 qui
1726 4949 1810 4996 est
1863 4941 1915 4995 in
1954 4941 2105 4997 cmlis
2138 4959 2151 4996 :

564 5051 729 5109 opera
756 5035 899 5091 enim
931 5036 1147 5102 requiro
1178 5042 1239 5087 ut
1280 5033 1582 5097 videantur,
1615 5042 1670 5088 et
1700 5043 1759 5088 ut
1802 5034 2156 5089 confirmetur

564 5136 746 5184 vestra
774 5125 1039 5181 doctrina.
1069 5122 1252 5193 Neque
1301 5133 1482 5179 tamen
1517 5124 1681 5179 aliubi
1722 5125 1843 5179 linis
1874 5127 2155 5196 ponendus

566 5232 653 5280 est
698 5221 900 5293 operis,
936 5218 1039 5274 nisi
1073 5226 1130 5273 ut
1172 5233 1267 5288 per
1302 5235 1367 5273 ea
1418 5218 1751 5290 glorilicetur
1781 5217 1920 5272 Deus
1968 5217 2150 5283 Pater,

569 5315 661 5385 qui
688 5313 843 5369 vobis
861 5310 1041 5365 lumen
1064 5324 1250 5363 verum
1279 5307 1567 5371 infudit,et
1591 5322 1688 5377 per
1714 5306 1949 5376 Spiritus
1977 5309 2155 5364 sancti

568 5406 800 5477 gratiam
834 5402 1091 5473 operandi
1144 5403 1396 5455 virtutem
1445 5398 1609 5453 dedit.
1665 5396 1917 5468 Alioquin
1968 5415 2157 5467 cassus

568 5497 726 5552 labor
769 5504 823 5549 et
868 5511 1002 5549 vana
1054 5493 1425 5565 praesumptio,
1472 5492 1652 5546 sinon
1680 5491 1786 5545 vita
1835 5492 2074 5548 doctoris
2102 5503 2157 5548 et

572 5589 767 5659 linguae
794 5582 1024 5641 ofﬁcium
1044 5627 1059 5648 .
1097 5587 1162 5640 ad
1190 5586 1416 5657 gloriam
1464 5592 1517 5636 et
1546 5582 1759 5637 laudem
1794 5583 1887 5638 Dei
1918 5584 2153 5639 devotis-

574 5677 711 5732 sime
760 5676 1045 5732 referatur.
1088 5677 1154 5730 Et
1188 5686 1247 5730 ut
1293 5676 1473 5729 omnia
1520 5671 1859 5742 colligantur,
1894 5673 2155 5741 hactenus

2263 3197 2653 3267 suscipiuntur,
2686 3194 2990 3249 futurorum
3025 3191 3264 3266 perfecta
3296 3202 3383 3249 est
3408 3180 3658 3250 veritatis
3688 3195 3878 3251 adim-

2260 3289 2445 3359 pletio.
2471 3285 2679 3342 Idcirco
2709 3302 2815 3340 non
2861 3285 3208 3358 percunctari
3236 3286 3445 3341 debetis
3474 3277 3539 3341 de
3580 3286 3878 3345 veteribus

2261 3381 2569 3447 mandatis,
2630 3395 2732 3436 nec
2782 3380 2969 3436 mirari
3019 3379 3086 3434 de
3142 3378 3298 3435 novis
3358 3378 3874 3451 promissionibus,

2259 3490 2436 3545 neque
2476 3473 2669 3529 terreri
2696 3473 2769 3529 de
2791 3473 2957 3528 variis
2978 3487 3359 3543 pressurarum
3387 3474 3574 3540 angori
3584 3472 3708 3537 bus,
3729 3475 3877 3544 quia

2254 3568 2329 3637 _ad
2371 3570 2475 3621 hoc
2526 3566 2645 3621 hanc
2672 3565 2849 3620 omnia
2896 3564 3502 3634 superaccumulantnr,
3531 3573 3593 3620 ut
3638 3580 3707 3620 ea
3737 3580 3877 3636 quae

2252 3657 2366 3733 jam
2399 3658 2557 3714 dictis
2582 3666 2676 3712 aut
2708 3656 2875 3727 gestis
2906 3655 3128 3727 praefixa
3155 3665 3281 3710 sunt
3312 3653 3717 3727 compleantur.

2331 3747 2496 3801 Amen
2523 3748 2711 3819 quippe
2737 3745 2854 3801 dico
2881 3748 3024 3801 vobis
3042 3786 3059 3813 ,
3087 3747 3252 3801 donec
3297 3755 3531 3802 transeat
3577 3746 3776 3802 celum
3821 3757 3876 3807 et

2259 3852 2434 3915 terra,
2480 3842 2591 3894 iota
2631 3855 2795 3894 unum
2841 3848 2934 3892 aut
2984 3854 3120 3892 unus
3173 3853 3307 3909 apex
3352 3853 3462 3915 non
3491 3838 3791 3907 prwteribit
3841 3856 3879 3895 α

2254 3914 2390 4011 :lege,
2426 3932 2590 3987 donec
2619 3932 2796 3986 omnia
2823 3932 2976 4001 ﬁant.
3019 3930 3250 4001 Quippe,
3278 3930 3382 3985 hoc
3424 3929 3543 3985 loco
3584 3944 3689 4001 pro
3719 3930 3883 3986 afﬁr-

2258 4027 2500 4083 matione
2547 4025 2786 4096 ponitur,
2826 4039 2946 4095 qua:
2988 4038 3258 4095 nusquam
3299 4021 3435 4077 alias
3486 4022 3541 4076 in
3594 4020 3877 4079 Matthiae

2256 4108 2587 4190 geminatur.
2616 4114 2825 4171 Caelum
2853 4123 3031 4170 autem
3057 4123 3116 4168 et
3141 4123 3341 4167 terram
3373 4112 3608 4167 transire
3654 4109 3883 4168 fortas-

2258 4196 2335 4263 sis
2372 4208 2503 4263 dicit
2556 4208 2611 4263 in
2655 4208 2934 4263 meliorem
2968 4205 3226 4270 formam,
3277 4205 3403 4274 quia
3454 4204 3876 4275 promittuntur

2258 4301 2415 4356 nobis
2440 4299 2561 4356 caeli
2608 4298 2734 4357 novi
2782 4308 2838 4355 et
2889 4307 3031 4353 terra
3079 4312 3240 4353 nova.
3276 4295 3427 4352 Unde
3475 4296 3617 4351 idem
3644 4294 3879 4350 aliubi:

2258 4392 2459 4448 Caelum
2506 4402 2555 4447 et
2601 4402 2743 4445 terra
2787 4391 3119 4454 transibunt,
3172 4389 3325 4444 verba
3366 4398 3544 4442 autem
3587 4402 3707 4465 mea
3750 4405 3883 4447 non

2256 4487 2512 4540 transient
2561 4482 2779 4554 (Matth.
2818 4498 2969 4547 xxiv,
3016 4481 3130 4551 55).
3162 4480 3312 4536 Illinc
3359 4480 3557 4550 quippe
3599 4480 3886 4541 videntur

2257 4578 2423 4632 verba
2445 4576 2633 4631 eadem
2662 4575 2992 4646 signiﬁcare,
3015 4574 3158 4644 quod
3181 4582 3236 4629 et
3263 4573 3405 4647 iota;
3434 4582 3496 4627 ut
3523 4572 3595 4626 sit
3631 4585 3882 4651 sensus,

2260 4667 2386 4737 quia
2408 4665 2550 4720 sicut
2594 4679 2694 4719 nec
2720 4668 2882 4720 verba
2917 4666 3186 4720 transient
3216 4665 3319 4719 nisi
3352 4664 3747 4735 compleantur,
3792 4666 3889 4722 ita

2263 4772 2361 4811 nec
2393 4756 2496 4810 iota
2524 4771 2714 4822 unum,
2743 4763 2861 4820 aut,
2891 4757 3032 4826 quod
3074 4755 3358 4809 minimum
3392 4763 3495 4820 est,
3526 4769 3668 4809 unus
3713 4770 3888 4826 apex

2260 4864 2367 4901 non
2401 4856 2586 4916 pra:th
2605 4846 2701 4901 ibit
2728 4862 2759 4901 a
2787 4845 2924 4917 lege,
2953 4847 3125 4901 donec
3156 4845 3338 4901 omnia
3373 4844 3507 4900 ﬁant
3535 4845 3702 4900 etiam
3732 4860 3890 4918 qua

2260 4940 2315 4996 in
2351 4939 2465 5008 lege
2511 4939 2733 4993 minima
2787 4948 3067 5011 putantur.
3103 4938 3220 4994 Non
3258 4937 3380 4994 dico
3424 4949 3605 4993 autem
3645 4942 3888 4996 transi-

2258 5034 2395 5088 bunt
2419 5050 2485 5087 ne
2508 5033 2643 5098 sint,
2672 5032 2768 5087 sed
2813 5033 2984 5088 donec
3015 5032 3209 5087 melius
3240 5033 3351 5087 sint
3371 5047 3386 5098 ;
3409 5032 3518 5086 iota
3545 5045 3711 5086 unum
3746 5047 3893 5091 non

2256 5122 2556 5192 praeteribit
2596 5121 2702 5176 nisi
2747 5122 3005 5192 operibus
3046 5121 3400 5192 compleatur.
3430 5120 3566 5174 Nam
3612 5119 3895 5179 diximus

2257 5212 2532 5268 Christum
2594 5213 2878 5284 prmcipuis
2925 5213 3099 5285 legem
3163 5213 3373 5268 duabus
3432 5210 3751 5285 implevisse
3818 5212 3893 5287 iu

2263 5309 2464 5373 causis,
2506 5307 2714 5363 scilicet
2754 5308 2809 5363 in
2835 5307 3119 5379 praeceptis
3149 5307 3373 5375 agenda:
3400 5306 3548 5372 vitm,
3575 5307 3728 5379 quod
3761 5322 3902 5379 per

2266 5400 2373 5455 iota
2409 5415 2575 5454 unum
2602 5398 2825 5469 ﬁgurate
2848 5400 2980 5455 satis
3004 5408 3373 5463 monstratur;
3400 5407 3457 5453 et
3484 5397 3900 5469 significanda

2263 5492 2412 5558 vitae,
2451 5492 2592 5562 quod
2639 5508 2735 5562 per
2765 5492 2974 5563 apicem
3012 5492 3324 5562 expressius
3369 5491 3704 5548 declaratur.
3746 5490 3899 5555 lota

2265 5583 2408 5638 enim
2439 5583 2579 5653 apud
2605 5581 2821 5640 Grmcos
2846 5584 2986 5638 sicut
3014 5583 3220 5639 decima
3251 5591 3333 5640 est
3355 5584 3408 5645 in
3440 5582 3636 5637 ordine
3666 5581 3904 5654 alpha.

2264 5675 2399 5740 beti,
2430 5674 2509 5729 sic
2548 5673 2731 5730 decem
2787 5674 3057 5751 signiﬁcat
3085 5674 3139 5730 in
3167 5690 3359 5733 eumn
3398 5690 3648 5730 numero.
3707 5671 3912 5741 Unde
