4000 6362
926 252 1294 313 EXPOSITIO
1330 251 1400 309 IN
1441 247 1884 308 MATTHEUM.
1925 275 1993 322 -τ
2025 247 2156 303 LIB.
2195 247 2289 315 Ill,
2325 245 2477 303 CAP.
2517 245 2584 298 ν.

158 383 341 457 “quid.
383 379 576 448 decem
631 375 1010 430 mandatorum
1069 373 1290 440 agendas
1342 367 1722 457 vitreisiimma
1751 366 1799 427 Λ
1828 359 2055 433 Sugillat
2089 375 2219 432 ergo
2257 360 2358 416 hoc
2408 359 2526 414 loco
2572 354 2794 412 Scribas
2832 362 2888 410 et
2917 354 3259 422 Phariszeos,
3289 355 3406 425 qui.

158 456 425 546 colligitur.
454 467 762 526 Ostendens
797 463 947 533 quod
990 461 1196 516 nullum
1229 474 1419 515 eorum
1470 456 1721 511 Christus

161 566 348 626 venerit
371 560 605 624 solvere,
638 559 734 614 sed
766 555 957 615 omnia
1002 562 1062 608 ut
1087 552 1380 624 perfectius
1414 550 1565 613 (iant,
1597 563 1748 616 per-_

161 657 454 718 tectioribus
505 653 720 724 potiora
759 646 1123 720 pmcipiendo
1167 644 1378 714 plenius
1407 641 1722 712 adimplere.

161 750 342 810 Deinde
395 760 568 800 ωιιιιιι
617 742 824 813 apicem
873 738 1196 800 litterarum,
1245 733 1470 790 minima
1501 744 1727 801 quaeque

161 844 343 902 scilicet
382 842 786 909 praceptorum
844 828 1214 902 signiﬁcanda:
1261 826 1386 880 vice
1442 825 1724 894 praeterire

163 934 390 995 noveris;
425 930 523 988 sed
574 927 781 998 apicem
829 937 1011 978 rerum
1055 932 1114 974 et
1160 917 1404 974 omnium
1450 915 1730 970 mandato-

161 1042 291 1090 rum,
333 1022 578 1093 seipsum
616 1017 824 1073 scilicet
847 1028 918 1069 es
957 1012 1079 1082 iege
1111 1019 1166 1065 et
1209 1007 1510 1078 prophetis,
1544 1014 1605 1059 ut
1639 1019 1730 1059 ve-

161 1120 296 1175 ritate
322 1111 758 1184 complerentur,
797 1103 1007 1175 singula
1037 1099 1331 1173 perfectius
1358 1109 1414 1153 et
1466 1096 1731 1167 integrius

161 1210 449 1266 restituere.
488 1201 747 1272 Alioquin
779 1214 886 1254 non
917 1196 1074 1251 video
1106 1192 1378 1264 quomodo
1398 1188 1730 1258 evangelista

161 1301 366 1358 Hebrum
391 1307 648 1352 senuone
673 1293 791 1347 haec
812 1288 1059 1344 scribens
1089 1300 1194 1339 non
1219 1281 1391 1352 magis
1413 1280 1554 1344 loth,
1569 1277 1730 1348 juxta

165 1391 542 1468 proprietatem
586 1386 784 1457 lingua:
835 1381 1093 1437 adhibere
1120 1375 1392 1432 debuisset
1420 1373 1476 1428 in
1507 1372 1733 1442 ﬁguram

162 1464 312 1560 ξω
335 1497 495 1555 quam
519 1483 632 1536 iota
674 1478 872 1548 linguai
914 1472 1160 1536 alterius,
1189 1484 1256 1524 ex
1279 1482 1386 1538 quo
1414 1466 1614 1536 passim
1643 1464 1736 1518 de-

167 1594 279 1636 cent
325 1581 691 1632 monstrantur
742 1582 958 1639 semper
1006 1565 1062 1621 in
1115 1578 1360 1620 numero.
1391 1561 1506 1616 ioth
1538 1561 1737 1630 quippe

170 1671 398 1740 confusio
442 1667 520 1722 vel
573 1664 832 1720 desolatio
879 1663 1292 1730 interpretatur,
1332 1667 1387 1711 et
1430 1656 1551 1711 ideo
1594 1655 1735 1710 hanc

1829 454 2150 525 contemptis
2197 453 2292 507 Dei
2332 451 2622 514 mandatis,
2649 449 2901 520 proprias
2946 447 3047 501 sibi
3097 447 3408 502 statuebant

1830 547 2178 610 traditiones,
2228 545 2370 616 quod
2418 551 2473 598 ct
2516 541 2844 598 Christianis
2884 539 3048 594 etiam
3090 548 3175 594 est
3204 554 3404 594 caven-

1830 638 1977 693 dum.
2009 636 2176 691 Porro
2207 635 2260 690 in
2291 649 2458 705 regno
2483 632 2744 712 calorum
2775 630 3032 688 minimus
3060 628 3245 685 vocari
3272 627 3408 682 dici-

1833 735 1940 793 tur,
1963 727 2089 797 quia
2122 726 2370 798 indignus
2399 724 2489 801 illo
2517 723 2642 778 erit.
2661 711 2719 780 In
2740 737 2805 778 eo
2826 736 2992 791 regno
3017 719 3214 791 quippe
3239 711 3415 776 nullus

1831 817 2107 884 minimus,
2142 816 2236 872 sed
2262 830 2450 872 omnes
2489 815 2669 884 magni
2699 820 2891 888 erunt;
2925 812 3053 882 quia
3081 811 3184 866 etsi
3232 810 3412 881 pusilli

1831 912 1984 982 prius
2024 910 2435 976 benedicuntur,
2467 923 2533 964 ea
2575 921 2798 977 prorsus
2849 904 3226 961 benedictione
3268 903 3414 974 digni

1833 1013 2027 1082 erunt,
2077 1003 2204 1074 quia
2240 1003 2383 1058 inter
2419 1016 2631 1056 summa
2664 1000 2978 1055 deliciarum
3013 999 3253 1068 paradisi
3286 1014 3416 1069 gan-

1834 1097 1919 1153 dia
1961 1105 2088 1151 tunc
2135 1095 2315 1166 magni
2359 1103 2534 1150 erunt.
2567 1093 2720 1160 Quod
2749 1093 2886 1149 bene
2922 1103 3145 1163 captura
3199 1091 3286 1146 illa
3339 1055 3444 1163 [ὡς

1833 1188 2005 1244 scium
2033 1187 2314 1258 designat,
2353 1186 2449 1240 ubi
2481 1185 2698 1254 plenum
2752 1192 2866 1240 rete
2911 1181 3124 1252 magnis
3153 1181 3411 1254 piscibus,

1835 1288 2050 1335 centum
2085 1277 2338 1332 videlicet
2361 1274 2752 1346 quinquaginta
2801 1273 2992 1336 tribus,
3025 1272 3092 1325 ad
3124 1271 3274 1326 littus
3309 1280 3421 1325 tra-

1837 1373 2001 1427 hitur.
2021 1371 2204 1426 Potest
2231 1379 2285 1424 et
2306 1367 2465 1424 aliter
2489 1365 2837 1436 interpretari
2858 1382 2870 1418 :
2889 1364 3034 1433 quod
3063 1363 3319 1417 minimus
3333 1379 3424 1418 vo-

1838 1463 2052 1536 cabitur
2072 1461 2124 1515 in
2155 1475 2320 1531 regno
2354 1458 2638 1522 caelorum,
2667 1457 2720 1510 id
2743 1467 2848 1520 est,
2867 1455 2918 1508 in
2940 1455 3195 1524 praesenti
3221 1453 3422 1509 Christi

1839 1551 2104 1617 Ecclesia,
2135 1566 2254 1620 qua:
2277 1551 2390 1622 jam
2417 1550 2598 1604 multis
2639 1549 2691 1602 in
2740 1546 2874 1602 locis
2903 1563 3127 1617 regnum
3159 1546 3442 1612 caelorum,

1843 1643 2062 1699 dicitur.
2093 1619 2345 1698 Profecto
2393 1641 2515 1695 talis
2558 1639 2786 1710 quilibet
2833 1653 2956 1692 cum
2987 1619 3246 1692 claruerit
3281 1622 3434 1706 Quod.

170 1729 417 1816 adhibere
453 1771 641 1827 proco
676 1768 785 1808 non
831 1729 1042 1815 decuit,
1089 1751 1181 1804 sed
1234 1747 1379 1803 illam
1433 1759 1528 1817 per
1575 1757 1737 1813 quam
1771 1730 1814 1790 Β
1841 1747 1944 1802 est,
1978 1737 2235 1791 minimus
2278 1738 2330 1790 in
2367 1734 2607 1789 Ecclesia
2638 1731 2944 1796 vocabitur,
2987 1729 3113 1801 quia
3143 1729 3439 1798 despectus.

161 1852 411 1925 mysticus
440 1858 718 1920 gestorum
749 1847 997 1914 signatur
1043 1856 1321 1896 numerus.
1369 1838 1522 1906 Quod
1553 1847 1733 1892 autem

159 1945 504 2003 didtz'Donec
529 1941 714 1995 coelum
738 1949 785 1992 et
807 1948 948 1992 terra
979 1935 1308 1997 transibunt,
1325 1933 1435 1987 iota
1458 1946 1620 1984 unum
1644 1936 1735 1983 aut

159 2055 280 2094 ms
305 2049 446 2106 opes:
471 2047 578 2088 non
605 2030 890 2102 prateribit
913 2046 944 2080 ιι
973 2027 1084 2097 tege
1104 2066 1120 2090 ,
1164 2024 1270 2079 tale
1308 2032 1390 2078 est
1420 2037 1486 2076 ac
1515 2021 1561 2075 si
1592 2020 1736 2074 dice-

158 2135 250 2192 ιρι,
269 2136 375 2181 nan
399 2122 708 2195 pratici-ibit
730 2134 917 2175 eorum
940 2117 1216 2188 quidpiam
1243 2127 1311 2170 ex
1343 2113 1588 2181 utrisque
1615 2125 1737 2181 par-

156 2226 306 2286 tibus,
333 2221 450 2276 nisi
465 2229 525 2276 et
555 2217 640 2271 iﬂa
678 2228 895 2283 semper
921 2208 1215 2281 perfectius
1257 2214 1488 2278 agantur
1515 2217 1579 2257 ex
1609 2216 1738 2272 epe-

159 2325 235 2380 re,
259 2323 310 2368 et
331 2314 459 2370 hac
485 2312 556 2365 de
586 2323 672 2362 me
710 2302 1072 2376 signiﬁcantia
1110 2301 1245 2354 tiant
1278 2299 1333 2352 in
1362 2296 1588 2352 veritate
1615 2293 1738 2349 luce

156 2406 339 2463 clarius
366 2406 778 2458 consummata.
808 2395 916 2450 Sed
945 2403 1122 2448 tamen
1169 2390 1400 2452 interea,
1425 2387 1598 2441 donec
1624 2398 1739 2439 cui-

153 2498 249 2553 lom
285 2505 345 2552 et
400 2504 555 2548 terra
593 2496 889 2551 transeant,
922 2485 969 2540 si
1017 2489 1124 2553 qua
1168 2489 1375 2536 restant
1400 2477 1484 2531 vel
1530 2475 1738 2531 modica

152 2601 258 2659 quae
293 2585 539 2640 necdum
570 2582 798 2651 figuram
838 2573 1216 2647 anigmatibus
1263 2570 1374 2624 sint
1415 2573 1736 2629 monstrata,

153 2655 245 2734 non
267 2673 584 2748 przeteribit
604 2680 794 2727 eorum
826 2666 1102 2738 quidpiam
1133 2672 1261 2718 ante
1297 2661 1350 2716 in
1377 2655 1740 2726 corruptionis

153 2746 397 2832 iamiam,
429 2765 637 2822 sensim
663 2761 913 2817 universa
958 2759 1130 2814 donec
1169 2751 1435 2824 completa
1465 2750 1614 2805 ilant.
1646 2746 1742 2803 llis

155 2863 322 2932 itaque
347 2858 550 2920 dictis,
573 2870 679 2909 non
694 2850 987 2923 praescribo
1007 2846 1389 2916 simpliciorem
1404 2851 1743 2912 quorumque

153 2927 621 3021 explanationem;
659 2944 755 2999 sed
782 2939 972 2996 lectori
1022 2938 1211 3000 etiam,
1242 2933 1289 2990 si
1319 2931 1502 3002 aptius
1530 2927 1737 2998 aliquid

154 3019 373 3100 iuieniri
400 3038 611 3110 poterit
640 3035 786 3106 quod
807 3030 1020 3088 veritati
1056 3033 1340 3098 congruat,
1370 3021 1500 3078 illud
1531 3019 1743 3090 aperire

1840 1831 1964 1888 erit.
1992 1830 2198 1886 Idcirco
2246 1830 2302 1884 in
2339 1843 2405 1883 eo
2457 1840 2658 1898 regno,
2715 1825 2805 1880 ubi
2854 1823 3195 1884 solummodo
3244 1821 3424 1892 magni

1838 1929 2021 1984 erunt,
2051 1935 2160 1975 non
2198 1918 2304 1974 erit
2331 1917 2550 1987 utique;
2593 1914 2718 1984 quia
2759 1913 3091 1984 praelatiouis
3119 1912 3289 1983 gradu
3313 1949 3330 1977 ,
3372 1911 3426 1964 in

1839 2011 1946 2084 isto
1996 2012 2122 2066 dum
2151 2019 2315 2075 esset,
2363 2009 2616 2079 indignus
2651 2006 2773 2061 fuit.
2826 2006 2964 2074 Hinc
3001 2005 3249 2074 sequitur
3281 2020 3294 2055 :
3323 2001 3428 2066 Qui

1839 2111 2014 2156 autem
2055 2100 2232 2169 fecerit
2260 2110 2306 2152 et
2349 2098 2587 2152 docuerit
2635 2097 2733 2161 sic,
2784 2111 3006 2167 magnus
3049 2092 3317 2149 vocabitur
3373 2090 3428 2144 in

1840 2209 1996 2266 regno
2017 2192 2285 2248 colorum.
2314 2189 2586 2246 Fortassis
2616 2203 2746 2259 ergo
2789 2187 2914 2258 quia
2957 2186 3009 2241 in
3052 2183 3296 2240 Ecclesia
3328 2183 3427 2238 hu-

1840 2285 1984 2340 milis
2005 2292 2060 2338 et
2085 2282 2379 2354 perfectus,
2411 2280 2538 2336 licet
2581 2277 2825 2347 abjectus
2869 2275 3050 2339 fuerit,
3079 2273 3281 2328 idcirco
3305 2271 3430 2342 jure

1842 2377 1896 2431 in
1922 2376 2013 2431 illo
2040 2389 2268 2445 ηωειιυδ
2293 2374 2418 2428 erit.
2440 2372 2512 2425 At
2537 2385 2666 2426 vero
2687 2377 2908 2424 econtra
2942 2367 3046 2431 ille,
3063 2365 3190 2436 quia
3213 2363 3432 2432 indigne

1840 2466 2096 2537 praelatus
2124 2472 2463 2534 contemptor
2506 2460 2627 2525 fuit,
2673 2474 2779 2515 non
2824 2458 2945 2514 dico
2974 2457 3026 2512 iu
3059 2456 3149 2510 illo
3177 2470 3428 2537 magnus,

1841 2572 2029 2613 verum
2057 2557 2219 2610 etiam
2266 2531 2624 2624 iit—praesenti
2651 2566 2818 2622 regno
2847 2547 3209 2603 Eeclesiarum
3257 2531 3351 2597 Dei
3376 2553 3432 2598 et

1843 2648 2120 2704 hominum
2143 2645 2384 2715 judicio,
2409 2643 2668 2700 minimus
2689 2641 2802 2710 jam
2834 2648 3076 2702 vocatus,
3107 2635 3432 2703 contempti-

1842 2739 1967 2795 bilis
2005 2738 2129 2794 erit.

1917 2841 2047 2896 Dico
2078 2840 2216 2894 enim
2269 2838 2430 2902 vobis,
2461 2839 2585 2908 quia
2615 2837 2716 2890 nisi
2743 2835 3080 2890 abundaverit
3106 2836 3320 2906 justitia
3351 2854 3435 2892 ve-

1846 2944 1956 2990 stra
1991 2932 2108 3001 plus
2153 2946 2312 3002 quam
2341 2927 2642 2983 Scribarum
2671 2937 2720 2982 et
2760 2924 3173 2994 Plurim-orum,
3207 2945 3312 2982 non
3346 2930 3433 2984 in-

1849 3025 2055 3082 trabitis
2085 3024 2139 3078 in
2178 3039 2394 3093 regnum
2443 3021 2708 3076 caelorum.
2760 3021 2904 3078 Sane
2952 3025 3098 3094 quod
3152 3027 3228 3080 ait
3263 3028 3436 3082 :Dico

154 3148 204 3194 ει
228 3140 327 3192 ista
368 3136 678 3188 decernere
713 3125 1019 3182 committo.
1052 3121 1323 3176 Duntaxai
1367 3113 1542 3171 modis
1571 3110 1746 3166 οωιιί·
1774 3093 1820 3158 C
1851 3120 2014 3185 vobis,
2039 3129 2290 3189 magnam
2324 3117 2378 3172 in
2412 3118 2595 3173 animo
2638 3117 2856 3172 lectoris
2878 3093 2985 3172 vim
3011 3130 3068 3174 et
3109 3121 3434 3190 profundam

155 3229 247 3285 bus
271 3227 499 3296 ex-lege
526 3221 630 3276 hoc
673 3218 960 3287 intelligat,
990 3228 1109 3283 quae
1135 3211 1357 3266 minima
1403 3213 1661 3276 putantur
1690 3203 1747 3256 in

155 3337 232 3385 ea,
254 3321 405 3391 quod
435 3293 798 3373 sacramentis
821 3309 978 3380 plena
1004 3306 1114 3361 sint
1141 3303 1345 3359 oninia.
1369 3299 1426 3354 In
1455 3293 1748 3366 Evangelio

155 3424 364 3486 quoque
378 3417 584 3467 cuncta
616 3402 967 3474 recapitulata
990 3401 1155 3455 etiam
1175 3408 1456 3466 quousque
1477 3391 1751 3447 elementa

155 3481 341 3560 mundi
363 3508 664 3560 transeant,
695 3495 949 3566 operibus
974 3500 1029 3547 et
1055 3489 1241 3562 ﬁguris
1268 3501 1332 3542 ea
1369 3498 1490 3555 quae
1520 3481 1750 3538 necdum

159 3595 436 3653 redhibita
471 3601 616 3656 sunt,
638 3587 926 3660 explenda.

229 3688 340 3753 Qui
379 3699 506 3755 ergo
529 3682 740 3737 solverit
767 3691 938 3734 unum
972 3675 1039 3729 de
1079 3670 1345 3727 mandatis
1389 3667 1506 3721 istis
1530 3703 1546 3729 ,
1595 3662 1754 3716 mini-

159 3797 272 3835 mus
298 3754 575 3834 vocabitur
599 3775 657 3828 in
682 3787 840 3843 regno
881 3768 1149 3824 calorum.
1179 3758 1588 3834 Signiﬁcantius
1613 3754 1750 3810 satis

159 3873 297 3928 dixit
328 3873 398 3927 de
428 3867 704 3923 mandatis
735 3865 883 3929 istis,
909 3876 1031 3931 quae
1069 3859 1168 3928 per
1193 3858 1301 3912 iota
1331 3862 1386 3908 et
1420 3854 1628 3922 apicem
1655 3862 1752 3902 ex-

160 3963 400 4033 pressius
456 3960 524 4013 ad
561 3955 952 4028 perfectionem
983 3965 1146 4020 supra
1187 3945 1586 4018 praaﬁguravit;
1633 3951 1756 4009 qua

159 4052 284 4107 licet
316 4050 550 4104 minima
593 4047 902 4107 videantur,
927 4042 971 4096 si
999 4040 1123 4110 quis
1145 4051 1210 4092 ea
1243 4034 1486 4097 solverit,
1518 4029 1606 4085 illa
1651 4028 1756 4083 sci-

157 4144 282 4201 licet
307 4160 419 4200 non
451 4140 687 4212 agendo,
728 4140 828 4194 ista
857 4150 986 4190 vero
1009 4147 1116 4187 non
1149 4128 1441 4190 credendo,
1477 4133 1534 4180 et
1563 4124 1758 4178 docue-

157 4239 225 4293 rit
248 4239 329 4293 sic
362 4235 643 4295 homines,
676 4230 935 4285 minimus
970 4223 1254 4280 vocabitur
1283 4221 1337 4274 in
1381 4232 1546 4287 regno
1592 4213 1759 4269 coelo-

157 4345 297 4394 rum,
317 4324 586 4400 profecto
609 4339 714 4377 non
745 4321 871 4390 quia
893 4318 1095 4380 docuit,
1134 4313 1228 4368 sed
1258 4311 1382 4382 quia
1413 4308 1571 4364 solvit
1599 4315 1653 4361 et
1680 4305 1759 4360 sic

159 4399 362 4479 docuit:
419 4419 582 4482 Non,
635 4417 882 4484 inquam,
917 4407 1218 4466 secundum
1271 4403 1414 4474 quod
1465 4399 1670 4456 invenit
1701 4403 1756 4452 et

159 4513 296 4584 legit,
329 4512 435 4567 sed
469 4507 767 4564 secndum
797 4504 940 4573 quod
967 4515 1076 4556 non
1108 4505 1364 4568 operatus
1383 4504 1495 4558 est,
1532 4491 1619 4546 vel
1649 4503 1755 4544 non

158 4615 302 4662 recte
339 4602 608 4660 credidit.
639 4598 1070 4652 Solvere-antem
1099 4604 1266 4650 unum
1304 4602 1515 4649 eorum,
1544 4593 1627 4638 est
1667 4588 1761 4636 aut

160 4713 259 4752 non
314 4701 498 4768 agt-re
529 4691 674 4762 quod
709 4697 854 4744 recte
885 4683 1154 4754 intelligit,
1185 4690 1280 4736 aut
1329 4692 1438 4732 non
1481 4683 1626 4730 recte
1679 4674 1763 4727 in-

163 4788 410 4861 telligere
460 4783 610 4853 Quod
653 4796 721 4836 ex
782 4793 878 4835 sua
933 4775 1224 4831 traditione
1278 4769 1626 4842 depravavit;
1671 4773 1765 4821 aut

162 4857 302 4935 forte
353 4876 735 4937 imminuere,
787 4871 832 4926 si
880 4868 1008 4940 quid
1059 4868 1126 4920 ad
1169 4865 1533 4935 integritatem
1579 4857 1765 4931 perie-

163 4973 363 5032 ttieuis
399 4973 480 5027 ek
514 4966 806 5038 Evangelio
843 4963 1101 5018 manavit.
1127 4959 1375 5028 Quolibet
1413 4956 1580 5026 igitur
1603 4953 1764 5012 modo

164 5067 270 5122 iota
322 5067 510 5121 unum
543 5065 638 5115 aut
679 5059 890 5130 apicem
938 5061 1006 5110 ex
1043 5051 1323 5107 mandatis
1369 5048 1493 5103 istis
1528 5043 1767 5100 minimis

167 5159 415 5223 sciverit,
450 5163 509 5210 et
557 5152 805 5209 docuerit
827 5149 912 5205 sic
951 5146 1220 5209 homines,
1249 5142 1509 5198 minimus
1550 5135 1770 5194 vocabi-

169 5257 275 5318 tur,
303 5263 426 5306 non
467 5244 606 5317 "quia
642 5247 778 5300 sane
810 5239 1016 5302 Iacuit,
1067 5237 1160 5293 sed
1207 5236 1333 5306 'quia
1381 5232 1520 5288 male
1563 5230 1767 5294 solvit,

170 5349 222 5406 Et
261 5338 348 5405 sic
395 5339 617 5401 docuit.
653 5337 794 5395 Hinc
838 5334 1002 5392 velim
1047 5331 1292 5403 prudens
1321 5329 1497 5384 lector
1526 5325 1773 5382 attendat

170 5437 330 5510 quam
385 5427 764 5508 pér'i‘cuiostnt
813 5429 887 5484 Sit
937 5423 1212 5497 magistris
1264 5420 1626 5476 Ecclesiarum
1684 5413 1774 5470 vel

173 5509 418 5588 minimis
459 5526 701 5599 peccatis
739 5515 1004 5579 obnoxius
1048 5527 1188 5573 esse.
1219 5513 1357 5583 Quid
1382 5513 1524 5569 enim
1555 5509 1777 5582 prodest

172 5625 371 5678 docere
406 5620 680 5691 justitiam
740 5619 902 5687 quem
961 5612 1184 5667 minima
1237 5609 1464 5662 destruit
1513 5606 1690 5674 culpa,
1722 5611 1778 5656 et

171 5735 196 5771 a
243 5717 432 5787 gradu
474 5714 712 5770 maxime
762 5709 952 5781 deiicit
991 5705 1131 5764 levis
1178 5701 1351 5774 265
1389 5697 1777 5771 praesumptio?

1853 3211 2125 3284 cogitandi
2165 3210 2577 3282 intelligentiam
2621 3211 2868 3266 incussit.
2897 3211 3032 3278 Quia
3068 3229 3176 3268 non
3206 3217 3438 3284 quicun-

1853 3321 1992 3378 que,
2041 3305 2134 3360 sed
2179 3304 2361 3360 divina
2413 3304 2698 3374 maiestas,
2751 3313 2805 3358 et
2855 3306 3154 3364 immensus
3183 3307 3442 3378 Omnipo-

1854 3411 1975 3456 tens
2001 3413 2096 3470 per
2139 3414 2198 3453 se
2227 3397 2303 3452 alt
2337 3415 2349 3451 :
2391 3396 2522 3451 Dico
2569 3397 2730 3451 vobis.
2777 3397 2870 3452 ille
2893 3438 2910 3462 ,
2936 3399 3178 3468 inquam,
3201 3409 3316 3465 est,
3348 3401 3442 3471 qui

1853 3502 1909 3549 et
1929 3507 1991 3548 ea
2017 3491 2512 3561 imperiectioribus
2531 3505 2632 3560 per
2657 3490 2938 3546 ministros
2971 3491 3107 3562 legis
3133 3502 3187 3547 et
3213 3495 3445 3564 prophe-

1857 3595 2031 3641 tarum
2062 3599 2160 3638 suo
2192 3593 2432 3652 tempore
2454 3581 2728 3636 mandavit
2740 3597 2758 3646 -;
2791 3590 2845 3634 et
2874 3596 3015 3636 nunc
3045 3583 3205 3638 nobis
3233 3599 3329 3653 per
3360 3599 3446 3640 εθ-

1859 3676 2144 3745 mctipsum
2177 3673 2290 3741 jam
2321 3672 2654 3728 doctioribus
2684 3671 3078 3728 nbundantiora
3120 3674 3309 3729 salutis
3352 3692 3444 3731 su-

1859 3766 2178 3838 peraddidit.
2215 3764 2600 3835 Superaddidit
2627 3779 2896 3834 namque,
2928 3774 2985 3819 et
3009 3781 3116 3821 non
3147 3779 3268 3836 qua:
3291 3768 3443 3837 prius

1860 3857 2214 3912 mandaverat
2235 3854 2485 3910 absolvit.
2537 3854 2741 3910 Idcirco
2781 3854 3001 3924 inquit:
3053 3854 3455 3922 Nisiobundrk

1859 3950 1983 4005 verit
2006 3947 2214 4018 iustitia
2229 3956 2421 4011 vestra,
2437 3955 2491 4001 et
2505 3944 2771 4014 justitiam
2787 3960 2974 4000 eorum
2998 3947 3129 4001 dicit
3153 3948 3334 4002 omnia
3358 3949 3450 4005 tua

1863 4042 1929 4096 ad
1973 4041 2218 4095 divinum
2247 4037 2452 4092 cultum
2490 4035 2774 4092 actualiter
2813 4047 3098 4107 praecepta,
3131 4051 3224 4093 seu
3253 4039 3452 4110 ﬁgura-

1865 4147 1982 4186 rum
2034 4129 2298 4200 mystica,
2342 4137 2521 4182 tamen
2565 4129 2632 4181 ad
2668 4127 2906 4182 litteram
2946 4127 3223 4192 instituta,
3253 4129 3452 4198 quib’ud

1862 4224 2114 4279 omnibus
2138 4222 2298 4277 simul
2323 4219 2780 4290 expletisjustitia
2810 4221 3130 4278 Scribarum
3161 4227 3454 4294 applaudeu

1861 4315 2038 4370 batur.
2059 4313 2164 4369 Sed
2191 4313 2317 4384 quia
2346 4311 2594 4366 Christus
2610 4328 2730 4382 quae
2753 4313 2978 4368 deerant
2993 4315 3213 4384 agendae
3230 4315 3354 4370 vitte
3370 4329 3456 4370 suo

1863 4407 2188 4479 peraddidit,
2207 4415 2261 4460 et
2289 4420 2412 4474 quae
2441 4405 2654 4460 fuerant
2672 4405 3044 4476 significanda}
3069 4407 3196 4462 vita:
3217 4409 3452 4478 promis-

1867 4498 2111 4556 sionibus
2133 4497 2470 4557 adiuuiirnta,
2490 4497 2719 4552 veritate
2737 4498 2820 4552 sui
2845 4513 2910 4552 ac
2936 4497 3268 4566 perfectione
3285 4502 3456 4571 reple.

1867 4590 1944 4648 vit
1956 4588 2116 4660 265
2123 4587 2245 4658 jure
2263 4585 2568 4656 perfectiori
2577 4588 2678 4642 bus
2682 4588 2795 4656 jam
2807 4587 3193 4658 discipulis,vel
3208 4591 3458 4646 omnibus

1868 4679 2190 4736 Christianis
2223 4678 2381 4734 dicit:
2408 4677 2527 4732 Nisi
2549 4677 2889 4734 abundaverit
2905 4679 3115 4748 justitia
3144 4692 3310 4735 vestra
3340 4682 3458 4752 plus

1868 4790 2027 4845 quam
2049 4770 2464 4829 Pharisworum.
2495 4779 2600 4825 etc.
2627 4769 2755 4825 Plus
2782 4771 2926 4826 enim
2956 4773 3209 4834 abundat,
3238 4789 3360 4828 cum
3383 4772 3458 4829 illi

1870 4863 2085 4920 oderint
2112 4861 2383 4924 inimicos,
2408 4867 2461 4912 et
2490 4874 2589 4914 nos
2613 4872 2709 4914 eos
2736 4859 3036 4931 diligimus;
3085 4879 3209 4916 cum
3243 4862 3314 4916 illi
3341 4871 3461 4916 tan-

1875 4961 1989 5008 tam
2010 4966 2117 5006 non
2145 4949 2451 5004 adulterant
2475 4957 2531 5004 et
2559 4964 2660 5004 nos
2684 4949 2962 5004 mulierem
2986 4952 3052 5005 ad
3075 4953 3460 5021 concupiscen-

1873 5047 1999 5103 dum
2029 5061 2134 5100 non
2162 5045 2482 5114 aspicimus;
2523 5058 2644 5098 cum
2673 5042 2749 5098 illi
2787 5059 2892 5098 non
2917 5044 3246 5109 occiderent,
3271 5053 3326 5100 et
3361 5056 3458 5102 nos

1873 5150 1974 5202 nec
2013 5135 2328 5190 irascamur.
2361 5131 2510 5187 Talia
2537 5132 2800 5202 siquidem
2821 5141 2876 5188 et
2909 5133 3236 5204 huiusmodi,
3277 5149 3399 5205 quae
3425 5148 3459 5191 a

1875 5230 2094 5286 Christe
2124 5229 2370 5298 apposita
2413 5236 2560 5292 sunt,
2588 5227 2852 5298 potiorem
2901 5237 3142 5283 nostram
3189 5228 3458 5296 justitiam

1880 5323 1990 5378 Deo
2023 5320 2426 5403 commendant,
2454 5334 2561 5388 qua
2582 5317 2910 5386 jnstiiicatur
2935 5319 3114 5374 omnis
3137 5321 3229 5390 qui
3265 5336 3330 5375 ex
3357 5321 3462 5378 tida

1875 5418 2025 5473 vivit.
2079 5415 2198 5471 Non
2245 5416 2392 5471 enim
2443 5416 2550 5470 alia
2606 5426 2691 5471 est
2737 5416 3167 5472 Christianorum
3225 5417 3456 5486 iustitia.

1877 5523 2040 5581 quam
2069 5524 2196 5565 vera
2221 5509 2360 5564 ﬁdes
2401 5523 2464 5564 ex
2492 5509 2607 5578 lege
2653 5511 2703 5563 in
2738 5509 3025 5579 Evnn'gelio
3049 5509 3308 5580 perfectis
3333 5513 3464 5582 opea

1879 5603 2032 5657 ribus
2052 5609 2446 5656 consummata.
2475 5599 2580 5654 Sed
2607 5600 2731 5669 quia
2750 5599 2951 5653 Scriba:
2977 5613 3031 5654 et
3058 5601 3310 5655 Phariszci
3337 5608 3462 5656 eunt

1881 5711 1949 5750 ex
1983 5695 2100 5764 lege
2130 5692 2344 5758 venisse
2395 5690 2696 5746 nullatenus
2745 5691 3112 5759 crediderunt,
3163 5693 3366 5748 idcirco
3396 5693 3464 5746 es
