4000 6362
554 269 670 325 259

1363 264 1418 318 S.
1459 260 1816 318 PASCllASll
1854 255 2202 314 BADBERTI
2239 255 2530 312 ABBATIS
2563 253 3010 314 CORBEIENSIS
3046 249 3053 256 ’

2363 167 2486 188 τιν’...

3713 250 3814 306 ξω

553 397 676 452 qua!
705 380 772 436 ad
804 379 1214 450 completionem
1263 387 1655 448 praeceptorum
1677 384 1823 440 sunt,
1857 374 2133 443 suscipere
2159 377 2212 436 Α
2235 373 2441 427 scimini
2462 382 2510 427 et
2539 373 2696 426 nolite
2715 387 2928 442 peccare
2949 366 3122 441 (Psal.
3153 383 3223 431 tv,
3245 369 3324 438 5),
3349 370 3449 424 nisi
3477 369 3618 439 quod
3641 371 3819 426 omnis

551 482 897 546 respuerant.
941 473 1020 527 Ex
1053 472 1246 542 quibus
1266 473 1538 536 omnibus,
1564 472 1664 525 nisi
1697 469 2128 525 Christianorum

547 565 759 635 iustitia
789 563 910 634 plus
963 562 1322 617 abundaverit
1349 577 1510 630 quam
1567 561 1798 624 illorum,
1836 576 1941 614 non
1987 568 2132 629 pote-

551 658 685 717 rint.
716 655 958 712 Veritate
1005 664 1162 720 teste,
1195 669 1419 725 regnum
1451 655 1710 709 caelorum
1758 654 1983 708 intrare.
2025 652 2131 708 Sed

554 734 816 818 quaeritur
843 747 910 802 ab
937 747 1226 816 aliquibus,
1266 761 1387 801 cum
1433 761 1593 816 supra
1640 745 1876 800 dixerit:
1917 744 1978 800 Si
2013 745 2131 814 quis

551 841 760 896 solverit
795 857 954 893 unum
979 840 1042 892 de
1072 839 1334 893 mandatis
1364 839 1476 893 istis
1501 839 1750 902 minimis,
1784 837 1996 904 deinde,
2027 835 2131 904 Qui

546 945 722 988 autem
745 939 792 985 et
822 932 1056 984 docuerit
1086 931 1178 993 sic,
1199 931 1265 984 de
1277 930 1471 999 quibus
1497 930 1866 998 accipiendum
1892 932 1962 984 sit
1985 947 2134 983 tuan-

543 1029 705 1085 datis.
739 1027 795 1082 Si
839 1015 982 1083 enim
1012 1027 1076 1081 de
1123 1025 1399 1096 legalibus,
1438 1025 1708 1096 quomodo
1761 1040 1904 1078 nunc
1950 1025 2125 1079 dicit:

556 1120 676 1174 Nisi
701 1119 1038 1173 abundaverit
1057 1118 1266 1187 justitia
1290 1127 1457 1170 vestra
1480 1116 1598 1186 plus
1619 1132 1776 1186 quam
1801 1115 2125 1181 Scribarum,

545 1227 649 1264 non
677 1209 936 1263 intrabitis
978 1210 1029 1261 in
1061 1201 1269 1279 regnum
1311 1206 1575 1268 cozlorum,
1618 1221 1740 1260 cum
1769 1205 1860 1274 qui
1890 1220 1953 1258 ea
1994 1204 2128 1258 fece-

549 1301 620 1354 rit
648 1311 702 1354 et
747 1300 994 1353 docuerit
1038 1299 1136 1363 sic,
1180 1313 1406 1369 magnus
1449 1283 1519 1350 sit
1544 1298 1596 1350 in
1634 1311 1800 1367 regno
1826 1296 2133 1350 malorum?

546 1390 642 1445 Vel
672 1391 796 1459 quid
827 1391 1027 1444 eisdem
1054 1389 1289 1442 minimis
1310 1387 1599 1457 superaddi
1629 1386 1806 1441 fuerat
1829 1401 1984 1456 opus,
2009 1402 2132 1442 cum

543 1495 611 1534 ex
646 1482 730 1535 his
755 1481 983 1550 quisque
1015 1480 1282 1550 implendo
1311 1488 1365 1532 et
1395 1479 1638 1534 docendo
1670 1496 1895 1550 magnus
1918 1478 2131 1535 futurus

544 1571 721 1625 esset?
753 1571 924 1635 Unde,
957 1571 1096 1624 sicut
1127 1569 1256 1632 dixi,
1281 1569 1348 1624 de
1375 1569 1620 1640 utrisque
1650 1570 1895 1639 partibus
1922 1570 2127 1624 dictum

547 1650 754 1719 liquido
777 1661 1006 1712 constat,
1036 1652 1160 1721 quia
1177 1653 1268 1722 qui
1296 1669 1461 1708 unum
1486 1656 1593 1710 iota
1616 1654 1697 1708 vel
1715 1671 1877 1709 unum
1897 1655 2125 1726 apicem,

2234 464 2448 518 occasio
2475 463 2568 518 irae
2595 463 2820 526 tollitur,
2852 463 2978 516 dum
3011 461 3258 516 inimicos
3285 461 3530 533 diligere,
3551 469 3608 516 et
3629 463 3819 518 verbe-

2232 555 2372 610 ranti
2401 554 2668 608 maxillam
2691 554 2934 624 prtebere
2954 552 3178 608 alteram
3208 550 3481 621 jubemur.
3536 551 3820 608 Verumta-

2233 661 2355 701 men
2382 646 2532 715 prius
2565 644 2911 716 quaerendum
2941 643 3068 714 quid
3096 643 3168 698 sit
3194 643 3336 698 inter
3357 657 3482 697 eum
3525 644 3616 712 qui
3661 642 3819 700 fratri

2232 752 2332 793 suo
2357 737 2628 799 irascitur,
2656 743 2713 788 et
2739 750 2861 789 eum
2890 735 2981 805 qui
3006 734 3203 790 dixerit
3227 751 3376 798 raca,
3427 742 3485 788 et
3525 735 3618 804 qui
3674 734 3822 804 fatue

2233 828 2386 884 fratri
2417 827 2767 882 couviciatur.
2797 825 3076 894 Quomodo
3113 835 3167 882 et
3199 841 3296 897 pro
3328 826 3413 880 his
3452 827 3654 897 gradus
3699 841 3822 898 pm-

2233 934 2422 974 narum
2447 933 2474 972 a
2504 916 2794 971 levioribus
2819 917 2885 970 ad
2913 917 3180 987 graviora,
3211 916 3384 971 donec
3414 914 3484 970 ad
3512 916 3820 988 gehennam

2232 1009 2373 1082 ignis
2401 1023 2570 1079 usque
2597 1010 2950 1064 intentantur.
2990 1007 3104 1062 Non
3129 1008 3272 1063 enim
3301 1008 3435 1064 ultio
3488 1008 3819 1065 delictorum

2233 1102 2414 1156 varios
2450 1101 2674 1156 haberet
2701 1100 3063 1155 damnationis
3092 1099 3381 1165 terminos,
3433 1100 3478 1154 si
3507 1114 3613 1154 non
3653 1101 3824 1156 etiam

2233 1193 2521 1249 commissa
2552 1193 2603 1246 in
2631 1193 2815 1247 divino
2839 1192 3042 1264 judicio
3067 1202 3254 1247 essent
3279 1192 3539 1263 disparia.
3563 1191 3646 1247 Ira
3669 1209 3828 1248 nam-

2232 1299 2336 1354 que
2357 1283 2746 1339 discordiarum
2774 1282 2948 1338 fomes
2974 1291 3028 1338 et
3053 1282 3463 1339 bomicidiorum
3492 1298 3667 1348 arma,
3694 1283 3828 1338 dum

2231 1365 2654 1429 adhuc'necdum
2684 1374 2906 1429 incitata
2929 1375 3109 1430 acrius
3152 1374 3334 1430 animo
3381 1373 3602 1444 tegitur.
3653 1374 3833 1429 levior

2231 1480 2350 1520 esse
2376 1466 2735 1530 convincitur,
2761 1481 2921 1536 quam
2952 1465 2996 1520 si
3021 1465 3074 1521 in
3104 1480 3236 1520 voce
3278 1465 3571 1520 irascentis
3624 1463 3830 1519 aﬂ‘ectu

2229 1560 2469 1614 exterius
2490 1567 2823 1629 prorumpat.
2853 1558 2988 1614 Nam
3016 1559 3096 1612 ira
3146 1557 3280 1614 nihil
3323 1557 3468 1612 aliud
3519 1565 3607 1612 est
3655 1573 3829 1628 quam

2231 1660 2410 1705 motus
2429 1651 2592 1706 animi
2624 1649 2746 1706 felle
2777 1650 3152 1706 amaritudinis
3179 1657 3364 1705 contra
3393 1649 3693 1719 quemlibet
3737 1650 3828 1704 in-

546 1739 754 1796 scilicet
780 1742 997 1796 minima
1029 1754 1417 1814 praceptorum
1444 1745 1546 1817 legi
1583 1747 1838 1812 adhibita,
1865 1763 1969 1802 non
2016 1749 2125 1803 sol-
2157 1753 2202 1813 Β
2230 1743 2446 1798 citatus.
2478 1742 2621 1796 Raca
2666 1757 2796 1797 vero
2824 1743 2900 1797 ira
2928 1750 3030 1804 est,
3066 1757 3189 1797 cum
3228 1756 3361 1796 voce
3394 1739 3702 1803 irascentis,
3729 1738 3830 1794 sed

545 1833 704 1898 verit,
726 1833 907 1889 omnia
949 1834 1082 1905 legis
1107 1845 1165 1891 et
1183 1839 1584 1908 evangeliorum
1606 1840 1856 1894 mandata
1879 1854 2128 1896 consum-

546 1925 736 1980 mabit.
777 1913 1042 1993 Quoniam
1079 1927 1209 1982 dum
1263 1928 1398 1982 fiunt
1447 1929 1536 1982 illa
1571 1945 1692 1999 qua:
1737 1929 2008 1984 adduntur
2061 1931 2130 1986 ad

545 2016 953 2087 perfectionem,
979 2019 1142 2073 etiam
1187 2029 1242 2074 et
1286 2019 1371 2074 illa
1417 2020 1571 2091 longe
1615 2021 1824 2090 plenius
1875 2030 2126 2091 aguntur,

546 2123 666 2177 quae
695 2109 972 2178 praemissa
1012 2118 1139 2164 sunt
1175 2110 1244 2164 ad
1286 2110 1700 2165 inchoationem.
1735 2113 1868 2177 Quia
1897 2113 1989 2182 qui
2014 2129 2129 2168 mu-

543 2199 730 2255 lierem
769 2218 874 2255 non
898 2203 1091 2256 viderit
1131 2203 1197 2256 ad
1238 2203 1762 2273 concupiscendum,
1819 2218 1918 2259 nec
1963 2204 2132 2259 forni-

544 2302 718 2347 catur.
751 2292 839 2357 Et,
864 2294 908 2348 si
933 2310 1036 2347 non
1066 2295 1338 2357 irascitur,
1363 2293 1530 2349 inulto
1559 2295 1816 2350 remotior
1847 2296 1916 2352 ab
1958 2295 2132 2352 homi-

543 2383 686 2438 cidio
713 2385 835 2437 erit.
865 2381 1170 2440 Notandum
1197 2401 1351 2450 vero,
1374 2387 1516 2455 quod
1543 2385 1655 2454 jam
1695 2402 1854 2456 supra
1886 2388 2128 2453 memini,

537 2469 804 2542 justitiam
841 2473 965 2527 fidei
994 2474 1252 2528 virtutum
1280 2474 1522 2544 partibus
1562 2475 1878 2531 subsistere.
1921 2476 1989 2531 Et
2015 2477 2131 2546 pul-

541 2563 843 2618 cherrimus
869 2565 1002 2619 ordo
1030 2564 1400 2635 perfectionis,
1432 2574 1492 2619 ut
1529 2580 1625 2636 per
1669 2581 1788 2620 eam
1831 2583 1968 2637 opus
1996 2567 2130 2639 legis

540 2669 705 2710 verus
755 2657 977 2727 incipiat
1005 2656 1346 2713 Christianus
1388 2658 1670 2724 excedere,
1717 2674 1824 2731 qua
1857 2662 2132 2716 abundan-

541 2747 668 2803 tiori
739 2746 984 2817 profectu
1033 2750 1300 2819 Justitiam
1348 2749 1745 2805 Pharisaeorum
1801 2750 2125 2809 ortecellere.

543 2838 698 2896 Unde
725 2841 970 2910 sequitur
994 2859 1008 2896 :

613 2929 844 2984 Audistis
871 2932 996 2997 quia
1032 2931 1228 2984 dictum
1271 2942 1344 2985 est
1387 2933 1617 3003 antiquis
1662 2947 1678 2984 :
1726 2931 1848 2986 Non
1895 2933 2129 2998 occides;

541 3022 631 3089 qui
675 3031 849 3074 autem
892 3021 1159 3086 occiderit,
1231 3038 1349 3076 reus
1388 3023 1486 3076 erit
1519 3023 1747 3093 judicio.
1823 3023 1924 3080 Hic
1961 3025 2123 3095 Magio

2234 1849 2357 1889 raca
2399 1830 2682 1888 Hebraeum
2711 1848 2832 1889 esse
2877 1833 3154 1902 probatur,
3198 1829 3831 1902 significansindiguun-

2233 1924 2304 1979 tis
2327 1925 2492 1978 animi
2522 1934 2751 1989 motum,
2797 1939 2934 1994 quas
2976 1922 3319 1993 grammatici
3362 1929 3549 1992 partes
3604 1917 3835 1989 interje—

2232 2017 2440 2072 ctiones
2481 2027 2692 2075 vocant,
2739 2015 2886 2070 velut
2919 2030 3041 2070 cum
3094 2015 3148 2069 iu
3183 2014 3378 2070 Latino
3424 2013 3628 2068 dicitur
3659 2028 3692 2066 a
3728 2011 3834 2066 do-

2231 2105 2394 2171 lente,
2424 2107 2561 2161 neu!
2591 2106 2751 2179 267
2783 2107 2852 2162 ab
2896 2105 3186 2170 irascente,
3213 2105 3329 2158 Item
3354 2104 3375 2157 !
3403 2103 3537 2172 Quae
3566 2103 3833 2159 nimirum

2231 2214 2394 2254 voces
2419 2199 2476 2254 in
2513 2199 2713 2254 nullam
2741 2197 2898 2254 facile
2941 2198 3102 2253 aliam
3151 2196 3437 2253 transferri
3474 2207 3683 2268 queunt
3727 2196 3838 2252 lin-

2231 2305 2412 2362 guam,
2447 2292 2587 2346 unde
2613 2307 2712 2346 nec
2739 2290 3022 2346 transferri
3051 2290 3164 2345 haec
3193 2289 3387 2361 potuit,
3438 2291 3534 2345 sed
3574 2305 3835 2360 saporem

2232 2396 2422 2436 sensus
2449 2381 2616 2436 etiam
2639 2382 2691 2436 in
2722 2380 2918 2436 Latino
2949 2396 3073 2436 cum
3101 2395 3233 2436 voce
3261 2379 3520 2435 servavit.
3551 2377 3835 2434 Caeterum

2231 2473 2321 2542 qui
2343 2473 2541 2528 dixerit
2563 2473 2709 2542 fatue
2733 2472 3132 2527 maledictionis
3157 2472 3360 2537 animo,
3400 2471 3520 2543 plus
3547 2472 3739 2543 utique
3770 2473 3838 2528 fit

2232 2578 2358 2620 reus
2407 2565 2671 2628 criminis,
2713 2579 2820 2634 quo
2869 2572 3019 2619 certa
3071 2563 3396 2634 vituperatio
3425 2571 3616 2619 contra
3663 2578 3836 2632 quem

2230 2655 2506 2726 profertur
2531 2663 2909 2725 exaggeratur.
2941 2653 3127 2724 Neque
3172 2654 3317 2710 enim
3376 2654 3623 2710 modicus
3675 2653 3840 2710 furor

2232 2756 2334 2813 est,
2365 2748 2583 2803 virtutis
2610 2747 2950 2818 gravitatem,
2993 2757 3049 2801 et
3089 2747 3475 2817 patientiarum
3518 2745 3738 2810 violari,
3778 2753 3841 2802 et

2233 2854 2393 2910 quem
2417 2838 2560 2894 Deus
2589 2838 2702 2893 sale
2723 2838 3001 2909 sapientiae
3030 2853 3141 2893 sua":
3187 2837 3448 2904 condivit,
3497 2838 3840 2894 contumelia

2235 2928 2482 2983 infatuati
2511 2945 2701 2985 sensus
2724 2929 2992 2985 lacessere
3017 2939 3332 3000 operantem
3377 2945 3592 3002 quoque
3619 2946 3685 2986 ac
3741 2947 3840 2986 sa-

2235 3019 2453 3075 lientem
2477 3020 2647 3076 Deum
2681 3022 2908 3076 interius
2950 3021 3218 3078 fatuitatis
3248 3024 3416 3078 verbo
3454 3023 3620 3094 impie
3667 3023 3842 3082 dero-

543 3120 657 3167 ster
691 3112 939 3183 egregius
973 3111 1362 3182 perfectionem
1393 3128 1554 3182 quam
1591 3115 1738 3169 venit
1773 3114 1997 3185 implere
2026 3131 2134 3170 ma-
2159 3119 2204 3184 ο
2233 3124 2386 3182 gare.
2409 3109 2754 3182 Quapr0pter
2780 3113 3040 3185 magister
3067 3113 3317 3169 veritatis
3339 3114 3709 3185 integritatem
3735 3115 3843 3172 do-

541 3200 789 3258 mfestius
845 3204 1031 3274 incipit
1087 3203 1409 3274 explanare,
1457 3213 1514 3259 ut
1565 3220 1692 3260 vera
1746 3205 2130 3277 discipulorum

536 3293 746 3363 iustitia
795 3293 960 3365 266
1009 3294 1220 3365 dignior
1261 3295 1588 3350 declaretur.
1637 3295 1744 3352 Sed
1783 3299 2131 3367 qumrendum

515 3434 518 3436 γ
541 3387 777 3442 arbitror
796 3403 892 3441 cur
918 3388 1138 3454 dixerit,
1167 3401 1292 3444 reus
1311 3391 1417 3444 erit
1436 3389 1679 3458 judicio?
1708 3388 1822 3446 Nisi
1855 3391 1979 3461 quia
2006 3391 2136 3446 scri-

542 3489 692 3540 ptum
720 3489 836 3535 erat
877 3480 930 3535 in
957 3480 1073 3552 lege
1106 3498 1119 3534 :
1152 3481 1209 3536 Si
1234 3482 1358 3552 quis
1385 3483 1646 3538 occiderit
1667 3483 1962 3549 hominem,
1996 3483 2132 3540 fellis

540 3572 623 3624 ira
649 3580 946 3640 permotus,
985 3581 1042 3626 ut
1069 3572 1182 3642 ipse
1212 3589 1400 3629 rursus
1427 3574 1558 3646 legis
1573 3573 1780 3644 judicio
1803 3589 1932 3630 reus
1958 3583 2132 3631 morte

539 3661 870 3733 plecteretur
907 3663 1107 3734 (Exod.
1141 3681 1256 3730 xxI,
1291 3665 1402 3734 12).

613 3753 726 3826 Ego
752 3766 928 3810 autem
950 3757 1067 3811 dico
1092 3757 1256 3824 vobis,
1283 3758 1406 3830 quia
1427 3761 1593 3814 omnis
1615 3761 1704 3831 qui
1744 3762 1994 3814 irascitur
2013 3761 2132 3830 fra-

541 3845 729 3899 trisuo
762 3847 875 3920 sine
919 3862 1101 3910 causa,
1145 3857 1250 3902 etc.
1283 3863 1404 3917 qua:
1442 3858 1760 3918 sequuntur.
1814 3849 1974 3920 Ergo,
2019 3851 2132 3904 sine

541 3949 704 3988 causa
731 3934 799 3988 de
829 3935 1005 3990 medio
1038 3935 1333 3992 radendum
1379 3947 1530 4006 puto,
1562 3940 1691 4009 quia
1723 3940 1775 3994 in
1807 3940 2129 4008 quibusdam

539 4023 892 4080 Hebraeorum
957 4028 1232 4083 codicibus
1277 4039 1492 4084 constat
1539 4047 1646 4086 non
1703 4033 1974 4098 inveniri,
2027 4033 2131 4088 etsi

540 4115 854 4174 Graecorum
878 4133 1014 4188 pene
1064 4134 1254 4175 omnes
1298 4122 1552 4188 habeant,
1611 4139 1706 4177 seu
1755 4123 1934 4178 Latini
1985 4125 2130 4178 anti-

539 4212 777 4281 quiores.
806 4211 913 4267 Sed
944 4223 1123 4268 tamen
1146 4214 1535 4269 consideranda
1557 4224 1642 4269 est
1687 4216 1826 4271 ratio
1865 4233 1963 4271 cur
2002 4231 2133 4288 apo-

538 4304 710 4360 stolus
745 4303 940 4359 Paulus
968 4306 1038 4360 ad
1065 4306 1284 4362 Galatas
1308 4307 1580 4372 scribens,
1607 4308 1802 4364 stultos
1842 4317 1900 4364 et
1948 4311 2130 4366 insen-

540 4408 689 4454 satos
717 4414 812 4452 eos
837 4408 993 4453 vocat
1044 4398 1187 4470 (Gal.
1215 4416 1298 4463 in,
1333 4402 1405 4470 l),
1457 4415 1593 4470 quos
1646 4402 1968 4474 corrigendo
2012 4417 2129 4457 mo-

2237 3201 2424 3256 ctrinte
2445 3201 2860 3272 perfectioribus
2882 3203 3068 3284 volens
3095 3203 3409 3269 ostendere,
3455 3203 3566 3259 iota
3593 3203 3677 3260 vel
3702 3206 3832 3276 api-

2235 3307 2350 3348 cem
2381 3294 2771 3365 superaddidit,
2804 3311 2908 3351 non
2942 3295 3100 3352 modo
3129 3305 3190 3351 ut
3208 3297 3498 3353 homicidia
3530 3299 3599 3354 de
3644 3299 3843 3354 medio

2235 3393 2555 3449 removeret,
2587 3401 2772 3440 verum
2802 3388 2968 3442 etiam
2990 3387 3272 3444 male'dicta
3313 3397 3369 3443 et
3411 3387 3575 3444 verba
3606 3388 3840 3446 iracun-

2234 3473 2358 3539 diae,
2385 3490 2594 3529 necnon
2622 3484 2679 3530 et
2707 3475 2948 3532 fomitem
3004 3478 3269 3533 irascendi
3298 3479 3514 3550 penitus
3546 3481 3614 3536 de
3662 3481 3843 3538 corde

2233 3565 2463 3622 tolleret.
2484 3567 2636 3623 Unde
2653 3584 2816 3638 quam
2839 3569 3080 3624 terribile
3099 3570 3170 3625 sit
3193 3571 3380 3634 irascr,
3402 3571 3505 3626 etsi
3530 3571 3840 3629 humanum

2235 3659 2326 3724 sit,
2355 3660 2476 3730 pius
2501 3663 2716 3716 animus
2744 3661 3028 3733 intelligat.
3053 3662 3191 3731 Quia
3218 3665 3362 3733 quod
3391 3664 3597 3720 dictum
3620 3674 3708 3720 est
3737 3682 3842 3721 an-

2234 3750 2426 3821 tiquis,
2475 3749 2531 3805 Si
2559 3754 2672 3824 quis
2701 3752 2966 3816 occiderit,
2994 3769 3112 3806 reus
3137 3755 3234 3808 erit
3257 3755 3483 3824 judicio,
3509 3755 3613 3811 hoc
3637 3766 3694 3811 et
3723 3757 3841 3811 ira-

2237 3841 2514 3896 scentibus
2541 3843 2757 3908 dicitur,
2787 3851 2846 3896 ut
2867 3853 3123 3913 appareat
3143 3840 3272 3914 quid
3305 3845 3376 3900 sit
3399 3845 3542 3900 inter
3555 3845 3839 3916 justitiam

2233 3935 2630 3992 Pharisaeorum
2653 3948 2707 3994 et
2734 3938 3185 4004 Christianorum,
3232 3956 3352 4010 qua:
3380 3957 3507 3996 vera
3551 3949 3606 3996 et
3649 3941 3841 4012 perfe-

2236 4038 2320 4084 cta
2351 4045 2471 4084 esse
2492 4029 2696 4098 iustitia
2720 4030 3064 4100 praedicatur.
3112 4030 3218 4086 Sed
3263 4032 3462 4101 quibus
3515 4033 3695 4088 inodis
3751 4034 3842 4088 di-

2234 4120 2359 4174 vina
2391 4121 2646 4176 discretio
2672 4122 2785 4176 haec
2813 4122 3086 4184 decernat,
3110 4122 3232 4192 quis
3262 4123 3464 4192 poterit
3511 4122 3841 4193 explicare?

2233 4210 2368 4265 Nam
2397 4213 2541 4282 quod
2569 4211 2636 4268 de
2658 4211 2950 4268 homicidio
2979 4214 3030 4267 in
3060 4212 3196 4283 lege,
3227 4213 3327 4268 hoc
3355 4214 3423 4268 de
3450 4214 3530 4268 ira
3558 4230 3626 4270 ex
3653 4215 3844 4272 Evan-

2233 4302 2373 4373 gelio
2403 4310 2636 4356 taxatur.
2665 4300 2819 4357 Unde
2843 4303 2936 4372 qui
2956 4317 3084 4357 vere
3104 4303 3440 4373 pertimescit
3459 4304 3672 4374 judicio
3701 4322 3844 4362 reus

2236 4391 2373 4457 fieri,
2404 4392 2511 4447 erit
2537 4391 2800 4448 sollicitus
2822 4405 2922 4463 pro
2965 4392 3064 4458 ira,
3113 4407 3213 4448 nec
3263 4409 3502 4464 unquam
3555 4396 3843 4453 atrociora

539 4506 696 4553 nens,
727 4505 832 4545 non
863 4491 1041 4546 minus
1071 4490 1268 4547 fratres
1316 4491 1568 4562 appellat,
1624 4493 1859 4548 maxime
1901 4509 2024 4549 cum
2067 4502 2122 4548 et
2151 4483 2202 4544 D
2227 4482 2678 4538 contumeliarum
2702 4481 2933 4537 crimina
2961 4480 3223 4538 fratribus
3244 4483 3532 4555 irrogabit.
3586 4485 3839 4540 Verum-

540 4581 725 4637 multis
757 4581 1006 4637 laudibus
1037 4597 1133 4637 eos
1157 4586 1517 4640 commendet.
1569 4585 1720 4642 Unde
1771 4602 1870 4658 pro
1923 4587 2017 4643 tali
2073 4597 2129 4644 et

456 4657 506 4738 Χθ-
540 4671 665 4728 aliis
716 4671 1020 4742 quibusque
1069 4674 1271 4738 eausis,
1315 4673 1564 4730 fortassis
1614 4657 2125 4746 hanciparticblam

538 4763 780 4820 nonnulli
807 4775 1126 4828 sanxerunt,
1161 4781 1268 4820 non
1315 4767 1488 4822 solum
1543 4769 1710 4822 semel
1756 4769 1979 4824 inscribi
2030 4770 2126 4824 de-

537 4858 686 4920 bere,
734 4873 922 4913 verum
962 4859 1128 4913 etiam
1159 4867 1214 4915 et
1246 4860 1300 4915 in
1325 4861 1445 4915 aliis
1471 4861 1680 4915 duabus
1706 4861 1962 4916 clausulis
2003 4861 2128 4917 sub-

537 4949 744 5014 audiri;
789 4957 849 5004 ut
885 4950 958 5005 sit
1005 4966 1126 5005 cum
1160 4967 1221 5006 ea
1275 4961 1427 5023 parte
1469 4954 1620 5024 prior
1677 4954 1887 5026 integra
1933 4956 2125 5010 verbo-

538 5056 658 5095 rum
682 5040 968 5096 sententis
999 5061 1010 5096 :
1041 5057 1276 5112 sequens
1310 5059 1462 5109 vero,
1493 5045 1582 5114 qui
1622 5045 1812 5100 dixerit
1838 5046 1992 5116 fratri
2032 5063 2128 5100 suo

537 5147 683 5197 raca,
718 5140 776 5186 ut
818 5133 1252 5205 subintelligatur
1297 5137 1414 5190 sine
1446 5150 1609 5191 causa
1647 5151 1661 5188 :
1703 5136 1894 5190 deinde
1940 5136 2124 5199 tertio,

538 5223 630 5292 qui
653 5223 853 5277 dixerit
875 5225 1042 5293 fatue,
1073 5225 1230 5280 utsit
1254 5225 1516 5296 integrior
1554 5240 1747 5280 sensus
1795 5223 1950 5279 fratri
2003 5240 2132 5287 suo,

538 5311 655 5365 sine
713 5327 898 5378 causa,
961 5313 1118 5384 quasi
1168 5315 1390 5384 praecisa
1438 5314 1702 5370 sententia
1746 5313 2120 5394 subaudiatur.

538 5399 814 5471 Siquidem
847 5404 963 5458 htec
991 5403 1066 5459 illi
1099 5419 1162 5458 ac
1185 5405 1229 5458 si
1264 5405 1488 5476 provide
1524 5404 1958 5469 considerantes,
2004 5419 2122 5459 ces-

537 5501 729 5546 serunt
767 5492 1065 5549 infirmitati
1097 5496 1366 5556 humanae,
1403 5494 1601 5564 quibus
1627 5494 1788 5549 irasci
1821 5494 1996 5558 aiunt,
2021 5509 2121 5549 na-

541 5594 661 5638 tura
693 5594 776 5639 est
804 5586 877 5639 ita
907 5595 1084 5642 tamen
1110 5603 1175 5642 ne
1200 5589 1316 5642 sine
1341 5603 1501 5641 causa
1529 5587 1638 5640 fiat.
1673 5585 1816 5642 Sane
1846 5587 1972 5642 huic
1995 5603 2121 5643 sen-

541 5676 625 5735 sui
657 5673 795 5733 forte
822 5677 1035 5748 videtur
1063 5680 1190 5736 illud
1218 5679 1592 5751 propheticum
1607 5679 1733 5752 jure
1759 5679 1934 5750 aptari
1964 5697 1977 5735 :
2007 5679 2124 5736 Ira-

2235 4578 2416 4627 tamen
2446 4571 2848 4642 intelligendum
2873 4571 3023 4641 quia,
3045 4571 3146 4627 etsi
3173 4586 3273 4642 pro
3296 4572 3376 4627 ira
3403 4572 3554 4628 velut
3579 4589 3680 4644 pro
3728 4575 3843 4630 ho-

2233 4661 2455 4716 micidio
2496 4677 2620 4716 reus
2662 4660 2756 4716 Dei
2780 4659 2988 4730 judicio
3020 4659 3320 4730 iudicatur,
3366 4662 3743 4733 gehennarum
3775 4664 3840 4720 in

2233 4751 2357 4822 igne
2386 4751 2550 4805 variis
2578 4766 2678 4822 pro
2699 4751 2880 4807 causis
2905 4751 3214 4807 dill‘erenter
3256 4753 3444 4822 utique
3499 4752 3840 4824 puniuntur.

2235 4840 2341 4896 Sed
2367 4843 2511 4896 inter
2532 4857 2682 4898 reum
2700 4839 2923 4912 judicio,
2954 4849 3010 4896 et
3033 4856 3183 4896 reum
3201 4842 3455 4906 concilio,
3479 4851 3644 4912 atque
3667 4858 3840 4900 reum

2235 4933 2494 5004 gehennae
2523 4933 2686 5006 ignis,
2714 4933 2819 4989 hoc
2839 4933 3041 4987 distare
3065 4933 3300 4999 videtur,
3343 4934 3490 5004 quod
3516 4935 3569 4989 in
3614 4933 3840 5004 judicio

2232 5022 2410 5078 adhuc
2433 5022 2731 5079 defensioni
2761 5022 2921 5077 datur
2947 5021 3117 5078 locus.
3164 5023 3437 5090 Quaeritur
3486 5023 3632 5080 enim
3674 5036 3842 5083 recte

2229 5113 2381 5184 prius
2403 5114 2456 5168 in
2482 5130 2659 5170 causa:
2678 5114 2912 5185 negotio,
2943 5123 3196 5170 utrumne
3218 5130 3344 5170 reus
3370 5115 3441 5171 sit
3476 5116 3568 5186 qui
3594 5131 3844 5173 accusa-

2229 5214 2339 5271 tur,
2377 5207 2504 5276 quia
2553 5207 2604 5260 in
2653 5220 2719 5260 eo
2767 5213 2910 5260 statu
2957 5203 3099 5274 juris
3139 5222 3248 5276 quo
3293 5222 3438 5278 saepe
3491 5205 3842 5265 deliberatur

2229 5295 2371 5365 apud
2396 5295 2632 5366 judices,
2661 5297 2908 5365 plurimas
2945 5295 3260 5365 frequenter
3302 5297 3634 5352 subveniunt
3677 5313 3834 5369 qua-

2227 5385 2439 5441 litatum
2488 5383 2853 5449 defensiones,
2917 5387 3115 5456 quibus
3147 5398 3252 5459 gaut
3299 5397 3565 5460 purgatur
3617 5379 3750 5448 reus
3799 5409 3834 5449 a

2226 5475 2478 5540 crimine,
2503 5483 2598 5528 aut
2620 5483 2765 5528 certe
2794 5476 3076 5532 convictus
3099 5478 3423 5547 deprecatur
3449 5493 3550 5549 pro
3589 5494 3677 5544 eo,
3733 5499 3833 5539 ac-

2228 5592 2428 5632 cusans
2473 5591 2533 5630 se
2590 5591 2843 5646 peccasse
2891 5578 2994 5634 zeli
3045 5580 3432 5646 commotione,
3479 5594 3574 5636 aut
3614 5586 3834 5643 erroris

2225 5679 2591 5750 subreptione,
2634 5678 2952 5749 impulsione
2979 5696 3196 5753 quoque
3223 5697 3408 5750 casus,
3462 5685 3830 5746 necessitatis
