4000 6362
155 310 225 368 ul
889 300 1254 360 EIPOSITIO
1290 299 1357 358 IN
1396 296 1837 358 IATTHEUM.
1878 329 1948 340 —
1981 297 2109 389 LlB.
2149 298 2239 367 ιιι,
2277 298 2430 355 CAP.
2473 300 2537 356 γ.

3268 304 3377 361 243

154 420 421 483 constricto,
465 423 625 474 reatu
662 414 971 473 oblivionis.
1016 413 1239 470 Talibus
1285 422 1342 470 et
1380 410 1688 482 bujusrnodi
1715 413 1768 475 Α
1792 412 1988 468 absens
2017 422 2112 467 aut
2133 426 2296 482 quam
2336 411 2494 482 longe
2538 410 2703 479 fuerit
2729 409 2870 467 ultra
2903 428 3056 469 mare
3097 430 3192 471 seu
3218 426 3377 473 extra

156 510 519 589 quamplurimis
558 507 876 573 ratiociniis,
906 515 1197 579 antequam
1241 507 1297 562 in
1344 506 1575 564 concilio
1625 507 1694 562 de

156 617 265 665 reatu
284 602 576 675 judicetur,
625 615 790 671 quam
826 612 968 670 saepe
997 599 1099 665 rei,
1148 607 1209 654 ut
1251 598 1382 664 dixi,
1436 605 1529 652 aut
1566 611 1695 667 pur-

157 708 302 773 ganlttr
322 695 582 758 crimine,
629 702 723 747 aut
761 691 1153 764 supplicatione
1190 690 1272 747 eis
1319 689 1477 746 venia
1526 689 1697 761 impe-

158 801 287 849 tratur
303 788 571 844 criminis.
596 785 869 842 Caeterum
900 787 954 840 in
981 784 1236 851 concilio,
1264 782 1515 854 quamvis
1550 796 1694 852 saepe

159 878 488 937 indifferenter
517 873 965 949 mjudicium
1006 883 1064 930 et
1111 873 1400 934 concilium
1426 881 1698 943 ponantur

157 976 193 1029 in
214 968 510 1041 Scripturis,
542 982 652 1022 non
688 981 813 1022 cum
841 965 1030 1022 eodem
1057 979 1151 1021 reo
1170 965 1285 1036 jam
1308 965 1487 1035 agitur
1513 973 1695 1019 utrum

157 1060 450 1120 damnandus
478 1059 551 1114 sit
575 1073 674 1129 pro
695 1057 943 1121 crimine,
981 1056 1085 1131 sed.
1104 1056 1245 1128 apud
1268 1056 1482 1127 judices
1505 1056 1696 1113 decer-

157 1154 282 1218 nitur,
305 1160 357 1206 et
379 1148 678 1206 conferunt
714 1149 771 1204 in
794 1149 1049 1215 invicem,
1102 1163 1210 1219 quo
1237 1147 1504 1220 supplicio
1544 1148 1698 1203 dam-

157 1243 447 1299 naridebeat
476 1257 625 1304 reus,
656 1255 817 1310 quem
845 1247 1063 1296 constat
1102 1239 1324 1295 omnino
1374 1253 1494 1294 esse
1542 1240 1695 1295 dam-

156 1337 365 1393 nandum.
410 1334 474 1389 lu
527 1349 637 1404 quo
678 1332 934 1388 nimirum
984 1330 1235 1395 concilio,
1283 1345 1551 1400 nusquam
1605 1338 1700 1385 aut

151 1412 267 1483 nulla
308 1425 580 1480 interdum
625 1422 880 1479 subvenit
918 1421 1080 1486 ratio,
1134 1436 1417 1493 quousque
1465 1420 1700 1491 excipiat

159 1529 303 1573 reatus
325 1517 406 1572 sui
428 1515 778 1572 sententiam.
815 1512 969 1571 Unde
987 1513 1140 1585 prius
1161 1521 1378 1583 oportet
1428 1528 1526 1568 nos
1564 1512 1700 1571 deli-

161 1612 320 1666 berare
338 1610 391 1666 in
414 1607 613 1673 animo,
641 1607 770 1662 dum
801 1607 978 1662 adhuc
1002 1606 1056 1661 in
1076 1604 1407 1677 cogitatione
1456 1619 1543 1660 res
1571 1602 1700 1659 affe—

161 1709 233 1755 ctu
258 1697 607 1770 persuasionis
628 1696 959 1771 suggeritur,
989 1706 1245 1750 utrumne
1266 1709 1398 1749 voce
1418 1692 1699 1765 proferen-

1795 506 2068 577 regionem
2096 505 2308 576 procul,
2346 515 2402 561 ct
2426 515 2555 561 tunc
2582 507 2857 578 quidpiam
2889 508 3083 564 horum
3109 511 3163 565 in
3192 519 3373 567 mente

1793 600 1995 665 veniat,
2056 599 2300 670 nunquid
2340 599 2747 670 relinquendum
2777 608 2863 656 est
2908 603 3052 671 quod
3074 600 3376 670 offerimus,

1794 703 1851 751 et
1877 693 2135 750 debemus
2162 694 2389 764 pedibus
2412 695 2749 764 perquirere,
2776 709 2938 771 quem
2968 695 3108 752 forte
3135 697 3379 755 invenire

1797 783 2084 853 nequimus
2121 783 2145 837 ?
2173 782 2332 838 Patet
2354 783 2577 840 omnino
2600 799 2817 850 sensus,
2857 784 2902 839 si
2923 800 3167 856 presens
3214 786 3379 844 fuerit

1798 874 1846 929 is
1864 874 1938 930 de
1963 888 2072 944 quo
2095 874 2293 945 agitur,
2318 875 2460 945 quod
2482 874 2533 928 ei
2557 874 2910 945 supplicando
2929 875 3099 932 lenire
3130 892 3193 933 ac
3220 879 3379 933 satis-

1797 962 1979 1020 facere
2007 963 2465 1033 debemus;un
2488 964 2533 1018 si
2554 979 2776 1034 prorsus
2816 980 2939 1020 cum
2986 966 3257 1035 attingere
3283 983 3379 1023 ne-

1797 1056 2037 1127 quimus,
2084 1057 2265 1127 potius
2304 1057 2374 1111 ad
2432 1071 2557 1111 eum
2608 1056 2845 1112 motibus
2890 1058 3056 1113 animi
3101 1066 3157 1114 et
3190 1059 3381 1115 humili

1798 1147 2015 1214 aﬂ'ectu,
2039 1148 2325 1217 chartaque
2348 1148 2545 1203 mentis
2568 1147 2857 1204 devotione
2901 1149 2978 1203 ire
3022 1150 3295 1213 convenit,
3324 1156 3383 1205 et

1799 1240 2084 1312 prostratis
2113 1248 2240 1295 ante
2268 1249 2616 1308 conspectum
2646 1239 2762 1309 ejus
2801 1239 2954 1308 cujus
2973 1256 3170 1296 munus
3195 1240 3381 1297 offeri-

1799 1311 1942 1396 mus,
1971 1328 2124 1386 fratri
2146 1311 2476 1401 benignitate
2504 1330 2688 1385 cordis
2737 1329 2970 1385 devincti
3025 1332 3235 1386 veniam
3281 1332 3383 1387 im-

1800 1423 2032 1494 plorare.
2062 1421 2201 1477 Nulli
2224 1423 2470 1488 dubium,
2496 1432 2756 1492 quantum
2791 1439 2857 1479 ex
2898 1414 3054 1480 nobis
3092 1434 3196 1491 est,
3237 1427 3383 1497 quod

1799 1530 1923 1572 cum
1951 1514 2201 1585 omnibus
2218 1528 2407 1585 pacem
2454 1513 2655 1570 habere
2681 1525 2949 1584 oporteat,
2996 1516 3121 1586 quia
3155 1533 3219 1572 ea
3269 1517 3383 1573 sola

1801 1608 1913 1664 Deo
1940 1606 2373 1665 reconciliamur.
2402 1607 2541 1664 Ecce
2563 1609 2822 1679 magister
2843 1610 3175 1665 veritatisde
3206 1625 3386 1666 recor-

1800 1702 2021 1758 datione
2052 1708 2377 1772 praeceptum
2399 1701 2549 1757 dedit
2571 1711 2697 1757 ante
2716 1702 2903 1757 altaris
2935 1701 3146 1757 faciem.
3177 1703 3314 1771 Quid
3335 1706 3384 1760 si

143 1776 255 1850 idum
278 1794 337 1849 sit
371 1791 518 1863 quod
546 1788 863 1863 impellitur.
893 1790 1052 1858 Quia,
1093 1790 1234 1845 sicut
1273 1788 1482 1858 gravior
1541 1786 1698 1858 culpa
1730 1777 1775 1839 Β
1802 1794 1929 1851 alibi
1957 1808 2152 1849 munus
2179 1793 2377 1859 laudis,
2421 1801 2515 1847 aut
2541 1793 2667 1848 vitae
2701 1792 2995 1865 religionis,
3022 1793 3105 1848 vel
3141 1794 3387 1851 ‘eleemo—

154 1886 206 1941 de
226 1885 446 1956 prolatu,
481 1885 554 1939 ita
579 1882 633 1937 in
657 1881 889 1938 concilio
938 1879 1295 1952 periculosior
1325 1878 1594 1934 sententia
1635 1878 1703 1933 de

154 1988 290 2034 reatu.
316 1978 495 2033 Porro
517 1977 585 2032 ad
617 1975 867 2031 ultimum
895 1975 963 2030 de
1005 1982 1319 2046 perpetrato
1368 1973 1572 2044 aperis,
1618 1971 1702 2027 vel

153 2070 264 2139 quod
302 2069 487 2124 minus
544 2081 666 2124 esse
713 2066 964 2133 sentitur,
1011 2067 1077 2122 de
1116 2065 1302 2121 fratris
1354 2064 1701 2131 contumelia,

151 2175 279 2231 quam
306 2158 574 2240 terribilis
600 2168 859 2230 sequatur
886 2157 1183 2224 conclusio,
1239 2157 1402 2212 nullis
1441 2172 1579 2228 Opus
1620 2165 1706 2213 est

148 2248 292 2304 verbis
318 2250 564 2315 edicere,
603 2248 874 2319 quomodo
914 2261 1039 2304 reos
1095 2262 1231 2318 quos
1274 2247 1519 2318 gehenna
1565 2247 1704 2318 ignis

146 2342 308 2406 exurit,
334 2340 560 2410 culpam
599 2339 682 2394 sui
712 2347 896 2394 reatus
920 2338 1162 2411 damnati
1194 2338 1369 2394 luunt.
1401 2338 1549 2406 Quos
1574 2353 1706 2394 sane

147 2430 430 2487 delictorum
451 2431 656 2503 gradus
695 2429 940 2500 quisquis
969 2429 1111 2500 apud
1162 2445 1220 2486 se
1277 2429 1544 2486 sollicitus
1591 2444 1700 2486 non

145 2532 397 2591 precaret,
432 2522 747 2591 experietur
787 2520 1055 2591 judicium
1095 2519 1461 2577 damnationis
1500 2521 1567 2576 de
1611 2520 1705 2576 ad-

146 2604 309 2680 missis,
331 2615 648 2688 gehennam
684 2629 815 2670 vero
839 2614 976 2686 ignis
1000 2628 1069 2668 ex
1089 2612 1505 2684 impmnitudine
1525 2613 1706 2669 cordis

142 2713 349 2760 etreatu.
378 2704 617 2760 Certum
648 2703 847 2775 quippe
867 2713 953 2758 est
1002 2703 1167 2775 quod,
1195 2703 1338 2759 sicut
1361 2703 1416 2757 in
1452 2703 1555 2759 hac
1596 2703 1705 2757 vita

144 2797 253 2852 nihil
273 2799 486 2854 felicius
510 2800 656 2854 bono
690 2798 1024 2863 Christiano,
1067 2798 1142 2853 ita
1172 2798 1308 2854 nihil
1350 2798 1441 2854 illo
1481 2798 1709 2854 damna-

141 2887 290 2957 bilius,
318 2892 431 2962 qui,
477 2892 651 2946 etiam
676 2889 883 2960 lapsus,
906 2890 1033 2946 dum
1059 2898 1238 2957 vacat,
1265 2890 1579 2960 pmnitendo
1599 2906 1706 2946 non

144 2980 236 3033 vult
257 2985 494 3054 cogitare
523 2983 591 3038 de
623 2982 797 3045 venia,
832 2996 1008 3053 neque
1051 2981 1298 3049 vitiosus,
1353 2982 1509 3039 bonis
1531 2985 1706 3054 operi-

140 3071 223 3127 bus
248 3073 591 3139 inhaerendo,
606 3089 827 3130 cessare
855 3090 886 3129 a
912 3074 1090 3145 culpa.
1130 3074 1237 3131 Sed
1258 3075 1385 3131 dum
1413 3075 1529 3132 haec
1552 3077 1706 3146 quasi

1804 1901 2089 1958 synarum,
2120 1899 2214 1940 seu
2235 1883 2514 1955 quodlibet
2535 1885 2662 1940 boni
2684 1884 2866 1954 aperis
2891 1884 3222 1940 sacrificium
3249 1885 3386 1942 oﬂ'c-

1807 1978 2011 2041 rimus;
2047 1974 2317 2046 nunquid,
2347 1975 2391 2030 si
2421 1975 2775 2030 recordamur
2802 1974 3004 2045 aliquid
3052 1976 3383 2047 lmjusmodi,

1803 2066 2101 2136 putandum
2136 2073 2223 2120 est
2249 2064 2466 2135 placere
2495 2080 2652 2135 posse
2682 2064 2829 2129 illud,
2850 2066 2976 2136 quia
3009 2068 3193 2122 coram
3216 2066 3390 2123 altare

1807 2174 1912 2215 non
1936 2158 2160 2215 sumus?
2181 2158 2289 2213 Aut
2311 2172 2421 2227 quo
2446 2157 2781 2228 relinquetur
2813 2173 3022 2223 munus,
3073 2157 3117 2213 si
3148 2173 3255 2213 non
3304 2174 3392 2214 su-

1807 2267 2070 2308 muscum
2099 2266 2207 2321 quo
2247 2249 2555 2320 relinquere
2585 2250 2870 2320 jubcmnr?
2901 2249 2997 2305 Vel
3052 2251 3099 2306 si
3150 2259 3234 2306 est
3284 2251 3392 2308 tale

1806 2347 2031 2417 aliquid,
2058 2346 2199 2416 quod
2225 2346 2428 2415 absque
2451 2345 2607 2400 nobis
2629 2345 2875 2400 localiter
2901 2345 3172 2401 dimittere
3201 2347 3391 2416 nequi-

1805 2451 1948 2501 mus,
1979 2436 2107 2506 quid
2131 2451 2261 2507 ergo
2313 2435 2580 2507 agendum
2624 2437 2748 2491 est?
2789 2434 2940 2491 Unde
2989 2446 3202 2491 constat
3245 2437 3391 2507 quod

1804 2527 1923 2584 lucc
1946 2528 2127 2583 omnia
2159 2543 2267 2583 non
2312 2527 2606 2583 secundum
2654 2526 2889 2581 litteram
2930 2526 3173 2598 religioni
3217 2542 3391 2582 saeta:

1807 2621 2134 2678 conveniunt
2183 2638 2196 2675 :
2257 2618 2353 2675 sed
2410 2620 2590 2690 potius
2615 2618 2932 2691 spiritaliter
2961 2621 3379 2693 accipiendum;

1807 2728 2115 2785 quanquam
2136 2721 2192 2768 et
2213 2713 2511 2769 secundum
2543 2714 2825 2769 historiam
2870 2714 3085 2786 impleta
3133 2716 3200 2772 de
3243 2716 3393 2772 cultu

1808 2805 2085 2877 religionis
2105 2820 2210 2860 non
2239 2804 2592 2869 abhorreant,
2617 2813 2676 2859 ut
2707 2806 2840 2861 fides
2885 2806 3144 2876 templum
3189 2806 3391 2881 intelli-

1809 2908 1985 2971 gatur,
2018 2908 2072 2953 et
2097 2897 2269 2953 altare
2306 2896 2576 2960 Christus,
2630 2906 2756 2952 ante
2807 2912 2967 2968 quem
3014 2906 3214 2953 nostrae
3266 2898 3392 2955 ﬁdei

1810 2990 2035 3046 donaria
2064 2989 2245 3046 devoti
2270 2988 2569 3046 offerimus.
2594 2989 2686 3046 Ille
2706 2991 2904 3062 quippe
2918 3002 3001 3047 est
3024 2991 3115 3046 illa
3142 2992 3391 3048 sublimis

1809 3084 2074 3140 caelorum
2102 3099 2194 3138 ara
2224 3098 2406 3139 coram
2449 3082 2629 3139 Patris
2669 3082 2839 3149 vultu,
2870 3086 2970 3140 sub
3016 3101 3121 3156 qua
3173 3097 3390 3143 sancto-

142 3166 332 3224 minima
366 3168 803 3235 contemnimus,
851 3184 1013 3224 causa
1041 3171 1250 3241 peccati
1279 3170 1394 3241 jam
1440 3170 1706 3237 damnati,
1733 3166 1780 3230 C
1812 3192 1932 3232 rum
1961 3174 2157 3231 anima:
2189 3174 2553 3245 requiescunt.
2583 3174 2638 3229 In
2662 3191 2768 3246 quo
2805 3176 3061 3232 nimirum
3081 3177 3237 3233 altari
3263 3178 3393 3232 fide—

138 3256 257 3314 sicut
280 3260 580 3332 Apostolus
615 3260 795 3326 docet,
836 3261 904 3316 ad
937 3260 1254 3317 nefantliora
1297 3262 1563 3319 scelerum
1606 3264 1711 3320 criv

140 3348 262 3403 mina
288 3352 582 3420 poenaliter
610 3352 917 3422 peragenda
941 3353 1018 3407 rei
1041 3351 1366 3408 relaxamur.

194 3439 254 3496 Si
276 3460 392 3513 ergo
413 3441 676 3499 obtuleris
697 3459 888 3498 munus
910 3453 1059 3500 tuum
1079 3446 1149 3499 ad
1174 3445 1362 3511 altare,
1409 3457 1458 3502 et
1510 3447 1581 3501 ibi
1630 3465 1710 3503 re-

136 3536 365 3590 cordatus
394 3538 561 3607 [κενὴ
585 3539 712 3610 quia
734 3538 902 3609 frater
918 3549 1041 3594 tuus
1083 3540 1237 3594 habet
1287 3539 1488 3611 aliquid
1527 3539 1711 3595 adver-

130 3613 653 3700 uiule,etreliqua.
708 3630 977 3700 Explanat
1027 3646 1180 3703 ergo,
1236 3647 1398 3703 quam
1446 3640 1710 3707 eruperat,

135 3719 433 3788 ampliorem
452 3722 728 3794 justitiam
757 3721 1214 3787 Christianorum,
1239 3732 1295 3778 et
1315 3708 1566 3777 fratriide
1603 3738 1712 3793 quo

134 3809 324 3890 dixerat
346 3816 430 3871 cui
456 3830 578 3870 non
603 3824 689 3870 est
715 3814 799 3871 fas
827 3816 1125 3881 irasci,nut
1152 3833 1276 3871 mea
1321 3816 1403 3871 vel
1448 3816 1592 3885 fatue
1637 3816 1714 3872 di-

134 3918 272 3969 cere,
291 3908 454 3965 multo
478 3909 674 3965 minus
702 3907 787 3964 fas
829 3908 881 3963 in
913 3909 1097 3964 animo
1152 3907 1428 3979 quidpiam
1476 3908 1713 3963 retinere

129 3998 339 4065 quodin
365 3984 565 4057 odium
589 4000 836 4056 converti
864 4008 1048 4071 queat.
1092 3999 1206 4056 lmo
1256 4000 1532 4056 recordari
1586 4015 1713 4055 con-

130 4091 261 4144 venit
289 4091 421 4149 Cain
462 4102 530 4149 et
557 4075 847 4148 munerum
877 4091 1018 4163 ejus,
1048 4092 1117 4148 ad
1144 4107 1326 4163 quem,
1346 4082 1468 4147 cum
1494 4089 1716 4147 offerret

129 4196 221 4238 non
244 4188 493 4256 respexit
528 4185 824 4253 Dominus,
846 4201 1021 4257 neque
1046 4185 1114 4240 ad
1140 4200 1366 4240 munera
1396 4182 1548 4252 ejus;
1592 4198 1717 4253 pro-

129 4272 252 4331 fecto
277 4280 407 4348 quia
465 4280 711 4336 livorem
758 4287 921 4350 atque
966 4276 1391 4349 indignationem
1432 4276 1486 4331 in
1535 4275 1717 4332 animo

124 4377 293 4425 contra
317 4370 564 4429 fratrem
589 4368 844 4443 'gerebat.
890 4369 1043 4427 Unde
1080 4370 1326 4426 dicitur:
1362 4367 1420 4424 Si
1463 4377 1597 4423 recte
1636 4366 1719 4437 of-

127 4460 239 4528 fers,
273 4476 321 4519 et
369 4484 484 4522 non
530 4477 676 4520 recte
711 4465 902 4520 dividis
926 4505 943 4531 ,
990 4464 1256 4536 peccasti;
1312 4464 1534 4533 quiesce.
1575 4460 1718 4530 Quid

1811 3267 1941 3324 liutn
1964 3275 2086 3322 vota
2116 3275 2172 3323 et
2211 3282 2436 3323 munera
2472 3258 2910 3324 bulocaustorum
2949 3262 3255 3325 offeruntur
3284 3269 3391 3326 Do-

1811 3360 1977 3414 mino.
2006 3356 2176 3414 Nemo
2205 3358 2369 3429 igitur
2394 3357 2652 3413 virtutum
2685 3368 2805 3414 vota
2843 3360 2976 3415 satis
3005 3360 3176 3416 defert
3207 3361 3262 3415 in
3296 3362 3393 3416 lio-

1811 3448 2133 3515 locaustum,
2159 3450 2250 3520 qui
2276 3464 2449 3519 usque
2477 3450 2545 3505 ad
2595 3465 2719 3505 eum
2782 3451 2902 3505 tidei
2950 3451 3227 3521 gressibus
3284 3468 3391 3507 non

1810 3544 2084 3614 pertingit.
2111 3541 2210 3598 Ubi
2254 3543 2298 3597 si
2340 3541 2708 3607 recordamur,
2742 3541 2886 3596 inter
2932 3553 3245 3597 sanctorum
3286 3544 3395 3598 fre—

1812 3636 2088 3705 quentiam
2115 3674 2132 3699 ,
2198 3633 2341 3705 quod
2418 3633 2616 3704 aliquis
2671 3633 2881 3688 habeat;
2925 3634 3124 3704 aliquid
3160 3664 3165 3669 ~
3196 3634 3392 3690 adver-

1813 3744 1932 3784 sum
1980 3742 2096 3791 nos,
2148 3733 2361 3796 oportet
2407 3740 2589 3781 ceram
2632 3739 2701 3781 eo
2740 3725 2905 3796 270
2952 3741 3146 3781 munus
3190 3736 3390 3783 nostra:

1813 3818 2113 3875 devotionis
2158 3816 2498 3887 relinquere,
2538 3825 2594 3871 et
2644 3831 2854 3872 morum
2919 3815 3203 3873 affectione
3255 3818 3395 3873 infra

1813 3912 2200 3970 conscientiam
2230 3910 2439 3977 redire;
2473 3909 2676 3981 ibique,
2716 3909 2760 3965 si
2791 3910 2943 3965 abest
2970 3925 3128 3981 quem
3153 3910 3393 3967 lassimus

1815 4004 2128 4061 satisfacere
2163 4004 2334 4059 donec
2391 4002 2778 4067 reconciliatis,
2823 4012 3083 4073 quantum
3132 4018 3196 4058 ex
3246 4003 3399 4058 nobis

1815 4104 1916 4157 cst,
1950 4110 2084 4166 pura
2113 4093 2445 4150 conscientia
2463 4109 2659 4149 munus
2683 4092 2879 4149 olferre
2911 4093 3088 4149 liccat.
3116 4094 3229 4148 Non
3252 4096 3397 4149 enim

1817 4185 1934 4241 sine
1967 4200 2130 4241 causa
2157 4200 2341 4240 coram
2366 4183 2540 4239 altare
2570 4200 2767 4240 munus
2793 4184 3097 4254 relinquere
3143 4186 3395 4255 praecipi-

1818 4293 1969 4343 mur;
1997 4276 2143 4347 quia'
2163 4274 2423 4346 quidquid
2457 4290 2651 4331 coram
2694 4275 2806 4331 Deo
2852 4284 2998 4331 recte
3046 4274 3270 4330 offertur
3303 4277 3402 4331 im-

1818 4367 2013 4422 mutari
2039 4382 2145 4422 non
2167 4373 2342 4420 vacat.
2369 4364 2483 4420 lmo
2513 4365 2699 4420 vitium
2740 4379 2920 4435 prava:
2941 4366 3139 4420 mentis
3160 4366 3400 4437 corriga-

1820 4468 1930 4523 tur,
1952 4466 2005 4513 et
2018 4457 2361 4513 dilectionem
2389 4470 2551 4525 quam
2579 4454 2734 4511 debet
2765 4455 2916 4526 prius
2941 4455 3096 4510 fratri
3124 4456 3398 4512 restituat.

129 4557 249 4614 enim
281 4572 367 4617 at
406 4562 612 4619 dicere
635 4559 900 4631 peccasti;
926 4533 1148 4631 quiesce,
1189 4556 1294 4613 nisi
1324 4555 1560 4626 peccasti
1612 4555 1720 4608 ira-
1744 4533 1797 4594 D
1824 4551 2084 4622 Tuncque
2114 4550 2182 4605 ad
2211 4566 2335 4607 eum
2363 4550 2689 4620 quantocius
2711 4564 2895 4605 coram
2924 4564 3033 4619 quo
3073 4565 3270 4604 munus
3294 4560 3406 4605 sta-

131 4652 305 4708 tcendo
348 4652 440 4708 vel
469 4650 799 4716 invidendo,
841 4658 936 4705 aut
954 4649 1198 4720 quolibet
1236 4655 1396 4718 pacto
1442 4645 1718 4718 quidpiam

131 4752 293 4801 contra
348 4746 685 4818 proximum
710 4743 1012 4810 moliendo;
1053 4742 1274 4815 quiesce
1299 4742 1370 4797 ab
1399 4742 1501 4797 hac
1543 4740 1723 4797 stulti—

128 4833 193 4888 tia
229 4853 245 4901 ;
298 4852 468 4895 cessa
514 4835 689 4892 irasci
737 4835 824 4891 vel
862 4834 1104 4891 invidere
1135 4874 1151 4900 ,
1215 4832 1454 4904 alioquin
1493 4848 1600 4888 non
1632 4848 1724 4889 su-

126 4927 331 4998 scipiam
389 4944 612 4987 munus
660 4929 727 4984 de
776 4943 938 4984 manu
991 4928 1134 4983 tua?
1186 4928 1325 4983 Ecce
1394 4935 1724 4998 praeceptum

126 5015 357 5091 269a
400 5017 735 5089 exemplum
773 5017 1082 5075 recolimus.
1138 5016 1326 5073 Nullus
1371 5017 1475 5073 sibi
1527 5016 1726 5082 faveat,

127 5108 286 5168 nullus
312 5127 378 5169 se
428 5110 704 5181 decipiat.
756 5109 894 5179 Quia
927 5109 977 5165 si
1014 5119 1204 5166 contra
1234 5108 1539 5180 proximum
1571 5109 1727 5180 quid-

128 5200 250 5266 piam
278 5204 412 5259 mali
445 5205 512 5260 in
549 5201 734 5257 animo
761 5204 1025 5274 gerimus,
1047 5216 1245 5257 munus
1271 5200 1380 5256 Deo
1423 5201 1568 5272 quod
1604 5201 1725 5273 pla-

130 5301 230 5346 ceat
248 5280 463 5352 ‘oﬂ’erre
487 5309 608 5351 non
637 5284 941 5364 possumus.
971 5292 1029 5349 Si
1058 5278 1188 5349 vero
1225 5292 1505 5364 proximus
1532 5308 1564 5349 e
1596 5308 1727 5350 con-

131 5387 284 5441 trario
314 5388 633 5443 adversum
666 5400 768 5441 nos
812 5385 1089 5456 quidpiam
1134 5384 1410 5451 habuerit,
1445 5401 1552 5441 non
1600 5386 1727 5442 dico

131 5471 270 5544 iram,
305 5480 408 5535 sed
450 5470 847 5549 quamcunque
869 5477 1146 5533 lxesionem
1196 5477 1251 5532 in
1301 5492 1408 5548 qua
1457 5492 1557 5532 nos
1603 5493 1728 5533 eum

130 5565 350 5629 luimus
389 5582 452 5628 et
498 5572 881 5637 recordamur,
922 5572 1087 5627 etiam
1141 5571 1194 5626 in
1238 5579 1516 5627 momento
1561 5586 1733 5628 sacrm

129 5661 407 5743 oblationis
427 5666 737 5737 nequimus
760 5667 903 5738 quod
931 5676 1220 5745 acceptum
1270 5667 1343 5723 sit
1388 5665 1604 5730 offerre,
1635 5666 1732 5724 do-

135 5769 222 5812 nec
245 5754 692 5817 reconcilientur
721 5774 847 5814 cum
876 5774 942 5844 eo
961 5774 1125 5840 quem
1149 5756 1491 5835 olTendimus.
1519 5756 1660 5833 Quid
1688 5759 1734 5815 si

1825 4644 1948 4709 tuit,
1980 4643 2207 4699 festinus
2236 4641 2439 4697 redeat.
2481 4640 2913 4712 Chirograpbum
2941 4656 3157 4711 quoque
3201 4642 3407 4697 interea

1826 4737 1956 4793 illud
1977 4752 2097 4792 esse
2124 4735 2311 4790 voluit.
2355 4734 2478 4791 ldeo
2502 4748 2606 4790 non
2639 4733 2784 4789 refer
2814 4750 3011 4790 munus
3049 4743 3218 4799 tuum,
3249 4735 3409 4796 dixit,

1827 4830 1923 4886 sed
1954 4829 2216 4898 relinque,
2247 4827 2421 4883 donec
2444 4825 2672 4881 idoneus
2698 4841 2769 4880 ex
2805 4825 3137 4881 conscientia
3178 4824 3415 4896 placabi-

1828 4920 1934 4977 liu's
1962 4920 2159 4976 offeras
2186 4935 2307 4991 qua:
2335 4919 2551 4975 vovisti.
2611 4916 2964 4988 Nequaquam
3014 4918 3159 4973 enim
3216 4932 3414 4970 munus

1836 5011 2055 5085 repulit,
2088 5012 2181 5068 sed
2220 5010 2541 5066 charitatem
2586 5009 2816 5080 proximi
2844 5008 3117 5078 quaesivit,
3150 5006 3267 5062 sine
3304 5024 3410 5077 qua

1834 5118 1993 5161 nemo
2018 5103 2084 5159 ad
2115 5102 2438 5158 charitatem
2474 5100 2569 5156 Dei
2596 5100 2864 5170 pervenit.
2900 5098 3053 5155 Unde
3096 5096 3254 5152 fenus
3283 5099 3413 5153 cha-

1832 5196 2012 5253 ritatis
2034 5195 2246 5251 debitor
2267 5204 2487 5250 coactus
2511 5193 2663 5264 prius
2693 5192 2962 5258 exsolvat,
2986 5191 3032 5248 si
3063 5189 3280 5262 placere
3304 5192 3419 5248 Deo

1832 5303 2029 5367 munus
2079 5285 2333 5359 legitimae
2383 5284 2661 5342 servitutis
2697 5293 2882 5355 optat;
2932 5283 3025 5353 qui
3070 5281 3313 5354 profecto
3369 5284 3416 5339 si

1837 5397 1942 5438 non
1992 5380 2155 5436 fuerit
2193 5379 2388 5451 spiritu
2437 5378 2757 5435 humilitatis
2798 5377 2855 5438 in
2909 5376 3092 5432 animo
3143 5375 3418 5442 fundatus,

1838 5471 2062 5528 minime
2083 5472 2282 5543 poterit
2300 5471 2519 5543 explere
2561 5472 2703 5543 quod
2732 5470 2971 5539 jubetur.
2999 5470 3134 5541 Quia
3166 5474 3421 5543 superbia

1839 5565 2033 5633 inflati,
2060 5580 2165 5621 non
2194 5563 2368 5619 solum
2413 5560 2634 5621 offensis
2679 5560 2998 5618 satisfacere
3043 5570 3422 5629 contemnunt,

1840 5677 2029 5719 verum
2080 5668 2136 5716 et
2165 5660 2337 5732 magis
2382 5659 2579 5715 lmdere
2621 5658 2821 5715 fratres
2852 5674 2956 5715 non
3006 5661 3419 5731 pertimescunt.

1845 5755 2118 5830 Hactenus
2138 5753 2355 5824 quidem
2474 5752 2658 5809 fenore
2695 5751 2926 5824 proximi
2956 5752 3247 5817 reddendo,
3281 5766 3427 5808 nunc
