4000 6362
603 344 710 401 243

1391 343 1448 398 S.
1488 340 1845 398 PASCHASII
1885 341 2236 398 RADBEIITI
2275 341 2569 399 ABBATIS
2607 342 3058 402 COBBEIENSIS

3757 329 3845 401 an

602 461 769 518 etiam
799 467 994 514 etcum
1020 457 1333 513 adversario
1353 454 1784 524 benevolentiam
1803 456 1955 515 pacis
1983 456 2185 511 habere
2214 466 2263 523 Α
2292 467 2467 512 reatu.
2508 456 2676 513 Nemo
2725 461 2870 513 enim
2927 457 3174 528 utrisque
3225 459 3639 516 adversantibus
3682 459 3850 530 melius

595 549 772 622 jubet.

677 643 826 710 Esto,
857 642 1054 712 inquit,
1096 642 1420 698 consentiens
1472 642 1776 696 aduersario
1805 651 1916 702 tuo,
1952 642 2078 695 dum
2131 660 2186 699 es

605 742 658 792 in
681 735 766 792 ria.
793 751 912 800 cum
940 749 1021 794 ea.
1049 733 1149 788 Ubi
1178 733 1532 803 querendum
1575 734 1698 802 quis
1729 734 1803 789 sit
1838 735 2188 790 adversarius

605 838 815 894 noster,
840 828 927 884 cui
959 827 1014 882 in
1041 827 1126 881 via
1176 826 1484 882 consentire
1520 825 1793 896 jubemur.
1830 825 1887 881 Si
1939 828 2083 882 enim
2125 827 2193 883 de

606 921 841 984 diabolo,
873 927 932 974 ut
965 919 1183 988 quidam
1225 927 1437 988 putant,
1498 919 1708 980 dictum
1757 920 2054 988 accipimus
2090 919 2192 991 ‘(eo

606 1014 748 1084 quod
781 1011 1124 1069 adversarius
1162 1020 1352 1066 noster
1387 1009 1632 1065 diabolus
1661 1019 1914 1079 tanquam
1944 1010 2030 1065 leo
2061 1026 2193 1066 con-

607 1117 689 1159 tra
745 1120 843 1161 nos
889 1103 1118 1172 saeviat).
1183 1101 1505 1156 convellitur
1554 1101 1732 1155 omnis
1780 1101 2192 1156 circumstantia

607 1194 876 1256 lectionis.
904 1203 960 1249 et
987 1192 1246 1265 perfectio
1276 1192 1526 1264 legalium
1557 1192 1938 1247 mandatorum
1967 1205 2091 1247 mox
2122 1207 2188 1248 ex

607 1286 900 1358 Evangelia
943 1301 1050 1340 non
1095 1284 1464 1340 continuatur.
1501 1284 1725 1338 Videtur
1774 1285 1919 1340 enim
1956 1285 2191 1343 violenta

609 1379 1003 1447 interpretatio,
1033 1375 1322 1433 benevolos
1364 1391 1463 1431 nos
1512 1375 1586 1430 illi
1637 1374 1751 1430 fore
1799 1376 2020 1440 debere,
2068 1391 2192 1432 cum

608 1468 727 1536 ejus
770 1485 876 1524 nou
915 1469 1198 1524 obedimus
1243 1467 1544 1527 fraudibus.
1588 1481 1656 1521 ne
1698 1465 1788 1522 ille
1831 1476 2052 1537 propter
2097 1481 2196 1526 nos

610 1559 843 1631 amplius
867 1559 1087 1615 aeternis
1114 1559 1386 1615 crucietur
1411 1558 1604 1629 pcenis.
1634 1557 1892 1625 Quaenam
1933 1557 2197 1628 perfectio

613 1662 712 1717 est,
749 1669 854 1708 non
877 1663 1096 1724 propter
1120 1669 1358 1708 amorem
1382 1653 1497 1718 Dei,
1527 1653 1622 1707 sed
1640 1662 1864 1724 propter
1884 1667 2009 1708 eum
2033 1668 2197 1725 quem

609 1749 874 1804 odisse‘in
899 1748 1166 1817 baptismo
1188 1749 1496 1812 statuimus,
1528 1748 1657 1801 vitia
1693 1748 1971 1813 deserere,
2001 1749 2198 1819 cuique

2293 553 2582 618 consentit,
2619 567 2784 620 quam
2813 552 2902 606 hic
2929 552 3019 622 qui
3046 552 3242 623 diligit,
3275 563 3330 608 et
3347 553 3465 608 sine
3496 564 3714 623 peccato
3744 569 3852 624 pro-

2293 650 2415 713 pter
2442 659 2563 698 eum
2587 645 2790 716 patitur
2818 661 2978 714 quem
3005 646 3202 717 diligit.
3241 645 3376 702 Cum
3422 663 3484 702 ea
3531 662 3658 716 ergo
3691 663 3853 706 sumus

2295 735 2350 788 in
2381 735 2485 802 via,
2518 736 2643 806 quia
2676 738 2788 807 ipse
2817 751 2997 792 sermo
3026 738 3240 793 divinus
3266 738 3398 792 nihil
3426 739 3580 793 nobis
3608 739 3746 793 aliud
3785 750 3855 796 est

2295 843 2456 898 quam
2509 829 2614 883 via.
2649 827 2788 884 Hinc
2829 843 3045 900 quoque
3088 831 3259 885 David
3304 833 3380 885 ait
3407 831 3447 885 ε’
3475 829 3622 884 Viam
3662 833 3859 886 manda-

2295 927 2467 973 torum
2522 929 2733 974 tuorum
2786 923 2994 974 cucurri
3027 963 3041 986 ,
3091 925 3219 974 dum
3268 920 3508 974 dilatasti
3571 937 3661 974 cor
3709 936 3859 975 meum

2297 1008 2467 1082 (Ρεαι.
2529 1028 2728 1078 cxvm,
2780 1011 2892 1080 ‘52).
2947 1013 3039 1067 Via
3093 1013 3293 1084 quippe
3342 1012 3592 1068 Christus
3645 1023 3747 1078 est,
3782 1028 3863 1083 per

2296 1119 2456 1172 quem
2507 1115 2564 1160 et
2613 1107 2666 1160 in
2724 1119 2834 1176 quo
2887 1116 3032 1162 recte
3089 1122 3210 1161 cum
3266 1106 3578 1161 adversario
3625 1103 3861 1160 vitiorum

2299 1203 2608 1250 nostrorum
2659 1198 2954 1267 gradimur,
3017 1197 3221 1252 scilicet
3253 1197 3421 1252 verbo
3471 1196 3776 1266 Evangelii;
3815 1205 3865 1252 ut

2297 1285 2424 1341 dum
2482 1288 2598 1358 ejus
2639 1289 2807 1358 jussis
2861 1287 3320 1354 obsecundamus,
3371 1288 3438 1342 ad
3488 1288 3652 1341 vitam
3712 1302 3865 1357 quatt-

2295 1375 2476 1447 doque
2498 1379 2614 1433 sine
2653 1378 2857 1434 ofiensa
2903 1378 3100 1448 judicis
3137 1377 3298 1452 272
3344 1377 3531 1433 venire
3581 1377 3859 1431 valeamus.

2297 1465 2463 1532 Quasi
2529 1469 2845 1522 itinerarius
2905 1469 3181 1523 nobiscum
3254 1466 3624 1536 temporaliter
3697 1480 3858 1520 sermo

2299 1558 2572 1628 Evangelii
2603 1573 2668 1613 ac
2698 1561 2742 1614 si
2773 1575 2956 1615 comes
2984 1560 3036 1614 in
3065 1560 3150 1614 via
3185 1559 3453 1629 graditur,
3502 1559 3566 1613 ad
3596 1557 3868 1628 perfectio-

2301 1663 2422 1702 nem
2457 1663 2588 1703 vero
2610 1648 2733 1703 vita:
2772 1649 3063 1705 identidem
3092 1663 3272 1704 sermo
3303 1647 3416 1718 jam
3446 1649 3708 1718 deinceps
3740 1656 3872 1704 aeter-

2301 1755 2405 1794 nus
2442 1741 2568 1795 erit.
2603 1739 2756 1796 Unde
2791 1740 3028 1798 Joannes
3050 1741 3104 1797 in
3131 1739 3455 1812 Apocalypsi
3477 1755 3571 1796 sua
3593 1741 3731 1796 dicit
3753 1740 3873 1810 quod

608 1843 808 1899 bellum
833 1841 1273 1898 indiximus?Vel
1292 1842 1562 1910 quomodo
1579 1856 1784 1896 cumeo
1802 1841 1854 1896 in
1876 1842 1962 1896 via
1984 1855 2192 1908 sunms,
2226 1827 2272 1888 Β
2301 1833 2497 1888 viderit
2522 1834 2574 1888 in
2605 1849 2835 1904 persona
2863 1833 3064 1891 Christi
3098 1833 3369 1906 angelum,
3403 1832 3758 1902 Evnngelium
3792 1833 3874 1885 ha-

611 1933 702 2003 qui
727 1949 1004 2004 nunquam
1045 1933 1098 1987 in
1120 1933 1205 1987 via
1237 1932 1406 1995 stetit,
1437 1947 1610 2002 neque
1644 1947 1767 1987 cum
1795 1948 1861 1987 eo
1909 1942 2111 1997 mente,
2152 1934 2198 1989 si

612 2034 764 2083 I‘eCte
793 2026 1053 2096 sapimus,
1082 2035 1176 2080 aut
1200 2024 1479 2079 voluntate
1501 2040 1739 2094 unquam
1777 2025 2013 2080 fuimus?
2050 2026 2197 2094 Qua-

611 2125 834 2187 propter
857 2117 1051 2172 melius
1079 2117 1144 2171 de
1187 2115 1358 2170 fratre
1407 2115 1648 2186 quolibet
1703 2115 2046 2181 adversante,
2106 2125 2202 2173 aut

616 2217 768 2264 certe
789 2223 853 2262 ex
883 2208 1178 2280 Evangelia
1203 2221 1597 2281 prmccéptorum
1627 2211 1831 2266 dictum
1878 2212 2196 2282 accipimus,

613 2309 880 2369 quatenus
901 2310 956 2355 et
989 2307 1194 2355 textum
1234 2301 1482 2356 lectionis
1525 2303 1844 2357 continuum
1896 2319 2198 2370 servemus,

611 2401 666 2446 et
689 2407 881 2446 sensus
918 2391 1324 2461 Scripturarnm
1354 2393 1654 2450 concordes
1707 2394 1909 2464 ubique
1944 2394 2201 2450 restitua-

612 2499 752 2538 mus.
781 2481 1044 2538 Jubemur
1065 2498 1196 2554 ergo
1218 2483 1376 2553 271
1423 2483 1803 2540 adversantem
1831 2485 2113 2540 nobiscum
2139 2485 2198 2540 in

609 2573 695 2628 via
724 2575 1055 2637 consentire,
1108 2573 1496 2644 benignitatem
1541 2575 1591 2629 ei
1647 2585 2001 2645 praestantes;
2057 2578 2201 2647 quod

609 2666 782 2738 magis
810 2683 877 2721 oe
912 2663 1100 2721 Graeco
1147 2664 1351 2730 ὡνοῶν,
1386 2667 1438 2721 id
1463 2677 1548 2721 est
1573 2656 1847 2723 benevolus
1889 2684 2084 2724 sonare
2113 2671 2199 2724 vi-

607 2758 783 2812 detur.
819 2758 887 2813 Et
914 2767 999 2814 est
1020 2774 1212 2814 sensus
1235 2777 1248 2813 :
1273 2757 1382 2828 jam
1417 2760 1546 2828 quia
1589 2759 1764 2826 fratri,
1810 2762 1855 2817 si
1893 2761 2053 2817 laesus
2077 2761 2199 2818 fue-

610 2850 683 2903 rit
734 2863 900 2918 supra
959 2858 1013 2905 te
1057 2851 1398 2907 reconciliari
1431 2851 1623 2917 docui;
1670 2869 1813 2908 nunc
1853 2855 1997 2923 quod
2028 2856 2202 2926 magis

608 2949 691 2996 est
709 2955 1020 3009 exsequor:
1051 2942 1264 2997 etiamsi
1298 2943 1641 2999 adversarius
1682 2945 1968 3010 exstiterit,
1999 2955 2116 3002 esto
2149 2947 2199 3003 ei

609 3032 902 3088 benevolus
931 3031 1060 3086 dum
1083 3048 1142 3087 es
1161 3049 1284 3088 cum
1311 3047 1376 3088 eo
1406 3034 1460 3088 in
1509 3034 1617 3099 via,
1675 3034 1871 3090 affectu
1925 3037 2196 3106 placabili,

610 3136 667 3181 et
699 3125 946 3181 censenti
972 3133 1032 3180 ut
1059 3126 1331 3181 aemuleris
1355 3126 1578 3181 meliora
1596 3127 1805 3194 salutis,
1827 3128 1995 3184 verbo
2022 3131 2188 3185 Evan-

612 3218 758 3288 gelii,
793 3219 938 3288 quod
965 3227 1020 3274 et
1043 3218 1138 3274 tibi
1180 3219 1522 3285 adversatur,
1563 3221 1690 3275 dum
1733 3235 1795 3276 es
1836 3221 1888 3276 in
1939 3223 2025 3278 via
2072 3239 2195 3279 cum

608 3311 743 3381 ipso.
778 3309 940 3367 Jubet
959 3311 1102 3367 enim
1133 3311 1483 3384 Evangelium
1514 3312 1764 3368 inimicos
1803 3313 2050 3385 diligere,
2104 3330 2197 3386 pa-

610 3411 747 3455 trem
773 3414 989 3471 quoque
1029 3409 1086 3456 et
1109 3409 1365 3466 matrem,
1388 3401 1588 3457 fratres
1615 3403 1700 3457 vel
1738 3418 1988 3470 sorores;
2018 3405 2197 3462 adhuc

607 3499 663 3545 et
705 3491 966 3557 animam,
1017 3491 1160 3560 quod
1207 3493 1344 3548 satis
1395 3494 1546 3547 carui
1593 3497 1950 3560 contrarium,
1977 3497 2199 3553 mandat

606 3583 805 3640 odisse.
854 3583 932 3638 Ex
983 3584 1182 3654 quibus
1233 3585 1443 3641 duobus
1473 3586 1612 3640 forte
1657 3587 2009 3654 adversariis,
2057 3605 2198 3647 unus

605 3671 856 3740 efﬁcitur,
898 3675 1026 3730 dum
1069 3675 1359 3746 aliquando
1399 3677 1721 3733 adversatur
1761 3677 1932 3734 frater
1975 3680 2192 3750 injuste,

607 3772 793 3819 contra
847 3779 1008 3834 quem
1062 3768 1371 3824 concitatur
1409 3770 1592 3825 carnis
1623 3770 1904 3839 prudentia
1955 3781 2012 3826 et
2055 3771 2197 3829 fellis

606 3856 1029 3923 amaritudo;et
1059 3861 1387 3916 econtrario
1441 3876 1622 3917 sermo
1662 3863 1876 3918 divinus
1927 3862 2083 3932 jubet
2128 3880 2196 3922 ne

608 3949 834 4014 resistas
877 3949 1038 4013 malo,
1078 3953 1172 4007 sed
1227 3954 1416 4009 vincas
1463 3954 1516 4008 in
1560 3955 1701 4011 bono
1750 3956 1970 4010 malum.
2016 3958 2190 4025 Unde,

607 4043 732 4110 quia
783 4049 844 4095 ut
878 4042 1086 4097 dictum
1140 4052 1246 4108 est,
1305 4042 1527 4100 Graecus
1573 4047 1733 4103 habet
1786 4049 2101 4116 benevolus,
2139 4061 2197 4109 et

605 4142 791 4186 nostra
815 4132 1189 4204 interpretatio
1214 4135 1579 4200 consentiens,
1609 4152 1674 4190 ac
1699 4137 1743 4192 si
1780 4154 1848 4192 ex
1892 4155 2000 4195 uno
2028 4143 2195 4199 verbo

603 4226 774 4280 simus
803 4224 1045 4280 benevoli
1095 4223 1354 4281 fratribus
1407 4241 1715 4297 quanquam
1769 4229 1950 4286 debite
1995 4234 2192 4289 adver-

603 4318 870 4380 santibus,
903 4325 957 4371 et
981 4318 1385 4374 consentientes
1423 4320 1714 4390 Evangelio
1745 4323 1796 4376 in
1833 4338 1940 4392 quo
1990 4327 2193 4383 dictum

602 4419 688 4464 est
712 4430 723 4464 :
757 4410 938 4465 Nolite
965 4413 1207 4468 resistere
1234 4413 1400 4467 malo.
1432 4411 1622 4470 Nullus
1647 4415 1811 4486 igitur
1839 4419 2191 4477 adversarius

603 4504 776 4572 major
797 4519 958 4574 quam
988 4506 1078 4574 qui
1113 4506 1298 4561 multis
1343 4508 1624 4579 impugnat
1650 4509 1920 4578 partibus,
1957 4520 2013 4567 et
2055 4513 2192 4568 resi-

602 4597 777 4651 stendi
806 4598 923 4652 sine
950 4600 1186 4669 graviori
1217 4599 1432 4669 jactura
1465 4601 1668 4657 nullam
1715 4605 1904 4660 tribuit
1955 4605 2189 4662 faculta-

604 4698 792 4745 tatem.
824 4691 890 4746 Et
927 4691 1048 4747 ideo
1076 4694 1323 4764 cogimur
1363 4695 1505 4750 hunc
1545 4709 1763 4750 sensum
1813 4706 2019 4764 tenere,
2067 4700 2192 4770 quia

602 4783 778 4852 magis
821 4785 1073 4854 congruit
1114 4801 1180 4841 ex
1233 4787 1644 4843 circumstantia
1697 4787 2093 4857 doctrinarum,
2137 4800 2194 4848 et

603 4890 698 4929 eos
726 4883 907 4929 tamen
945 4892 1051 4932 non
1091 4877 1337 4935 refellere
1363 4881 1452 4950 qui
1482 4881 1709 4938 aliluunt
1752 4884 1879 4939 hinc
1926 4885 2048 4940 inde
2092 4901 2190 4957 pro

600 4968 833 5022 veritate
867 4968 1645 5043 catholiczeinterpretationis.
1664 4976 1796 5031 Nam
1834 4979 1995 5033 istum
2027 4993 2186 5050 quem

602 5061 850 5116 elidimus
894 5061 1048 5131 quasi
1095 5077 1162 5116 ex
1192 5063 1399 5121 duobus
1451 5069 1686 5123 metallis
1730 5085 1962 5140 sequens
2005 5087 2184 5128 sermo

600 5153 860 5223 explicat,
884 5152 1010 5208 dum
1034 5163 1090 5210 et
1111 5158 1436 5224 percutienti
1462 5161 1735 5215 maxillam
1770 5164 1996 5218 alteram
2048 5180 2185 5236 pra:-

601 5247 728 5301 Ινυνε
751 5245 924 5315 jubet,
952 5247 1234 5311 ettol‘lenti
1266 5252 1505 5307 tunicam
1543 5254 1762 5323 pallium
1809 5255 2098 5320 dimittere,
2131 5267 2185 5313 et

600 5338 902 5407 angarianti
928 5337 1144 5406 cedere,
1173 5349 1229 5395 et
1270 5356 1391 5396 cum
1413 5358 1478 5398 eo
1514 5344 1648 5399 alios
1677 5346 1823 5402 mille
1856 5361 2049 5418 passus
2084 5349 2180 5406 ire.

604 5429 725 5485 Haec
754 5431 935 5485 omnia
966 5432 1100 5487 nihil
1126 5432 1270 5489 aliud
1299 5443 1426 5489 sunt
1455 5451 1615 5505 quam
1634 5437 1943 5494 adversario
1971 5439 2023 5493 in
2046 5456 2186 5512 pra:-

600 5522 772 5580 sentia
806 5520 1008 5580 favere.
1047 5523 1153 5580 Sed
1185 5533 1364 5581 tamen
1406 5543 1467 5583 ea
1501 5531 1580 5584 sic
1613 5530 1846 5586 tolerare
1878 5540 2090 5601 oportet
2114 5547 2182 5589 ex

599 5610 876 5680 subjecta,
928 5624 988 5669 ut
1043 5617 1413 5674 benevolentia
1464 5621 1518 5676 in
1565 5624 1818 5678 omnibus
1872 5625 2182 5693 comitetur,

597 5713 858 5772 quantum
906 5721 975 5763 ex
1023 5716 1076 5764 te
1117 5719 1228 5777 est,
1271 5727 1394 5767 cum
1451 5729 1517 5770 eo
1558 5716 1648 5785 qui
1695 5717 2072 5786 adversantur,
2118 5719 2190 5776 ex’

605 5793 824 5865 nfecta;
877 5806 933 5854 et
977 5798 1160 5855 divino
1207 5804 1434 5862 oraculo
1478 5819 1693 5881 semper
1740 5808 2029 5868 obediatur
2067 5811 2190 5873 sine

2217 4565 2272 4625 D

2303 1923 2519 1978 bentem
2556 1933 2842 1978 aeternum.
2895 1923 3189 1980 Eternum
3229 1934 3412 1980 autem
3465 1924 3726 1978 fortassis
3768 1922 3873 1987 erit,

2303 2016 2431 2085 quia
2455 2016 2594 2072 ultra
2624 2021 2734 2071 vita
2762 2017 2989 2073 actualis
3010 2033 3118 2073 non
3147 2018 3272 2081 erit,
3302 2033 3422 2088 quae
3454 2017 3638 2071 multis
3688 2017 3877 2071 divino-

2305 2123 2422 2162 rum
2455 2109 2716 2162 duntaxat
2744 2108 3150 2179 evangelizatur
3183 2107 3434 2177 eloquiis.
3467 2106 3746 2163 Czeterunl.
3789 2103 3872 2159 ad-

2302 2201 2577 2257 versarius
2621 2210 2805 2258 noster
2853 2202 3135 2257 nobiscum
3179 2200 3452 2271 quomodo
3508 2199 3795 2269 gradiatur
3833 2196 3879 2252 io

2302 2293 2390 2347 via
2415 2308 2521 2348 non
2548 2293 3098 2365 absurde‘quaaritur;
3132 2293 3279 2362 quia,
3322 2293 3369 2348 si
3398 2292 3686 2347 nobiscum
3724 2292 3773 2346 in
3803 2289 3875 2343 via

2303 2399 2423 2454 quae
2439 2384 2690 2441 Christus
2714 2395 2816 2451 est,
2845 2387 2972 2452 iret,
2999 2386 3187 2456 utique
3215 2384 3562 2440 adversarius
3589 2399 3704 2439 non
3735 2387 3877 2439 esset.

2305 2476 2461 2533 Unde
2492 2479 2696 2550 liquido
2715 2489 2866 2550 patet
2890 2480 3033 2550 quod
3073 2480 3254 2550 potius
3275 2479 3341 2533 de
3371 2480 3455 2533 via
3483 2478 3775 2548 praesentis
3796 2487 3880 2532 sa!-

2303 2573 2409 2627 culi
2437 2573 2671 2639 dicatur,
2704 2573 2758 2627 in
2782 2590 2885 2643 qua
2909 2574 3067 2630 simul
3089 2588 3280 2628 omnes
3306 2573 3598 2635 nascendo.
3636 2570 3881 2633 vivendo,

2301 2663 2386 2717 vel
2410 2663 2688 2718 moriendo
2711 2665 3004 2719 transimus
3033 2681 3047 2718 :
3072 2664 3163 2720 ubi
3191 2663 3496 2728 nobiscum,
3522 2671 3771 2732 tempore
3789 2669 3881 2730 quo

2302 2755 2534 2810 vivimus
2583 2755 2778 2819 adhuc,
2817 2754 3130 2810 adversario
3184 2755 3287 2809 iter
3336 2761 3551 2826 agente,
3583 2749 3881 2808 consentire

2303 2846 2378 2900 illi
2402 2846 2671 2916 patienter
2699 2859 2796 2917 pro
2816 2844 3104 2901 dilectione
3127 2853 3361 2917 oportet,
3398 2853 3456 2899 et
3478 2843 3625 2898 omni
3667 2829 3884 2898 benevo-

2303 2939 2467 2993 lentia
2493 2937 2708 3006 fovere;
2742 2953 2849 2994 non
2878 2947 2939 2993 ut
2957 2937 3300 2994 adversarius
3329 2945 3669 3008 permaneat,
3715 2947 3886 2991 verum

2301 3042 2360 3087 ut
2391 3033 2444 3086 in
2471 3033 2553 3087 via
2577 3033 2672 3087 Dei
2703 3032 2912 3088 amicus
2942 3030 3053 3086 fiat.
3086 3030 3193 3087 Sed
3237 3029 3379 3086 forte
3421 3038 3628 3101 quaeret
3658 3028 3882 3099 aliquis:

2301 3124 2646 3180 adversarius
2669 3125 2713 3180 si
2737 3125 3120 3196 permanserit,
3141 3140 3262 3180 cum
3285 3132 3340 3179 et
3366 3125 3480 3194 ipse
3503 3139 3696 3180 coram
3721 3122 3887 3191 judice

2305 3217 2628 3272 criminibus
2658 3217 2848 3273 saltem
2897 3216 3303 3272 inimicitiarum
3353 3231 3480 3271 reus
3526 3214 3884 3283 adjudicatur,

2303 3309 2573 3381 quomodo
2599 3309 2800 3380 poterit
2847 3317 2999 3363 reatu
3025 3307 3236 3362 vinctus
3267 3306 3432 3378 judici
3463 3321 3614 3360 reum
3648 3299 3891 3361 tradere?

2304 3401 2507 3456 Tradet
2535 3416 2688 3472 ergo,
2719 3400 2846 3455 licet
2874 3415 3000 3454 reus
3035 3399 3124 3464 sit,
3165 3413 3266 3454 nos
3293 3397 3485 3469 judici,
3511 3398 3638 3469 quia
3669 3405 3887 3453 manent

2302 3493 2357 3548 in
2387 3507 2452 3547 eo
2479 3492 2772 3546 simultatis
2800 3502 3000 3546 nostra:
3051 3491 3149 3557 ira,
3180 3505 3341 3562 quem
3367 3489 3629 3562 placando
3666 3487 3889 3545 delinire

2303 3585 2569 3649 nolumus,
2603 3586 2674 3640 ob
2718 3584 3186 3656 impmnitudinem
3235 3578 3418 3640 coram
3465 3581 3649 3653 judice
3697 3581 3885 3654 arguit.

2300 3679 2380 3734 Ac
2409 3681 2454 3734 si
2485 3679 2728 3748 apertius
2755 3678 2964 3748 loquar,
3007 3678 3052 3732 is
3081 3678 3173 3748 qui
3223 3689 3310 3733 me
3353 3676 3656 3732 vulneravit
3708 3672 3890 3731 mortis

2300 3773 2548 3839 vulnere,
2589 3773 2809 3828 tradidit
2852 3772 2906 3827 in
2937 3773 3186 3828 manibus
3223 3771 3594 3827 medicorum:
3624 3770 3730 3833 sic,
3775 3767 3891 3840 quia

2300 3879 2389 3920 me
2414 3863 2715 3919 adversitas
2737 3863 3011 3934 superavit
3040 3878 3106 3918 ne
3135 3860 3284 3917 illum
3329 3860 3715 3917 benevolentia
3755 3860 3895 3915 fove-

2302 3971 2417 4011 rem
2445 3964 2498 4011 et
2527 3955 2892 4012 consentirem
2929 3954 3098 4012 verbo
3137 3953 3440 4027 Evangelii,
3474 3956 3692 4009 cruenti
3733 3954 3894 4007 livore

2301 4050 2561 4116 vulneris,
2599 4051 2823 4106 tradidit
2853 4065 2939 4106 me
2961 4049 3128 4122 judici
3160 4060 3310 4105 reatu
3341 4048 3604 4111 vinctum,
3636 4063 3755 4117 quo
3784 4043 3896 4101 nul-

2301 4142 2372 4207 la,
2401 4141 2528 4212 quia
2557 4142 2864 4198 adversanti
2891 4143 3201 4198 consentire
3251 4139 3424 4196 noluit
3473 4138 3539 4213 [f.
3570 4138 3788 4212 nolui],
3823 4135 3897 4190 ul-

2300 4235 2470 4289 terius
2494 4232 2710 4305 proficit
2738 4235 3036 4289 excusatio.
3079 4232 3234 4288 Patet
3271 4231 3435 4304 igitur
3479 4246 3702 4297 sensus,
3757 4225 3900 4301 quod

2300 4339 2482 4381 sermo
2512 4325 2727 4380 divinus
2753 4325 2958 4380 nostris
2990 4316 3312 4379 adversatur
3332 4322 3745 4378 desideriorum
3789 4321 3901 4375 ille-

2300 4418 2498 4483 cebris,
2533 4418 2617 4472 cui
2645 4416 2747 4472 nisi
2789 4417 3096 4472 consentiat
3137 4416 3374 4481 animus,
3407 4414 3640 4470 traditur
3677 4415 3755 4468 ab
3812 4427 3900 4476 eo,

2299 4524 2458 4579 quem
2484 4510 2723 4576 violavit,
2747 4511 2915 4581 judici
2938 4520 3112 4566 morte
3140 4520 3400 4581 perpetua
3427 4507 3766 4581 puniendus.
3795 4503 3903 4562 Sed

2299 4601 2583 4670 quaeritur,
2608 4616 2675 4655 ex
2703 4603 2923 4658 homine
2968 4603 3060 4673 qui
3111 4601 3451 4667 adversatur,
3492 4600 3537 4655 si
3568 4597 3785 4664 subito,
3844 4605 3903 4652 ut

2299 4693 2520 4758 assolet,
2551 4694 2767 4749 occisus
2803 4696 2984 4760 fuerit,
3033 4695 3304 4766 quomodo
3352 4694 3742 4764 accipiendum
3797 4691 3903 4748 sit?

2297 4785 2550 4856 Nunquid
2575 4787 2912 4857 poenitentiae
2945 4788 3094 4844 locus
3125 4788 3353 4854 tollitur,
3382 4789 3506 4858 quia
3547 4787 3598 4842 in
3631 4785 3905 4858 praesenti

2296 4879 2381 4933 via
2399 4878 2512 4946 jam
2564 4881 2852 4936 consensio
2897 4890 2953 4936 et
2999 4881 3374 4937 benevolentia
3425 4869 3907 4936 reconciliationis

2295 4975 2562 5048 negatur?
2590 4974 2742 5043 Quod
2771 4976 2815 5030 si
2854 4976 2920 5030 ad
2947 4976 3348 5045 pcenitentiam,
3376 4983 3436 5030 ut
3464 4974 3750 5030 fatendum
3795 4981 3912 5052 est,

2271 5068 2404 5122 'reis
2431 5068 2586 5122 venia
2619 5067 2911 5133 relaxatur,
2956 5063 3307 5123 nihilominus
3343 5065 3704 5140 quaarendum
3762 5081 3910 5138 quo-

2294 5161 2455 5216 modo
2481 5159 2550 5215 ab
2573 5175 2637 5215 eo
2667 5175 2826 5229 quem
2848 5161 3078 5230 peremit
3106 5162 3351 5216 tradatur
3387 5160 3580 5232 judici,
3613 5159 3723 5226 nisi
3771 5159 3910 5230 quia

2295 5256 2375 5310 sic
2398 5255 2978 5324 Salvatortemperavit
2994 5255 3344 5320 sententiam,
3370 5254 3574 5324 absque
3594 5254 3770 5309 dubio
3803 5265 3915 5334 pro

2293 5348 2613 5418 impunitate
2643 5347 2848 5418 peccati
2874 5363 2999 5404 rcus
3029 5349 3322 5404 tradendus
3350 5351 3707 5411 monstretur,
3741 5359 3804 5404 et
3830 5357 3911 5402 ta-

2293 5454 2416 5495 men
2438 5439 2822 5508 pmnitentibus
2840 5440 2997 5495 venia
3020 5455 3124 5496 non
3145 5438 3908 5514 negatur.Undeindeﬁnite:

2365 5532 2526 5604 273
2555 5532 2636 5588 Ne
2656 5533 2790 5603 forte
2807 5533 2982 5588 tradat
3012 5543 3082 5594 te.
3113 5534 3307 5604 inquit,
3327 5533 3520 5604 judici.
3555 5532 3646 5588 Sic
3683 5531 3920 5608 quipr

2295 5624 2615 5695 temperavit
2669 5624 2894 5680 verbum
2945 5625 3256 5692 dubietatis,
3311 5636 3370 5682 ut
3421 5627 3767 5699 pmnitentiae
3807 5609 3918 5691 iiii;

2293 5733 2415 5773 eum
2449 5730 2553 5772 non
2591 5716 2874 5771 adimeret.
2905 5715 3058 5773 Haud
3091 5718 3312 5774 dubium
3343 5721 3469 5791 quin
3495 5718 3779 5790 Salvator,
3813 5705 3912 5794 ju-

2295 5809 2397 5868 dex
2446 5810 2694 5868 vivorum
2737 5817 2792 5867 et
2830 5819 3169 5870 mortuorum
3225 5811 3339 5884 ipse
3388 5814 3720 5869 constitutus
3773 5795 3907 5894 est";
