4000 6362
571 259 676 316 ιιιι

560 668 684 708 mus
713 660 1001 725 quadrans,
1049 663 1187 734 ignis
1217 671 1479 740 supplicio
1505 679 1791 745 poenaliter
1830 685 2139 755 exiguntur.

560 739 696 798 Nam
745 747 896 816 juxta
937 751 1079 809 hunc
1120 739 1356 822 sensum,
1404 739 1611 833 primus
1651 739 1952 840 quadransv
1972 779 2139 846 ignis,

559 837 684 902 quia
734 839 799 893 de
850 843 1156 903 caelestibus
1203 862 1286 905 est
1312 869 1418 923 quo
1446 837 1682 916 cbaritas
1724 864 1987 934 signatur,
2017 868 2140 936 jure

515 966 524 979 .
555 923 783 995 dicitur;
811 936 1076 990 secundus
1117 954 1233 1005 aer,
1261 959 1421 1012 quem
1472 963 1685 1020 semper
1725 955 2013 1024 spiramus,
2042 977 2140 1030 per

554 1030 714 1086 quem
743 1021 850 1075 vita
892 1035 1074 1080 nostra
1122 1030 1399 1100 signatur;
1444 1040 1634 1096 tertius
1669 1058 1799 1099 vero
1841 1062 2003 1117 aqua,
2029 1068 2135 1121 qua

561 1095 581 1114 ι
752 1112 763 1121 .
940 1118 950 1121 -
1053 1119 1062 1121 -

1177 1095 1197 1100 -
1387 1095 1395 1100 ν
1620 1095 1627 1096 ί
1711 1095 1791 1099 τ’*
1842 1095 2003 1117 -Ί“·’·’
2031 1095 2135 1121 Ὶ“”“·

555 1095 891 1169 renascimur
936 1118 988 1172 in
1043 1119 1245 1190 Spiritu
1296 1139 1526 1197 sancto;
1571 1133 1762 1189 deinde
1813 1140 2136 1198 novissimus

553 1202 824 1268 quadrans
875 1216 1017 1264 terra
1059 1228 1498 1285 connumeratur,
1551 1239 1648 1293 per
1693 1242 1854 1296 quam
1899 1234 2133 1290 carnalis

551 1291 687 1358 vita,
741 1304 794 1348 et
832 1311 1050 1366 peccata
1102 1312 1329 1362 terrente
1377 1315 1710 1384 contagionis
1759 1320 2128 1391 designantur.

551 1382 688 1438 Hinc
718 1404 931 1461 quoque
962 1397 1136 1464 primo
1185 1401 1385 1457 homini
1434 1407 1638 1463 dictum
1666 1411 1932 1483 legimus:
1968 1417 2131 1473 Terra

548 1491 624 1539 es,
646 1488 693 1530 et
721 1480 774 1533 in
805 1490 1000 1539 terram
1040 1488 1137 1543 ibis
1164 1490 1316 1562 (Cen.
1350 1511 1434 1560 ιιι,
1462 1499 1570 1569 19),
1606 1517 1670 1556 ac
1691 1480 1744 1557 si
1764 1506 1925 1572 dicat,
1955 1510 2130 1565 exsol-

547 1580 643 1619 ves
687 1571 828 1637 quod
877 1589 1002 1630 esse
1044 1579 1256 1636 voluisti
1288 1601 1458 1654 usque
1506 1591 1573 1645 ad
1603 1595 1954 1652 novissimum
2001 1617 2129 1670 qua-

546 1654 815 1726 drantem,
846 1665 1011 1738 276
1042 1670 1170 1738 quia
1220 1675 1351 1728 nihil
1388 1691 1730 1747 peccatorum
1778 1697 1988 1745 tuorum
2028 1692 2128 1746 im-

1353 277 1408 332 S.
1447 279 1805 343 PASCHASII
1842 288 2189 349 RADBERTI
2227 295 2522 355 ABBATIS
2552 300 3001 366 CORBEIENSIS

567 376 786 435 luemnt
812 382 1186 454 interpretari;
1210 405 1438 460 quorum
1473 399 1763 455 novissima
1797 407 1974 473 portio
2003 418 2145 462 terra
2179 413 2226 472 Α
2255 410 2427 468 solum
2496 415 2562 470 de

563 487 686 527 esse
736 477 1021 545 probatur,
1071 489 1125 535 et
1169 483 1287 539 ideo
1318 502 1414 557 per
1447 498 1671 558 terram,
1703 500 1880 554 omnis
1919 510 2146 560 terrente

562 564 793 621 actionis
815 568 1030 637 delicta,
1075 582 1129 628 et
1171 579 1350 634 carnis
1383 584 1680 650 meditatio,
1723 593 1874 659 quasi
1915 596 2145 652 novissi-

3728 327 3834 383 248

2627 419 2867 488 quolibet
2930 424 3070 480 irato
3139 427 3225 482 vel
3293 443 3509 489 amante
3580 437 3782 496 dicitur
3815 485 3832 508 ,

2250 517 2438 559 verum
2505 511 2647 578 quod
2718 521 2773 566 et
2821 514 2962 570 iram
3026 531 3191 588 super
3239 519 3472 579 alterum
3503 567 3519 593 ,
3585 543 3682 584 seu
3734 535 3838 589 mi-

2246 594 2596 654 sericordiam
2625 599 2791 674 277
2825 607 2912 661 vel
2942 611 3440 682 concupiscentiam
3469 627 3565 674 aut
3593 636 3835 681 amorem

2245 683 2460 742 habeat.
2497 690 2647 748 Unde
2663 696 2777 765 jam
2805 713 2965 768 supra
2993 717 3115 757 cum
3147 704 3374 764 dixisset
3398 726 3412 764 :
3443 712 3683 768 Audistis
3707 720 3837 787 quia

2241 779 2436 834 dictum
2466 793 2562 848 est,
2593 803 2693 841 non
2727 791 2946 858 occides,
2991 796 3306 868 adimplevit
3347 817 3469 872 quae
3499 779 3748 875 deerant,
3779 821 3839 866 et

2241 874 2446 928 addidit
2474 876 2614 945 quod
2644 877 2826 937 Omnis
2851 886 2942 954 qui
2982 888 3230 945 irascitur
3253 893 3411 962 fratri
3446 913 3566 963 suo,
3591 915 3711 954 reus
3731 874 3837 956 erit

2229 964 2459 1032 judicio.
2510 968 2695 1039 Itaque
2740 989 2845 1029 non
2875 977 3194 1050 simpliciter
3222 988 3391 1042 omnis
3425 992 3516 1060 qui
3555 993 3832 1062 irascitur,

2237 1055 2331 1108 sed
2357 1071 2478 1110 cum
2531 1061 2896 1121 additamenta
2945 1070 3114 1138 addit,
3146 1075 3306 1143 fratri
3329 1055 3446 1134 suo.
3492 1080 3664 1148 Quem
3705 1101 3836 1143 sen-

2235 1159 2355 1199 sum
2386 1148 2523 1204 bene
2561 1149 2726 1207 David
2750 1157 2959 1214 duobus
2990 1163 3242 1232 explanat
3263 1171 3464 1235 verbis,
3497 1171 3831 1243 Irascimiui,

2233 1245 2280 1288 et
2311 1238 2468 1293 nolite
2504 1259 2718 1311 peccare
2758 1245 2940 1318 (Psal.
2968 1269 3040 1316 iv,
3073 1255 3152 1326 5).
3201 1257 3281 1314 Ac
3323 1261 3368 1315 si
3391 1261 3534 1318 dicat
3565 1267 3737 1335 quod,
3782 1238 3833 1324 si

2233 1331 2565 1404 irascamini,
2591 1354 2712 1394 cum
2737 1342 2856 1398 sitis
2882 1345 3206 1417 irascibiles,
3243 1354 3408 1410 nolite
3437 1371 3668 1426 peccare
3711 1362 3831 1416 ira-

2232 1427 2428 1480 scendo
2459 1430 2732 1487 fratribus.
2759 1433 2914 1491 Haud
2945 1440 3164 1497 dubium
3193 1446 3322 1514 quin
3359 1449 3496 1504 sicut
3529 1456 3830 1528 προπάθεια

2231 1516 2481 1573 accidens
2504 1530 2605 1585 est,
2637 1523 2752 1578 sine
2774 1525 3160 1588 deliberatione
3186 1535 3310 1591 boni
3336 1549 3430 1594 aut
3453 1516 3583 1597 mali
3602 1547 3825 1614 operis:

2229 1604 2304 1660 ita
2340 1611 2499 1672 πάθος
2543 1611 2756 1670 affectio
2794 1618 3076 1677 deliberati
3123 1626 3322 1691 animi,
3373 1632 3417 1684 si
3473 1604 3829 1691 locus.adsit

2227 1700 2558 1767 perficiendi.
2602 1706 2754 1764 Unde
2801 1709 3049 1768 fortassis
3091 1733 3197 1772 non
3248 1721 3600 1781 dubitandum
3651 1733 3822 1798 quod,

2227 1749 2558 1767 r"""""‘"
2606 1749 2754 1764 V""V
2801 1749 3049 1768 ινιιυῦΰιδ
3091 1749 3197 1772 ΙΙυΙΙ
3248 1749 3600 1781 υυυιιδιιιιυω

544 1749 790 1816 punitum
821 1755 941 1809 erit.
967 1757 1188 1815 Recolat
1213 1763 1376 1834 igitur
1398 1772 1630 1838 prudens
1655 1778 1889 1845 animus,
1911 1783 2124 1839 etiamsi
2154 1769 2201 1829 Β
2229 1791 2368 1846 sicut
2418 1793 2469 1848 in
2502 1797 2945 1869 ρειίθοιίοηίυυε,
2992 1806 3072 1860 ira
3124 1808 3327 1876 fratris,
3377 1815 3541 1871 veluti
3581 1819 3824 1878 homici_

545 1837 634 1878 Illll
667 1840 745 1878 \‘Dl
778 1843 864 1878 ΙΙΙὶῖ
896 1849 1036 1878 ΠΙΙΛᾹ
1068 1867 1223 1878 nun-.1.
1257 1871 1380 1878 μ..--
1401 1876 1413 1878 -
1434 1877 1441 1878 ,
1495 1863 1506 1873 ο

545 1837 636 1891 ubi
667 1840 746 1894 vel
778 1843 864 1898 ubi
895 1849 1037 1916 quod
1067 1867 1226 1921 supra
1257 1863 1506 1928 proposui
1537 1879 1962 1927 commemorare
1989 1889 2124 1943 prie-

542 1931 802 1993 termitto,
829 1937 970 2004 quod
997 1939 1110 1995 haec
1129 1947 1308 2000 omnia
1335 1964 1400 2002 ex
1429 1951 1532 2007 illis
1552 1964 1678 2010 octo
1702 1931 2121 2020 lieatitudin'ibus

542 2020 694 2085 quasi
728 2038 755 2075 a
786 2040 981 2095 genere
1033 2044 1367 2102 spectantur.
1412 2039 1546 2098 Hinc
1578 2057 1659 2101 est
1691 2051 1832 2119 quod
1879 2053 1968 2108 hic
2006 2071 2122 2111 ora-

541 2109 618 2164 tio
645 2111 767 2168 lidei
798 2117 1068 2190 implorat,
1111 2125 1326 2184 liberari
1362 2149 1458 2188 nos
1485 2152 1514 2188 a
1546 2109 1723 2204 malo,-
1757 2143 1808 2198 id
1836 2155 1921 2201 est
1947 2149 2119 2205 abad-

538 2205 804 2270 versario,
834 2224 932 2278 per
959 2213 1205 2282 spiritum
1253 2220 1488 2290 pietatis,
1522 2237 1579 2282 ut
1617 2231 1870 2289 mitescat
1905 2239 2118 2294 animus

536 2301 594 2344 et
629 2298 799 2362 possit
839 2304 1019 2358 omnia
1053 2307 1302 2366 tolerare.
1326 2313 1600 2386 Alioquin,
1632 2323 1734 2378 nisi
1766 2326 1912 2382 mitis
1935 2328 2116 2398 fuerit,

536 2386 806 2450 quomodo
861 2391 913 2445 in
955 2394 1040 2448 via
1080 2413 1200 2453 cum
1248 2404 1563 2464 adversario
1603 2418 1908 2472 consentire
1945 2421 2119 2477 valet?

537 2471 918 2536 Verumtamen
969 2488 1067 2541 etsi
1109 2490 1177 2543 ad
1226 2492 1574 2568 Evangelinm
1619 2504 1960 2563 referendum
2011 2524 2115 2580 est,

533 2567 766 2635 qualiter
807 2574 923 2643 ejus
963 2578 1158 2650 aliquis
1187 2567 1487 2645 consentiet
1521 2595 1709 2664 jussis,
1756 2603 1859 2657 nisi
1902 2605 2116 2673 pietatis

533 2661 724 2728 Spiritu
759 2667 992 2734 repletus
1021 2673 1214 2729 luerit?
1244 2677 1336 2734 Ille
1360 2683 1505 2738 enim
1524 2661 1804 2746 consentit
1823 2735 1837 2758 ,
1866 2661 1956 2764 qui
1989 2714 2113 2754 eum

531 2763 619 2816 pie
645 2754 796 2806 audit
830 2767 883 2809 et
915 2759 1179 2833 intelligit.
1228 2767 1428 2826 Deinde
1466 2777 1724 2846 quidquid
1768 2754 2110 2854 intellexerit,

530 2840 742 2896 etiamsi
793 2856 977 2902 contra
1018 2853 1345 2913 voluntatem
1395 2879 1546 2918 suam
1592 2881 1767 2937 sonat,
1796 2889 1900 2928 non
1923 2879 2113 2933 adver-

529 2942 703 2995 satur,
735 2936 827 2991 sed
875 2941 1043 3010 magis
1071 2945 1244 3015 diligit
1274 2951 1572 3011 obedicndo
1591 2999 1604 3022 ,
1630 2970 1684 3014 et
1715 2936 1911 3031 gaudet
1941 2968 2110 3023 adim-

528 3020 699 3086 plere,
729 3022 852 3078 licet
879 3039 1064 3085 contra
1113 3050 1291 3092 mores
1323 3055 1448 3096 suos
1473 3047 1670 3103 veniat.
1701 3049 1974 3122 Siquidem
2002 3074 2106 3114 non

528 3124 651 3165 eum
677 3113 742 3168 ad
774 3117 1095 3178 voluntatem
1138 3132 1410 3200 propriam
1445 3113 1832 3210 detorquendo,
1863 3151 1954 3203 sed
1985 3168 2100 3207 mo-
2136 3118 2183 3182 ο

526 3217 615 3258 res
653 3213 706 3259 et
735 3223 950 3266 omnem
980 3215 1332 3278 intentionem
1365 3230 1541 3285 cordis
1579 3233 1646 3287 ad
1688 3250 1751 3289 ea
1772 3252 1891 3306 quae
1917 3242 2103 3298 dicun-

525 3303 615 3351 tur
639 3299 917 3360 humiliter
941 3309 1242 3371 referendo.

521 3495 615 3534 ris.
645 3481 760 3554 Ego
781 3499 954 3543 autem
990 3493 1107 3547 dico
1136 3498 1295 3565 vobis,
1334 3505 1459 3572 quia
1482 3481 1650 3564 omnis
1670 3514 1759 3582 qui
1784 3517 1964 3573 viderit
1989 3538 2104 3576 mu-

517 3575 696 3630 iierem
724 3581 793 3633 ad
823 3589 1290 3657 concupiscendum
1320 3612 1456 3664 eam,
1487 3604 1770 3661 mire/talus
1803 3619 1878 3663 est
1906 3628 2020 3666 eam
2045 3615 2102 3669 in

516 3671 673 3725 corde
701 3690 816 3730 suo.
841 3676 1046 3734 Pendet
1078 3683 1242 3753 igitur
1265 3687 1378 3744 haec
1400 3697 1668 3751 sententia
1687 3714 1753 3753 ex
1783 3715 1848 3756 eo
1870 3706 1961 3760 ubi
1990 3708 2095 3763 ait:

517 3756 641 3814 Non
658 3765 774 3817 veni
804 3765 966 3836 legem
1004 3773 1222 3841 solvere,
1250 3780 1340 3832 sed
1368 3785 1671 3854 adimplere.
1704 3756 2098 3860 Impleta—utem

512 3864 635 3906 eam
660 3869 724 3907 eo
755 3861 896 3925 quod
924 3862 1091 3918 dicit:
1121 3866 1225 3931 Qui
1253 3871 1436 3926 viderit
1458 3877 1750 3934 mulierem.
1781 3881 1889 3938 Nec
1917 3895 2097 3944 tamen

429 3943 433 3947 “
513 3943 674 3998 solvit
703 3945 893 4016 legem,
923 3966 1046 4007 cum
1075 3956 1142 4010 de
1173 3961 1334 4015 corde
1354 3966 1646 4022 maechiam
1677 3972 1836 4040 tollit,
1869 3986 1923 4030 et
1944 3982 2100 4034 casti-

491 4039 678 4089 .tatem
708 4037 760 4091 in
792 4056 954 4095 carne
979 4048 1386 4117 servarcjnhet.
1416 4054 1532 4110 Non
1557 4061 1700 4115 enim
1729 4037 1960 4122 absolvit
1986 4069 2092 4136 illa,

511 4127 605 4180 sed
639 4128 820 4198 implet
843 4133 894 4187 in
923 4134 1212 4209 Evangelio
1238 4145 1381 4212 quod
1403 4146 1588 4204 deerat
1619 4152 1672 4206 in
1705 4153 1842 4226 lege,
1889 4168 1949 4214 ut
1989 4177 2098 4216 ma-

503 4218 594 4287 jor
619 4221 690 4274 sit
736 4220 946 4290 jnstitia
1004 4228 1458 4304 Christianorum,
1502 4258 1662 4312 quam
1697 4245 2007 4307 Scribarum
2042 4263 2098 4310 et

508 4305 927 4370 Pharisaeorum.
965 4319 1063 4375 Ubi
1101 4326 1554 4387 considerandum
1595 4338 1738 4405 quod
1782 4355 1888 4396 non
1919 4344 2088 4400 dixit:

505 4399 687 4454 omnis
717 4405 806 4472 qui
833 4411 1166 4480 concupiscit
1190 4417 1487 4486 mulierem,
1518 4425 1611 4479 sed

505 4489 575 4544 ad
605 4498 1117 4570 concupiscendum,
1161 4508 1370 4566 scilicet
1423 4530 1489 4570 eo
1542 4489 1666 4574 line-
1700 4531 1755 4577 et
1803 4528 1987 4585 animo
2028 4542 2088 4587 ut

501 4595 625 4637 eam
656 4591 1000 4660 concupiscat
1045 4603 1434 4660 consentiendo
1469 4608 1701 4678 libidini,
1756 4616 1800 4670 si
1859 4618 2085 4679 facultas

503 4672 666 4729 fuerit
715 4680 982 4748 explendi.
1025 4688 1193 4754 Quem
1242 4709 1372 4751 sane
1423 4697 1598 4757 locum
1655 4704 1829 4762 Grieci
1875 4711 2084 4770 duobus

500 4764 682 4841 verbis
712 4768 1101 4837 significantius
1135 4782 1443 4851 explanant,
1472 4792 1632 4854 πάθος
1655 4804 1710 4850 ct
1737 4803 2077 4875 προπάθειαν,

501 4856 679 4922 idest,
704 4864 997 4930 passionem
1037 4877 1091 4922 et
1128 4877 1520 4943 propassionem
1543 4856 1798 4944 dicentes.
1829 4856 2082 4957 Quando:

497 4950 717 5019 quidem
749 4955 1054 5023 passionem
1085 4961 1354 5021 dicuntad
1389 4971 1575 5026 vitium
1617 4979 1784 5035 animi
1817 4988 2076 5053 reputari,

497 5043 904 5110 propassionem
934 5063 1084 5114 vero,
1117 5051 1244 5109 licet
1287 5057 1483 5114 habeat
1513 5063 1723 5121 initium
1753 5071 1941 5142 culpas,
1971 5093 2078 5133 non

498 5137 680 5186 tamen
714 5138 883 5191 teneri
926 5139 978 5192 in
1025 5143 1271 5200 crimine.
1329 5149 1424 5204 Est
1473 5168 1708 5225 namque
1761 5167 2074 5238 προπάθεια,

425 5216 428 5219 ’
497 5226 841 5293 temporalis,
891 5230 971 5284 vel
1011 5233 1326 5294 subitaneus
1367 5241 1536 5298 animi
1574 5216 1818 5318 allectus:
1865 5264 1922 5309 ut
1971 5259 2079 5315 ira-

505 5317 510 5318 ,
537 5297 556 5316 δ
659 5316 667 5318 -
768 5317 773 5318 ν

1576 5297 1818 5318 ᾐ----..-,
1865 5297 1922 5309 ...
1971 5297 2078 5315 ....-

496 5297 583 5384 tds
625 5316 696 5369 sit
729 5317 1076 5390 aliquis,aut
1121 5341 1311 5384 amans
1341 5331 1564 5402 aliquid,
1601 5341 1758 5403 πάθος
1794 5360 1950 5414 vero,
1984 5361 2078 5407 aut

493 5398 627 5468 ἦθος,
661 5414 719 5460 ιιι
758 5411 976 5479 quidam
1035 5417 1217 5485 aiunt,
1269 5398 1514 5493 quasdam
1560 5433 1724 5487 animi
1772 5435 1942 5494 forma
1989 5445 2074 5498 vel

492 5491 810 5552 deliberatio
855 5517 920 5556 ex
962 5521 1232 5566 consensu
1280 5491 1418 5583 pene
1459 5521 1614 5589 quasi
1667 5529 1931 5586 naturalis
1977 5533 2076 5590 ba-

489 5581 637 5640 bitus
697 5593 924 5660 mentis;
983 5607 1045 5653 ut
1087 5613 1170 5656 est
1227 5604 1353 5661 dum
1403 5608 1633 5669 dicimus
1707 5617 2070 5693 iracundum,

490 5688 585 5734 aut
618 5686 878 5756 cujusque
934 5704 1250 5754 amatorem.
1304 5702 1509 5774 Quippe
1565 5711 1688 5780 quia
1743 5716 1906 5781 πάθος
1961 5738 2066 5779 non

2226 1881 2392 1948 dium,
2424 1901 2544 1942 reos
2567 1887 2695 1944 facit
2709 1888 2914 1959 judicio
2941 1913 2954 1948 :
2987 1897 3062 1952 ita
3089 1903 3526 1973 concupiscentia
3543 1912 3820 1981 mulieris,

2225 1988 2317 2032 aut
2352 1979 2520 2036 illiciti
2561 1983 2849 2053 cujuslibet
2876 1994 3194 2050 concubitus
3223 2000 3452 2056 nefanda
3489 2003 3819 2063 deliberatio

2224 2073 2440 2138 mentis,
2466 2078 2705 2133 moechos
2731 2088 2785 2134 et
2815 2093 2988 2138 morte
3021 2086 3212 2156 dignos
3250 2105 3318 2146 ex
3358 2092 3473 2165 lege
3497 2095 3640 2152 facit.
3679 2099 3822 2155 Μω-

2223 2161 2345 2216 chia
2389 2180 2621 2236 namque
2663 2172 2990 2239 generaliter
3033 2176 3181 2233 illinc
3208 2195 3306 2249 pro
3333 2186 3479 2239 omni
3516 2191 3819 2247 concubitu

2222 2251 2413 2310 illicito
2443 2257 2744 2327 accipitur;
2775 2265 2900 2332 quia
2933 2265 2986 2319 in
3019 2282 3084 2321 eo
3111 2272 3253 2338 quod
3284 2273 3420 2329 dixit
3449 2293 3552 2331 non
3589 2283 3820 2336 moecha-

2221 2343 2375 2412 beris,
2409 2362 2568 2403 omne
2596 2350 2833 2408 libidinis
2864 2357 3069 2413 crimen
3100 2359 3399 2431 interdixit,
3427 2370 3569 2436 quod
3615 2383 3814 2441 postea

2221 2432 2430 2504 Moyses
2451 2440 2613 2494 variis
2633 2442 2920 2499 criminum
2948 2449 3229 2517 speciebus
3250 2432 3571 2525 dispertiens
3591 2432 3814 2534 singula

2219 2529 2438 2596 proprio
2482 2530 2688 2599 judicio
2729 2536 3023 2595 damnavit.
3071 2542 3322 2614 Alioquin
3362 2548 3413 2603 in
3465 2551 3567 2607 illis
3613 2529 3811 2612 decem

2216 2620 2398 2673 verbis
2439 2619 2592 2690 legis,
2631 2639 2730 2679 nec
2760 2625 3068 2694 fornicatio,
3113 2648 3214 2690 nec
3243 2640 3562 2698 concubitus
3588 2660 3818 2702 mascu-

2215 2705 2410 2774 lorum,
2428 2726 2528 2766 nec
2547 2713 2647 2767 alia
2671 2727 2916 2783 portenta
2940 2720 3174 2780 libidinis
3189 2730 3458 2798 prohibita
3477 2747 3811 2797 cernuntur.

2216 2796 2368 2854 Unde
2399 2810 2540 2870 patet
2568 2808 2710 2872 quod
2739 2810 2990 2876 mmcbia,
3018 2796 3266 2882 quamvis
3291 2825 3508 2893 proprie
3535 2827 3598 2881 de
3626 2796 3813 2887 uxore

2212 2889 2432 2947 alterius
2472 2895 2706 2961 dicatur,
2752 2903 3075 2970 generaliter
3105 2889 3407 2966 tameniut'
3430 2914 3604 2972 fassus
3650 2935 3809 2987 sum,

2213 2996 2312 3050 pro
2355 2986 2500 3039 omni
2547 2987 2784 3070 libidinis
2815 2992 3022 3049 incestu
3067 2997 3426 3060 interdicitur.
3460 3005 3632 3064 Simili
3663 2986 3814 3080 quo;

2212 3085 2318 3138 que
2343 3074 2502 3129 modo
2525 3085 2579 3130 et
2608 3061 2696 3132 hic
2723 3093 2843 3134 cum
2885 3083 3127 3140 mulieris
3165 3093 3624 3162 concupiscentia,
3651 3115 3807 3168 quae,

2213 3161 2376 3216 veluti
2421 3167 2702 3233 naturalis,
2734 3169 2800 3225 de
2845 3175 3008 3229 corde
3054 3177 3276 3245 tollitur,
3323 3161 3390 3237 ne
3436 3189 3682 3244 moechus
3727 3194 3814 3248 sit

2210 3255 2568 3327 Christianus,
2602 3273 2662 3317 ut
2691 3264 2966 3338 Evangelii
3006 3269 3217 3338 justitia
3265 3275 3476 3345 plenior
3519 3297 3811 3340 commen-

2207 3347 2398 3414 detur;
2423 3353 2668 3419 protinns
2695 3353 2865 3425 liquet
2881 3362 3372 3430 concupiscentiam
3403 3370 3807 3441 masculorum,

2204 3439 2290 3494 vel
2327 3441 2553 3510 alicujus
2594 3444 2830 3502 libidinis
2855 3447 3146 3517 flammam,
3178 3471 3300 3524 quae
3329 3459 3506 3526 potius
3550 3439 3807 3520 monstra

2205 3530 2526 3603 flagitiorum
2557 3545 2867 3607 suntquam
2895 3541 3024 3596 vitia
3056 3548 3432 3616 nuncupanda,
3483 3549 3726 3608 funditus
3768 3572 3807 3611 a

2205 3627 2461 3683 cordibus
2516 3629 2749 3685 tollenda
2800 3635 3101 3692 mandasse.
3144 3638 3281 3706 Quia
3333 3641 3606 3711 profecto,
3649 3647 3806 3704 sicut

2202 3719 2376 3789 major
2411 3735 2478 3774 ex
2510 3721 2799 3792 Evangelio
2843 3725 3108 3783 castitatis
3129 3728 3336 3799 justitia
3359 3733 3627 3804 exigitur:
3658 3737 3738 3793 sic
3767 3755 3807 3794 e

2202 3814 2473 3867 contrario
2521 3816 2702 3870 acrior
2728 3831 2890 3888 paena
2937 3821 3047 3876 reis
3092 3837 3158 3878 ex
3199 3837 3266 3880 eo
3314 3825 3589 3883 incutitur.
3633 3831 3805 3890 Unde

2202 3918 2543 3975 summopere
2571 3911 2894 3973 curandum,
2923 3913 2968 3968 si
2995 3919 3350 3987 propassione
3375 3922 3556 3992 aliqua
3601 3925 3803 3983 titilla-

2200 4007 2345 4058 mur,
2380 3995 2628 4052 tollamus
2680 4001 2865 4058 oculos
2911 4008 3110 4062 mentis
3143 4009 3214 4064 ab
3243 4011 3440 4068 intuitu
3481 4017 3689 4087 cperis,
3721 4036 3803 4078 ne

2198 4082 2339 4140 forte
2395 4087 2528 4143 levis
2577 4095 2849 4163 snggestio
2895 4103 3138 4155 transeat
3177 4103 3231 4158 in
3277 4082 3688 4166 delectationem
3735 4125 3804 4171 et

2199 4173 2448 4232 allectum
2479 4183 2660 4237 cordis
2685 4201 2700 4248 ;
2726 4201 2794 4240 ne
2817 4189 2893 4243 rei
2931 4205 2997 4245 ex
3024 4194 3276 4262 passione
3303 4198 3584 4257 deliberati
3615 4205 3798 4263 animi

2195 4283 2296 4338 pro
2346 4271 2488 4328 facto
2533 4275 2871 4334 danmemur.
2901 4281 3040 4350 Quid
3083 4296 3260 4356 putas,
3290 4289 3542 4350 absentes
3563 4299 3798 4365 quando

2195 4357 2384 4423 simus,
2427 4363 2474 4416 si
2523 4362 2780 4421 feminam
2832 4379 2924 4424 aut
2961 4372 3140 4443 (quod
3181 4379 3463 4438 scelestius
3487 4357 3599 4454 esti
3632 4387 3796 4445 aliud

2966 4429 2978 4442 ,
3015 4429 3032 4443 _
3181 4429 3463 4438 ---η---η
3488 4429 3597 4454 νυ,
3632 4429 3789 4445 ..η-,υ

1633 4429 1725 4495 (ιυί
1753 4432 1946 4489 "idem
1971 4452 2089 4493 eam
2117 4463 2170 4524 Β
2197 4449 2400 4522 aliquid
2427 4455 2501 4509 ita
2542 4458 2708 4514 corde
2745 4463 3054 4532 aspicimus,
3085 4478 3162 4535 ut,
3206 4473 3252 4526 si
3287 4472 3514 4531 facultas
3543 4478 3789 4548 adesset,

2197 4543 2475 4601 definitum
2503 4549 2796 4608 habeamus
2817 4555 2960 4612 intus
2975 4601 2990 4626 ,
3013 4569 3068 4615 et
3087 4578 3374 4632 personam
3397 4570 3694 4638 quamlibet
3712 4543 3796 4630 ad

2196 4635 2298 4691 hoc
2348 4641 2700 4698 meditatione
2752 4650 3084 4709 revolvimus
3129 4657 3183 4712 in
3226 4662 3596 4720 conscientia:
3637 4683 3794 4724 nun-

2192 4725 2321 4794 quid
2359 4743 2466 4782 non
2496 4731 2836 4793 adulteratur
2858 4743 3042 4810 corde,
3075 4748 3166 4802 ubi
3198 4750 3320 4807 talis
3349 4764 3598 4811 versatur
3636 4759 3789 4816 deli-

2189 4815 2419 4885 beratio,
2435 4821 2648 4879 etiamsi
2671 4828 2808 4883 desit
2826 4830 2993 4904 278
3017 4838 3226 4906 species
3249 4856 3433 4898 coram
3480 4845 3598 4902 istis
3628 4860 3797 4908 exto-

2190 4905 2424 4965 rioribus
2469 4914 2660 4981 oculis,
2693 4933 2812 4988 qua:
2860 4922 2975 4977 visu
3017 4905 3474 4999 concupiscatur?
3519 4935 3631 4994 lino
3659 4948 3787 4999 tum

2187 4996 2557 5059 adulteramus
2601 5009 2783 5074 corde,
2837 5026 2958 5067 cum
2993 5014 3066 5072 illi
3093 4996 3412 5089 aperiuntur
3439 5028 3601 5097 oculi,
3631 5046 3790 5102 quos

2183 5103 2404 5164 propter
2428 5113 2641 5168 pinnam
2664 5106 2866 5172 peccati
2888 5109 3079 5177 primis
3101 5120 3418 5184 parentibus
3445 5125 3585 5182 male
3607 5142 3787 5198 aper-

2184 5191 2270 5240 tos
2323 5187 2376 5241 in
2423 5192 2673 5258 paradiso
2729 5195 2974 5267 legimus,
3007 5215 3064 5258 et
3114 5211 3296 5267 carnis
3345 5214 3616 5272 incentiva
3673 5235 3784 5277 eos

2183 5273 2444 5332 afficiunt.
2490 5280 2640 5338 Tunc
2699 5302 2829 5346 sane
2862 5292 2915 5346 in
2965 5293 3217 5353 aﬂ‘ectum
3247 5301 3486 5362 libidinis
3515 5309 3786 5368 laxantur

2182 5364 2333 5422 frena
2401 5376 3003 5451 concupiscentiarum;
3061 5401 3310 5448 versatur
3366 5399 3574 5467 species
3637 5412 3782 5460 ante

2181 5460 2378 5516 mentis
2419 5465 2626 5530 oculos,
2652 5469 2740 5525 ubi
2785 5489 2889 5530 non
2931 5478 3200 5548 voluntas,
3233 5486 3325 5539 sed
3355 5487 3468 5543 sola
3499 5490 3649 5544 deest
3674 5507 3778 5547 oc-

2179 5549 2326 5604 casio
2341 5556 2617 5622 peccandi.
2637 5557 2767 5626 Quaa
2790 5565 3043 5623 nimirum
3066 5570 3312 5641 intentio,
3332 5593 3437 5633 non
3458 5583 3773 5650 pr0passio,

2179 5642 2270 5694 sed
2315 5645 2472 5705 πάθος
2523 5659 2763 5716 vocatur,
2811 5657 2936 5725 quia
2965 5676 3119 5718 mens
3141 5666 3279 5720 male
3302 5668 3478 5726 illecta
3511 5674 3776 5730 transivit

2181 5735 2244 5787 ad
2273 5740 2572 5804 passionem
2621 5761 2930 5808 consensus.
2979 5753 3107 5812 .lure
3153 5759 3316 5831 igitur
3363 5779 3430 5818 ex
3470 5765 3773 5837 Evangelio
