4000 6362
147 320 239 375 219

936 305 1301 368 EXPOSITIO
1340 306 1406 367 IN
1446 309 1886 370 MATTHA'IUM.
1932 347 2000 358 —
2043 316 2166 372 LIB.
2210 315 2293 379 ΙΙΙ.
2340 316 2492 371 CAP.
2537 313 2600 372 ν.

3302 319 3410 379 250

149 432 260 486 talis
306 424 616 482 deliberatio
661 425 716 479 in
765 423 913 478 omni
963 423 1237 479 molimine
1289 424 1565 489 vitiorum,
1615 439 1713 494 pro
1741 435 1792 491 Α
1819 431 2013 484 iterasti
2044 447 2134 484 cor
2185 447 2374 492 meum,
2423 447 2574 484 soror
2610 447 2742 494 mea,
2800 431 3081 486 vulnerasti
3109 451 3198 487 τοι·
3234 429 3426 491 τηουγη

148 535 294 593 opere
328 525 606 589 reputatur
632 525 758 570 ante
782 513 970 570 oculos
1018 515 1232 568 interim
1277 513 1518 584 judicis;
1577 515 1720 584 quod

147 631 205 668 ex
233 614 324 667 hoc
343 611 574 681 quisque
610 617 862 663 censetur
902 607 1045 677 quod
1101 615 1187 662 est
1216 602 1314 660 vel
1364 608 1507 677 quod
1558 609 1721 662 corde

148 708 285 776 gerit.
323 704 456 759 Nam
504 703 617 758 sola
653 703 792 758 bona
836 701 1085 756 voluntas
1129 709 1186 755 et
1231 710 1477 770 prompta
1507 699 1722 755 devotio

149 796 342 861 mentis,
372 809 498 850 cum
529 794 684 848 deest
711 793 906 862 agendi
939 792 1118 862 copia,
1146 792 1288 860 quod
1315 807 1412 860 pro
1435 791 1722 845 charitatis

147 892 314 948 affectu
359 889 502 960 apud
529 889 677 959 pium
731 891 1196 942 remu‘neratorem
1228 887 1578 957 acceptabilis
1631 887 1720 952 sit,

147 999 282 1039 nemo
323 996 456 1038 sane
487 981 582 1051 qui
620 981 874 1051 ambigat,
920 996 1078 1035 nemo
1124 981 1217 1050 qui
1264 981 1490 1034 dubitet.
1543 979 1726 1034 Placet

145 1076 284 1145 igitur
305 1074 452 1144 quod
488 1074 544 1126 in
579 1071 735 1126 terris
781 1087 886 1140 pax
911 1070 1206 1124 hominibus
1238 1070 1385 1123 bona:
1417 1068 1720 1134 voluntatis,

143 1169 202 1219 ab
225 1165 443 1235 angelis,
469 1165 613 1218 sicut
636 1170 690 1216 et
718 1161 829 1215 Deo
858 1160 1028 1231 gloria
1049 1163 1102 1215 in
1132 1161 1352 1215 excelsis
1375 1160 1720 1230 praedicatur.

143 1254 236 1320 Sic,
257 1255 336 1309 sic
362 1254 526 1325 plane
551 1268 583 1307 e
626 1251 928 1316 contrario,
971 1266 1202 1320 quorum
1246 1249 1495 1304 voluntas
1532 1250 1725 1318 depra-

141 1357 294 1413 vatur,
319 1357 379 1403 et
408 1346 635 1400 illicitur
661 1345 847 1399 fratris
881 1345 957 1398 ira
989 1343 1070 1399 vel
1119 1342 1265 1408 odio,
1313 1358 1407 1397 seu
1439 1341 1724 1411 concupis-

141 1442 300 1496 centia
349 1440 544 1494 incesti
582 1437 666 1492 vel
713 1436 919 1506 flagitii,
951 1435 1078 1488 luxu
1112 1445 1203 1489 aut
1251 1434 1579 1504 quibuslibet
1607 1448 1724 1485 ma-

141 1530 255 1595 litiae
277 1529 681 1592 aﬂectionibus,
733 1536 790 1582 et
832 1526 1220 1581 deliberatione
1249 1526 1500 1579 vitiorum
1541 1523 1723 1594 pasci-

144 1633 246 1689 tur,
289 1623 415 1692 jure
458 1629 637 1676 reatus
682 1618 1002 1688 supplicium
1033 1617 1137 1671 illis
1185 1616 1564 1674 denuntiatur:
1596 1614 1724 1684 quia

144 1730 241 1769 non
260 1713 554 1769 secundum
584 1713 729 1782 quod
757 1712 880 1780 quis
911 1726 1016 1765 non
1044 1711 1240 1779 potuit,
1276 1719 1370 1764 aut
1400 1725 1505 1764 non
1549 1707 1723 1772 licuit,

141 1805 226 1859 sed
245 1806 543 1860 secundum
579 1803 720 1874 quod
745 1803 849 1856 fuit
877 1812 932 1857 et
959 1803 1241 1873 proposuit
1269 1817 1335 1857 ex
1363 1801 1725 1865 conscieucia,

140 1905 222 1949 aut
241 1903 534 1952 accusatur
563 1891 988 1948 autdefeuditur
1016 1891 1071 1945 in
1117 1892 1204 1946 die
1232 1907 1356 1946 cum
1397 1889 1728 1960 judicaverit

145 1987 266 2042 Deus
286 1987 509 2042 occulta
541 1985 844 2040 hominum.
878 1984 1136 2053 Sequitur
1162 2003 1173 2037 :

201 2103 349 2169 Quod
377 2103 427 2156 si
449 2101 635 2155 oculus
657 2111 776 2155 tuus
797 2102 979 2156 dexter
997 2100 1322 2154 scandalizat
1348 2109 1414 2164 te,
1440 2117 1562 2154 erue
1585 2117 1724 2166 eum,

137 2195 394 2263 etprojice
423 2197 518 2247 abs
554 2203 621 2246 te.
658 2191 838 2247 Haeret
874 2193 989 2247 hare
1034 2192 1302 2248 sententia
1333 2193 1724 2262 superioribus,

147 2283 221 2338 ubi
248 2285 324 2338 ait
347 2301 362 2336 ε
397 2281 503 2349 Qui
532 2283 716 2336 viderit
741 2282 1006 2336 mulierem
1029 2283 1098 2336 ad
1133 2283 1621 2352 concupiscemlum.
1648 2282 1728 2336 Ex

137 2391 228 2442 quo
256 2374 452 2444 liquet,
477 2373 687 2426 oculum
724 2372 989 2436 dextrum,
1015 2373 1275 2444 quidquid
1307 2373 1503 2428 mentis
1534 2373 1721 2427 delec-

139 2466 337 2518 tatione
365 2464 595 2518 interius
627 2463 1047 2534 concupiscitur,
1077 2463 1299 2534 intelligi
1338 2465 1535 2518 debere
1561 2480 1576 2529 ;
1601 2465 1726 2532 quia

136 2557 391 2627 profecto,
422 2572 545 2611 cum
593 2555 682 2610 ille
710 2557 939 2610 interior
963 2557 1031 2610 ad
1064 2556 1556 2625 concupiscendum
1595 2572 1724 2625 ape-

138 2647 283 2711 ritur,
332 2663 459 2701 mox
513 2646 712 2700 turbati
751 2655 896 2701 motu
942 2647 1180 2700 libidinis
1229 2647 1408 2700 acrius
1452 2645 1722 2700 scandali-

134 2754 337 2792 zamur.
367 2737 568 2792 Dexter
589 2753 720 2791 vero
748 2753 813 2792 ex
848 2738 1055 2792 meliori
1094 2747 1248 2809 parte
1280 2739 1478 2792 mentis
1506 2755 1610 2792 non
1643 2739 1727 2792 in-

133 2831 515 2886 convenienter
567 2829 785 2884 dicitur.
841 2831 976 2897 Quia
1006 2832 1146 2886 sicut
1197 2833 1545 2901 prmstantior
1598 2847 1726 2902 pars

131 2925 372 2994 corporis
397 2925 589 2978 dextra
623 2934 811 2979 vocata
838 2934 921 2979 est
953 2942 967 2978 :
1008 2925 1080 2978 ita
1122 2925 1268 2980 visus
1307 2925 1396 2979 ille
1441 2925 1509 2980 ab
1560 2926 1725 2992 intus,

132 3015 243 3084 quia
281 3014 636 3085 praastantius
661 3014 828 3079 videt,
859 3024 1005 3069 recte
1027 3015 1215 3070 dexter
1243 3024 1327 3070 est
1365 3025 1724 3086 nuncupatus.

133 3104 475 3162 Scandalizat
495 3115 702 3171 autem,
727 3123 848 3161 cum
871 3107 936 3161 ad
959 3107 1448 3178 concupiscendum
1465 3111 1726 3180 aperitur,

133 3209 180 3252 et
206 3214 365 3254 mens
388 3214 486 3268 per
510 3198 696 3254 varias
720 3211 774 3253 et
797 3198 1010 3253 illicitas
1037 3200 1428 3270 cogitationum
1461 3200 1667 3255 formas
1697 3216 1727 3254 a

134 3301 268 3346 statu
294 3291 559 3362 puritatis
578 3301 631 3347 et
655 3292 881 3362 justitire
910 3294 1122 3363 captiva
1169 3293 1403 3347 ducitur.
1437 3292 1536 3361 Qui
1570 3296 1728 3350 nimi-

137 3394 246 3434 rum
300 3380 491 3435 oculus
532 3381 726 3436 dexter
755 3382 880 3436 dum
927 3382 994 3436 ad
1039 3381 1476 3452 concupiscentia
1521 3383 1729 3442 illectus

134 3473 387 3538 trahitur,
417 3483 473 3529 et
500 3474 776 3529 eruendus
801 3482 856 3528 et
883 3475 1250 3545 projicieudus
1273 3485 1356 3530 est
1384 3491 1414 3528 a
1455 3477 1632 3542 nobis,
1663 3493 1729 3532 ne

129 3575 229 3631 per
259 3577 386 3616 eum
435 3564 591 3617 noxia
623 3579 933 3633 carpamus.
964 3563 1248 3618 Eruendus
1279 3580 1408 3618 sane
1437 3573 1727 3634 antequam

131 3653 303 3724 279
326 3652 536 3708 labatur
567 3656 617 3708 in
652 3655 868 3718 vitium,
918 3670 984 3708 ne
1025 3656 1168 3723 quod
1200 3655 1254 3709 in
1281 3655 1436 3711 nobis
1462 3658 1725 3726 optimum

132 3756 212 3799 est
237 3747 352 3800 cito
379 3747 628 3802 flectatur
650 3747 717 3800 ad
759 3747 990 3816 culpam.
1017 3746 1154 3814 Quid
1181 3748 1344 3819 igitur
1373 3749 1541 3819 magis
1571 3765 1730 3803 scan-

135 3837 370 3892 dalizare
397 3847 582 3909 potest
605 3854 770 3908 quam
809 3839 950 3908 quod
995 3854 1095 3893 nos
1146 3848 1364 3894 revocat
1395 3855 1422 3892 a
1456 3841 1729 3910 proposito

132 3942 186 3984 et
213 3941 454 3986 removet
481 3932 552 3987 de
585 3932 668 3985 via
710 3931 974 4002 iustitiae?
1006 3931 1165 4002 Ergo,
1214 3931 1317 3986 nisi
1355 3932 1588 4000 primum
1637 3947 1730 4003 pa-

133 4035 342 4083 rentem
369 4027 454 4081 hic
477 4025 670 4080 oculus
695 4025 1140 4088 scandalizasset,
1171 4040 1510 4094 nequaquam
1536 4027 1730 4080 timore

129 4133 188 4172 ac
213 4119 422 4188 pudore
453 4133 678 4188 pressus
713 4135 741 4171 a
767 4119 904 4174 facie
933 4117 1052 4182 Dei,
1093 4117 1300 4172 locatus
1344 4118 1397 4172 in
1447 4118 1724 4187 paradiso,

131 4211 607 4267 seabscondisset.
636 4209 807 4277 Quem
832 4210 895 4273 si,
928 4210 1238 4279 priusquam
1275 4208 1568 4279 petulantia
1601 4223 1727 4264 eum

130 4299 380 4363 fedaret,
432 4301 503 4355 ab
562 4301 757 4356 intuitu
805 4300 953 4355 vetiti
1008 4310 1332 4361 revocasset,
1381 4315 1726 4370 nequaquam

129 4393 449 4449 scandalum
500 4401 784 4462 pateretur
834 4391 1059 4446 erroris.
1116 4390 1182 4445 Et
1211 4391 1331 4446 ideo
1361 4389 1728 4460 projicieudus

131 4494 208 4539 est
255 4483 413 4539 illico
442 4481 566 4538 talis
601 4489 873 4554 aspectus,
907 4490 1198 4552 antequam
1239 4495 1396 4536 mens
1431 4481 1645 4535 labatur
1669 4481 1723 4535 in

131 4575 352 4637 vitium,
395 4589 500 4628 non
542 4574 670 4642 quia
705 4575 897 4627 dexter
941 4581 1045 4637 est,
1097 4572 1190 4626 sed
1221 4571 1346 4642 quia
1393 4571 1726 4626 scandalizat

129 4681 220 4722 nos
247 4663 404 4720 male
432 4664 987 4734 concupiscendo,.in
1038 4661 1155 4733 lege
1208 4662 1586 4717 mandatorum
1633 4661 1726 4717 Dei

130 4772 286 4827 quam
324 4755 469 4811 bene
499 4755 721 4825 positos.
771 4753 1022 4825 Alioquin
1079 4753 1314 4824 quandiu
1359 4754 1414 4808 in
1458 4753 1725 4810 charitate

129 4847 410 4917 deﬁgitur,
449 4845 844 4900 continuandus
887 4853 944 4898 et
967 4845 1266 4899 servandus
1291 4852 1374 4898 est
1403 4845 1456 4898 in
1485 4853 1726 4914 aspectu,

131 4941 246 5008 quia
281 4954 399 5010 pax
450 4937 618 4992 multa
658 4937 1003 5008 diligentibus
1033 4936 1204 5006 legem
1238 4936 1331 4990 Dei
1380 4936 1569 4990 adesse
1609 4951 1728 4990 cre-

129 5032 291 5096 ditur,
354 5039 409 5083 et
456 5028 660 5084 nullum
707 5028 814 5083 illis
857 5028 1172 5083 scandalum
1220 5027 1473 5082 devenire
1509 5027 1724 5096 poterit.

131 5119 276 5187 Quod
313 5121 371 5176 si
400 5136 499 5175 nos
519 5120 892 5175 scandalizare
916 5120 1143 5190 creperit
1185 5119 1252 5174 ab
1298 5118 1550 5174 illecebra
1587 5118 1732 5174 dele-

129 5213 413 5272 elationis,
446 5226 572 5266 mox
597 5211 867 5266 eruendus
896 5219 983 5265 est
1009 5212 1163 5266 visus
1203 5209 1611 5280 cogitationum,
1662 5226 1732 5266 ne
1789 5272 1801 5284 ,

133 5303 264 5359 forte
319 5302 508 5357 videat
553 5301 833 5356 mulierem
898 5301 964 5355 ad
1025 5301 1535 5369 concupiscendum.
1587 5299 1736 5367 Abji—

133 5396 366 5451 cicadas
392 5403 476 5449 est
505 5409 653 5464 ergo,
681 5408 748 5448 ne
775 5393 841 5447 ad
876 5407 936 5446 ea
975 5408 1095 5463 qua:
1121 5391 1304 5446 carnis
1345 5400 1470 5445 sunt
1495 5390 1735 5446 exterius

132 5501 186 5541 se
205 5487 502 5549 diffundat,
526 5487 618 5541 sed
638 5495 900 5557 purgatus
921 5483 1218 5554 disciplinis
1241 5481 1571 5545 calestibus,
1593 5496 1735 5536 sem-

131 5591 223 5644 per
257 5577 432 5632 veluti
481 5578 760 5631 cherubim
812 5577 975 5631 circa’
1002 5590 1154 5629 aram
1200 5574 1252 5628 in
1302 5573 1734 5643 propitiatorium

135 5684 185 5721 se
218 5670 519 5750 referendo
569 5667 863 5722 custodiat.
915 5666 991 5720 De
1036 5681 1144 5736 quo
1194 5664 1451 5718 nimirum
1508 5663 1734 5717 visionis

133 5761 288 5815 Oculo
324 5761 380 5813 in
416 5757 655 5813 Cauticis
702 5756 959 5812 Ecclesiae
997 5773 1026 5810 a
1068 5769 1264 5825 sponso
1307 5753 1560 5808 canitur:
1600 5751 1732 5806 Vul-
1771 5789 1790 5821 ι

1823 527 1877 578 in
1913 543 2016 580 uno
2052 527 2194 580 crine
2217 525 2337 579 colli
2363 526 2439 579 tui
2463 523 2652 596 (Cant.
2687 542 2762 592 tv,
2791 525 2880 598 9).
2921 524 3234 582 Vulneravit
3265 529 3409 584 enim

1823 632 1916 672 cor
1951 618 2130 688 sponsi
2169 619 2219 672 in
2252 635 2361 673 uno
2389 618 2692 682 oculorum,
2729 620 3018 674 charitatis
3058 620 3256 690 gladio,
3284 625 3410 693 quia

1824 708 1968 763 nulla
1991 709 2170 764 carnis
2199 708 2494 778 petulantia
2526 709 2790 764 maculata
2819 708 2983 764 aliubi
3002 726 3163 780 quam
3190 711 3242 765 in
3267 712 3411 768 idem

1825 802 2258 872 propitiatorinm
2304 804 2574 874 respicere
2616 811 2989 868 consueverat,
3048 805 3201 875 cujus
3229 821 3412 861 amore

1826 895 1992 948 nimio
2021 895 2237 963 perfusa
2275 895 2439 950 etiam
2471 897 2536 950 de
2575 911 2634 951 se
2674 896 2925 951 dicebat:
2960 897 3253 952 Vulnerata
3278 899 3412 953 cha-

1824 984 1954 1038 ritas
1976 1000 2075 1055 ego
2116 1000 2256 1039 sum.
2290 983 2435 1041 Talis
2474 987 2673 1056 quippe
2703 987 2894 1042 oculus
2927 987 3296 1043 columbarum
3327 989 3412 1043 di-

1825 1075 1986 1140 citur,
2019 1091 2138 1146 qua:
2165 1076 2404 1131 resident
2443 1079 2509 1132 ad
2559 1077 2828 1134 fenestras
2872 1094 3017 1133 suas.
3060 1080 3264 1136 Idcirco
3307 1097 3413 1136 non

1824 1166 2160 1229 scandalum,
2185 1168 2277 1221 sed
2302 1183 2486 1237 pacem
2526 1168 2722 1235 ferens,
2767 1169 2901 1224 nihil
2931 1170 2997 1224 ad
3023 1171 3414 1242 concupiscen-

1825 1257 1952 1312 dum
1979 1259 2221 1313 exterius
2251 1261 2499 1326 attrahit,
2548 1260 2640 1316 sed
2681 1277 2800 1330 qua:
2849 1260 3038 1317 salutis
3068 1271 3192 1316 sunt
3219 1262 3415 1316 munda

1825 1353 2003 1406 omnia
2025 1341 2268 1408 interius
2294 1364 2601 1409 servantur.
2622 1355 2788 1425 Igitur
2813 1364 3031 1425 propter
3057 1356 3418 1409 circumstan-

1825 1443 1954 1497 tiam
1990 1443 2254 1510 lectionis,
2285 1446 2409 1515 quia
2441 1446 2568 1500 hinc
2598 1446 2722 1500 inde
2749 1445 2814 1500 de
2837 1445 3059 1500 muliere
3076 1447 3290 1508 dicitur,
3309 1462 3421 1500 me-

1826 1535 1973 1590 dium
2008 1537 2236 1590 duarum
2278 1537 2540 1607 partium,
2589 1547 2647 1591 ut
2688 1551 2869 1592 sermo
2898 1537 3112 1591 divinus
3137 1537 3420 1592 continua-

1827 1635 2000 1691 retur,
2025 1627 2216 1682 melius
2238 1627 2302 1681 ad
2329 1629 2472 1682 hunc
2501 1643 2720 1682 sensum
2742 1627 3042 1682 retulimus.
3075 1626 3207 1681 Nam
3233 1642 3419 1696 supra,

1827 1719 1917 1789 qui
1947 1720 2144 1774 viderit
2186 1720 2466 1775 mulierem
2498 1720 2563 1774 ad
2607 1722 3117 1790 concupiscendum,
3150 1721 3419 1774 mmchum

1760 1796 1805 1855 Β
1835 1827 1955 1866 esse
1976 1826 2098 1865 eum
2123 1811 2176 1865 in
2198 1813 2359 1867 corde
2373 1813 2677 1867 denuntiat.
2696 1812 2850 1868 Nunc
2868 1813 3084 1877 iterum,
3107 1813 3421 1881 priusquam

1831 1904 2104 1969 deveniat,
2137 1907 2383 1959 cuuulem
2413 1907 2593 1962 cordis
2621 1907 2837 1962 oculum
2879 1906 3030 1975 jubet
3059 1907 3172 1962 erui
3211 1916 3266 1961 et
3302 1923 3425 1976 pro-

1825 1995 2012 2065 jicere,
2047 2011 2114 2049 ne
2145 1996 2374 2066 aspiciat
2399 2012 2506 2066 quo
2537 1997 2678 2052 male
2718 1999 2974 2069 deceptus
3012 1999 3172 2052 homo
3213 2010 3417 2068 pereat.

1831 2086 1896 2140 Et
1921 2087 2216 2142 notandum
2248 2103 2261 2141 :
2295 2088 2338 2141 si
2369 2103 2430 2142 ea
2459 2103 2580 2158 qua:
2628 2088 2679 2142 in
2714 2088 2870 2144 nobis
2901 2090 3090 2143 dextra
3135 2098 3279 2152 sunt,
3321 2089 3424 2143 sci-

1831 2181 1957 2236 licet
1980 2182 2170 2237 oculns
2213 2192 2306 2237 aut
2333 2198 2544 2247 manus,
2595 2198 2694 2237 nos
2741 2183 3010 2238 interdum
3034 2182 3420 2248 scandalizanl,

1832 2285 2034 2346 quanto
2082 2275 2255 2342 magis
2286 2291 2347 2328 ea
2395 2291 2514 2345 qua:
2546 2275 2764 2329 sinistra
2797 2275 2961 2329 sunt?
2989 2274 3124 2341 Quia
3156 2273 3198 2328 si
3243 2275 3423 2328 anima

1831 2367 2100 2421 introrsus
2124 2367 2340 2430 labitur,
2379 2366 2549 2420 multo
2578 2366 2748 2435 magis
2779 2380 2994 2435 corpus,
3024 2365 3166 2434 quod
3197 2365 3264 2419 ad
3303 2379 3425 2434 pec-

1833 2459 2060 2513 candum
2088 2458 2378 2527 proclivius
2405 2466 2506 2512 est.
2543 2457 2608 2511 Et
2629 2458 2794 2527 280
2821 2459 2939 2512 ideo
2967 2457 3310 2525 praestantior
3337 2457 3424 2512 ille

1832 2549 2141 2620 purgandus
2169 2558 2252 2603 est
2279 2548 2488 2613 oculus,
2520 2558 2573 2602 et
2601 2549 2871 2602 eruendus
2898 2546 3117 2601 illicitos
3151 2555 3420 2616 aspectus.

1832 2641 2095 2708 Quoniam
2151 2641 2276 2694 dum
2326 2641 2371 2695 is
2421 2641 2538 2694 sine
2588 2639 2844 2694 seandalo
2885 2654 3066 2709 prava:
3102 2639 3326 2693 visionis
3368 2639 3424 2694 in

1831 2731 2262 2801 propitiatorium
2323 2731 2573 2785 assiduus
2629 2730 2900 2790 refertur.
2949 2729 3053 2784 iste
3104 2728 3322 2783 sinister
3370 2736 3426 2782 et

1831 2821 2089 2884 exterior,
2120 2820 2236 2891 lege
2268 2821 2409 2875 illius
2436 2820 2700 2885 frenatos,
2733 2819 2801 2874 ab
2840 2819 2989 2873 omni
3025 2817 3144 2873 labe
3170 2817 3424 2872 vitiorum

1833 2914 2088 2969 immunis
2110 2914 2352 2984 quotidie
2395 2913 2714 2968 custoditur.
2748 2906 3158 2976 Verumtamen,
3185 2909 3322 2964 etsi
3349 2908 3425 2962 ita

1833 3005 2086 3069 dixerim,
2121 3019 2225 3058 non
2257 3004 2662 3074 praescribimus
2703 3001 3128 3057 numerosiorem
3169 3015 3425 3055 sensuum

1833 3095 2286 3164 explanationem.
2329 3093 2511 3148 Potest
2557 3093 2703 3148 enim
2733 3093 2787 3146 in
2816 3091 3007 3146 dextro
3029 3090 3206 3153 oculo,
3252 3089 3336 3144 vel
3368 3089 3425 3143 in

1756 3159 1802 3221 C
1835 3186 2025 3240 dextra
2073 3202 2256 3249 manu,
2304 3184 2530 3239 fratrum
2561 3192 2617 3240 et
2650 3175 2860 3247 uxoiis,
2901 3198 2964 3238 ac
3014 3181 3305 3237 liberorum
3332 3195 3427 3235 seu

1834 3293 2084 3332 carorum
2122 3277 2423 3331 amicorum
2466 3274 2726 3338 affinitas,
2779 3273 2862 3330 vel
2907 3271 3269 3343 quorumlibet
3299 3285 3427 3340 pro-

1832 3369 2158 3439 piuquorum
2199 3367 2490 3422 monstrari
2521 3364 2781 3429 allectus;
2813 3364 2936 3432 quia
2963 3362 3096 3417 nihil
3127 3362 3304 3416 minus
3326 3375 3421 3416 eos

1833 3474 1995 3528 quam
2045 3459 2230 3514 oculos
2276 3466 2490 3512 nostros
2539 3456 2831 3527 diligimus.
2880 3454 3029 3509 Solet
3058 3455 3203 3509 enim
3235 3454 3303 3506 ab
3342 3453 3428 3507 his

1833 3545 1923 3618 qui
1957 3565 2016 3605 se
2044 3551 2390 3604 vehementer
2423 3548 2644 3618 diligere
2686 3545 2979 3616 quemlibet
3007 3545 3192 3599 volunt
3236 3552 3422 3598 osten-

1841 3640 1993 3704 dere,
2041 3639 2115 3692 ita
2142 3639 2248 3694 diei
2277 3656 2290 3692 ε
2326 3637 2498 3707 Diligo
2527 3652 2652 3690 eum
2683 3647 2740 3690 ut
2787 3635 2973 3689 oculos
3009 3648 3179 3688 meos.
3215 3633 3280 3687 Et
3309 3632 3430 3688 ideo

1833 3731 2080 3787 fortassis
2128 3731 2195 3785 ad
2243 3737 2590 3798 augmentum
2642 3726 2946 3781 dilectionis
2993 3724 3426 3796 exaggerandum

1832 3825 2066 3897 positum
2091 3832 2194 3888 est,
2221 3824 2264 3877 si
2291 3822 2480 3878 oculus
2509 3829 2630 3875 tuus
2661 3821 2851 3875 dexter
2898 3827 2992 3873 aut
3022 3834 3214 3874 manus
3240 3818 3429 3873 dextra

1833 3915 2164 3971 scandalizet
2213 3921 2285 3978 te,
2330 3920 2599 3982 quatenus
2641 3911 2712 3966 ad
2747 3909 3214 3980 contemplandam
3245 3923 3430 3962 veram

1831 4005 2006 4060 lucem
2045 4002 2490 4074 impedimentum
2524 4002 2638 4067 fiat,
2686 4002 2887 4057 debeas
2934 4001 3062 4055 illud
3089 3999 3430 4066 abscindere,

1832 4107 1885 4152 et
1907 4096 2168 4167 quidquid
2200 4095 2456 4165 praecipui
2487 4094 2686 4148 amoris
2707 4107 2828 4148 esse
2855 4101 3048 4164 potest,
3089 4106 3158 4146 ne
3189 4090 3283 4146 tibi
3335 4089 3432 4143 ob-

1832 4193 2012 4255 sistat,
2036 4190 2254 4260 penitus
2283 4189 2627 4243 detruncarc.
2651 4185 2960 4242 Cavendum
2994 4184 3157 4255 igitur
3183 4199 3270 4246 ne,
3296 4183 3424 4238 dum

1831 4284 2080 4340 volumus
2106 4282 2244 4336 alios
2270 4279 2555 4345 lucritieri,
2585 4279 2686 4350 ipsi
2719 4279 2771 4332 in
2810 4287 3072 4332 aeternum
3115 4290 3421 4346 pereamus.

1831 4374 1970 4430 Hinc
1997 4388 2130 4429 sane
2153 4380 2209 4426 et
2236 4371 2291 4426 in
2324 4370 2566 4426 Levitico
2593 4371 2658 4424 de
2679 4367 2963 4424 sacerdote
2986 4382 3182 4438 magno
3201 4367 3418 4430 dicitur,

1831 4467 1986 4536 cujus
2017 4466 2195 4521 anima
2227 4465 2321 4518 Dei
2351 4462 2516 4518 cultui
2554 4463 2859 4532 mancipata
2905 4468 3009 4526 est,
3041 4475 3109 4516 ne
3135 4475 3297 4530 supra
3321 4475 3421 4531 pa-

1834 4568 1970 4614 trem
2001 4564 2095 4612 aut
2123 4563 2350 4610 matrem
2379 4553 2463 4608 vel
2491 4552 2630 4607 filios
2653 4551 2944 4621 polluatur,
2977 4551 3029 4606 id
3050 4559 3136 4606 est
3154 4550 3426 4607 utnullius

1833 4647 2084 4704 affectum
2135 4645 2272 4701 sciat
2325 4653 2524 4715 prmter
2567 4642 2686 4712 ejus
2733 4642 2889 4712 cujus
2933 4640 3101 4697 cultui
3149 4641 3430 4698 dedicatur

1839 4737 2000 4807 (Leu.
2058 4753 2174 4802 xxi,
2227 4732 2350 4805 ll).
2403 4733 2789 4788 Verumtamen
2853 4747 3047 4787 manus
3095 4742 3151 4786 et
3199 4732 3425 4796 oculus,

1835 4831 2082 4902 quamvis
2144 4828 2303 4883 unius
2371 4826 2614 4895 corporis
2678 4824 2966 4895 praecipuae
3036 4833 3218 4894 partes
3283 4825 3424 4890 sint,

1835 4924 1962 4994 quia
1991 4937 2096 4976 non
2128 4921 2377 4975 eumdem
2405 4928 2588 4974 actum
2615 4918 2833 4984 habent,
2889 4935 3163 4989 nunquam
3195 4919 3424 4974 dixerim

1835 5017 1976 5087 quod
2020 5030 2186 5069 unum
2216 5012 2385 5067 velint
2435 5010 2760 5081 significare.
2797 5011 2863 5066 Et
2900 5011 3022 5087 ideo
3043 5026 3141 5082 per
3185 5010 3425 5075 oculum,

1835 5085 2089 5161 manente
2139 5101 2230 5156 illo
2273 5115 2434 5172 quem
2483 5115 2648 5170 supra
2695 5100 2902 5170 praetuli
2961 5085 3201 5166 sensum,
3250 5107 3428 5170 potest

1836 5197 2062 5267 intelligi
2113 5195 2340 5267 quilibet
2420 5182 2833 5267 magistrorum,
2898 5209 3124 5264 quorum
3187 5191 3426 5248 oflicium

1837 5297 1920 5344 est
1969 5287 2266 5359 praevidere
2325 5300 2502 5340 mores
2557 5300 2622 5340 ac
2667 5285 2834 5338 vitam
2886 5283 3268 5348 subditorum,
3330 5291 3427 5337 aut

1842 5381 1984 5436 forte
2047 5380 2343 5434 amicorum
2377 5378 2592 5449 aliquis,
2643 5375 2798 5444 cujus
2847 5375 3073 5432 concilio
3135 5375 3306 5431 utaris
3358 5373 3428 5430 ad

1843 5474 2268 5532 considerandos
2329 5482 2485 5528 actus
2538 5480 2656 5524 tuos
2704 5479 2759 5524 et
2807 5468 3047 5525 cmlestia
3095 5469 3426 5525 meditanda.

1843 5567 1946 5634 Qui
1991 5567 2033 5622 si
2063 5567 2308 5637 profecto
2337 5563 2787 5620 scandalizavcrit
2833 5574 2886 5618 te
2915 5562 3277 5633 projicieudus
3323 5570 3429 5631 est,

1841 5675 1911 5714 ne
1942 5657 2085 5712 malo
2115 5658 2258 5712 illius
2287 5654 2532 5725 exemplo
2576 5653 2836 5725 pellectus
2879 5668 3091 5725 pereas,
3131 5654 3213 5709 vel
3244 5667 3430 5709 errore

1843 5751 2171 5822 depravatus
2221 5751 2272 5803 in
2337 5761 2565 5802 mortem
2617 5762 2761 5802 ruas.
2810 5745 2982 5802 Porro
3023 5762 3119 5820 per
3175 5761 3424 5816 manum,
