4000 6362
541 294 646 363 SM

1330 287 1388 345 S.
1427 288 1790 347 PASCHASII
1827 286 2178 345 RADBER'I‘I
2217 286 2514 345 ABBATIS
2550 284 3005 345 CORBEIENSlS

540 407 720 477 aliqua
750 404 990 476 locuples
1038 404 1161 459 vitae
1195 402 1423 457 actualis
1463 402 1542 459 vel
1602 417 1861 474 prospera
1895 404 2138 472 operatio
2166 410 2213 471 Α
2242 403 2495 459 ctoritate
2546 401 2710 458 libelli
2769 401 2977 471 repudii
3030 400 3338 459 libertatem
3392 399 3510 458 dari
3550 401 3830 472 jussisset,
3892 380 3895 381 ν

432 562 435 567 ι
534 496 697 569 juxta
741 496 1077 568 superiorem
1122 509 1341 549 sensum
1368 511 1381 547 ;
1411 494 1707 548 secundum
1739 493 1886 547 hunc
1932 500 2134 559 autem,

540 605 702 663 quem
721 588 1082 651 subdiditnus,
1104 585 1242 642 forte
1257 585 1482 655 quilibet
1505 596 1757 640 strenuus
1769 586 1982 652 adjutor
2001 585 2139 640 inter

544 681 669 739 vita:
715 678 931 750 negotia
976 677 1310 747 designatur,
1354 673 1506 744 cujus
1546 674 1826 744 juvamiue
1866 677 2139 747 prosperis

540 770 885 841 successibus
915 768 1079 824 etiam
1123 768 1234 821 vita
1260 775 1448 822 nostra
1491 766 1544 822 in
1576 767 1774 822 sarculo
1820 776 1988 838 queat
2028 766 2138 836 pol-

541 862 674 919 lere.
718 859 822 928 Qui
850 858 1095 930 profecto
1124 859 1252 914 dum
1280 859 1508 929 cmperit
1547 858 1701 914 nobis
1753 859 2042 924 obsistere,
2085 868 2140 914 et

542 950 858 1007 scandalum
892 965 1017 1007 esse
1045 951 1097 1005 in
1123 950 1237 1023 lege
1262 951 1640 1005 mandatorum
1672 950 1785 1013 Dei,
1815 949 2007 1004 melius
2034 958 2139 1015 est,

548 1044 641 1100 illo
685 1042 945 1115 praeciso,
989 1043 1194 1112 absque
1242 1042 1385 1101 iilius
1414 1042 1684 1112 adjutorio
1730 1041 1951 1107 salvari,
1974 1057 2141 1113 quam

546 1144 603 1188 ut
638 1149 762 1190 cum
798 1148 864 1189 eo
894 1142 1063 1189 totum
1093 1148 1292 1204 corpus
1314 1144 1558 1188 nostrum
1581 1142 1765 1205 pereat
1793 1133 1846 1187 in
1872 1134 2137 1204 gehenua.

548 1223 733 1280 Potest
764 1233 945 1278 autem
994 1238 1091 1295 per
1134 1225 1378 1278 dextram
1422 1240 1663 1287 manum,
1710 1223 1875 1278 etiam
1925 1232 1982 1276 et
2024 1222 2141 1293 ipsa

554 1317 793 1386 practica
811 1316 919 1370 vita
935 1312 1413 1387 εἱειιίίίρίιι·ἱ,281
1432 1316 1531 1371 sub
1545 1331 1647 1384 qua
1667 1313 1876 1368 Martha
1890 1324 2143 1386 satagens

552 1410 721 1464 variis
750 1407 1054 1486 officiorum
1086 1409 1312 1477 negotiis
1340 1420 1656 1478 occupatur.
1702 1409 1877 1463 Simili
1926 1422 2143 1478 quoque

552 1502 714 1557 modo
737 1508 791 1556 et
818 1516 917 1571 per
941 1498 1155 1556 oculum
1190 1500 1295 1554 vita
1346 1500 1585 1555 theorica
1614 1501 1953 1571 exprimitur,
1978 1516 2143 1570 quam

547 1609 688 1665 saepe
714 1591 1009 1648 imbecilles
1037 1607 1146 1648 non
1173 1591 1414 1649 valentes
1437 1592 1505 1646 ad
1545 1607 1741 1663 purum
1763 1593 2140 1664 contemplari,

545 1672 999 1740 scandalizantur.
1055 1682 1119 1737 lli
1160 1698 1257 1753 pro
1287 1682 1451 1737 nimia
1500 1682 1623 1736 vita:
1664 1682 1867 1738 desidia
1929 1692 1985 1738 et
2034 1695 2144 1739 tor-

2241 496 2368 553 dum
2396 494 2729 550 deliberatur
2758 510 2825 549 ex
2851 509 2916 549 ea
2959 494 3029 550 ob
3053 492 3455 564 recogitaudam
3479 495 3732 566 gratiam,
3783 505 3836 552 et

2239 588 2439 642 vitandi
2463 587 2665 657 pejoris
2685 587 2934 642 criminis
2962 586 3197 657 culpam,
3224 586 3422 640 indixit
3450 602 3554 641 non
3583 587 3710 643 dico
3741 603 3834 643 vo-

2241 678 2503 734 luntatem
2539 680 2721 748 pacis;
2777 694 2967 733 verum
3016 694 3198 734 exosae
3246 680 3433 734 uxoris
3482 678 3832 747 adulterium,

2240 771 2368 827 dum
2408 771 2631 827 dimissa
2682 771 3015 836 moechatur,
3051 772 3119 825 ad
3164 771 3340 826 virum
3391 772 3676 828 contorsit.
3733 773 3836 839 Qui

2241 863 2515 928 dimiserit,
2550 863 2748 932 inquit,
2778 878 2999 917 uxorem
3020 879 3196 927 suum,
3224 875 3439 932 excepta
3471 879 3634 917 causa
3666 864 3838 933 [orni-

2241 954 2482 1015 cationis,
2526 969 2592 1008 ac
2622 954 2668 1008 si
2721 952 2866 1008 dicat
2906 968 2922 1006 :
2956 953 3275 1023 Quicunque
3304 951 3483 1008 fmdus
3523 954 3838 1023 nuptiarum

2240 1060 2341 1115 pro
2389 1045 2618 1113 alicujus
2661 1046 2738 1100 rei
2786 1046 3024 1116 negotio,
3052 1045 3138 1099 vel
3185 1060 3285 1116 pro
3327 1044 3578 1102 foeditate
3622 1060 3840 1102 mortua

2243 1144 2337 1189 aut
2363 1151 2650 1205 corporum
2701 1137 2986 1207 sprewrit,
3012 1144 3068 1191 et
3103 1138 3247 1206 quod
3277 1136 3420 1192 Deus
3446 1133 3735 1206 conjunxit
3762 1136 3843 1193 vi-

2243 1239 2364 1286 ctus
2390 1230 2603 1301 injuriis
2622 1230 2976 1300 separavcrit,
3008 1230 3053 1283 is
3072 1229 3218 1299 cogit
3244 1228 3599 1283 infirmiorem
3625 1243 3686 1283 se
3714 1242 3843 1284 cum

2244 1324 2351 1379 alio
2370 1322 2652 1387 fornicari,
2673 1331 2730 1381 et
2757 1336 2920 1378 causa
2963 1332 3148 1376 reatus
3175 1318 3293 1388 ejus
3324 1320 3438 1390 ipse
3464 1318 3723 1393 edicitur,
3746 1317 3844 1389 qui

2243 1434 2365 1473 eam
2396 1433 2493 1473 sua
2524 1416 2838 1487 depulsione
2886 1414 3014 1470 facit
3043 1414 3327 1469 lllchbal‘i.
3364 1413 3676 1469 Praesertim
3712 1413 3847 1482 quis

2243 1508 2372 1563 olim
2396 1508 2581 1577 plures
2613 1516 2770 1562 erant
2796 1521 2975 1561 causae
3025 1503 3311 1560 omittendi
3352 1517 3586 1569 uxores;
3628 1503 3848 1559 scilicet

2244 1599 2291 1653 si
2324 1597 2561 1667 leprosa,
2594 1597 2639 1652 si
2688 1595 2912 1661 sterilis,
2954 1595 2999 1649 si
3026 1594 3234 1659 odiosa,
3289 1594 3336 1648 si
3370 1592 3686 1657 fornicaria,
3736 1602 3847 1651 etc.

2244 1689 2315 1742 At
2348 1704 2481 1743 vero
2503 1686 2753 1743 Christus
2776 1685 3119 1741 solummodo
3150 1699 3314 1740 causa
3342 1682 3728 1739 fornicationis
3755 1681 3849 1737 deo

553 1776 699 1847 roris
722 1775 855 1839 otio,
888 1773 960 1828 illi
993 1789 1135 1837 vero,
1171 1790 1268 1846 pro
1287 1773 1568 1843 multiplici
1600 1774 1780 1830 saeculi
1810 1774 2138 1845 frequentia,
2169 1770 2220 1833 Β
2245 1781 2460 1841 serendi
2497 1780 2767 1834 licentiam
2796 1777 2989 1859 .dedit.
3039 1774 3171 1832 Jure
3201 1776 3384 1848 igitur,
3417 1776 3545 1846 quia
3582 1775 3677 1831 illo
3728 1783 3853 1829 lane

544 1880 599 1925 et
629 1870 873 1941 plurimae
900 1869 1273 1939 occupationis
1327 1868 1501 1922 taxiio.
1555 1868 1930 1934 Quorumlibet
1980 1868 2143 1939 igitur

553 1964 787 2032 quisque
816 1960 973 2016 oculo
1003 1960 1086 2015 vel
1112 1977 1276 2016 manu
1318 1960 1556 2029 patiatur
1582 1961 1916 2024 scandalum,
1952 1960 2146 2015 melius

549 2068 656 2122 est,
695 2056 742 2111 si
801 2071 965 2111 unam
1014 2070 1201 2110 earum
1243 2055 1516 2110 interdum
1569 2071 1679 2109 non
1724 2062 1903 2124 potest
1944 2054 2149 2127 sectari

553 2153 741 2216 vitam,
769 2149 998 2205 alteram
1020 2148 1359 2204 solummodo
1387 2149 1643 2212 retinere,
1668 2163 1829 2218 quam
1858 2162 1958 2217 pro
1981 2162 2144 2201 enor-

554 2232 743 2297 tnitate
772 2241 999 2295 duarum
1042 2239 1381 2294 infirmitatis
1407 2238 1664 2294 scandan
1707 2238 1973 2309 deperire.
2010 2236 2148 2292 Hinc

552 2347 894 2401 sunnnOpere
944 2333 1245 2385 curandum
1313 2347 1381 2384 ne
1428 2340 1524 2385 aut
1579 2330 1669 2386 ille
1712 2332 1804 2401 qui
1837 2346 1943 2385 non
1972 2337 2149 2400 potest

554 2421 971 2491 contemplativa
1016 2421 1147 2487 frui,
1182 2430 1395 2491 torpeat
1435 2422 1569 2487 otio,
1616 2422 1812 2476 actuali
1859 2422 2145 2492 neglecta;

556 2525 646 2572 aut
694 2517 834 2572 forte
882 2516 1096 2585 aliquis,
1137 2516 1263 2571 dum
1290 2525 1589 2587 occupatur
1616 2515 1870 2586 practicis
1905 2514 2143 2587 negotio-

556 2622 677 2677 rum
715 2605 929 2671 studiis,
961 2616 1173 2662 arescat
1200 2606 1268 2661 ab
1292 2606 1501 2661 interna
1534 2605 1832 2668 dulcedine,
1872 2621 1997 2661 cum
2037 2619 2147 2660 ine-

556 2700 662 2755 lius
717 2700 770 2756 iu
815 2699 1235 2770 ccutemplativa
1282 2708 1465 2771 posset
1510 2700 1795 2768 prolicere.
1851 2697 1971 2753 Jam
2021 2697 2151 2768 quia

555 2792 803 2853 dextrum
835 2790 1090 2861 jubemur
1117 2792 1332 2848 oculum
1362 2791 1449 2846 vel
1474 2806 1719 2854 manum,
1748 2791 1791 2845 si
1830 2790 1969 2844 forte
1994 2804 2151 2843 Scan-

554 2881 911 2939 dalizaverint
960 2896 1079 2947 nos,
1130 2882 1449 2937 abscindere
1495 2895 1593 2936 seu
1622 2895 1654 2933 a
1684 2879 1838 2932 nobis
1863 2877 2150 2947 projicere,

557 2972 691 3029 nihil
716 2972 1076 3027 dubitandum
1101 2974 1167 3027 de
1189 2972 1447 3036 sinistris,
1466 2972 1553 3025 ubi
1586 2970 1851 3040 quidquid
1883 2982 2150 3039 praestau-
2214 2974 2221 2981 ’

559 3068 668 3131 tius
695 3077 778 3121 est
802 3066 855 3121 in
880 3082 1130 3136 corpore,
1150 3050 1522 3121 detruncatur.
1560 3064 1712 3132 Quod
1747 3064 1792 3118 si
1820 3064 1887 3117 ad
1912 3063 2151 3118 litteram

2248 1884 2363 1930 tum
2408 1873 2540 1927 vitio
2573 1871 2706 1926 fides
2740 1870 3041 1935 castitatis,
3079 1877 3136 1924 et
3170 1869 3500 1925 connubium
3532 1869 3853 1939 nuptiarum

2248 1963 2399 2035 prius
2423 1963 2708 2031 rumpitur,
2740 1960 2945 2016 idcirco
2972 1975 3079 2014 non
3110 1975 3229 2015 eam
3269 1959 3359 2015 ille
3398 1958 3530 2013 facit
3554 1959 3853 2026 maecbari,

2250 2055 2344 2108 sed
2381 2053 2495 2123 ipsa
2526 2060 2708 2107 reatus
2757 2052 2841 2107 sui
2865 2067 3030 2107 causa
3075 2059 3182 2117 est,
3208 2060 3263 2107 et
3285 2050 3569 2109 dissolutio
3600 2049 3849 2106 foederis.

2247 2144 2399 2201 Alias
2438 2153 2617 2198 autem
2663 2143 2935 2215 diligenda
2991 2154 3074 2200 est
3121 2152 3176 2197 et
3216 2143 3472 2210 tenenda,
3526 2152 3585 2198 ut
3633 2142 3856 2214 justitia

2250 2236 2685 2295 Christianorum
2711 2238 2889 2308 potior
2911 2237 3343 2302 commendetur,
3369 2246 3425 2292 et
3451 2236 3696 2291 charitas
3723 2251 3858 2303 cons

2244 2329 2382 2401 jugii
2415 2329 2625 2383 firmior
2654 2344 2823 2397 usque
2853 2329 2920 2382 ad
2945 2338 3176 2383 mortem
3206 2336 3476 2382 servetur.
3512 2328 3570 2381 In
3621 2342 3735 2396 quo
3775 2327 3859 2381 ni-

2252 2422 2452 2475 mirum
2485 2419 2753 2474 castitatis
2781 2428 3051 2490 prmcepto
3100 2426 3321 2487 propter
3374 2415 3657 2471 brevitatis
3702 2431 3861 2471 com-

2250 2512 2505 2585 pendium
2532 2511 2780 2582 plurima:
2812 2511 2939 2565 hinc
2973 2510 3099 2565 inde
3130 2509 3462 2579 quaestiones
3514 2518 3812 2581 emergunt
3844 2527 3859 2563 :

2254 2606 2352 2662 sed
2411 2604 2582 2659 solum
2629 2619 2722 2659 eas
2777 2611 3001 2673 tangere
3049 2600 3307 2665 decrevi,
3363 2614 3498 2670 quas
3552 2601 3867 2659 necessitas

2255 2697 2519 2767 exposcit.
2570 2696 2635 2750 Et
2663 2696 2791 2766 quia
2822 2695 2868 2750 si
2900 2708 3037 2749 uxor
3075 2691 3340 2747 fernicata
3394 2691 3485 2757 sit,
3531 2691 3660 2760 quid
3692 2688 3869 2747 liceat

2256 2792 2374 2847 viro
2395 2790 2528 2846 satis
2554 2804 2868 2859 expressum
2894 2795 2997 2851 est,
3017 2785 3366 2856 quaerendum
3389 2799 3519 2856 ergo
3548 2782 3652 2839 fuit
3668 2799 3700 2843 e
3727 2799 3871 2849 con:

2259 2881 2451 2945 trario,
2489 2881 2534 2935 si
2594 2880 2677 2934 vir
2728 2878 3030 2934 fornicatus
3060 2876 3247 2942 fuerit,
3279 2876 3409 2956 quid
3466 2875 3739 2948 agendum
3794 2878 3875 2955 sit)

2259 2973 2438 3026 uxori.
2490 2971 2640 3028 Unde
2677 2970 2874 3027 Paulus
2901 2970 3032 3025 dicit
3050 2968 3195 3040 quod
3225 2968 3404 3024 nullus
3432 2981 3623 3023 eorum
3646 2967 3873 3039 proprii

2260 3067 2506 3136 corporis
2533 3075 2856 3138 potestatem
2883 3066 3084 3121 habeat
3106 3063 3154 3137 (1
3189 3062 3308 3118 Cor.
3345 3079 3442 3129 vn,
3473 3061 3557 3134 4),
3580 3071 3637 3118 et
3667 3061 3873 3123 Domi:

559 3161 790 3231 quisque
843 3159 975 3225 velit
1019 3160 1288 3229 accipere,
1320 3159 1447 3213 licet
1495 3158 1562 3214 de
1613 3161 1812 3228 pietate
1862 3157 2155 3213 descendat
2181 3130 2226 3192 Ο
2261 3177 2363 3215 nus
2385 3144 2558 3215 solum
2596 3159 2971 3213 fornicationis
2998 3174 3223 3214 causam
3252 3157 3552 3228 excipiens,
3585 3173 3694 3210 non
3726 3157 3879 3229 dixit

560 3253 679 3321 ejus
707 3250 952 3315 allectus,
985 3266 1093 3306 non
1116 3259 1200 3306 est
1227 3249 1524 3304 audiendus
1550 3256 1609 3302 ut
1651 3248 2019 3302 membrorum
2060 3249 2155 3302 ab-

561 3344 754 3401 scissio
801 3343 1145 3415 praedicetur,
1198 3342 1293 3396 sed
1343 3350 1403 3397 ut
1451 3339 1770 3412 improbitas
1814 3353 2051 3404 morum,
2100 3345 2158 3393 et

561 3437 803 3507 pravitas
863 3437 1137 3491 actionum
1192 3442 1491 3489 resecetur.
1564 3431 1717 3488 Unde
1774 3430 2037 3501 quidquid
2098 3430 2157 3485 in

566 3528 726 3585 oculo
755 3527 954 3587 mentis
1001 3526 1227 3582 interius
1258 3526 1324 3580 de
1368 3526 1456 3579 via
1488 3523 1767 3596 injustitiae
1787 3532 1843 3578 et
1887 3522 2160 3593 probitate

564 3622 776 3679 tuorum
827 3636 927 3678 nos
973 3620 1289 3676 subvertere
1334 3619 1590 3685 voluerit,
1645 3618 1792 3674 illico
1843 3625 2071 3672 eruatur
2125 3631 2159 3670 a

566 3716 746 3781 nobis,
767 3722 825 3771 et
841 3712 1104 3785 quidquid
1125 3723 1315 3769 contra
1340 3714 1712 3784 operationem
1735 3712 1994 3765 virtutum
2016 3717 2162 3765 exte-

570 3805 684 3865 rius
710 3802 1129 3873 propulsaverit,
1170 3803 1273 3857 etsi
1302 3803 1497 3857 dextra
1529 3817 1721 3857 manus
1749 3802 1833 3856 vel
1873 3800 2060 3855 oculus
2084 3800 2164 3856 vi-

566 3893 784 3958 deatur,
805 3894 960 3964 quasi
978 3893 1291 3948 scandalum
1310 3902 1511 3948 nostrae
1537 3894 1750 3961 salutis,
1776 3910 1804 3947 a
1828 3909 2061 3962 corpore
2077 3908 2165 3948 so-

567 3987 785 4051 cietatis
804 3986 992 4057 procul
1022 3986 1287 4057 pellatur;
1321 4002 1389 4042 ne
1412 3985 1572 4051 forte,
1596 3987 1739 4055 quod
1764 3987 1943 4041 absit!
1970 3987 2164 4042 morbo

581 4077 728 4135 illius
769 4079 1043 4150 corruptis
1098 4087 1268 4134 totum
1313 4094 1512 4148 corpus
1564 4087 1755 4148 pereat
1802 4078 1855 4135 in
1893 4079 2162 4147 gebenna.

651 4177 865 4235 Dictum
922 4187 1000 4233 cst
1043 4188 1216 4233 autem
1249 4194 1267 4233 :
1310 4177 1618 4247 Quicunque
1653 4178 1909 4233 dimiserit
1948 4193 2166 4233 uxorm

570 4286 723 4328 suam
750 4269 835 4324 det
856 4269 939 4327 illi
971 4268 1205 4324 libellum
1238 4270 1461 4337 repudii.
1489 4267 1604 4340 Ego
1625 4281 1801 4324 autem
1831 4271 1951 4324 dico
1978 4270 2119 4325 vobis
2143 4286 2165 4325 :

574 4358 884 4431 Quicunque
902 4360 1160 4432 dimiserit
1190 4377 1409 4416 uxorem
1431 4379 1607 4427 suam,
1627 4372 1841 4432 excepta
1861 4362 2168 4433 [criticatioi

2259 3246 2412 3318 cujus
2447 3264 2656 3313 cirum,
2690 3248 2790 3302 viri
2818 3247 3035 3325 scilicet
3055 3263 3124 3302 an
3164 3246 3402 3302 feminae.
3460 3246 3690 3316 Propter
3713 3246 3877 3325 quod

2259 3344 2366 3399 duo
2405 3342 2618 3397 termini
2660 3342 2777 3413 lege
2815 3358 2921 3397 una
2974 3322 3136 3397 siinul
3194 3341 3445 3396 videntur
3498 3340 3747 3405 adnecti,

2261 3436 2398 3492 alter
2418 3452 2606 3490 eorum
2628 3435 2792 3490 faciat
2821 3435 2965 3505 quod
2986 3435 3142 3495 alteri
3175 3450 3283 3489 non
3313 3432 3464 3501 licet,
3494 3432 3596 3489 etsi
3643 3433 3737 3487 vir
3778 3448 3881 3504 pos

2262 3537 2515 3583 testatem
2552 3528 2750 3582 habeat
2772 3540 2938 3596 super
2969 3525 3277 3580 mulierem.
3310 3522 3563 3579 Potestas
3592 3530 3795 3577 autem
3829 3522 3883 3587 ei

2263 3639 2331 3679 ex
2357 3638 2424 3678 eo
2453 3623 2633 3686 datur,
2663 3620 2788 3692 quia
2823 3620 3174 3691 prmstautior
3201 3628 3287 3675 est
3329 3620 3385 3676 in
3418 3628 3637 3682 natura,
3658 3627 3716 3674 et
3750 3635 3885 3674 mu-

2264 3714 2364 3777 lier
2410 3716 2475 3771 de
2501 3714 2617 3768 viro
2645 3712 2788 3768 facta
2817 3711 3036 3784 legitur,
3077 3723 3131 3766 et
3162 3727 3267 3766 non
3300 3726 3365 3766 ex
3392 3726 3457 3768 eo
3501 3711 3647 3780 quod
3673 3725 3889 3767 servus

2263 3806 2450 3871 uxoris
2478 3815 2582 3869 est,
2633 3814 2688 3859 et
2736 3819 2804 3859 ne
2846 3811 3061 3872 quaerat
3086 3802 3436 3867 solutionem,
3467 3801 3518 3855 ei
3550 3799 3885 3857 mandatur.

2263 3890 2517 3968 Alioquin
2539 3898 2780 3951 occurrit
2802 3895 2933 3950 illud
2963 3896 3030 3950 de
3063 3894 3347 3967 Apostolo,
3385 3893 3455 3948 In
3481 3910 3583 3965 quo
3609 3893 3763 3949 enim
3799 3894 3891 3949 αι-

2266 3999 2433 4047 terum
2462 3989 2703 4059 judicas,
2736 3989 3062 4060 temetipsum
3112 3988 3452 4053 condemnas,
3493 3986 3681 4041 eadem
3722 3989 3887 4059 enin

2265 4081 2377 4157 agis
2431 4097 2548 4152 qua:
2594 4079 2798 4145 iudicas
2846 4079 3019 4152 (liam.
3046 4095 3109 4143 ιι,
3142 4080 3216 4150 l).
3247 4079 3364 4147 Qua
3394 4080 3460 4135 de
3495 4093 3660 4134 causa
3699 4082 3880 4149 quis-

2267 4174 2390 4244 quis
2408 4172 2778 4229 fornicationis
2806 4172 2983 4243 elogio
3014 4171 3129 4227 vult
3158 4171 3409 4227 deserere
3423 4182 3675 4231 uxorem,
3706 4169 3899 4233 debet

2269 4276 2323 4323 ct
2354 4267 2468 4337 ipse
2495 4281 2525 4319 a
2556 4263 2913 4319 fornicatione
2955 4262 3212 4319 immunis
3246 4276 3390 4325 esse,
3430 4260 3557 4330 quia
3585 4258 3731 4313 nihil
3786 4261 3901 4323 ini-

2270 4359 2429 4428 quius
2442 4372 2602 4427 quam
2619 4355 2994 4410 fornicationis
3007 4369 3169 4409 causa
3193 4368 3418 4407 uxorem
3431 4350 3694 4425 abjicere,
3713 4361 3785 4406 et
3798 4368 3902 4411 se-

581 4451 661 4504 nis
691 4467 875 4516 causa,
900 4451 1029 4521 facit
1062 4468 1180 4507 eam
1216 4453 1483 4517 maritari,
1511 4461 1559 4507 et
1591 4454 1680 4523 qui
1706 4453 1978 4508 dimissam
1998 4452 2167 4509 ἀκωδ-
2194 4492 2247 4552 D
2272 4450 2449 4520 ipsum
2477 4450 2544 4503 ab
2565 4447 2754 4501 eodem
2781 4444 2945 4517 283
2968 4445 3100 4499 vitio
3123 4459 3229 4501 nou
3253 4440 3855 4512 custodire.Sequitur
3883 4462 3903 4505 ς

574 4540 666 4605 rit,
700 4542 1011 4599 mactatur.
1042 4540 1197 4603 Hunc
1218 4542 1397 4600 locum
1429 4544 1688 4600 Dominus
1711 4554 1765 4600 et
1796 4543 2049 4600 Salvator
2072 4560 2168 4601 no-

574 4642 692 4693 ster
726 4636 887 4706 paulo
931 4646 1056 4707 post
1085 4637 1296 4707 plenius
1339 4638 1614 4708 explanat.
1645 4640 1785 4708 quod
1814 4640 1917 4694 hoc
1956 4638 2169 4717 Moyses

577 4735 799 4798 propter
825 4727 1083 4783 duritiam
1108 4728 1293 4784 cordis
1338 4745 1525 4784 eorum
1563 4728 1805 4797 jusserit,
1844 4747 1949 4786 non
2001 4731 2167 4787 disci»

582 4819 730 4879 dium
754 4817 961 4883 volens,
977 4820 1073 4874 sed
1097 4820 1350 4879 auferens
1378 4821 1652 4876 homicidii
1677 4823 1990 4879 discrimen.
2019 4822 2168 4891 Quo.

580 4908 728 4971 niam
761 4907 931 4965 multo
973 4909 1149 4967 lenius
1179 4920 1298 4968 erat
1324 4912 1572 4979 quamvis
1614 4912 1893 4984 lugubrem
1949 4915 2170 4970 evenire

581 5000 1114 5072 discordiam,quam
1139 5018 1237 5073 per
1260 5004 1442 5059 odium
1472 5014 1527 5060 et
1556 5006 1957 5062 infestationem
1980 5008 2170 5064 uxoris

582 5089 735 5147 fundi
766 5092 1107 5163 sanguinem.
1150 5092 1265 5150 Hoc
1292 5094 1491 5165 quippe
1518 5112 1625 5152 non
1656 5096 1915 5151 Dominus
1956 5105 2171 5152 amator

583 5185 734 5252 pacis
759 5192 1115 5257 prarceperat.
1137 5184 1233 5247 sed
1263 5185 1475 5257 Moyses
1496 5203 1562 5244 ex
1587 5204 1705 5252 suo,
1741 5198 1960 5258 propter
1993 5188 2169 5259 pejus,

583 5290 653 5330 ue
703 5276 879 5341 ﬁeret,
927 5277 1214 5335 θυμοειδῆ.
1264 5278 1471 5335 Idcirco
1523 5290 1713 5335 auctor
1754 5278 2079 5346 dilectionis,
2114 5288 2171 5335 et

585 5368 849 5437 magister
906 5369 1155 5426 veritatis
1181 5411 1197 5436 ,
1275 5373 1512 5427 restituit
1559 5372 1970 5443 perfectioribus
2029 5374 2173 5444 quod

587 5459 796 5526 deerat,
838 5470 895 5517 et
940 5462 1232 5534 abnegavit
1283 5463 1568 5519 discidium
1611 5464 2000 5528 insertatioais,
2030 5465 2173 5535 quod

538 5562 545 5569 ‘
586 5551 1001 5621 duricordibus,
1044 5563 1101 5609 et
1153 5569 1259 5611 non
1291 5555 1392 5623 piis
1417 5554 1581 5625 282
1616 5570 1679 5609 ac
1727 5555 1948 5611 mitibus
1991 5557 2175 5617 datum

585 5643 785 5702 fuerat.
848 5644 992 5701 Nihil
1037 5646 1200 5716 igitur
1250 5646 1354 5701 hoc
1404 5646 1523 5700 loco
1573 5646 1855 5710 Christus,
1912 5647 1993 5704 vel
2049 5648 2174 5707 alibi

587 5737 822 5808 deiiipsit
846 5736 972 5809 legi,
995 5736 1152 5810 plura
1200 5751 1331 5794 vero
1359 5734 1589 5792 addidit.
1619 5734 1772 5794 Unde
1799 5736 1883 5793 les
1923 5755 2046 5795 cum
2075 5755 2177 5807 au-

2346 4542 2414 4598 Et
2452 4542 2540 4612 qui
2570 4539 2798 4595 solutum
2826 4559 2856 4593 α
2886 4540 2995 4593 riro
3025 4538 3258 4603 duxerit,
3296 4536 3602 4613 ntaclmtur.
3630 4533 3909 4592 Maccha-

2275 4646 2365 4693 tur
2384 4644 2587 4701 autem,
2617 4633 2743 4703 quia
2769 4634 3070 4689 secundum
3101 4630 3441 4702 Apostolum,
3467 4630 3627 4685 debet
3654 4643 3912 4699 per-mg.

2276 4742 2405 4782 nere
2434 4726 2683 4794 innupta,
2715 4734 2809 4779 aut
2850 4722 2992 4779 forte
3028 4706 3147 4781 viro
3174 4738 3273 4778 suo
3298 4720 3639 4778 reconciliari
3668 4718 3722 4792 (ι
3758 4722 3910 4780 Cor.

2274 4817 2488 4886 vn,ll).
2523 4815 2621 4872 Ubi
2647 4824 2875 4887 apparet
2899 4815 3044 4887 quod
3072 4830 3173 4870 nec
3200 4815 3283 4868 vir
3310 4814 3400 4884 qui
3431 4828 3553 4873 eam
3577 4811 3914 4883 dimiserit,

2276 4912 2402 4965 dum
2428 4908 2514 4964 illa
2543 4910 2783 4973 advenit,
2811 4918 2989 4981 potest
3017 4908 3246 4965 alteram
3273 4907 3552 4977 suscipere
3599 4905 3656 4961 in
3685 4907 3919 4977 conju—

2276 5002 2447 5072 gium,
2491 5002 2632 5058 sicut
2659 5002 2951 5072 Apostolus
2981 5003 3319 5057 manifestat.
3355 4999 3463 5061 Sed
3492 4999 3782 5070 quaeritur
3837 5004 3924 5059 ab

2276 5093 2566 5164 aliquibus,
2594 5104 2778 5150 utrum
2806 5102 2864 5150 et
2908 5093 2998 5148 illa
3048 5094 3373 5158 moechatur,
3404 5108 3526 5163 quae
3566 5091 3703 5148 facit
3765 5110 3924 5169 euq

2276 5207 2401 5247 cum
2447 5208 2556 5261 quo
2613 5191 2825 5257 coierit,
2859 5192 3154 5256 maechari,
3194 5192 3341 5261 quod
3376 5190 3512 5246 satis
3544 5189 3674 5244 hinc
3734 5191 3927 5260 inde,

2277 5293 2370 5338 aut
2396 5300 2460 5339 ex
2488 5281 2781 5354 Evangelio
2808 5292 2903 5337 aut
2936 5299 3005 5338 ex
3032 5283 3311 5353 Apostolo,
3347 5292 3517 5354 patet,
3561 5280 3697 5336 licet
3729 5284 3852 5341 illa
3885 5300 3927 5343 ι

2278 5375 2396 5430 viro
2425 5374 2738 5429 discesserit
2769 5388 2932 5428 causa
2962 5372 3359 5437 fornicationis,
3390 5374 3533 5443 quod
3564 5385 3679 5428 non
3720 5372 3930 5435 liceat

2277 5464 2337 5520 ei
2374 5464 2480 5519 alio
2510 5463 2710 5519 sociari
2757 5465 2895 5528 viro,
2953 5473 3159 5535 quanto
3189 5464 3366 5533 magis
3421 5464 3468 5519 si
3506 5463 3856 5523 dimittatur
3886 5483 3932 5529 ι

2281 5558 2434 5612 viro?
2469 5556 2652 5612 Potest
2673 5557 2820 5612 enim
2848 5557 2961 5612 fieri
2986 5567 3046 5612 ut
3074 5566 3168 5612 aut
3212 5557 3303 5611 illa
3347 5556 3623 5621 discedat,
3670 5569 3784 5616 aut
3826 5563 3935 5623 vit

2280 5666 2404 5707 eam
2438 5649 2655 5705 nolente
2688 5649 2781 5705 illa
2818 5650 3073 5706 dimittat.
3115 5649 3222 5706 Sed
3253 5650 3383 5721 quid
3408 5652 3601 5706 horum
3635 5657 3936 5726 conliga-

2285 5742 2377 5810 rit,
2399 5757 2510 5799 non
2539 5741 2666 5797 licet
2689 5741 2923 5813 aliquem
2954 5758 3167 5809 eorum,
3192 5743 3318 5799 dum
3342 5742 3569 5814 quilibet
3581 5743 3939 5824 advises-it,
