4000 6362
971 314 1336 383 expassm
1375 317 1443 375 ιη
1483 292 1923 377 narrantia.
1967 345 2039 359 -
2074 316 2200 375 un.
2240 316 2331 383 ιιι.
2364 316 2517 374 car.
2563 315 2621 373 v.

3318 320 3424 379 ειη

175 429 387 502 cuipiam
434 427 599 499 alteri
651 431 916 500 copulari.
959 430 1098 499 Quia
1154 433 1442 489 discidium
1496 433 1746 504 quamvis
1771 435 1822 497 Α
1848 431 1993 503 quod
2038 430 2363 487 enormitate
2403 429 2769 484 membrorum
2815 443 3013 485 ccam
3039 432 3347 501 praesideat,
3378 444 3435 492 et

175 534 322 579 causa
351 517 735 577 fornicationis
775 520 1016 591 qualibet
1044 537 1111 576 ex
1130 533 1286 594 parte
1315 522 1410 594 ﬁat
1433 538 1540 579 non
1568 532 1746 579 tamen

172 627 231 670 ex
276 611 527 681 imperio,
575 611 672 668 sed
713 626 783 668 ex
844 612 1174 685 indulgentia
1217 616 1365 685 juste
1408 615 1742 671 conceditur.

176 702 327 767 Unde,
352 702 484 772 quia
534 702 789 761 voluntas
814 704 975 761 unius
1002 722 1159 763 usum
1208 709 1312 765 sibi
1363 709 1660 772 interdixit.
1692 716 1749 765 et

173 805 337 852 reatus
355 794 589 851 alterius
614 796 667 851 id
693 796 896 868 coegit,
925 797 1067 857 haud
1089 799 1313 857 dubium
1345 810 1603 869 utrosque
1626 815 1747 855 ma-

170 901 282 947 nere
308 885 513 942 debere
536 885 661 943 sine
683 887 901 959 copula,
918 888 1023 944 nisi
1045 888 1185 944 forte
1211 890 1266 946 in
1293 890 1523 946 invicem
1556 905 1747 946 recon-

170 977 419 1042 cilientur,
452 977 657 1047 quibus
696 979 871 1050 prius,
898 978 946 1035 si
992 978 1210 1047 vellent,
1243 980 1397 1036 licuit
1438 997 1549 1036 non
1573 982 1747 1037 disce-

169 1067 297 1125 dere.
321 1068 388 1124 Et
454 1069 564 1126 hoc
612 1085 746 1127 sane
774 1072 902 1142 quia
953 1088 1062 1137 non
1114 1088 1184 1135 ex
1227 1083 1355 1133 voto
1384 1073 1505 1139 fuit,
1546 1076 1641 1131 sed
1677 1089 1746 1133 ex

124 1160 393 1229 ,discidio.
440 1160 656 1219 idcirco
700 1173 799 1219 aut
845 1164 1009 1221 simul
1043 1167 1285 1231 redeant,
1333 1177 1427 1225 aut
1471 1167 1634 1225 simul
1684 1182 1746 1225 se

169 1253 498 1321 contineant;
546 1265 816 1325 quatenus
858 1254 1150 1317 fornicatio
1186 1273 1254 1314 ne
1293 1259 1417 1329 plus
1459 1258 1637 1317 valeat
1690 1260 1745 1317 in

168 1359 333 1411 causa,
364 1361 533 1416 quam
559 1344 740 1403 foedus
789 1348 1128 1419 nuptiarum.
1153 1349 1443 1417 Craterum,
1475 1350 1565 1407 ubi
1596 1360 1748 1408 utro-

167 1449 378 1505 rumque
422 1446 553 1493 vota
588 1438 943 1505 conveniunt,
974 1440 1103 1510 quia
1145 1440 1288 1497 Deus
1307 1451 1393 1497 est
1421 1441 1475 1496 in
1505 1441 1745 1513 negotio,

166 1544 260 1591 nec
287 1530 410 1586 licet
444 1546 705 1588 revocare
732 1534 1063 1591 connubium
1103 1536 1310 1600 carnis,
1338 1549 1407 1591 eo
1448 1538 1593 1607 quod
1638 1548 1745 1592 non

169 1622 343 1687 homo,
367 1623 457 1677 sed
508 1623 654 1679 Deus
697 1623 1045 1695 conjnnserit
1092 1641 1206 1683 eos.
1238 1626 1513 1699 Scriptum
1548 1628 1746 1699 quippe

165 1723 260 1781 est,
291 1714 443 1782 Quod
487 1715 635 1772 Deus
662 1717 964 1788 conjunxit,
993 1718 1151 1779 homo
1184 1737 1249 1779 ne
1292 1731 1495 1791 separet
1523 1719 1741 1792 (Matth.

1850 523 1994 579 hunc
2022 522 2163 577 vasti
2207 521 2351 575 aeris
2385 520 2617 590 spatium
2646 519 2898 575 cruribus
2926 520 3309 591 interclaudat,
3336 539 3433 580 ve-

1848 612 1945 667 luti
1993 613 2562 684 Anthropomorpliiue
2592 612 2970 682 suspicantur,
3013 623 3282 684 quatenus
3320 631 3437 672 sca-

1847 704 2046 761 bellum
2078 713 2235 761 teme
2280 705 2505 777 pedibus
2527 704 2758 776 attingat
2787 704 2924 760 :sed
2949 707 3075 775 quia
3110 722 3209 777 per
3231 717 3434 769 terram

1847 808 2034 856 sancta
2077 797 2171 854 Dei
2222 797 2465 852 Ecclesia
2516 795 2802 868 ﬁguratur,
2851 811 2974 866 qua:
3000 796 3254 855 nimirum
3307 812 3434 855 sca--

1847 892 2046 949 bellqu
2071 892 2267 961 pedum
2292 908 2305 944 :
2332 889 2451 959 ejus
2471 887 2597 959 jure
2620 888 2846 955 dicitur,
2874 889 3000 958 quia
3033 887 3245 945 subdita
3269 875 3437 947 Crea-

1848 983 1972 1048 tori,
1997 982 2271 1055 gressibus
2315 980 2435 1050 ejus
2475 989 2768 1050 prostrata,
2804 978 2947 1034 ﬁdeli
2977 980 3264 1039 devotione
3311 980 3436 1039 sub-

1847 1075 2128 1130 sternitur.
2162 1072 2300 1129 Hinc
2354 1086 2568 1142 quoque
2601 1070 2655 1125 in
2710 1071 2960 1141 psalmo:
3005 1071 3184 1127 Donec
3234 1086 3429 1143 ponam

1846 1167 2086 1223 inimicos
2109 1174 2228 1220 tuos
2248 1163 2529 1219 scabellum
2551 1164 2743 1233 pedum
2763 1172 2972 1226 tuorum
2995 1160 3170 1233 (Psal.
3199 1178 3312 1228 ets,
3343 1163 3423 1223 2i.

1849 1255 2158 1313 Seabellum
2188 1255 2389 1327 quippe
2416 1253 2621 1308 inimici
2643 1263 2922 1324 ponuntur
2940 1254 3070 1308 dum
3098 1253 3436 1310 reconciliati

1849 1346 1960 1402 Deo
2003 1346 2197 1402 ditioni
2246 1346 2363 1416 ejus
2392 1343 2572 1399 devoti
2626 1343 2976 1400 inclinantur.
3022 1343 3142 1413 Ipsa
3172 1350 3258 1399 est
3290 1342 3438 1397 enim

1850 1449 1992 1494 terra
2025 1438 2319 1494 viventium
2370 1436 2646 1492 soliditate
2674 1434 2876 1491 Christi
2905 1450 3070 1506 super
3115 1450 3289 1507 aquas
3316 1434 3438 1491 lun-

1846 1532 1995 1597 data,
2027 1546 2147 1602 quae
2177 1532 2334 1600 longe
2371 1529 2477 1584 alio
2525 1528 2751 1584 visionis
2781 1537 3149 1595 sacramento,
3190 1543 3222 1582 a
3253 1527 3438 1599 Moyse

1845 1635 1901 1681 et
1929 1626 2138 1690 Aaron,
2168 1623 2356 1679 Nadab
2401 1638 2622 1693 quoque
2664 1630 2720 1679 et
2746 1621 2908 1685 Abiu,
2934 1637 3039 1677 una
3072 1636 3195 1677 cum
3219 1630 3436 1693 septua-

1845 1717 1993 1788 ginta
2020 1714 2347 1779 senioribus,
2392 1713 2496 1770 sub
2528 1713 2757 1785 pedibus
2784 1712 2878 1768 Dei
2905 1712 3092 1779 Israel,
3120 1712 3278 1783 quasi
3298 1726 3435 1782 opus

162 1820 265 1873 nx,
310 1803 385 1875 6).
418 1805 596 1861 lloino
652 1807 818 1879 igitur
852 1824 948 1865 eos
1000 1825 1108 1866 non
1156 1820 1395 1881 separat,
1450 1812 1543 1867 sed
1598 1798 1818 1868 DeusB
1847 1807 2185 1877 sapbiriuum
2215 1806 2482 1871 cernitur,
2509 1814 2567 1861 et
2609 1804 2767 1876 quasi
2809 1803 3007 1862 caelum
3030 1820 3152 1859 cum
3181 1817 3436 1861 serenu-

161 1893 337 1953 melius
365 1894 475 1949 sibi
502 1897 700 1963 sociat,
732 1913 870 1968 quos
899 1897 1101 1957 Christi
1147 1901 1389 1957 eharitas
1418 1901 1488 1956 ad
1512 1901 1737 1957 liberta-

159 1992 254 2040 tein
270 1984 397 2043 vita
410 2001 483 2042 ex
504 1996 630 2042 voto
648 1987 861 2047 felicius
882 1990 1091 2046 invitat.
1110 1989 1222 2047 Sed
1238 2008 1311 2063 qu
1334 2008 1366 2048 a
1379 1992 1737 2049 circumcirca

158 2075 582 2147 quamplurima},
614 2086 676 2134 ut
701 2079 836 2146 disi,
856 2080 1188 2149 quaestiones
1212 2082 1499 2149 ebulliunt,
1530 2085 1643 2140 haec
1672 2085 1739 2142 de

157 2169 232 2226 his
256 2170 586 2242 simpliciter
625 2172 770 2229 dicta
796 2173 1084 2240 sulliciant,
1107 2173 1236 2233 licet
1274 2176 1513 2233 brevitas
1539 2192 1602 2232 ea
1631 2191 1738 2234 non

155 2264 216 2322 sit
255 2280 423 2335 passa
473 2275 829 2335 prastruere,
861 2276 918 2324 et
961 2267 1372 2340 Scripturaruin
1411 2271 1739 2326 testimoniis

154 2357 316 2425 omnia
338 2357 687 2415 conﬁrmari.

210 2446 440 2515 lterum,
473 2448 674 2520 inquit,
719 2450 944 2506 audistis
971 2452 1097 2524 quia
1126 2453 1326 2509 dictum
1354 2464 1431 2510 est
1466 2455 1736 2525 antiquis:

155 2537 262 2595 Non
283 2540 577 2611 pejerabis,
608 2541 793 2597 reddes
827 2552 1003 2598 autem
1046 2543 1274 2599 Domino
1320 2544 1432 2600 Deo
1454 2554 1544 2599 tuo
1582 2544 1742 2613 jura-

152 2645 363 2691 κωπίω
391 2644 570 2688 tuum.
602 2633 744 2689 Ecce
766 2635 869 2689 hoc
891 2634 1032 2700 loco,
1064 2636 1206 2693 sicut
1233 2648 1288 2692 et
1314 2636 1515 2707 ubique
1537 2636 1591 2690 in
1618 2635 1739 2691 istis

151 2724 387 2780 cumulus
418 2724 655 2796 justitia‘.
679 2726 1099 2797 redintegratur.
1127 2726 1265 2782 Nam
1297 2743 1395 2797 per
1419 2732 1564 2797 quod
1592 2726 1739 2797 quis-

152 2830 242 2885 que
272 2815 457 2886 jurat,
484 2826 578 2871 aut
604 2826 916 2882 veneratur,
950 2826 1044 2873 aut
1069 2818 1266 2890 diligit,
1299 2827 1395 2875 aut
1420 2819 1606 2885 timet;
1656 2817 1739 2874 id-

150 2908 279 2979 circo
300 2908 522 2966 carnali
548 2910 745 2982 populo
766 2910 958 2980 jurare
980 2926 1077 2982 per
1096 2912 1266 2967 Deum
1297 2927 1364 2968 ex
1386 2910 1501 2981 lege
1529 2910 1737 2966 licitum

150 3011 269 3071 erat.
290 3002 360 3057 Et
394 3003 506 3058 hoc
533 3004 689 3073 quasi
720 3003 962 3074 parvulis
991 3017 1311 3061 concessum
1351 3015 1491 3070 erat,
1522 3013 1581 3060 ut
1604 3018 1739 3075 quo-

150 3094 291 3155 modo
317 3095 585 3151 victimas
605 3095 963 3151 immolabant
993 3094 1124 3161 Deo,
1164 3110 1234 3151 ne
1263 3095 1423 3152 idolis
1455 3110 1551 3151 eas
1574 3095 1738 3165 offer—

1843 1908 1944 1956 est.
1969 1898 2081 1954 Nec
2133 1898 2350 1955 mireris
2399 1898 2633 1965 interea,
2662 1898 2706 1953 si
2751 1913 2895 1953 nunc
2944 1906 3114 1963 terra,
3149 1912 3293 1953 nunc
3322 1911 3437 1965 sca-

1842 1993 2041 2049 bellum
2073 1993 2272 2064 pedum
2314 1990 2456 2061 ejus,
2482 1999 2670 2048 sancta
2698 1990 2794 2045 Dei
2824 1989 3066 2046 Ecclesia
3100 1990 3434 2056 nominatur,
3471 2045 3481 2053 ,

1841 2085 2118 2142 interdum
2149 2099 2282 2140 vero
2334 2084 2489 2155 quasi
2520 2082 2742 2149 caelum,
2771 2098 2896 2138 cum
2925 2096 3179 2138 serenum
3203 2090 3310 2147 est,
3336 2080 3437 2137 sub

1841 2177 2071 2248 pedibus
2092 2177 2211 2247 ejus
2231 2177 2510 2243 cernitur;
2532 2176 2659 2247 quia
2690 2191 2800 2231 una
2829 2175 3130 2245 eademque
3155 2190 3244 2231 res
3272 2173 3436 2243 variis

1842 2268 2140 2340 ﬁgurarum
2195 2270 2592 2340 aanigmatibus,
2623 2267 2787 2340 285
2832 2268 2904 2325 ob
2959 2268 3276 2324 meritorum
3323 2265 3438 2322 elli-

1847 2360 2100 2416 cientiam
2155 2370 2213 2416 et
2259 2361 2713 2432 signiﬁcationem
2755 2376 3044 2416 causarum
3076 2360 3199 2416 luce
3236 2359 3438 2417 clarius

1842 2464 2137 2508 reseratur.
2168 2454 2287 2521 Qua
2328 2454 2396 2508 de
2447 2469 2611 2509 causa
2636 2453 2823 2525 jurare
2849 2468 2947 2523 per
2975 2461 3175 2508 terram
3198 2452 3434 2522 aliquam

1845 2547 2047 2611 vetuit,
2080 2561 2172 2615 qui
2200 2545 2494 2602 scabellum
2522 2546 2719 2616 pedum
2751 2546 2892 2616 ejus,
2923 2559 2989 2600 ac
3013 2544 3059 2600 si
3088 2544 3283 2600 coelum
3311 2550 3437 2600 cum

1843 2651 2095 2692 serenum
2125 2645 2228 2701 est,
2283 2636 2541 2691 ﬁrmitate
2568 2646 2849 2706 perpetua,
2888 2645 3073 2691 sancta
3100 2636 3197 2691 Dei
3225 2635 3435 2699 scilicet

1840 2726 2087 2785 Ecclesia
2126 2730 2405 2786 solidatur.
2438 2729 2611 2796 Unde,
2637 2730 2685 2785 si
2723 2730 2847 2801 quis
2876 2739 3076 2785 terram
3106 2740 3198 2784 aut
3238 2728 3435 2785 calum

1840 2821 1926 2876 vel
1955 2821 2292 2877 Hierusalem
2322 2822 2469 2878 illam
2513 2822 2687 2893 magis
2712 2823 2915 2892 aliquid
2959 2822 3236 2878 existimat
3263 2835 3433 2893 quam

1841 2923 2173 2981 creaturam,
2220 2924 2388 2970 errat.
2423 2913 2480 2969 Si
2503 2914 2626 2984 quis
2656 2929 2783 2969 vero
2812 2929 2920 2971 non
2967 2928 3025 2969 se
3081 2913 3251 2968 teneri
3280 2912 3437 2983 jura-

1842 3016 2047 3070 mento,
2070 3008 2196 3077 quia
2231 3015 2483 3062 creatura
2525 3021 2647 3063 esse
2671 3006 2934 3071 cernitur,
2962 3006 3166 3077 cogitet
3197 3007 3339 3076 quod
3370 3005 3427 3062 in

1844 3098 1931 3154 bis
1961 3100 2212 3155 omnibus
2237 3101 2619 3170 pmstantiora
2647 3100 2978 3155 clauduntur
3011 3106 3065 3154 et
3105 3097 3434 3153 adumbratio

153 3193 273 3251 rent,
305 3186 396 3241 sic
423 3194 482 3242 et
517 3184 709 3255 jurare
747 3186 853 3243 illis
896 3186 950 3242 in
998 3186 1170 3243 Deum
1210 3188 1534 3258 permissum
1581 3195 1735 3253 erat;
1766 3166 1813 3229 (ἶ
1847 3199 1934 3244 tur
1993 3206 2213 3245 arcana.
2239 3166 2385 3257 tuuis
2430 3191 2573 3246 enim
2628 3191 2843 3262 ignorat
2898 3188 3043 3260 quod
3096 3186 3435 3244 Hierusalem

150 3293 242 3337 non
266 3279 419 3350 quod
450 3287 601 3336 recte
647 3280 753 3335 hoc
780 3278 1029 3335 facerent
1066 3279 1163 3335 sed
1216 3279 1346 3349 quia
1401 3278 1594 3333 melius
1621 3286 1742 3334 erat

150 3370 249 3427 Deo
266 3372 318 3426 id
344 3372 617 3429 exhibere
641 3388 806 3443 quam
839 3370 1006 3444 285
1025 3371 1379 3449 daemonibus.
1410 3370 1482 3426 At
1511 3385 1642 3425 vero
1659 3369 1740 3426 illi

148 3476 236 3532 per
268 3458 541 3520 elementa
560 3462 786 3534 jurandi
816 3480 1029 3536 setnper
1058 3465 1348 3535 pessimam
1375 3463 1727 3519 censuetudi-

148 3568 270 3615 nem
297 3563 553 3619 tenuere,
593 3556 741 3613 sicut
782 3571 815 3612 a
841 3556 1121 3627 prophetis
1149 3571 1313 3626 quam
1340 3564 1745 3626 smpe'arguun-

152 3654 255 3700 tur.
285 3644 552 3704 durabant
584 3663 823 3719 namque
872 3664 972 3719 per
999 3649 1245 3721 angelos,
1271 3649 1537 3720 jurabant
1562 3659 1616 3702 ct
1645 3663 1745 3717 per

150 3738 328 3794 urbem
370 3739 720 3797 Hierusalem
749 3756 817 3797 ac
844 3757 942 3811 per
965 3741 1262 3811 templum;
1297 3750 1580 3796 creaturas
1608 3754 1743 3809 quo-

150 3843 247 3900 Quo
270 3845 468 3904 resque
490 3832 744 3889 carnales
768 3826 1032 3905 obsequio
1061 3842 1118 3888 et
1144 3834 1351 3889 honore
1385 3832 1482 3887 Dei
1516 3846 1744 3887 venera-

154 3921 354 3979 bantur.
388 3924 605 3980 Idcirco
654 3926 1099 3996 superstitionem
1156 3925 1515 3980 contumacia:
1541 3924 1745 3980 veteris

151 4016 492 4084 condemnat,
525 4028 585 4073 et
630 4018 949 4090 religionem
998 4017 1222 4089 jurandi
1267 4030 1365 4087 per
1405 4015 1626 4082 caelum,
1658 4014 1745 4071 vel

149 4115 360 4177 terram,
389 4120 492 4166 aut
539 4124 725 4183 caput,
753 4112 954 4178 aufert,
991 4112 1116 4182 quia
1153 4112 1207 4166 in
1232 4111 1616 4167 contumeliam
1646 4110 1743 4166 Dei

149 4203 472 4257 sacramenti
513 4204 927 4259 venerationem
982 4202 1315 4260 referebant.
1362 4202 1533 4258 Porro
1571 4200 1745 4259 Judaei

148 4290 242 4351 alia
268 4309 335 4349 es
368 4295 497 4364 lege
530 4297 787 4368 agebant,
815 4297 922 4353 alia
941 4312 1010 4352 ex
1044 4297 1339 4353 traditione
1385 4306 1442 4352 et
1484 4298 1747 4368 supersti-

151 4382 282 4440 lione
313 4384 758 4454 Pharisaeorum,
811 4388 916 4446 alia
969 4388 1227 4446 falsitatis
1270 4405 1459 4446 errore
1510 4389 1741 4460 decepti.

148 4476 266 4543 Qua
303 4481 501 4536 omnia
550 4481 809 4554 llagister
856 4484 1107 4540 veritatis
1154 4498 1458 4550 removens,
1510 4500 1575 4541 ea
1623 4499 1745 4555 qua

148 4566 237 4642 legi
260 4571 505 4629 deerant
530 4576 882 4645 adimplebat.
928 4575 1067 4633 Hinc
1097 4592 1312 4648 quoque
1340 4579 1417 4633 ait
1445 4595 1459 4632 :
1504 4576 1620 4648 Ego
1646 4594 1744 4633 ait-

149 4673 237 4719 tem
257 4668 378 4722 dico
403 4668 557 4723 vobis
584 4685 690 4723 non
709 4670 903 4740 jurare
921 4672 1136 4726 omnino
1161 4688 1255 4742 per
1278 4669 1487 4736 cretum,
1512 4679 1571 4725 et
1593 4668 1749 4726 addi-

150 4755 239 4822 dit,
264 4761 395 4831 quia
424 4764 655 4823 thronus
676 4764 769 4820 Dei
795 4776 892 4821 est.
911 4765 1167 4822 Thronus
1195 4768 1382 4836 utique
1411 4767 1525 4833 Dei,
1556 4775 1611 4823 et
1636 4781 1743 4822 non

151 4848 298 4918 Dens,
329 4855 474 4927 quia
502 4864 753 4911 creatura
806 4871 931 4914 esse
980 4859 1266 4931 probatur.
1297 4858 1471 4915 Porro
1508 4860 1563 4914 in
1604 4858 1741 4929 lege,

152 4938 379 5013 Reddas,
401 4947 609 5017 inquit,
645 4947 1007 5019 jurametttum
1039 4961 1186 5005 tuum
1221 4949 1446 5005 Domino
1480 4950 1588 5005 Deo
1629 4960 1739 5004 tuo.

150 5028 217 5086 lﬂi
237 5049 373 5092 vero
398 5048 441 5090 e
471 5039 772 5104 contrario,
797 5049 895 5094 aut
937 5040 1134 5096 cmlum
1165 5040 1284 5111 plus
1314 5040 1519 5112 aliquid
1569 5041 1748 5112 suspi-

150 5137 351 5196 caltes,
380 5141 487 5186 am
513 5130 663 5187 forte
704 5132 750 5188 si
793 5146 892 5205 per
935 5148 1061 5190 eum
1104 5133 1378 5205 iurarent,
1426 5148 1749 5205 persuasum

150 5216 419 5279 habebant
455 5237 564 5278 non
595 5238 655 5279 se
675 5223 995 5291 juramento
1021 5226 1213 5281 teneri.
1249 5224 1543 5297 Propterea
1572 5225 1748 5297 provi‘

152 5308 244 5366 dus
267 5313 487 5373 aliter
521 5315 605 5370 sic
642 5319 970 5372 sententiam
1024 5327 1312 5388 temperat,
1363 5327 1420 5373 ut
1455 5325 1509 5372 et
1548 5317 1743 5374 malum

151 5399 237 5457 Dei
282 5415 549 5462 creatura
597 5409 887 5475 credatur,
921 5419 977 5466 et
1031 5418 1212 5465 tamen
1258 5411 1388 5482 quia
1446 5411 1741 5467 secundum

152 5495 451 5566 spiritalem
484 5500 899 5571 intelligentiam
932 5504 1162 5559 thronus
1192 5502 1287 5558 Dei
1318 5510 1423 5569 est,
1471 5517 1530 5558 se
1572 5502 1755 5559 teneri

147 5587 478 5657 iuramento.
501 5594 732 5665 quisque
758 5611 855 5667 per
878 5611 1001 5651 eum
1020 5595 1314 5663 iuraverit,
1338 5604 1639 5652 asseverat.
1666 5595 1744 5650 Ita

151 5695 364 5757 mque
409 5695 473 5766 et
520 5686 590 5743 de
618 5696 764 5751 terra
796 5688 1158 5751 sentiendum,
1188 5703 1285 5758 per
1325 5704 1488 5759 quam
1520 5687 1744 5743 omnino

147 5771 330 5847 jurare
373 5788 546 5848 vetat,
578 5781 702 5857 quia
761 5780 1048 5838 scabellum
1096 5780 1287 5855 pedum
1333 5780 1447 5854 ejus
1477 5788 1574 5837 est.
1625 5777 1751 5837 Non

1842 3280 1932 3335 illa
1965 3290 2181 3335 terrena
2208 3280 2351 3336 illius
2372 3280 2614 3335 erelestis
2656 3280 2948 3349 imaginem
2994 3278 3183 3349 gerat?
3217 3277 3283 3332 Et
3314 3277 3435 3332 ideo

1842 3377 2089 3449 quisquis
2128 3392 2224 3447 per
2248 3393 2369 3432 eam
2388 3376 2557 3446 jurat,
2584 3374 2962 3446 jusjurandum
2992 3374 3042 3429 ei
3070 3372 3231 3429 debet
3278 3370 3437 3443 cujus

1842 3480 1926 3525 cst
1953 3469 2164 3533 civitas,
2218 3483 2320 3523 nec
2366 3467 2519 3522 alteri
2568 3482 2733 3537 quam
2784 3465 2858 3522 illi
2906 3466 3239 3521 reddendum
3288 3471 3437 3520 recte

1842 3573 2085 3635 putatur.
2118 3564 2224 3617 Sed
2270 3573 2331 3617 ut
2354 3561 2656 3631 simplicius
2688 3560 2882 3629 loquar
2910 3557 3272 3630 argumentati
3304 3565 3434 3612 sunt
3474 3590 3477 3593 -

1845 3669 1904 3709 se
1952 3670 2056 3707 non
2104 3653 2274 3706 teneri
2297 3651 2628 3723 jurameuto,
2658 3650 2702 3703 si
2733 3664 2832 3720 per
2856 3663 2919 3702 ea
2950 3657 3159 3701 tantum
3196 3646 3266 3701 ad
3291 3645 3438 3711 litte-

1844 3762 1960 3801 ram
1988 3746 2291 3818 jnrassent,
2322 3744 2448 3814 quia
2496 3743 2698 3797 dictum
2747 3738 2924 3794 fuerat
2954 3757 2967 3793 :
3001 3736 3205 3792 Reddas
3253 3744 3432 3790 autem

1847 3838 2071 3893 Domino
2101 3837 2211 3891 Deo
2246 3836 2611 3907 juramentam
2647 3844 2817 3889 tuam.
2859 3832 3068 3888 Idcirco
3105 3831 3263 3887 docet
3301 3824 3437 3885 nihil

1850 3939 1958 3985 tam
1992 3930 2095 3985 vile
2127 3930 2180 3984 in
2215 3928 2483 3986 creaturis
2509 3928 2625 3991 Dei,
2651 3936 2711 3981 ut
2736 3941 2833 3997 per
2868 3927 2972 3981 hoc
3001 3924 3230 3996 quisque
3250 3920 3439 3994 perjn~

1848 4036 1971 4076 rare
2001 4022 2215 4086 debeat,
2270 4020 2509 4090 quando,
2557 4033 2587 4073 a
2637 4017 2864 4073 summis
2910 4030 3084 4088 usque
3127 4016 3196 4071 ad
3249 4015 3436 4071 inﬁma

1846 4130 2074 4186 qumque
2115 4114 2293 4169 divina
2327 4112 2673 4167 Providentia
2696 4120 2892 4165 cuncta
2920 4117 3105 4165 creata
3147 4116 3431 4180 reguntur.

1847 4208 1982 4263 Hine
2009 4223 2223 4279 quoque
2254 4206 2443 4276 incipit
2485 4221 2515 4258 a
2574 4206 2768 4258 throno
2802 4201 2919 4266 Dei,
2968 4201 3110 4271 quod
3153 4199 3441 4256 sublimius

1847 4308 1948 4359 est.
1971 4308 2022 4353 et
2055 4297 2299 4369 pervenit
2326 4312 2494 4365 usque
2519 4295 2585 4348 ad
2608 4292 2859 4364 capillum
2885 4284 3065 4345 album
3090 4289 3176 4345 vel
3200 4289 3437 4359 nigrum,

1846 4392 1988 4461 quod
2016 4389 2172 4443 vilius
2197 4396 2299 4443 est.
2326 4387 2390 4440 Et
2411 4387 2650 4440 insinuat
2681 4399 2777 4439 nec
2800 4398 2897 4454 per
2924 4391 3087 4453 caput
3115 4382 3311 4437 debere
3340 4392 3441 4437 nos

1842 4479 2053 4551 jurare,
2086 4479 2334 4549 quamvis
2364 4477 2495 4532 nihil
2525 4476 2697 4543 magis
2724 4474 2790 4529 ad
2822 4490 2919 4530 nos
2946 4474 3225 4546 pertinere
3253 4474 3439 4529 videa-

1852 4587 1955 4632 tur.
1992 4574 2100 4630 Sed
2142 4574 2412 4644 quomodo
2468 4580 2710 4627 nostrum
2737 4579 2842 4636 est,
2884 4570 3326 4641 uhipotestatem
3357 4566 3439 4623 fas

1847 4668 2027 4725 cicndi
2055 4668 2141 4723 vel
2181 4666 2547 4721 commutandi
2581 4665 2820 4720 colorem
2860 4664 2997 4735 nigri
3038 4671 3130 4721 aut
3168 4662 3278 4717 albi
3326 4672 3438 4717 non

1849 4759 2183 4817 habeamus?
2210 4758 2502 4831 Propterea
2528 4756 2872 4813 inel’fabiliter
2907 4764 3096 4812 tenent
3131 4755 3312 4812 omnia
3337 4794 3352 4818 ,
3382 4761 3441 4808 et

1847 4855 2050 4924 ubique
2076 4852 2330 4924 praesenti
2349 4852 2714 4920 juramentum
2737 4850 2965 4905 debetur
2988 4848 3249 4904 veritatis.
3284 4844 3439 4903 Unde

1848 4946 2076 5017 quisque
2115 4954 2213 5016 per
2251 4952 2409 5016 caput
2433 4942 2601 5011 jurat,
2647 4941 2725 4997 illi
2750 4943 2934 5011 utique
2980 4940 3138 4996 debet
3161 4936 3440 5009 jusjuran-

1852 5039 1998 5101 dum,
2029 5038 2120 5107 qui
2144 5044 2467 5108 potestatem
2499 5035 2693 5106 capitis
2724 5034 2907 5099 habet,
2941 5042 2995 5088 et
3020 5033 3175 5103 cujus
3205 5032 3437 5101 ﬁguram

1858 5139 2020 5200 caput
2042 5139 2204 5185 tenet.
2231 5128 2366 5184 Nam
2391 5136 2552 5199 caput
2572 5136 2814 5183 nostrum
2839 5124 3106 5188 Christus,
3123 5129 3282 5192 caput
3306 5133 3439 5174 vero

1849 5222 2050 5279 Christi
2100 5222 2279 5278 Deus:
2307 5229 2361 5277 et
2390 5222 2511 5277 ideo
2551 5219 2783 5290 quisque
2818 5231 2915 5289 per
2944 5223 3107 5286 caput
3140 5213 3303 5282 jurat.
3361 5209 3441 5265 illi

1853 5318 2040 5387 utique
2066 5317 2224 5372 debet
2250 5314 2621 5387 juramentum
2645 5328 2824 5378 suum,
2850 5310 3006 5381 cujus
3052 5293 3223 5376 ﬁgura
3251 5313 3305 5360 et
3344 5319 3438 5375 μοι

1853 5416 2021 5462 testas
2045 5410 2100 5461 in
2130 5421 2197 5460 eo
2224 5416 2422 5460 manet.
2451 5404 2839 5461 Verumtamen
2872 5403 2998 5474 quia
3028 5402 3128 5456 ista
3158 5400 3225 5454 de
3249 5407 3441 5468 superq-

1852 5499 2070 5554 stitione
2138 5496 2227 5553 vel
2271 5512 2457 5552 errore
2504 5496 2814 5551 lmkeornm
2884 5504 3178 5558 venerant,
3228 5495 3444 5545 resecat

1854 5591 2011 5645 noxia
2042 5598 2097 5644 et
2127 5588 2418 5658 superflua,
2449 5587 2683 5657 complet
2714 5596 2894 5642 autem
2927 5588 2993 5641 ad
3029 5585 3438 5657 perfectionem,

1853 5684 1982 5739 dum
2013 5682 2151 5737 tollit
2170 5680 2390 5750 jurandi
2419 5681 2787 5742 occasionem,
2818 5694 2939 5750 qua:
2994 5678 3294 5735 defuerant.
3334 5674 3442 5732 Sed

1852 5774 2183 5847 tamenquia
2216 5774 2432 5831 videtur
2451 5771 2743 5846 Apostolus
2769 5786 2933 5846 quam
2959 5786 3102 5847 saepe
3118 5770 3356 5844 jurasse,
3386 5771 3451 5826 et
