4000 6362
570 291 675 346 255

1351 292 1409 349 S.
1449 293 1805 351 PASCHASII
1843 292 2188 350 BADBERTI
2224 295 2514 351 ABBATIS
2551 295 3003 354 CORBEIENSIS

3732 305 3834 364 256

569 403 815 459 veritatis
847 411 1186 459 sacramenta
1228 405 1372 459 inter
1409 406 1749 462 Christianos
1790 423 1887 477 pro
1933 406 2223 472 satisfa--A
2250 411 2608 479 quodcunque
2636 426 2733 465 nos
2760 427 2968 476 sumus,
2995 412 3139 481 quod
3172 413 3224 467 in
3256 415 3410 470 nobis
3451 416 3534 469 vel
3585 433 3652 472 ex
3683 419 3835 477 nobis

567 496 747 551 ctione
775 496 1017 562 alterius,
1045 496 1170 550 licet
1189 511 1219 550 a
1249 497 1388 551 malo
1425 499 1554 564 sint,
1592 501 1926 569 frequentius
1947 515 2138 554 conce-

569 587 791 652 duntur,
850 588 1018 657 liquet
1073 588 1217 657 quod
1256 588 1505 645 Christus
1557 593 1771 661 penitus
1813 592 1998 661 jurare
2039 608 2142 646 non

568 681 872 751 prohibuit;
905 680 999 734 sed
1039 689 1259 750 propter
1288 684 1628 739 occasionem
1677 685 1919 755 perjurii,
1965 687 2148 740 docuit

568 772 710 841 quod
757 770 1050 840 perfectius
1093 780 1205 835 est;
1238 783 1293 826 et
1329 773 1564 828 ostendit
1609 775 1866 845 quidquid
1923 775 2146 830 ulterius

568 862 648 922 fit,
685 871 802 917 esto
849 862 1011 915 liceat
1043 863 1288 918 veritatis
1326 865 1570 930 obtentu,
1602 867 1742 936 quod
1773 883 1803 920 a
1852 867 1996 921 malo
2039 876 2142 932 est,

565 953 732 1025 286
758 953 885 1007 dum
912 953 1162 1022 quisque,
1192 971 1288 1024 pro
1309 955 1584 1011 dubietate
1627 957 1865 1022 alterius,
1899 967 1954 1011 ut
1985 957 2145 1012 fidem

565 1043 773 1113 facint}|
801 1044 892 1114 qui
918 1060 1022 1098 non
1059 1047 1254 1110 credit,
1272 1047 1458 1115 jurare
1485 1049 1712 1118 cogitur.
1731 1049 1866 1104 Hinc
1890 1059 1974 1104 est
2003 1052 2144 1120 quod

563 1135 850 1205 Apostolus
870 1151 1012 1207 sche
1029 1135 1198 1204 jurat.
1217 1146 1274 1192 ut
1300 1138 1527 1193 infirmis
1543 1141 1609 1195 ad
1625 1140 1782 1195 fidem
1803 1143 2140 1212 persuadeat.

562 1228 698 1283 Hinc
749 1237 830 1282 est
875 1229 1018 1298 quod
1059 1229 1297 1284 Ecclesia
1341 1245 1468 1284 suos
1495 1246 1592 1300 pro
1643 1232 1792 1301 pacis
1831 1233 2032 1288 fmdere
2079 1233 2140 1287 fl-

560 1321 756 1390 deique
786 1336 1011 1376 assensu
1038 1320 1353 1392 frequenter
1392 1323 1576 1392 jurare
1607 1327 1872 1381 cnncedit.
1903 1323 2008 1380 Sed
2045 1326 2145 1380 Do-

559 1415 743 1469 minus
788 1415 970 1469 docuit
1021 1416 1163 1485 quod
1220 1416 1511 1485 perfectius
1563 1427 1668 1483 est,
1727 1419 1947 1474 indulsit
2002 1420 2143 1490 quod

540 1506 927 1572 infirmitatis,
970 1510 1234 1563 resecavit
1277 1511 1417 1580 quod
1451 1512 1882 1580 superstitiosum
1927 1521 2045 1567 erat
2090 1517 2144 1566 et

559 1601 800 1655 noxium.
828 1599 961 1666 Quia
992 1600 1254 1671 profecto,
1289 1603 1427 1656 sicut
1471 1603 1686 1657 mentiri
1719 1619 1822 1658 non
1850 1612 2028 1674 potest
2053 1604 2142 1672 qui

543 1707 662 1748 non
691 1693 965 1764 loquitur:
1001 1695 1078 1749 sic
1112 1696 1386 1765 perjnrare
1437 1697 1659 1752 omnino
1710 1713 1813 1751 non
1853 1697 2011 1762 valet,
2044 1698 2137 1767 qui

2252 515 2354 569 est,
2399 519 2492 559 seu
2543 505 2896 574 quodcunque
2941 504 3083 560 circa
3139 519 3236 559 nos
3286 516 3388 572 est,
3421 509 3487 563 ab
3515 524 3581 563 eo
3625 521 3836 565 constat

2247 612 2388 661 esse,
2420 599 2684 667 quodest.
2719 596 2814 652 Sin
2863 607 3041 652 autem
3080 613 3148 652 ex
3176 614 3240 653 eo
3276 615 3381 654 non
3414 600 3663 655 habuerit
3693 618 3832 670 esse,

2248 690 2432 758 utique
2464 704 2568 742 non
2593 697 2692 742 est.
2719 688 2947 756 Propter
2975 687 3114 758 quod
3151 689 3288 743 mira
3325 690 3603 760 dispositio
3630 708 3829 754 rerum.

2246 797 2407 838 omne
2432 782 2574 850 quod
2595 797 2700 834 non
2733 789 2834 843 est,
2864 781 2988 850 quia
3024 797 3130 834 non
3161 780 3323 835 habet
3347 797 3466 836 esse
3495 783 3563 836 ab
3595 797 3661 836 eo
3692 783 3835 851 quod

2246 883 2351 937 est,
2383 889 2487 927 non
2521 873 2695 927 minus
2717 888 2904 926 verum
2944 881 3048 937 εει,
3073 873 3199 942 quia
3230 887 3333 926 non
3361 881 3462 937 est,
3504 889 3667 943 quam
3692 873 3836 943 quod

2245 973 2349 1027 est,
2381 971 2434 1017 et
2454 963 2685 1033 partitur
2713 977 2831 1018 esse
2853 977 2921 1017 ex
2942 978 3008 1018 eo
3044 963 3186 1033 quod
3217 973 3318 1018 est.
3349 963 3483 1018 Hinc
3505 964 3670 1035 igitur
3700 981 3832 1019 con-

2245 1061 2373 1117 stat,
2399 1055 2542 1124 quod
2564 1053 2618 1107 in
2637 1069 2732 1108 ore
2757 1053 3074 1119 Christiani,
3105 1070 3212 1109 non
3257 1055 3432 1108 minus
3461 1056 3513 1109 in
3559 1057 3832 1126 negando,

2246 1161 2407 1216 quam
2431 1146 2482 1199 in
2511 1145 2802 1200 asserendo
2831 1159 3044 1216 semper
3083 1145 3286 1200 veritas
3333 1160 3454 1200 esse
3494 1146 3674 1199 debet.
3729 1144 3836 1200 Sed

2247 1248 2425 1294 tamen
2471 1238 2597 1292 talia
2622 1253 2742 1309 quae
2774 1247 2881 1292 tam
2928 1238 3092 1292 ardua
3138 1247 3265 1292 sunt
3305 1249 3359 1294 et
3419 1236 3674 1302 difﬁcilia,
3707 1240 3835 1308 quia

2245 1329 2501 1400 peccandi
2543 1329 2629 1383 via
2679 1329 2812 1383 satis
2865 1328 3068 1383 lubrica
3115 1337 3219 1393 est,
3255 1345 3414 1382 nemo
3467 1330 3585 1384 sine
3637 1329 3836 1398 spiritu

2245 1419 2574 1475 fortitudinis
2598 1420 2860 1485 custodit;
2891 1435 3049 1475 nemo
3069 1421 3170 1475 nisi
3198 1422 3402 1476 esuriat
3427 1430 3482 1476 et
3503 1422 3652 1476 sitiat
3674 1420 3840 1489 justi-

2245 1512 2398 1576 tiam,
2425 1520 2605 1581 partes
2629 1512 2751 1566 vita:
2782 1513 3152 1582 perfectiores,
3203 1521 3256 1568 et
3283 1524 3718 1570 consummatam
3751 1530 3835 1570 re-

2245 1607 2332 1677 gni
2357 1605 2594 1661 caelestis
2608 1605 2878 1673 justitiam
2906 1606 3237 1675 adimplebit.

2319 1697 2575 1762 Audistis,
2611 1699 2737 1768 quia
2773 1698 3021 1767 scriptum
3049 1711 3066 1748 :
3098 1696 3323 1751 Oculum
3373 1715 3467 1768 pro
3500 1697 3674 1761 oculo,
3710 1699 3841 1753 den-

553 1799 827 1854 nunqnam
853 1785 1019 1855 jurat.
1054 1785 1259 1840 Idcirco
1292 1802 1449 1839 nemo
1500 1788 1639 1840 sicut
1669 1789 1866 1840 bonum
1922 1796 2140 1857 appetat
2171 1792 2214 1851 Β
2243 1798 2342 1843 tem
2385 1806 2479 1857 pro
2522 1789 2689 1843 dente.
2731 1787 3174 1843 Subaudiendum
3217 1797 3301 1843 est
3331 1789 3538 1853 reddet,
3596 1797 3656 1841 ut
3705 1797 3840 1843 aetas

547 1873 944 1946 jusjurandum,
996 1875 1088 1930 sed
1149 1892 1248 1946 pro
1295 1876 1613 1932 infirmitate
1666 1877 1892 1931 alterius
1941 1892 2060 1946 qure
2104 1893 2134 1931 a

498 2025 502 2029 _
553 1967 696 2022 malo
742 1977 844 2032 est,
895 1968 1019 2037 quia
1064 1967 1354 2022 infirmitas
1404 1967 1541 2021 mala
1601 1977 1702 2032 est,
1759 1978 1940 2022 utatur
1986 1967 2137 2036 jura-

553 2066 735 2112 mento
755 2058 1002 2114 veritatis
1023 2058 1264 2114 subsidio
1282 2057 1472 2123 fretus,
1490 2067 1549 2112 ut
1563 2058 1614 2114 ei
1640 2060 1960 2129 persuadeat
1977 2075 2135 2130 quem

545 2151 670 2222 jure
697 2151 1001 2207 necessaria
1031 2151 1135 2206 fide
1174 2151 1372 2206 viderit
1417 2152 1700 2206 infirmari.
1735 2152 1905 2206 Aliter
1931 2163 2131 2207 autem.

532 2299 534 2302 ,
625 2241 806 2298 Sermo
853 2254 1040 2309 vester,
1098 2242 1291 2312 inquit,
1341 2245 1458 2298 sit:
1497 2243 1616 2311 Est,
1659 2255 1767 2309 est;
1813 2242 1955 2308 Non,
2010 2263 2131 2299 non.

549 2329 688 2398 Quia
739 2333 960 2387 omnino
1006 2333 1314 2403 evangelica
1361 2333 1562 2388 \eritas
1600 2350 1704 2388 non
1757 2335 1948 2404 recipit
1988 2333 2136 2402 jura-

550 2437 810 2492 mentum,
838 2429 930 2483 sed
956 2428 1180 2483 alterius
1207 2428 1492 2484 infirmitas
1534 2429 1584 2484 id
1611 2429 1780 2499 cogit,
1820 2429 1944 2482 dum
1970 2427 2132 2498 quili-

548 2521 642 2577 bet
669 2521 966 2592 simplicem
995 2538 1100 2576 uon
1129 2530 1306 2592 potest
1336 2522 1575 2592 recipere
1603 2522 1905 2577 veritatem.
1932 2520 2133 2576 Verum

548 2613 892 2684 quodcomnis
945 2627 1125 2668 sermo
1163 2612 1333 2668 fidelis
1366 2622 1510 2668 recte
1540 2629 1641 2683 pro
1657 2611 2014 2681 jurejurando
2045 2627 2135 2666 ac-

546 2707 766 2778 cipitur,
817 2716 870 2762 et
918 2707 1037 2762 ideo
1066 2707 1118 2760 in
1163 2706 1252 2760 illo
1287 2722 1499 2776 semper
1527 2722 1648 2761 esse
1690 2705 1848 2760 debet
1889 2707 1942 2760 in
1987 2705 2134 2759 affir-

547 2799 767 2864 mando,
795 2809 892 2864 est,
917 2810 1012 2864 est,
1046 2799 1098 2853 in
1132 2800 1398 2869 negando,
1437 2815 1559 2864 non,
1603 2815 1737 2862 non;
1767 2795 1960 2851 sulIicit
1987 2798 2131 2851 enim

507 2930 510 2932 η
547 2888 727 2944 dicere
756 2903 868 2953 ore,
897 2899 983 2943 est
1004 2889 1154 2954 illud,
1184 2891 1326 2958 quod
1357 2891 1409 2944 in
1441 2889 1603 2944 corde
1625 2899 1737 2955 est;
1773 2906 1876 2943 non
1909 2898 1991 2943 est
2039 2905 2136 2943 au-

549 2987 677 3043 tem,
704 2979 756 3032 in
792 2994 908 3043 ore,
939 2979 1086 3044 illud,
1116 2980 1257 3048 quod
1287 2981 1341 3034 in
1393 2981 1556 3035 corde
1585 2997 1691 3034 non
1726 2989 1830 3035 est.
1859 2979 2131 3050 Quidquid

546 3085 676 3127 vero
719 3081 871 3128 extra
920 3073 1060 3127 hanc
1107 3073 1344 3143 regulam
1389 3088 1544 3128 secus
1588 3082 1705 3139 est,
1735 3083 1881 3128 certe
1918 3083 2012 3127 alii.
2065 3090 2131 3128 ex

2242 1879 2392 1932 rudis
2416 1878 2564 1942 vitze,
2590 1878 2742 1947 quasi
2782 1877 3006 1947 justitia:
3061 1877 3273 1931 initium
3300 1885 3677 1947 pnestruatur.
3715 1876 3837 1932 Cae-

2241 1966 2415 2024 terum
2460 1968 2708 2023 Christus
2751 1968 3016 2039 justitiam
3063 1968 3317 2039 perfectae
3358 1969 3481 2024 vitae
3525 1970 3838 2035 insinuans,

2241 2061 2444 2115 addidit
2485 2062 2626 2130 quod
2657 2061 2862 2116 deerat.
2898 2060 3050 2116 Unde
3076 2069 3226 2131 patet
3268 2062 3406 2117 sicut
3439 2062 3571 2116 etin
3621 2063 3840 2118 caeteris

2241 2153 2394 2217 locis,
2427 2154 2567 2222 quod
2598 2168 2661 2207 ea
2689 2169 2807 2223 qua:
2850 2153 2916 2207 de
2967 2151 3080 2223 lege
3123 2163 3267 2218 sunt,
3299 2153 3441 2207 inter
3487 2153 3838 2223 prudentiam

2240 2245 2440 2309 carnis,
2468 2254 2522 2299 et
2555 2253 2986 2299 consummatum
3015 2245 3287 2315 Evangelii
3332 2243 3600 2313 justitiam
3654 2245 3840 2300 media

2240 2346 2385 2391 sunt.
2413 2335 2630 2391 Manent
2680 2337 2840 2404 igitur
2888 2336 3014 2390 hinc
3059 2335 3181 2390 inde
3225 2337 3378 2406 quasi
3435 2337 3541 2391 duo
3586 2337 3839 2402 termini,

2240 2445 2380 2484 unus
2410 2430 2500 2498 qui
2543 2429 2779 2484 detrahit
2803 2429 2869 2482 ad
2919 2427 3154 2498 culpam,
3191 2428 3329 2482 alter
3356 2444 3485 2483 vero
3533 2428 3626 2498 qui
3679 2431 3840 2498 regni

2235 2519 2498 2590 justitiam
2539 2517 2830 2587 perfectius
2880 2518 3083 2588 implet.
3124 2517 3382 2572 Medietas
3435 2534 3598 2588 porro
3633 2519 3837 2574 horum

2242 2609 2467 2681 legalem
2497 2611 2676 2665 adhuc
2709 2610 2929 2664 rudibus
2955 2609 3143 2678 pandit
3173 2610 3535 2679 disciplinam.
3563 2610 3681 2665 Non
3715 2627 3841 2666 mo-

2240 2700 2392 2756 dicus
2425 2701 2638 2769 quidem
2659 2699 2885 2768 justitiae
2907 2701 3104 2770 gradus
3133 2710 3234 2763 est,
3259 2701 3379 2771 plus
3405 2701 3640 2766 laedenti,
3663 2717 3840 2772 quam

2240 2794 2436 2858 intulit,
2467 2809 2572 2848 non
2608 2793 2919 2863 rependere.
2971 2793 3104 2847 Nam
3152 2795 3430 2862 prudentia
3483 2796 3669 2848 carnis
3711 2810 3844 2865 quae

2243 2887 2310 2939 ab
2331 2885 2588 2956 Apostolo
2616 2900 2764 2939 mors
2807 2885 3006 2939 dicitur
3034 2885 3210 2957 (Rom.
3241 2901 3357 2952 vui,
3387 2887 3467 2957 6),
3501 2895 3586 2940 εει
3616 2886 3841 2953 ulcisci,

2241 2977 2506 3039 insidiari,
2531 2977 2862 3045 concupisci,
2886 2992 3004 3046 qua:
3026 2976 3206 3030 carnis
3228 2986 3354 3031 sunt
3377 2977 3571 3032 callide
3602 2979 3840 3044 sectari,

2239 3076 2294 3121 et
2323 3077 2518 3122 caetera
2566 3065 2893 3135 lmjusmodi.
2948 3065 3162 3120 iustitia
3217 3081 3344 3120 vero
3394 3065 3528 3136 legis
3579 3076 3845 3138 segregat

547 3164 830 3220 mendacio
857 3173 958 3229 est,
993 3173 1086 3219 aut
1113 3180 1179 3219 ex
1227 3164 1542 3220 infirmitate
1587 3165 1830 3230 alterius,
1883 3165 2011 3219 licet
2042 3181 2133 3220 ve-
2162 3162 2206 3223 C
2239 3177 2336 3217 nos
2367 3162 2435 3216 ab
2466 3162 2568 3223 his,
2596 3171 2648 3214 et
2677 3161 2888 3214 initium
2911 3159 3161 3230 perfecta
3189 3160 3309 3213 vita:
3349 3175 3475 3214 suos
3499 3151 3677 3214 adhuc
3724 3169 3846 3215 ter-

547 3269 669 3309 rum
718 3254 956 3324 sitquod
979 3253 1215 3324 juratur.
1245 3254 1310 3308 Et
1357 3255 1475 3310 ideo
1526 3270 1631 3309 non
1670 3255 1819 3317 dicit,
1866 3255 2130 3324 quidquid

521 3342 780 3413 amplius
826 3353 928 3408 est,
961 3343 1161 3398 malum
1189 3353 1294 3410 est,
1348 3345 1439 3399 sed
1481 3354 1745 3416 temperat
1784 3345 2128 3413 sententiam,

551 3444 608 3491 et
632 3435 726 3501 ait,
761 3451 790 3489 a
837 3435 980 3492 malo
1007 3445 1109 3491 est.
1159 3435 1292 3503 Quia
1341 3436 1384 3490 si
1415 3437 1686 3506 quidpiam
1741 3435 1860 3506 plus
1888 3436 2134 3490 minusve

549 3528 930 3593 subterfuerit,
988 3546 1020 3584 a
1058 3529 1199 3585 malo
1239 3545 1361 3585 esse
1395 3531 1754 3585 convincitur.
1792 3529 2132 3600 Quapropter

545 3623 688 3692 quod
712 3631 796 3678 est
835 3623 889 3678 in
918 3624 1101 3688 corde,
1150 3623 1222 3678 sit
1246 3631 1301 3677 et
1328 3624 1381 3676 in
1416 3639 1541 3689 ore;
1571 3623 1714 3693 quod
1757 3639 1887 3679 vero
1919 3640 2023 3678 non
2050 3633 2134 3680 est

545 3713 599 3768 in
626 3714 809 3778 corde,
836 3729 1175 3784 nequaquam
1201 3715 1294 3779 sit,
1322 3715 1446 3783 quia
1472 3731 1577 3770 non
1602 3715 1760 3770 debet
1785 3730 1906 3770 esse
1937 3715 1990 3769 in
2013 3731 2129 3770 ore.

547 3802 722 3869 Unde,
771 3805 816 3860 si
865 3805 988 3874 quis
1015 3820 1202 3859 verum
1250 3804 1393 3875 loqui
1420 3815 1599 3871 curat,
1637 3807 1902 3860 calamum
1937 3807 2131 3877 linguai

545 3897 696 3968 prius
722 3912 942 3953 necesse
967 3907 1052 3952 est
1080 3897 1226 3952 intus
1253 3898 1306 3951 in
1340 3899 1566 3952 veritate
1600 3883 1788 3968 tingat,
1822 3899 2130 3952 deindidem

547 4001 612 4041 ex
670 3987 860 4041 eadem
911 3987 1139 4040 veritate
1183 3986 1331 4041 foras
1389 3986 1441 4040 in
1496 4000 1590 4040 ore
1625 4002 1812 4040 verum
1870 3987 2130 4056 proferat.

545 4075 717 4133 Omne
760 4077 956 4146 quippe
1006 4091 1191 4129 verum
1220 4091 1250 4130 a
1290 4075 1516 4130 veritate
1539 4091 1726 4130 verum
1755 4084 1860 4138 est,
1894 4084 1947 4130 et
1973 4090 2134 4131 omne

545 4167 687 4236 quod
719 4175 894 4222 esteo
925 4165 1086 4220 habet
1112 4179 1250 4231 esse,
1284 4167 1410 4236 quia
1435 4174 1518 4221 est
1545 4166 1613 4220 ab
1651 4179 1716 4220 eo
1741 4165 1882 4234 quod
1913 4175 2016 4220 est.
2041 4165 2132 4222 Sic

545 4257 729 4326 itaque
756 4256 934 4311 omnis
958 4256 1158 4311 veritas
1187 4273 1217 4310 a
1256 4271 1386 4310 vero
1416 4257 1578 4311 habet
1607 4264 1663 4310 ut
1687 4256 1910 4312 omnino
1930 4257 2132 4312 veritas

544 4347 633 4410 sit,
658 4355 712 4402 et
733 4347 854 4401 ideo
877 4361 982 4400 non
1015 4345 1352 4417 simpliciter,
1385 4347 1478 4402 sed
1505 4347 1777 4417 geminate
1800 4347 2002 4401 dictum
2024 4355 2129 4414 est,

545 4439 626 4495 Sit
642 4440 809 4493 omnis
823 4455 992 4493 sermo
1013 4448 1175 4493 vester
1187 4452 1206 4490 :
1224 4437 1342 4504 Est,
1361 4448 1457 4503 est;
1480 4437 1626 4503 Non,
1644 4453 1766 4491 non.
1786 4436 1968 4508 Neque
1982 4438 2128 4492 enim

544 4530 782 4586 vicissim
803 4546 866 4585 ea
891 4527 1221 4585 confundere
1254 4528 1406 4593 licet,
1441 4537 1500 4582 ut
1530 4528 1671 4582 sitin
1703 4542 1768 4583 eo
1790 4538 1886 4593 est,
1919 4534 1974 4583 et
2001 4545 2124 4593 non,

540 4623 684 4694 quod
713 4623 1002 4694 Apostolus
1023 4623 1276 4693 denegat,
1305 4622 1398 4676 sed
1423 4621 1478 4675 in
1506 4637 1570 4676 ea
1600 4635 1760 4690 quam
1796 4621 1962 4676 corde
1989 4621 2127 4690 geri-

543 4732 663 4770 mus
683 4719 919 4770 essentia
952 4714 1212 4778 veritatis,
1229 4721 1314 4769 est
1341 4712 1466 4768 illud
1489 4714 1631 4783 quod
1653 4728 1747 4768 ore
1769 4711 2122 4782 proferimus;

543 4808 742 4863 veritas
772 4819 951 4880 autem
981 4807 1123 4863 Deus
1151 4816 1256 4873 est,
1289 4815 1345 4861 et
1381 4805 1626 4875 quisquis
1658 4820 1842 4860 verum
1888 4805 2125 4874 loquitur

541 4903 729 4974 utique
749 4918 814 4958 ex
838 4903 931 4960 illo
950 4903 1209 4972 loquitur.
1239 4900 1398 4968 Quia,
1417 4900 1558 4955 sicut
1576 4898 1835 4969 quidquid
1857 4907 1962 4964 est,
1979 4897 2044 4952 ab
2059 4912 2125 4952 eo

545 4994 707 5050 habet
746 5011 869 5052 esse
900 4995 1044 5066 quod
1067 4992 1427 5049 essentialiter
1454 4999 1538 5047 est
1568 5009 1581 5045 :
1607 4979 1678 5046 ita
1705 5007 1772 5046 ex
1803 4991 1916 5056 illo,
1949 4993 2039 5060 qui
2069 4991 2124 5045 in

543 5087 697 5142 nobis
724 5097 780 5142 et
803 5088 855 5142 in
881 5086 985 5142 fide
1010 5096 1195 5142 nostra
1211 5085 1351 5140 Deus
1369 5085 1570 5139 veritas
1588 5093 1690 5148 est,
1716 5085 1877 5139 debet
1890 5100 1987 5138 ore
2000 5099 2126 5152 pro-

542 5177 670 5234 ferri
693 5181 837 5250 quod
859 5195 1046 5235 verum
1072 5178 1236 5250 287
1267 5185 1369 5232 εει.
1397 5176 1673 5247 Alioquin,
1698 5175 1910 5230 etiamsi
1935 5190 2124 5230 verum

540 5272 804 5338 videatur,
835 5273 936 5330 nisi
952 5289 1018 5329 ex
1041 5272 1133 5327 illo
1157 5273 1354 5327 habeat
1373 5286 1514 5337 esse,
1533 5271 1720 5340 utique
1742 5284 1847 5324 non
1872 5277 1976 5324 est.
1995 5268 2128 5324 Esse

540 5365 737 5436 quippe
764 5367 875 5422 Deo
902 5365 1330 5422 substantialiter
1350 5373 1471 5419 est:
1501 5363 1656 5418 nobis
1695 5363 1911 5432 quidem
1946 5372 2001 5417 et
2042 5378 2126 5416 re-

542 5455 664 5524 bus,
717 5474 780 5514 ac
816 5461 1046 5532 negotiis
1094 5459 1362 5516 universis
1417 5455 1841 5512 accidentaliter.
1898 5453 2123 5520 Idcirco,

2243 3268 2403 3308 renos
2439 3252 2627 3321 incipit
2674 3252 2913 3306 erudire.
2943 3250 3147 3306 Deinde
3191 3250 3394 3305 Ciristi
3435 3249 3681 3319 justitia,
3735 3266 3846 3322 per

2239 3361 2398 3416 quam
2437 3360 2660 3416 regnum
2700 3343 2962 3398 C(BIOI'tlm
2993 3343 3153 3412 digne
3202 3343 3494 3412 quarritur,
3521 3343 3678 3398 docet
3706 3357 3843 3398 om-

2239 3437 2368 3490 nino
2389 3451 2495 3490 non
2523 3437 2774 3491 resistere
2808 3435 2968 3490 malo.
3010 3434 3168 3490 Esset
3190 3436 3387 3505 quippe
3407 3435 3619 3504 justitia
3652 3434 3847 3491 Evan-

2241 3527 2363 3598 gelii
2393 3527 2581 3597 major.
2631 3527 2675 3581 si
2709 3526 2921 3581 lmdeuti
2953 3527 3132 3580 minus
3166 3524 3484 3596 iniuriarum
3513 3543 3678 3598 quam
3701 3543 3846 3596 per-

2240 3628 2458 3690 ceperat
2486 3620 2714 3690 quisque
2760 3618 2975 3686 iuberet
3004 3619 3262 3688 reddique
3283 3635 3428 3676 nunc
3474 3620 3703 3680 multum
3742 3636 3842 3676 su-

2240 3710 2555 3782 perexccllit
2609 3725 2730 3764 cum
2774 3708 2930 3779 jubet
2985 3725 3086 3764 nec
3141 3711 3394 3765 resistere
3453 3710 3612 3764 malo.
3674 3709 3847 3767 Unde

2233 3800 2441 3871 justitia
2483 3801 2877 3855 Pharisaaorum
2916 3800 3036 3870 plus
3061 3800 3263 3877 aliquid
3297 3801 3510 3856 babeta
3542 3802 3848 3871 prudentia

2241 3893 2453 3957 carnis;
2487 3891 2646 3945 lonne
2667 3900 2845 3946 tamen
2879 3891 3102 3946 inferius
3123 3893 3226 3946 sila
3249 3901 3331 3947 est
3357 3909 3386 3946 a
3409 3890 3618 3961 justitia
3642 3895 3843 3964 regni;

2241 3994 2295 4039 et
2319 3985 2440 4038 ideo
2467 3982 2794 4038 ChriSIiaIns
2817 3983 2938 4053 jure
2964 3983 3197 4038 dicitur:
3225 3983 3346 4037 Nm
3375 3983 3719 4038 abundaverit
3741 3987 3848 4055 ju-

2240 4079 2383 4132 stitia
2424 4086 2592 4129 vestra
2634 4074 2750 4144 plus
2797 4093 2954 4146 quam
2980 4075 3286 4131 Scribarum
3311 4087 3358 4131 et
3405 4075 3841 4144 Pharisaeorum,

2242 4186 2344 4224 non
2370 4169 2634 4222 intrabitis
2681 4169 2734 4222 iu
2766 4185 2980 4238 regnum
3034 4167 3300 4222 calorum.
3337 4167 3441 4222 Sed
3487 4170 3625 4223 hanc
3667 4185 3846 4225 nemo
3905 4211 3908 4215 .

2239 4261 2419 4332 digne,
2452 4259 2569 4314 sine
2598 4259 2793 4329 spiritu
2843 4257 3076 4322 consilii,
3120 4267 3174 4312 et
3203 4260 3375 4327 gratia
3415 4258 3842 4325 misericordiae,

2237 4351 2652 4410 consummabit.
2685 4350 2777 4405 Sic
2804 4351 2946 4405 enim
2975 4350 3142 4421 288
3175 4351 3434 4406 tolerandi
3477 4359 3601 4405 sunt
3625 4350 3681 4404 in
3716 4352 3847 4422 spi—

2238 4448 2341 4502 ritu
2371 4444 2824 4509 mansuetudinis,
2855 4445 3008 4513 quasi
3053 4445 3352 4514 phrenetici
3378 4452 3432 4500 et
3477 4444 3593 4499 sine
3645 4455 3846 4500 mente

2155 4520 2208 4580 D
2235 4540 2505 4604 homines,
2534 4546 2594 4591 ut
2637 4537 2959 4608 quandoque
3006 4536 3348 4606 resipiscant,
3397 4546 3451 4591 et
3505 4535 3612 4590 sint
3657 4537 3844 4592 amici

2235 4633 2526 4688 tolerantes
2551 4631 2645 4701 qui
2677 4639 2831 4686 erant
2869 4631 3019 4700 prius
3046 4638 3448 4700 persequentes.
3483 4628 3678 4683 Parum
3721 4629 3847 4685 ita-

2235 4738 2338 4792 que
2371 4730 2454 4776 est
2478 4721 2679 4776 Christi
2710 4719 2976 4791 discipulo
3015 4721 3066 4774 in
3100 4720 3203 4774 hac
3236 4730 3388 4790 parte
3436 4721 3503 4775 ad
3532 4717 3847 4789 perfectio-

2231 4830 2357 4870 nem
2394 4812 2638 4882 justitia),
2675 4828 2780 4867 non
2817 4812 2990 4867 solum
3019 4827 3085 4866 ex
3115 4811 3230 4883 lege
3266 4809 3514 4874 laedendi,
3556 4824 3663 4864 non
3704 4823 3848 4866 am-

2231 4906 2372 4976 plius
2400 4920 2562 4976 quam
2593 4914 2877 4974 acceperat
2922 4902 3255 4973 reinfligcre;
3314 4917 3498 4956 verum
3553 4901 3718 4956 etiam
3785 4903 3844 4960 si

2232 4998 2418 5059 minus,
2461 5004 2554 5050 aut
2607 4995 2738 5049 nihil
2770 4995 3094 5060 reddiderit,
3148 4994 3290 5063 quod
3343 4992 3625 5063 integritas
3658 4989 3845 5059 hujus

2230 5086 2576 5157 perfectionis
2601 5094 2704 5150 est,
2742 5084 2896 5154 juxta
2927 5070 3255 5157 praeceptum
3291 5085 3525 5150 Domini,
3551 5100 3658 5139 non
3683 5070 3843 5141 1·εεί-

2233 5190 2376 5235 stere
2404 5179 2565 5234 malo.
2598 5178 2715 5245 Qua
2767 5180 2833 5233 de
2876 5194 3040 5234 causa
3079 5187 3384 5234 statuamus
3420 5178 3554 5232 duos
3589 5173 3848 5244 justitia:

2235 5271 2515 5335 terminos,
2547 5279 2606 5324 ut
2627 5271 2945 5326 medietates
2964 5286 3151 5326 eorum
3177 5271 3471 5326 secundum
3503 5266 3839 5339 proportio-

2235 5378 2355 5417 nem
2384 5363 2691 5434 diligentius
2714 5363 3159 5444 contemplemur.
3193 5361 3328 5417 Nam
3358 5362 3571 5416 initium
3587 5358 3844 5428 justitia:

2233 5464 2348 5520 est,
2370 5471 2475 5512 non
2520 5456 2772 5526 amplius,
2812 5457 2907 5512 sed
2935 5472 3091 5528 atque
3109 5455 3337 5526 judicio,
3367 5454 3582 5510 laedenti
3601 5468 3671 5510 ex
3702 5451 3842 5527 lege

616 5678 642 5706 ι
683 5663 780 5720 Hic
820 5666 1250 5722 interserendum
1280 5665 1384 5729 illi,
1424 5674 1520 5721 aut
1557 5664 1746 5720 saltem
1789 5662 2247 5730 subaudiendum;
2285 5677 2446 5733 quam
2473 5678 2663 5719 vocem
2701 5672 2757 5719 et
2801 5665 2927 5722 huic
2971 5663 3199 5731 similes,
3243 5661 3398 5720 solita
3435 5660 3628 5733 ellipsi,
3676 5661 3842 5721 illius
3887 5643 3894 5654 ’

539 5736 719 5794 atatis
743 5747 995 5793 auctores
1020 5739 1072 5792 in
1102 5736 1404 5808 hujusmodi
1430 5738 1710 5807 phrasium
1736 5744 2006 5792 structura
2039 5735 2318 5792 omittunt.
