4000 6362
141 284 222 339 257
939 241 1303 334 Eaposmo
1337 277 1404 333 IN
1444 277 1884 336 nummum.
1923 311 1989 321 —
2029 279 2154 335 un.
2194 278 2285 345 ιιι,
2320 277 2470 335 CAP.
2513 279 2576 334 v.

3285 281 3392 338 258

139 397 370 468 pandere;
393 391 658 463 perfectio
681 404 830 454 vero,
864 389 1006 444 malo
1029 405 1132 444 non
1161 389 1437 455 resistere,
1467 390 1560 444 sed
1601 404 1697 457 pa-
1726 393 1777 452 Α
1803 387 2131 443 cruciatibus
2171 386 2457 450 allicimur,
2512 395 2605 441 aut
2657 385 2897 441 exterius
2944 386 3156 442 damnis
3204 404 3388 447 rerum

139 499 287 544 ratum
331 500 452 540 esse
499 483 568 538 ad
619 482 803 537 omnia
849 481 1240 551 patientissime
1278 480 1572 536 toleranda.
1624 478 1700 535 De

139 586 307 633 utero
329 575 650 630 medietates
676 575 866 628 borum
898 572 1064 627 multo
1092 573 1270 626 minus
1309 588 1471 641 quam
1502 587 1698 640 passus

137 669 215 732 sis,
242 674 327 720 aut
371 664 507 718 nihil
539 664 786 718 reddere.
819 662 924 717 Sed
969 662 1118 732 prior
1148 662 1431 725 terminus,
1477 663 1693 717 dentem

138 773 217 828 pro
241 757 413 820 dente,
465 754 682 810 oculum
729 769 828 825 pro
879 753 1056 815 oculo.
1111 762 1206 808 aut
1249 762 1396 808 certe
1440 753 1698 808 damnum

138 865 265 920 aquo
311 849 553 918 pondere
589 861 690 918 pro
718 846 914 900 damno
955 847 1192 916 exigere,
1252 846 1500 916 quamvis
1557 844 1696 899 infra

139 942 248 997 lines
280 940 509 1010 justitiae
537 939 840 1001 claudatur,
868 938 1155 1010 prudentia
1181 946 1358 991 tamen
1389 937 1570 990 carnis
1598 952 1696 1006 pa-

137 1034 294 1094 scitur,
327 1042 382 1087 et
427 1049 498 1088 ex
553 1032 831 1086 vicinitate
875 1031 1050 1096 illius,
1099 1030 1225 1085 licet
1271 1030 1497 1099 gradum
1537 1029 1696 1099 justi-

138 1125 208 1180 tia:
271 1133 492 1189 teneat,
544 1123 858 1179 olfuscatur.
917 1123 1170 1177 Paratum
1245 1137 1374 1176 vero
1435 1137 1556 1177 esse
1627 1123 1695 1177 ad

135 1217 286 1271 omnia
333 1216 614 1271 toleranda
654 1231 754 1286 pro
780 1215 1016 1279 Christo,
1070 1229 1169 1270 nec
1221 1215 1474 1268 resistere
1532 1213 1691 1278 malo,

135 1310 387 1380 integritas
462 1309 592 1364 vita:
627 1350 641 1375 ,
711 1318 765 1362 et
837 1316 1209 1363 consummata
1287 1307 1456 1362 virtus
1529 1306 1691 1375 justi-

134 1401 207 1454 tia:
245 1400 583 1468 praedicatur.
633 1398 923 1464 Caeterum,
953 1399 1214 1454 medietas
1263 1398 1479 1462 horum,
1522 1412 1694 1466 quan-

136 1501 270 1552 tum,
329 1490 496 1544 multo
551 1491 726 1543 minus
789 1491 1016 1560 exigere,
1069 1490 1238 1545 haeret
1293 1490 1470 1545 adhuc
1515 1489 1684 1552 initio,

133 1590 183 1636 et
213 1582 380 1651 aliqua
425 1583 606 1636 carnis
655 1581 940 1651 prudentia
1001 1581 1311 1651 frequenter
1353 1581 1686 1652 exagitatur;

135 1681 328 1726 tantum
373 1673 496 1727 nihil
535 1673 666 1726 mali
714 1673 946 1737 reddere,
981 1673 1151 1728 haeret
1190 1672 1303 1741 jam
1346 1672 1685 1742 perfectioni,

1803 481 2110 552 allligimur,
2161 489 2255 534 aut
2306 489 2454 534 certe
2499 481 2664 534 variis
2729 488 3066 550 negotiorum
3137 484 3390 550 operibus

1802 575 2168 642 angariamur.
2227 573 2334 627 Sed
2385 575 2436 626 in
2486 574 2568 627 his
2617 573 2868 628 omnibus
2896 574 3068 644 parati
3115 575 3180 628 ad
3214 575 3392 646 perfe-

1799 666 1992 725 renda,
2025 666 2395 734 patientesque
2427 679 2548 719 esse
2573 665 2852 720 debemus.
2907 663 3058 720 Uude
3082 664 3351 736 Propheta
3380 681 3394 721 :

1802 754 2060 810 Paratum
2102 773 2192 810 cor
2237 774 2430 821 meum,
2476 756 2730 821 Domine,
2773 767 3016 826 paratum
3058 775 3150 812 cor
3192 775 3397 813 meum.

1800 848 2034 902 Cantabo
2065 859 2112 902 et
2142 848 2364 918 psallam
2402 850 2455 903 in
2488 851 2657 920 gloria
2691 866 2804 904 mea
2831 848 3003 921 (Psal.
3027 866 3154 916 cvu,
3181 853 3253 923 l).
3279 852 3384 908 Pa-

1799 948 1950 993 ratus
1976 955 2208 1009 namque
2236 941 2398 994 corde
2423 949 2506 995 est
2536 940 2622 994 ille
2648 941 2739 1009 qui
2771 950 2827 995 et
2854 941 3081 996 interius
3105 952 3387 1014 promptus

1798 1039 1881 1085 est
1909 1031 2020 1100 pati
2049 1048 2146 1101 pro
2173 1032 2410 1094 Christo,
2442 1042 2495 1086 et
2529 1032 2768 1087 exterius
2797 1032 2919 1088 licet
2959 1033 3012 1087 in
3039 1034 3260 1105 angaria
3288 1034 3382 1090 de—

1799 1132 1954 1178 votus
1983 1134 2094 1188 est,
2130 1125 2174 1178 si
2206 1139 2309 1193 qua
2346 1123 2664 1190 inferantur,
2695 1125 3090 1195 patientissime
3127 1125 3378 1182 tolerare.

1794 1215 2001 1271 Idcirco
2028 1226 2251 1286 propter
2285 1218 2383 1271 has
2412 1217 2546 1272 duas
2585 1217 2830 1271 maxillas
2849 1257 2863 1281 ,
2897 1232 3076 1272 sermo
3104 1218 3384 1288 pr0pheti-

1795 1320 1892 1360 cus
1917 1306 2240 1376 geminatur.
2263 1306 2341 1360 Ac
2366 1307 2409 1360 si
2442 1307 2617 1361 dicat:
2649 1307 2901 1361 Paratum
2934 1316 3018 1362 est
3054 1323 3148 1362 cor
3175 1325 3378 1374 meum,

1795 1396 1960 1463 Deus,
1992 1399 2174 1452 omnia
2215 1397 2620 1469 malignantium
2652 1399 2876 1454 interius
2899 1401 3184 1470 opprobria
3219 1400 3379 1455 susti-

1794 1505 1953 1556 nere;
2003 1500 2247 1559 paratum
2285 1499 2368 1545 est
2397 1491 2560 1546 etiam
2593 1492 2856 1557 exterius,
2902 1507 2999 1561 pro
3031 1501 3102 1557 te,
3141 1508 3261 1561 quae
3293 1508 3379 1548 me

1793 1581 2108 1634 excruciare
2137 1589 2380 1650 possunt,
2407 1580 2634 1635 libenter
2662 1581 2948 1636 sustinere.
2981 1581 3096 1648 Qua
3124 1581 3190 1638 de
3215 1598 3376 1637 causa

1792 1672 1946 1727 hctus
1977 1673 2211 1727 cantabo
2256 1689 2321 1728 ac
2348 1673 2574 1743 psallam
2627 1675 2678 1728 in
2709 1674 2876 1744 gloria
2907 1690 3046 1730 mea.
3095 1675 3150 1730 lu
3181 1675 3376 1748 gloria,

130 1771 178 1816 et
217 1764 262 1817 si
300 1779 363 1818 ex
402 1779 589 1818 amore
628 1763 830 1819 Christi
869 1773 992 1830 est,
1037 1765 1231 1834 spiritu
1258 1765 1689 1820 mansuetudinis
1718 1758 1764 1817 Β
1795 1765 2037 1834 inquam,
2087 1779 2228 1830 mea,
2274 1765 2400 1834 quia
2449 1767 2512 1820 de
2563 1767 2892 1821 conscientia
2942 1767 3080 1822 bona
3130 1782 3372 1832 securus,

129 1855 367 1910 subsistit.
421 1856 558 1911 Cum
610 1857 655 1912 si
701 1857 934 1912 adfuerit
983 1857 1206 1926 spiritus
1236 1857 1565 1914 fortitudinis
1619 1859 1685 1913 ad

130 1943 379 2000 toleranda
425 1947 609 2001 omnia
629 1987 643 2012 ,
673 1957 734 2001 ut
775 1949 938 2001 etiam
971 1963 1092 2002 cum
1120 1947 1379 2018 adpossit,
1410 1949 1549 2003 malo
1580 1965 1686 2004 non

127 2037 338 2102 resistat,
362 2038 525 2108 plena
543 2039 754 2109 justitia
781 2039 833 2094 in
856 2039 1058 2095 Christi
1079 2041 1335 2110 patientia
1359 2041 1684 2112 possidetur.

125 2123 484 2184 Verumtamen
526 2130 977 2185 considerandum
1025 2140 1109 2186 est
1154 2134 1295 2200 quod
1341 2134 1514 2189 dicit:
1563 2134 1687 2190 Non

124 2220 334 2273 resistere
373 2221 541 2274 malo.
587 2219 838 2291 Nunquid
874 2223 1003 2276 vitia
1043 2231 1098 2277 et
1136 2232 1354 2293 peccata
1399 2225 1537 2278 mala
1579 2241 1685 2280 non

125 2316 244 2370 sunt,
275 2318 471 2364 contra
517 2326 639 2380 qua:
684 2313 830 2367 omni
875 2322 1071 2368 conatu
1116 2315 1312 2370 mentis
1361 2316 1687 2372 reluctantur

121 2408 400 2468 pugnantes
420 2401 444 2453 ?
467 2401 576 2454 Aut
603 2403 844 2473 nunquid
873 2404 1215 2461 adversarius
1239 2415 1422 2462 noster
1443 2407 1687 2463 diabolus

120 2491 265 2545 malus
279 2508 390 2546 non
406 2501 513 2556 est,
531 2495 641 2557 cui,
655 2494 944 2564 Apostolus
956 2496 1055 2561 ait,
1073 2498 1292 2551 resistite
1309 2499 1467 2568 fortes
1487 2500 1540 2551 in
1554 2498 1688 2566 ﬁde?

119 2577 188 2644 (ll
210 2578 351 2634 Petr.
376 2597 434 2639 v.
458 2582 539 2654 9.)
574 2581 699 2637 Haec
722 2583 906 2654 utique
934 2585 1072 2638 mala
1093 2595 1238 2648 sunt,
1260 2587 1350 2642 sed
1378 2603 1482 2642 non
1507 2588 1572 2641 de
1603 2587 1686 2642 his

116 2671 246 2727 malis
258 2674 394 2729 dicit
416 2689 601 2729 sermo
627 2675 860 2730 divinus.
882 2675 1085 2746 Nempe
1107 2677 1208 2731 alia
1231 2688 1358 2733 sunt
1386 2679 1549 2744 mala,
1566 2696 1685 2750 qua:

114 2765 376 2822 vulnerant
407 2769 668 2831 animam,
686 2769 955 2840 etquibus
978 2779 1149 2825 morte
1168 2773 1422 2841 punimur
1448 2780 1680 2836 aeterna;

113 2857 200 2912 alia
243 2870 368 2915 sum
418 2861 561 2915 mala
610 2861 962 2932 temporalia,
993 2863 1190 2932 quibus
1221 2863 1682 2933 inpraasentiarum

111 2949 408 3023 amigimur,
439 2964 501 3007 ut
531 2953 863 3024 probemur;
900 2956 1111 3025 probati
1141 2971 1274 3011 vero
1310 2971 1415 3010 non
1459 2955 1686 3012 confun-

113 3041 286 3104 dimur,
335 3044 438 3098 sed
485 3058 745 3099 coronam
787 3057 1164 3116 exspectamus
1209 3046 1544 3101 certaminis.
1586 3046 1682 3102 His

1793 1856 2092 1910 confundor
2127 1856 2179 1910 in
2210 1855 2356 1910 nullo
2385 1873 2492 1926 quo
2518 1857 2708 1926 patior.
2741 1855 2923 1912 Gloria
2947 1868 3144 1924 nostra,
3177 1859 3373 1930 inquit,

1790 1948 2098 2018 Apostolus,
2139 1946 2250 2000 Ita’c
2300 1956 2374 2001 est
2416 1949 2766 2001 testimonium
2806 1949 3133 2003 conscientia:
3182 1958 3376 2002 nostra!

1793 2036 1878 2108 (ll
1905 2037 2027 2091 Cor.
2068 2053 2107 2101 ι,
2141 2037 2254 2106 12),
2290 2037 2486 2106 quibus
2515 2035 2756 2106 profecto
2792 2038 2972 2092 verbis
3004 2037 3168 2108 290
3207 2037 3376 2108 liquet

1791 2129 1932 2201 quod
1969 2129 2184 2198 quoties
2223 2129 2276 2182 in
2319 2143 2422 2181 una
2469 2143 2654 2182 earum
2693 2126 3034 2182 Christianus
3069 2126 3374 2198 ﬂagellatur

1791 2221 2026 2283 maxilla,
2061 2236 2276 2289 semper
2307 2229 2529 2288 paratus
2575 2235 2693 2275 esse
2732 2220 2892 2275 debet
2925 2229 2985 2274 ut
3015 2220 3242 2275 alteram
3281 2220 3376 2278 de-

1790 2322 1948 2366 votus
1986 2313 2051 2368 ad
2091 2311 2390 2367 feriendum
2419 2311 2627 2366 oll‘erat.
2676 2311 2830 2367 Unde
2867 2313 3148 2384 signanter
3172 2313 3371 2370 dictum

1790 2413 1871 2459 est
1907 2420 1920 2456 :
1966 2404 2026 2459 Si
2069 2405 2184 2474 quis
2229 2412 2277 2457 te
2318 2405 2625 2473 percusserit
2683 2404 2738 2457 in
2780 2404 3019 2457 dextram
3070 2403 3372 2471 maxillam,

1789 2497 1961 2564 pra’be
1987 2494 2065 2548 illi
2101 2505 2147 2548 et
2177 2495 2415 2548 alteram.
2465 2495 2706 2550 Alteram
2737 2509 2866 2565 ergo
2896 2495 3050 2558 dixit,
3081 2503 3135 2550 et
3165 2511 3273 2550 non
3298 2496 3373 2551 si-

1789 2586 2016 2640 nistram
2042 2603 2054 2641 :
2079 2586 2232 2656 quasi
2259 2586 2422 2649 dicat,
2451 2586 2630 2654 praebe
2659 2585 2734 2639 illi
2761 2594 2815 2640 et
2843 2585 3070 2640 alteram
3099 2585 3368 2641 dextram.

1789 2677 1923 2744 Quia
1949 2675 2104 2745 juxta
2135 2677 2277 2730 hunc
2308 2690 2524 2730 sensum
2565 2674 2746 2743 justus
2785 2683 2931 2728 totus
2965 2683 3048 2729 est
3078 2673 3290 2738 dexter,
3318 2681 3374 2730 et

1789 2771 1928 2825 sicut
1955 2769 2070 2824 Aod
2101 2768 2189 2823 ille
2230 2768 2283 2822 in
2327 2767 2466 2822 libro
2489 2766 2772 2832 Iudicum,
2813 2775 3044 2836 utraque
3081 2781 3245 2820 manu
3274 2780 3372 2836 pro

1787 2863 1975 2917 dextra
2005 2861 2172 2914 utitur
2201 2859 2350 2932 (Jud.
2382 2875 2464 2924 Ill,
2495 2859 2604 2924 15),
2646 2859 2771 2912 dum
2802 2857 3040 2912 exterior
3067 2865 3121 2911 et
3147 2856 3374 2912 interior

1786 2952 1958 3006 virtus
2007 2949 2242 3005 hominis
2291 2949 2342 3003 in
2395 2948 2769 3004 holocaustum
2800 2947 3029 3002 Domino
3075 2955 3369 3002 mactatur.

1788 3040 1880 3098 Sic
1910 3043 2106 3112 quippe
2139 3041 2336 3096 rectius
2372 3039 2690 3110 intelligitur
2716 3055 2877 3109 quam
2904 3049 2981 3105 ut,
3014 3039 3081 3094 ad
3110 3039 3370 3102 litteram,

109 3134 282 3206 quippe
300 3138 703 3207 temporalibus
725 3139 881 3194 malis
893 3137 1050 3208 jubet
1078 3157 1184 3196 non
1211 3142 1680 3212 resisti,quoniam
1709 3129 1757 3193 Ο
1787 3133 2004 3189 sinistra
2045 3132 2232 3196 facies,
2263 3133 2387 3186 dum
2439 3131 2629 3186 dextra
2681 3131 3002 3200 percutitur,
3032 3132 3365 3202 porrigatur.

110 3225 370 3284 nobiscum
423 3243 525 3299 per
576 3230 894 3300 patientiam
943 3242 1304 3302 cooperantur
1355 3233 1410 3288 in
1459 3233 1676 3288 bonum.

110 3312 299 3374 Peocati
329 3337 466 3376 vero
503 3323 703 3377 malum
743 3333 912 3380 restat
952 3341 1257 3396 przecavere
1287 3342 1351 3382 ac
1377 3328 1580 3397 repelli,
1616 3343 1683 3384 ne

108 3404 461 3478 integritatem
490 3422 808 3483 corrumpat
834 3415 1047 3480 animae,
1081 3417 1207 3486 quia
1239 3416 1547 3472 faventibus
1579 3419 1678 3473 sibi

104 3504 417 3563 ccupes-stur
446 3500 499 3554 in
532 3509 782 3556 mortem.
826 3503 992 3575 289
1037 3503 1187 3560 Unde
1224 3507 1269 3560 si
1302 3506 1426 3560 talia
1455 3507 1682 3562 interius

101 3588 405 3644 esteriusre
442 3591 592 3648 nobis
625 3607 992 3664 suggeruntur
1020 3596 1159 3651 mala
1181 3641 1195 3662 ,
1230 3599 1524 3654 resistenda
1558 3608 1684 3654 sunt

102 3676 282 3745 utique
308 3687 366 3733 et
397 3681 646 3737 vitanda:
686 3685 731 3740 si
777 3701 906 3740 vero
955 3687 1068 3743 hate
1108 3690 1449 3759 temporalia,
1493 3691 1618 3745 licet
1651 3706 1681 3744 a

101 3764 303 3824 diabolo
332 3770 420 3825 vel
445 3788 473 3826 a
503 3775 748 3843 quolibet
776 3777 1079 3833 inferantur
1119 3780 1365 3846 homine,
1409 3797 1513 3836 non
1543 3783 1682 3836 resi-

100 3859 274 3913 stenda
305 3873 456 3927 sunt,
484 3865 580 3920 sed
613 3867 1009 3935 patientissime
1037 3870 1333 3926 toleranda.
1369 3870 1520 3938 Quod
1548 3874 1682 3928 satis

97 3943 192 3999 Joh
233 3965 386 4007 verus
424 3954 631 4009 athleta
677 3972 1018 4026 praenoscens
1063 3961 1348 4015 continuat
1392 3963 1677 4033 exemplo;

98 4039 181 4105 qui
215 4044 400 4099 multis
443 4047 706 4116 appulsus
739 4049 896 4103 malis
942 4067 1039 4106 nec
1073 4051 1401 4118 reluctatur,
1445 4063 1681 4110 tentatus

99 4139 210 4182 vero
232 4131 465 4188 interius
487 4145 769 4204 peccatum
794 4155 1076 4209 perperam
1109 4157 1214 4196 non
1246 4143 1501 4198 admittit.
1528 4144 1680 4210 Quod

97 4217 201 4273 ideo
234 4224 512 4291 dixerim,
548 4236 606 4282 ut
635 4229 868 4301 diligens
897 4231 1066 4286 lector
1098 4233 1400 4289 libertatem
1436 4235 1679 4304 Scriptu-

97 4324 254 4368 rnrum
294 4318 350 4372 in
393 4319 672 4388 loquendo
717 4321 1004 4388 advertat;
1043 4325 1169 4394 quia
1214 4341 1318 4379 non
1350 4341 1562 4395 semper
1589 4342 1679 4382 ca-

97 4399 306 4464 lumnias
335 4411 727 4469 hereticorum
759 4417 1112 4486 pertimescit,
1137 4419 1228 4472 sed
1253 4419 1466 4490 regulas
1487 4421 1676 4476 catho-

1787 3224 2034 3293 Alioquin
2067 3223 2318 3279 Christus
2359 3221 2411 3276 in
2438 3222 2711 3293 passione,
2743 3224 2886 3291 quod
2921 3237 3048 3276 suos
3075 3220 3258 3277 docuit
3286 3220 3369 3275 di-

1786 3315 2043 3386 scipulos,
2081 3331 2183 3370 non
2225 3314 2492 3384 implevit,
2523 3314 2614 3384 qui
2645 3312 2972 3384 percutienti
3003 3326 3060 3366 se
3099 3312 3151 3366 in
3181 3310 3368 3366 maxil-

1785 3407 1914 3470 lam.
1946 3407 2069 3462 licet
2096 3408 2207 3478 pati
2239 3416 2462 3477 paratus
2505 3413 2672 3469 esset,
2701 3404 2926 3459 alteram
2978 3419 3082 3458 non
3121 3403 3368 3474 praebuit.

1785 3501 1986 3556 Verum
2020 3500 2183 3555 simili
2216 3515 2432 3570 quoque
2463 3499 2624 3553 modo
2655 3512 2755 3551 nec
2778 3495 2996 3560 Paulus,
3043 3512 3167 3550 cum
3207 3495 3257 3549 in
3289 3495 3372 3549 fa-

1785 3591 1866 3646 cie
1894 3590 2211 3653 czederetur,
2246 3589 2573 3659 adimplevit.
2602 3587 2692 3641 Ait
2723 3588 2906 3656 itaque
2934 3587 3161 3656 principi
3192 3601 3371 3641 sacer-

1787 3683 1969 3738 dotum
1995 3699 2008 3732 :
2039 3680 2300 3734 Percutiet
2339 3689 2386 3734 te
2408 3678 2571 3744 Deus,
2592 3677 2765 3748 paries
2786 3676 3023 3731 dealbate
3046 3676 3183 3747 (Act.
3211 3691 3368 3739 χχιιι,

1785 3773 1861 3842 '5).
1896 3772 1954 3827 Si
1979 3772 2116 3826 male
2146 3772 2352 3825 locutus
2394 3787 2531 3835 sum,
2555 3769 2764 3841 perhibe
2795 3768 3179 3834 testimonium;
3200 3770 3245 3821 si
3269 3785 3367 3821 au-

1785 3879 1885 3924 tem
1907 3871 2050 3932 bene,
2075 3884 2169 3921 cur
2189 3885 2270 3921 me
2291 3867 2489 3920 credis?
2510 3863 2693 3937 (Joan.
2710 3879 2864 3929 xvm,
2887 3861 3005 3931 25.)
3028 3862 3165 3930 Quid
3190 3870 3368 3932 putas,

1785 3960 2027 4028 nunquid
2056 3958 2304 4014 Christus
2333 3956 2639 4011 contrarius
2667 3963 2750 4010 est
2777 3954 3060 4023 praeceptis
3089 3952 3236 4007 suis?
3264 3951 3370 4006 Aut

1784 4050 1981 4106 Paulus
2009 4050 2302 4120 discipulus
2346 4047 2593 4102 veritatis
2645 4045 2843 4101 oblitus
2869 4053 2955 4099 est
2985 4042 3126 4113 quod
3176 4043 3222 4097 ei
3255 4042 3374 4112 juso

1784 4162 1901 4201 sum
1932 4154 2051 4199 erat
2077 4160 2142 4199 ex
2173 4142 2499 4213 Evangelia?
2528 4141 2644 4196 Non
2675 4140 2861 4210 utique
2892 4139 3016 4208 quia
3046 4147 3098 4192 et
3123 4136 3369 4192 Christus

1784 4255 1888 4292 nou
1932 4237 2104 4291 solum
2141 4234 2364 4290 alteram
2404 4232 2710 4296 maxillam,
2751 4245 2941 4286 verum
2982 4243 3143 4284 omne
3172 4242 3370 4297 corpus

1783 4343 1880 4398 pro
1911 4327 2066 4380 nobis
2107 4325 2400 4380 clementer
2437 4322 2598 4379 simul
2625 4329 2681 4378 et
2708 4321 2944 4376 animam
2985 4320 3036 4375 in
3076 4335 3240 4375 cruce
3267 4321 3389 4384 ob-,

1782 4417 1924 4472 tulit.
1957 4417 2023 4470 Et
2047 4414 2414 4489 Paulus‘quod
2465 4414 2603 4468 mori
2649 4421 2876 4482 paratus
2910 4419 3053 4468 esset
3082 4427 3180 4480 pro
3206 4411 3366 4466 Chri-

94 4492 192 4550 lica:
214 4502 480 4558 veritatis
511 4485 766 4560 eﬂicacise
794 4515 990 4563 nostra:
1027 4485 1402 4580 intelligendas
1432 4511 1676 4565 dereliu-
1701 4485 1754 4545 D
1784 4524 1892 4572 sui,
1927 4515 2113 4577 postea
2150 4487 2330 4577 pasSio
2365 4505 2633 4576 probavit.
2671 4505 2788 4572 Qua
2831 4505 2898 4559 de
2926 4519 3089 4559 causa
3119 4502 3369 4560 Christus

95 4590 206 4656 quit.
231 4592 477 4654 Idcirco.
503 4611 610 4652 non
631 4599 717 4652 cui
749 4599 910 4664 malo,
939 4601 1031 4655 sed
1057 4602 1322 4667 absolute,
1351 4603 1515 4658 nolite
1541 4605 1673 4659 resi-

95 4690 214 4737 stere
241 4689 416 4752 malo,
434 4688 596 4742 dixit.
636 4689 1012 4747 Verumtamen
1050 4694 1116 4747 de
1136 4709 1243 4764 quo
1271 4695 1474 4750 diceret
1499 4697 1639 4752 malo
1657 4738 1672 4762 ,

93 4779 323 4834 continuo
360 4782 538 4837 latius
561 4798 658 4851 per
690 4793 871 4853 partes
899 4786 1166 4856 explanat.
1202 4786 1354 4843 Unde
1391 4790 1668 4858 sequitur:

147 4869 199 4924 Si
226 4876 343 4941 quis
376 4886 432 4928 te
473 4879 788 4943 percusserit
825 4880 881 4932 in
911 4879 1149 4934 dextram
1188 4881 1478 4947 maxillam,
1501 4885 1671 4954 praebe

89 4959 152 5010 illi
172 4973 219 5016 et
245 4965 505 5020 alteram.
561 4966 664 5022 Per
689 4970 933 5024 dextram
989 4971 1188 5041 quippe
1239 4973 1532 5038 maxillam,
1569 4991 1672 5028 non

87 5051 165 5108 alis
208 5071 265 5112 re
308 5058 662 5114 conscientia
714 5071 921 5124 nostra,
973 5077 1134 5133 quam
1182 5067 1477 5120 secundum
1505 5067 1672 5120 Deum

89 5141 351 5216 habemus,
375 5151 757 5222 signiﬁcatur;
794 5155 844 5207 in
871 5171 974 5225 qua
1001 5157 1044 5210 si
1069 5157 1190 5226 quis
1219 5174 1318 5212 nos
1342 5162 1674 5227 percusserit

86 5239 330 5306 cnlpando
377 5245 534 5314 quod
580 5246 632 5299 in
667 5247 823 5301 nobis
853 5249 1194 5303 notissimum
1248 5267 1310 5306 ac
1340 5253 1666 5322 pnecipuum

88 5340 172 5391 εει,
195 5334 504 5391 offeramus
538 5337 768 5393 ultronei
800 5347 970 5394 totum
996 5356 1192 5410 corpus
1214 5342 1280 5395 ad
1303 5341 1665 5413 allligcndum,

87 5429 402 5502 priusquam,
437 5431 586 5502 quod
612 5432 953 5502 potissimum
985 5443 1089 5497 est,
1123 5433 1409 5504 opprobria
1453 5451 1557 5489 non
1591 5438 1667 5489 le-

91 5531 258 5585 rentes,
290 5525 642 5579 amittamus.
695 5523 790 5579 His
817 5528 1014 5595 quippe
1059 5525 1226 5580 tribus
1256 5527 1542 5597 generibus
1584 5528 1667 5582 iu-

84 5610 326 5676 iuriarum
371 5631 544 5671 omne
579 5615 781 5670 malum
819 5617 1102 5685 praesentis
1143 5617 1264 5671 vitae
1295 5618 1661 5688 distinguitur.

90 5708 200 5775 Qui:
243 5728 419 5769 omne
472 5712 612 5782 quod
664 5711 922 5782 patimur,
970 5718 1062 5767 aut
1113 5711 1168 5766 in
1211 5726 1436 5783 corpore
1484 5726 1668 5768 nosu'o

1783 4601 1884 4654 hoc
1930 4599 2132 4662 docuit,
2161 4598 2303 4666 quod
2336 4613 2400 4652 ex
2433 4596 2688 4667 operibus
2709 4594 2976 4659 exhibuit,
3002 4603 3059 4649 et
3084 4609 3190 4649 non
3227 4594 3367 4664 quod

1780 4690 2010 4762 quisque
2039 4688 2241 4744 delirus
2267 4703 2331 4742 ex
2361 4687 2528 4742 verbo
2554 4685 2827 4755 Evangelii
2855 4684 3102 4741 frivolum
3136 4684 3238 4740 sibi
3269 4683 3370 4739 ﬁn-

1779 4783 1875 4836 xit.
1908 4780 2050 4835 Nihil
2077 4780 2220 4834 enim
2245 4778 2464 4848 prodest
2491 4777 2814 4848 percutienti
2841 4777 3065 4832 alteram
3092 4776 3365 4832 maxillam

1779 4873 2008 4942 prieberi
2042 4870 2245 4934 carnis,
2295 4869 2339 4924 si
2373 4886 2476 4924 non
2509 4884 2630 4923 cum
2671 4885 2734 4925 ea
2780 4868 3039 4924 olferatur
3078 4870 3239 4924 etiam
3268 4869 3365 4924 de-

1778 4972 1904 5017 vota
1939 4961 2153 5016 maxilla
2205 4960 2421 5014 mentis.
2475 4959 2589 5014 Hoc
2633 4960 2829 5031 quippe
2871 4959 3118 5016 Christus
3159 4959 3361 5023 docuit,

1780 5033 1902 5110 eum
1934 5054 2010 5106 ait
2033 5072 2045 5108 :
2073 5052 2268 5106 Discite
2292 5069 2322 5104 a
2347 5068 2426 5104 me
2447 5052 2570 5122 quia
2597 5051 2738 5105 mitis
2767 5068 2882 5106 sum
2903 5063 2948 5105 et
2971 5051 3186 5124 humilis
3209 5051 3364 5104 corde

1779 5147 1994 5220 (Matth.
2032 5162 2092 5209 ιι,
2115 5145 2230 5213 29).
2263 5144 2416 5213 Quod
2447 5154 2626 5199 autem
2656 5160 2723 5200 ex
2750 5162 2809 5201 se
2837 5145 3017 5200 docuit
3041 5145 3215 5214 qualis
3243 5129 3363 5198 esse

1777 5248 1974 5303 debeat
2023 5245 2328 5308 humilitas,
2377 5245 2465 5299 hic
2510 5246 2830 5316 descripsit;
2889 5244 3174 5313 descripsit
3217 5242 3359 5296 enim

1776 5341 1952 5394 virum
1992 5337 2391 5408 evangelicum;
2445 5345 2500 5392 et
2548 5337 2668 5392 ideo
2717 5335 2962 5407 quisquis
2992 5335 3040 5387 in
3071 5332 3360 5402 Evangelia

1779 5433 1992 5494 militat,
2024 5430 2183 5485 debet
2217 5437 2436 5498 paratus
2471 5445 2592 5484 esse
2619 5430 2749 5498 pati,
2783 5431 2826 5482 si
2867 5427 3162 5482 necessitas
3204 5427 3356 5481 incu-

1776 5525 1986 5588 buerit,
2039 5540 2132 5592 pro
2173 5523 2483 5593 Evangelio.
2529 5522 2664 5576 Hinc
2700 5535 2912 5590 quoque
2933 5519 3195 5575 Jeremias
3239 5521 3354 5574 ait:

1772 5615 1976 5669 Bonum
2003 5625 2074 5668 est
2098 5614 2318 5678 homini,
2346 5631 2462 5667 cum
2484 5623 2764 5683 portaverit
2778 5611 2966 5681 jugum
2994 5611 3357 5666 adolescentiw

1771 5725 1902 5774 sure,
1927 5706 2070 5760 dabit
2093 5705 2395 5776 percutienti
2418 5721 2472 5758 se
2495 5703 2785 5770 maxillam,
2815 5704 3138 5759 saturabitur
3167 5717 3355 5775 oppro-
