4000 6362
672 256 786 316 169
1463 260 1524 319 S.
1562 258 1924 318 PASCHASlI
1960 255 2252 314 RADBER'

2288 255 2310 311 ι
2346 255 2637 315 ABBATIS
2671 233 3122 316 CORBEIENSIS
3784 278 3867 339 κο

663 383 794 437 briis
815 379 1032 454 (Thren.
1055 394 1141 442 in,
1162 376 1253 441 27,
1286 374 1399 448 30).
1448 375 1598 443 Quod
1630 384 1811 430 autem
1840 382 2122 429 saturatur
2150 389 2245 439 op-
2279 374 2324 434 Α
2354 387 2567 441 quoque
2601 388 2697 444 Spe
2731 374 2995 429 bonorum
3038 372 3344 431 futurorum
3380 376 3488 447 jam
3515 378 3799 455 locupletem
3823 392 3866 448 in

660 474 918 542 probriis.
946 473 1000 528 in
1028 472 1309 527 dexteram
1340 471 1566 523 interius
1597 469 1924 539 percutitur;
1956 466 2098 536 quod
2126 480 2256 519 vero
2358 464 2575 519 Christo
2622 479 2742 520 csse
2786 467 3058 521 ostendat.
3125 467 3232 523 Sed
3297 468 3579 527 inlidelitas
3624 478 3867 539 multorum

658 567 905 622 exterius
936 565 1208 619 maximni
1245 563 1485 633 praebere
1527 560 1746 630 jubetur
1788 558 2036 622 alteram,
2069 559 2253 612 dexte-
2356 567 2565 611 mentes
2596 559 3063 627 inpraesentiarum
3096 561 3351 615 atrociter
3400 573 3585 619 vastat.
3627 566 3736 624 Ideo
3757 587 3865 629 nou-

661 674 777 715 raiu
826 658 1054 720 scilicet,
1094 655 1253 726 291
1286 663 1455 709 totum
1492 670 1571 708 eo.
1591 666 1691 721 pus
1719 650 1904 706 oﬂ‘crri
1935 658 2035 721 pro
2076 650 2255 704 Evau-
2357 663 2631 718 nunquam
2660 660 2716 704 et
2749 649 2895 705 inter
2922 651 3323 708 ecclesiasticos
3350 653 3493 710 viros
3519 672 3609 725 pro
3640 660 3781 718 rebus
3801 677 3872 734 pe-

662 749 802 819 gelio
831 750 898 803 ad
925 748 1332 819 percutiendum
1362 744 1665 797 mandatur.
1705 742 1891 811 Itaque
1920 741 2105 795 tandiu
2129 754 2253 795 vero
2354 743 2616 798 cuniariis
2643 743 2765 798 lites
2800 759 2867 799 ac
2885 744 3065 815 jurgia
3088 755 3423 816 grassantur.
3452 747 3633 804 Frater
3652 768 3760 808 ωηι
3782 752 3874 811 In.

659 841 871 898 Βεταῆιί
939 839 1254 894 adversario
1320 837 1675 892 succedentes
1735 836 1953 890 sibimet
2000 834 2254 889 desteras
2355 846 2437 892 tre
2452 836 2658 906 judicio
2685 848 2907 910 pugnat,
2948 850 3004 894 et
3034 855 3191 894 rarus
3214 840 3325 912 jam
3355 841 3446 911 qui
3479 844 3546 897 ad
3573 843 3682 901 htec
3705 847 3872 916 agendo

660 934 905 1006 praebere
935 932 1212 995 debemus,
1249 947 1530 1002 quousque
1556 940 1649 985 aut
1675 930 1878 984 inimici
1911 929 1990 983 ira
2025 943 2251 984 conver-
2354 930 2438 985 vel
2467 931 2711 985 docendo
2746 946 2964 985 manum
3008 932 3206 989 mittat.
3258 932 3435 987 Manet
3461 940 3630 989 tamen
3655 938 3872 994 sententia

680 1025 789 1079 ltttr
828 1024 881 1080 in
912 1026 1058 1094 pacis
1086 1033 1141 1079 ct
1181 1040 1322 1079 verae
1368 1023 1673 1079 dilectionis
1724 1022 2104 1084 concordiam;
2157 1029 2252 1075 aut
2353 1036 2457 1091 qua
2489 1021 2695 1076 dictum
2728 1030 2844 1075 est:
2867 1021 2972 1087 Qui
2996 1021 3205 1076 soluerit
3232 1038 3394 1077 unum
3419 1023 3483 1077 de
3509 1024 3874 1091 meudatisittis,

659 1124 806 1170 totus
846 1116 1009 1170 homo
1047 1116 1240 1170 dexter
1279 1114 1503 1185 ﬂagellis
1545 1129 1609 1169 ac
1649 1113 1994 1183 passionibus
2023 1111 2250 1166 allectus
2353 1124 2400 1168 et
2425 1113 2663 1168 docuerit
2692 1114 2788 1177 sic,
2824 1114 3073 1168 minimus
3104 1113 3372 1169 vocabitur
3404 1114 3460 1169 iit
3480 1130 3630 1187 regno
3654 1116 3874 1173 colorari.

661 1205 1036 1263 holocaustum
1087 1208 1202 1261 liat.
1268 1208 1407 1261 Ecce
1456 1207 1660 1275 liquido
1707 1214 1854 1277 patet
1902 1204 2251 1275 perfectionis
2352 1206 2528 1276 Atque
2579 1206 2705 1260 illud
2751 1224 2763 1260 :
2814 1206 2936 1260 Nisi
2981 1206 3323 1261 abundaverit
3359 1207 3568 1277 justitiu
3609 1217 3759 1263 uestra
3790 1209 3879 1278 plu

660 1315 795 1372 apex
839 1308 1101 1369 quantum
1150 1300 1311 1355 distet
1357 1301 1425 1355 ab
1465 1300 1719 1369 angustia
1784 1299 1955 1369 legis;
2006 1298 2250 1367 proiecto
2351 1319 2513 1373 quam
2554 1299 2857 1356 Scribarum
2899 1310 2948 1354 et
2979 1298 3397 1364 Pharisworum,
3439 1317 3540 1355 non
3574 1300 3806 1356 intraiitis
3836 1302 3878 1355 is

592 1442 597 1451 .
665 1393 792 1463 quia
826 1392 911 1447 lex
941 1392 1216 1447 carnalem
1254 1393 1513 1463 pupulum
1550 1407 1658 1445 non
1695 1392 1873 1445 minus
1903 1400 2046 1444 metu
2080 1390 2251 1444 vindi-
2354 1410 2511 1464 regno
2546 1392 2819 1447 caelorum.
2852 1391 3005 1447 Unde
3028 1392 3230 1460 cogitet
3257 1391 3399 1462 apud
3427 1407 3486 1446 se
3510 1390 3672 1447 ﬁdelis
3696 1392 3879 1461 quisque

661 1488 763 1539 cla:
792 1484 1101 1548 coercebat,
1131 1498 1294 1553 quam
1322 1482 1559 1538 furiosas
1585 1498 1774 1537 eorum
1806 1491 2014 1537 mentes
2050 1481 2250 1536 talione
2354 1485 2588 1547 auditor,
2624 1492 2680 1538 et
2708 1500 2815 1537 non
2848 1494 3110 1554 sequatur
3148 1483 3442 1554 plurimam
3473 1482 3610 1554 vulgi
3638 1482 3879 1538 multitudi-

659 1589 815 1630 steva:
850 1575 1072 1629 ultionis
1122 1584 1430 1644 temperans
1477 1575 1776 1644 mitigabat.
1835 1573 2096 1628 Dominus
2120 1587 2251 1629 vero
2355 1590 2498 1630 nem.
2535 1573 2647 1629 lmo
2672 1583 3088 1644 praeceptorum,
3118 1589 3183 1629 ac
3211 1588 3509 1643 paucorum
3552 1573 3723 1643 utique
3743 1571 3880 1644 perie-

659 1666 713 1721 iii
754 1667 1046 1737 Evangelio
1076 1667 1235 1720 ﬁdem
1290 1677 1565 1731 nostram,
1611 1683 1733 1737 qua:
1777 1682 1875 1736 per
1903 1666 2247 1722 dilectionem
2356 1674 2565 1721 ctorum
2604 1673 2786 1720 teneat
2829 1664 3118 1735 exempla:
3161 1665 3309 1734 quod
3339 1664 3445 1719 etsi
3473 1662 3634 1719 ardua
3660 1671 3773 1721 sunt
3789 1676 3879 1733 qua

657 1766 939 1830 operatur,
974 1759 1135 1813 rebus
1182 1759 1314 1829 ipsis
1344 1759 1525 1813 volens
1553 1758 1805 1829 probare,
1838 1772 1943 1812 non
1981 1758 2153 1813 solum
2186 1767 2245 1813 ut
2277 1749 2321 1809 Β
2346 1757 2626 1827 jubentur,
2656 1772 2869 1812 merces
2892 1772 3082 1812 eorum
3111 1756 3333 1825 copiosa
3379 1755 3433 1810 in
3461 1753 3611 1812 etelis
3638 1751 3877 1824 repromit-

655 1854 884 1924 quisque
911 1853 1014 1907 sibi
1054 1851 1262 1920 injuria:
1301 1852 1461 1906 illane
1490 1848 1685 1907 vindex
1720 1852 1812 1905 fiat
1841 1852 2117 1921 prohibet,
2154 1866 2242 1905 ve-
2354 1849 2505 1904 titur.
2532 1849 2777 1903 Tradunt
2802 1858 2982 1903 autem
3024 1848 3077 1904 in
3106 1850 3209 1903 hoe
3231 1846 3428 1901 eodem
3458 1845 3695 1901 altiorem
3718 1842 3879 1899 intelli-

656 1960 772 1998 rum
824 1945 1009 2006 etiam,
1063 1943 1497 1998 dissimulatione
1546 1941 1888 1997 contumelia}
1925 1957 2087 2012 quam
2127 1957 2247 2012 per-
2352 1939 2549 2011 gentia:
2590 1953 2832 2003 sensum,
2862 1946 2923 1993 ut
2953 1952 3050 2008 per
3081 1937 3324 1992 tunicam
3381 1935 3701 2007 intelligatur
3720 1936 3878 1995 anima.

654 2050 846 2109 pessus
888 2045 995 2101 est,
1040 2047 1330 2106 prmtensa,
1370 2037 1613 2105 przcbcre
1657 2035 1833 2104 jubet,
1862 2043 1918 2089 et
1944 2034 2086 2105 quod
2110 2034 2246 2088 resi—
2348 2047 2448 2104 per
2476 2030 2695 2102 pallium
2725 2045 2856 2085 vero
2894 2045 3094 2099 corpus
3123 2030 3402 2094 exterius;
3445 2036 3700 2097 quatenus
3724 2025 3880 2095 siquis

651 2131 816 2187 duum
850 2140 949 2192 est,
988 2138 1045 2183 ut
1072 2130 1338 2200 ingenuus
1364 2131 1525 2184 homo
1566 2137 1755 2184 noster
1791 2128 1962 2182 libere
1984 2126 2129 2198 quod
2158 2134 2243 2182 est
2348 2126 2587 2181 animant
2629 2135 2775 2179 tuam
2822 2122 3049 2193 perdere
3078 2122 3332 2187 voluerit.
3365 2122 3609 2177 dimittas
3634 2122 3680 2177 ei
3708 2130 3757 2177 et
3786 2136 3858 2176 cer

652 2239 751 2296 pro
780 2224 1007 2281 Domino
1035 2226 1289 2294 patiatur.
2350 2231 2452 2286 pus
2487 2216 2540 2270 in
2569 2215 2853 2286 martyrio.
2904 2214 3082 2269 Simili
3129 2214 3293 2269 modo
3332 2223 3389 2269 et
3419 2214 3486 2269 de
3516 2213 3719 2269 maxilla
3754 2213 3879 2270 aliaat

725 2314 792 2371 Et
834 2318 904 2381 ei,
948 2316 1142 2385 inquit,
1184 2315 1275 2386 qui
1311 2314 1418 2368 vult
1455 2322 1624 2367 tecum
1658 2312 1867 2383 judicio
1908 2311 2238 2377 contendere,
2347 2306 2530 2362 ferunt
2554 2322 2812 2361 sensum:
2842 2316 2902 2361 ut
2932 2307 2976 2361 si
3006 2306 3131 2376 quis
3160 2306 3540 2361 litcretieorum
3573 2317 3623 2362 te
3648 2318 3881 2377 percusse-

648 2415 698 2461 et
727 2405 959 2460 tunicam
988 2416 1133 2458 luant
1169 2403 1372 2469 tollere,
1418 2405 1620 2457 remitte
1656 2404 1705 2456 ei
1742 2412 1789 2457 et
1830 2401 2071 2472 pallium.
2124 2401 2241 2470 Qua
2347 2400 2494 2454 ritin
2522 2415 2629 2455 uno
2653 2398 3059 2469 Scripturarum
3084 2399 3422 2466 testimonio,
3444 2400 3623 2470 pnite
3644 2400 3710 2454 illi
3727 2400 3883 2456 culte-

649 2497 905 2551 nimirum
933 2496 1227 2561 sententia,
1258 2510 1364 2550 non
1406 2495 1567 2549 modo
1596 2493 1817 2549 humani
1857 2492 2049 2564 judicii
2080 2493 2243 2547 susti-
2348 2505 2490 2558 rum,
2523 2507 2804 2563 quousque
2831 2493 2878 2548 is
2905 2492 3135 2547 veritate
3158 2492 3362 2555 victus,
3386 2496 3600 2548 tandem
3630 2493 3879 2564 mipiscat.

647 2602 780 2645 n'ere
820 2589 974 2661 jubet
1021 2589 1073 2643 in
1105 2588 1269 2643 rebus
1295 2587 1517 2644 caducis
1562 2586 1797 2643 violenta
1843 2585 2062 2641 decreta
2110 2585 2243 2640 diri-
2419 2580 2487 2637 Et
2521 2584 2610 2654 qui
2646 2592 2717 2647 te,
2753 2584 2950 2651 inquit,
2990 2584 3347 2652 angariaverit
3386 2582 3531 2638 mille
3566 2594 3752 2655 passus,
3785 2581 3884 2638 tatis

646 2678 909 2750 pientium
958 2687 1181 2745 nostra,
1217 2692 1407 2732 verum
1457 2693 1580 2732 cum
1620 2676 1902 2730 voluntate
1948 2676 2240 2742 libertatis,
2345 2692 2463 2732 eum
2495 2675 2587 2729 illo
2615 2684 2664 2729 et
2699 2673 2809 2727 alia
2841 2674 2968 2726 duo.
3016 2671 3135 2727 Non
3186 2672 3368 2728 solum
3413 2674 3577 2745 igitur
3615 2675 3881 2730 vestimenti

647 2769 846 2841 siquis
873 2766 1100 2825 voluerit
1140 2769 1361 2824 violenti
1392 2766 1599 2836 judicio
1625 2768 1863 2822 tunicam
1891 2765 2127 2831 auferre,
2153 2781 2242 2821 re-
2345 2768 2462 2824 sine
2504 2766 2708 2838 judicio
2753 2764 3143 2828 altercationis,
3191 2764 3293 2821 sed
3336 2774 3396 2821 et
3438 2767 3659 2838 teipsum
3698 2766 3882 2822 concede

651 2848 935 2917 mittamus
973 2862 1023 2917 ei
1054 2873 1103 2917 et
1136 2861 1383 2932 pallium,
1420 2870 1477 2917 et
1506 2862 1740 2917 nolimus
1784 2861 2043 2916 resistere
2077 2861 2239 2917 malo.
2343 2859 2415 2913 ei.
2473 2857 2677 2927 Nempe
2724 2858 3023 2912 secundum
3071 2852 3429 2922 antiquorum
3496 2856 3885 2916 consuetudinem

647 2949 814 3015 Sane,
857 2964 955 3021 per
996 2950 1269 3015 tunicam,
1312 2950 1575 3020 quidquid
1626 2951 1780 3006 nobis
1826 2965 1893 3006 ex
1937 2952 2242 3007 substantia
2345 2960 2430 3007 est
2458 2950 2687 3007 locutus.
2722 2950 2874 3007 Unde
2908 2966 3014 3007 non
3043 2954 3204 3010 modo
3225 2952 3416 3020 Iesus,
3445 2953 3540 3011 sed
3566 2942 3884 3018 etSimouﬂyo

646 3041 821 3113 magls
846 3040 1215 3096 necessarium
1242 3047 1347 3106 est,
1377 3050 1523 3095 recte
1546 3040 1868 3110 accipimus;
1902 3055 1999 3111 per
2020 3041 2241 3111 pallium
2350 3057 2560 3099 renaaus
2604 3046 2919 3115 augariatus
2952 3056 3040 3101 est
3081 3060 3308 3104 crucem
3364 3056 3491 3119 post
3533 3058 3652 3102 eum
3688 3049 3881 3114 portam.

648 3146 802 3198 vero,
832 3132 876 3188 si
910 3130 1040 3202 quid
1084 3146 1150 3187 ex
1203 3131 1475 3203 superﬂuo
1521 3133 1761 3187 exterius
1809 3131 2087 3198 dilatatur,
2134 3149 2239 3189 non
2270 3120 2316 3185 C
2347 3133 2575 3191 Crucem
2633 3136 2688 3190 in
2736 3137 3016 3208 augurium
3063 3147 3268 3209 portat,
3321 3138 3573 3211 quisquis
3618 3133 3888 3194 necessia“

647 3224 1093 3280 inconvenienter
1123 3223 1375 3282 dicimus.
1425 3223 1633 3293 Quibus
1673 3225 1883 3281 duobus
1918 3228 2103 3282 omnia
2148 3226 2238 3282 illa
2346 3228 2450 3283 sibi
2482 3228 2757 3299 imposita,
2785 3228 2948 3301 293
2995 3244 3103 3284 non
3135 3230 3261 3285 dico
3294 3228 3716 3303 evangellzandi,
3741 3227 3886 3281 veru

650 3318 1027 3389 intelliguntur
1070 3318 1137 3374 de
1174 3318 1371 3388 quibus
1409 3317 1615 3387 judicio
1660 3318 1941 3374 nobiscum
1986 3320 2239 3375 contendi
2338 3320 2494 3393 juxta
2521 3320 2895 3393 Evangelium,
2937 3322 3139 3377 mundo
3173 3324 3502 3391 cruciﬁxus,
3533 3337 3648 3393 qua
3680 3314 3890 3391 ponderi!

586 3456 592 3463 ρ
643 3423 855 3487 potest;
890 3414 964 3469 ita
990 3423 1049 3470 ut
1079 3430 1108 3468 a
1139 3422 1325 3469 nostro
1347 3412 1469 3483 jure
1496 3413 1549 3468 in
1573 3412 1662 3483 jus
1691 3412 1853 3479 illius,
1884 3424 2094 3486 sponte,
2123 3414 2240 3470 sine
2345 3420 2472 3466 sunt
2499 3421 2555 3465 et
2583 3421 2748 3466 aestus
2790 3410 2951 3482 hujus
2996 3412 3199 3479 saeculi,
3253 3415 3491 3471 devows
3539 3413 3772 3470 sustinet.
3812 3402 3887 3462 till

643 3506 807 3563 ullius
834 3507 945 3563 litis
974 3506 1347 3571 contentione,
1376 3505 1612 3576 diripere
1642 3501 1762 3577 [F.,
1788 3504 1971 3577 diripi]
2001 3505 2237 3576 gaudea-
2290 3528 2295 3533 α
2344 3511 2493 3558 recte
2534 3503 2771 3558 dicitur:
2809 3502 2871 3559 Si
2911 3502 3028 3574 quis
3070 3513 3120 3560 te
3161 3510 3529 3576 augariaeerit
3557 3506 3692 3562 mille
3726 3514 3887 3574 pom

641 3614 782 3654 mus.
814 3598 967 3657 Unde
990 3590 1191 3653 Paulus
1219 3612 1347 3654 suos
1373 3597 1686 3653 collaudans
1712 3598 1987 3653 auditores
2018 3615 2031 3651 :
2063 3597 2127 3651 Et
2154 3614 2239 3652 ra-
2342 3598 2474 3651 vade
2506 3613 2625 3652 eum
2658 3596 2753 3652 illo
2777 3608 2825 3651 et
2856 3597 2966 3652 alia
2990 3599 3115 3654 duo.
3148 3600 3226 3656 Ac
3257 3603 3306 3657 si
3332 3603 3510 3667 dicat,
3538 3602 3669 3656 vade
3690 3612 3796 3654 cuiu
3822 3591 3889 3647 illo

641 3692 845 3763 pinam,
873 3690 1066 3762 inquit,
1100 3689 1354 3745 bonorum
1386 3700 1677 3745 vestrorum
1706 3705 1823 3743 cum
1843 3688 2040 3759 gaudio
2068 3705 2239 3744 susce-
2343 3687 2447 3742 alia
2479 3688 2605 3754 duo,
2640 3696 2698 3741 ut
2727 3688 2805 3743 sis
2834 3702 2943 3743 non
2993 3698 3102 3743 tam
3148 3691 3391 3760 pedibus
3438 3706 3605 3763 quam
3647 3702 3709 3745 es
3744 3686 3889 3740 animo

639 3783 790 3852 piatis
827 3781 1016 3853 (Hebr.
1051 3791 1106 3845 χ’,
1131 3780 1247 3853 5t).
1295 3780 1447 3848 Quod
1478 3782 1523 3836 si
1551 3781 1616 3835 de
1647 3780 1969 3835 necessariis
2007 3780 2130 3835 vitae
2156 3780 2238 3834 in-
2342 3789 2587 3851 paratus.
2621 3779 2731 3836 Sed
2772 3794 2873 3834 cur
2902 3780 3046 3835 mille
3077 3794 3277 3851 passus
3313 3784 3523 3839 dixerit
3568 3792 3621 3838 et
3663 3794 3759 3835 non
3793 3774 3892 3847 plus

643 3874 919 3928 dumcntis
950 3875 1237 3943 accipitur,
1272 3882 1476 3943 quanto
1508 3872 1680 3943 magis
1725 3871 1998 3942 superﬂua
2043 3883 2234 3928 conte-
2342 3881 2438 3927 aut
2467 3872 2664 3938 minus;
2692 3874 2913 3927 omnino
2944 3888 3051 3927 non
3098 3874 3218 3929 sine
3246 3874 3524 3949 mysterio
3552 3875 3743 3932 factum
3773 3881 3891 3929 τθθτς

642 3981 829 4021 mnere
857 3964 1153 4020 debemus?
1187 3963 1323 4019 Nam
1356 3965 1475 4018 istis
1503 3964 1712 4018 duabus
1743 3963 2049 4032 speciebus,
2078 3978 2238 4033 gene-
2340 3963 2645 4031 praesertim
2690 3972 2802 4018 tum
2833 3972 2887 4018 et
2924 3963 3028 4019 alia
3069 3965 3177 4020 duo
3218 3981 3352 4022 cum
3385 3978 3455 4024 eo
3486 3968 3586 4033 ire,
3634 3981 3726 4022 nec
3754 3968 3892 4017 tamen

642 4055 829 4111 raliter
876 4056 1053 4109 omnis
1098 4056 1341 4125 pecuniae
1388 4053 1605 4107 habitus
1653 4054 2080 4109 contemnendus
2115 4069 2239 4109 esse
2341 4069 2371 4108 a
2398 4071 2648 4110 mensura
2676 4057 2819 4111 inille
2845 4072 3099 4129 passuum
3130 4061 3397 4119 recedere
3420 4078 3526 4119 nos
3542 4062 3710 4135 jubet.
3732 4056 3897 4127 Quippe

642 4155 999 4203 monstratur.
1054 4146 1209 4204 Unde
1258 4146 1476 4216 quidam
1533 4145 1889 4215 interpretum
1936 4160 2035 4215 pro
2072 4146 2239 4218 pallio
2342 4146 2387 4201 si
2422 4147 2489 4201 ad
2520 4148 2668 4202 mille
2707 4148 2810 4203 alia
2842 4150 2947 4203 duo
2979 4165 3235 4220 passuum
3273 4155 3450 4211 millia
3502 4152 3781 4214 addideris.
3821 4145 3897 4201 ιτὶι

639 4241 1022 4296 vestimentum
1054 4238 1392 4310 interpretati
1428 4247 1574 4292 sunt.
1608 4236 1674 4292 Et
1706 4237 1881 4293 Lucas
1908 4254 2063 4293 versa
2096 4239 2232 4303 vice,
2339 4238 2505 4293 millia
2534 4239 2688 4293 liunt.
2721 4238 2789 4296 Ut
2817 4241 2957 4297 sicut
2985 4241 3256 4313 perfectio
3280 4249 3606 4317 passionum
3636 4246 3791 4301 tribus
3811 4236 3903 4294 isti!

637 4333 790 4403 prius
813 4328 1173 4385 vestimentum
1197 4326 1353 4394 dixit,
1385 4330 1581 4385 deinde
1607 4331 1841 4384 tunicam
1870 4344 1932 4386 ne
1955 4333 2235 4402 prohibeas
2339 4334 2667 4403 praedicatur
2698 4335 2999 4406 exemplis:
3028 4336 3107 4392 sic
3136 4336 3400 4396 ultimum
3428 4340 3584 4397 verbi
3614 4340 3764 4395 tinem
3792 4333 3901 4387 trino

639 4424 791 4496 (Luc.
818 4441 893 4490 vi,
930 4423 1042 4493 29).
1086 4422 1165 4480 Ex
1198 4436 1306 4494 quo
1336 4432 1486 4495 patet
1516 4439 1611 4495 per
1644 4425 1881 4479 tunicam
1923 4427 2232 4481 necessaria
2278 4498 2283 4499 ν
2341 4424 2606 4480 conclusit
2650 4440 2898 4492 numero,
2924 4436 2986 4482 et
3015 4427 3423 4499 perfectionem
3478 4432 3534 4489 in
3570 4438 3635 4488 eo
3663 4416 3905 4486 millein?“

638 4532 867 4588 ipseque
937 4515 1161 4589 intelligi
1229 4514 1458 4582 debere;
1522 4530 1620 4586 per
1666 4516 2053 4571 vestimentum
2104 4532 2232 4572 vero
2259 4498 2313 4560 D
2339 4521 2702 4576 consecravit.
2736 4498 3070 4578 Milleuarius
3098 4536 3343 4593 namque
3377 4528 3434 4599 in
3466 4526 3588 4599 lege
3625 4520 3815 4581 sabbati
3841 4516 3903 4570 est

641 4606 823 4662 omnia
855 4622 975 4677 qua:
1009 4616 1299 4679 superSunt
1326 4622 1340 4661 :
1370 4616 1628 4680 tanquam
1658 4606 1704 4661 si
1736 4607 1962 4670 diceret,
1993 4608 2085 4678 qui
2117 4607 2232 4663 vult
2343 4611 2468 4675 iter,
2500 4610 2627 4681 quia
2665 4610 2787 4680 plus
2828 4628 2992 4681 quam
3036 4613 3184 4668 mille
3229 4596 3436 4685 passus
3483 4596 3568 4673 ire
3614 4617 3668 4672 in
3715 4612 3905 4669 sabbato

639 4715 699 4754 ea
726 4698 889 4770 292
913 4715 1031 4769 qua:
1054 4700 1150 4754 tibi
1176 4701 1241 4755 ad
1263 4716 1503 4773 prmsens
1528 4701 1742 4772 copiosa
1769 4699 1995 4754 aﬂluunt
2022 4700 2228 4764 tollere,
2340 4716 2447 4756 non
2479 4701 2694 4756 licebat.
2728 4701 2841 4758 Hoc
2868 4703 3035 4776 igitur
3060 4705 3275 4761 sabbati
3308 4708 3516 4765 itinere
3547 4703 3794 4779 spiritalis
3815 4708 3907 4770 per-

642 4794 859 4845 renntte
890 4788 938 4844 ei
964 4799 1019 4845 et
1046 4792 1088 4846 si
1114 4791 1245 4861 quid
1272 4792 1396 4847 vita:
1435 4792 1804 4848 necessarium
1838 4792 2025 4847 habes.
2073 4791 2231 4847 lndu—
2338 4790 2507 4847 lectio
2535 4792 2906 4865 designantur.
2950 4794 3065 4851 Non
3106 4796 3237 4853 licet
3274 4801 3432 4856 enim
3476 4801 3533 4857 in
3574 4800 3790 4856 sabbato
3819 4804 3908 4846 ser-

640 4893 881 4937 utentum
912 4898 1144 4953 namque
1174 4883 1388 4940 habitus
1421 4894 1505 4939 est
1538 4886 1804 4952 hominis;
1850 4886 2070 4941 habitus
2099 4899 2231 4940 vero
2338 4883 2464 4939 vilia
2512 4901 2677 4956 opera
2729 4903 3012 4954 exercere,
3055 4891 3151 4946 sed
3178 4905 3408 4962 semper
3450 4907 3577 4963 quae
3602 4882 3909 4963 perfectionis

641 4980 806 5034 etiam
859 4980 1002 5050 apud
1049 4978 1426 5050 philosophos,
1474 4983 1783 5037 universam
1835 4983 2229 5055 supellectilem
2338 4987 2484 5044 sunt,
2515 4979 2745 5050 ingenue
2767 4996 2830 5036 ac
2859 4981 3159 5039 liberaliter
3182 4987 3414 5041 sectari.
3448 4987 3529 5041 Ea
3557 4985 3759 5043 scilicet
3780 4976 3911 5049 agere

641 5074 887 5146 designat
928 5073 1307 5145 possessionis.
1361 5072 1551 5130 Omnis
1599 5075 1781 5145 itaque
1833 5076 2014 5131 tunica
2066 5076 2231 5132 vesti-
2339 5073 2623 5140 debemus,
2651 5089 2772 5143 qua:
2800 5075 2868 5129 ad
2894 5073 3137 5130 futurum
3169 5079 3501 5148 pertineant
3540 5080 3831 5134 sabbatum,
3858 5067 3910 5123 de

640 5175 881 5222 mentum
908 5175 1012 5231 est,
1043 5165 1137 5222 sed
1169 5181 1274 5220 non
1300 5181 1461 5221 omne
1489 5168 1871 5223 vesﬁmentuni
1921 5170 2099 5223 tunica
2131 5183 2223 5223 vo-
2335 5178 2442 5234 quo
2469 5164 2637 5218 Isaias
2675 5181 2690 5217 :
2735 5163 2873 5228 Erit,
2908 5164 3106 5238 inquit,
3134 5168 3425 5223 sabbatum
3460 5186 3531 5225 ea:
3566 5169 3776 5225 sabbato
3800 5158 3910 5234 (ιω-

643 5267 815 5314 catur.
845 5258 971 5314 Ideo
996 5267 1221 5314 vocatur
1250 5259 1393 5330 quod
1421 5260 1601 5315 minus
1628 5270 1711 5315 est
1743 5264 2109 5318 necessarium
2135 5278 2232 5334 per
2333 5272 2480 5320 vat,
2506 5256 2619 5326 ‘23).
2650 5254 2786 5323 Quia
2818 5258 2908 5326 qui
2942 5257 3031 5312 hic
3078 5258 3131 5312 in
3162 5262 3598 5330 praesentiarum
3634 5275 3664 5315 a
3692 5259 3913 5328 perverso

641 5354 1024 5408 vestimentum
1051 5371 1064 5407 :
1091 5361 1185 5408 aut
1221 5353 1484 5425 quidquid
1534 5355 1766 5426 amplius
1808 5367 1862 5411 et
1905 5373 2221 5429 magnarum

2334 5349 2754 5405 sabbatizaverit
2782 5364 2969 5421 opere,
3000 5350 3149 5406 illinc
3174 5367 3239 5405 ex
3278 5352 3392 5408 isto
3422 5354 3681 5424 quiescet
3707 5349 3757 5407 in
3778 5342 3913 5403 cmic-

641 5457 825 5498 rerum
870 5443 1099 5500 facultas
1141 5453 1247 5511 est,
1284 5460 1388 5499 non
1420 5445 1518 5500 abs
1545 5462 1602 5501 re
1634 5451 2027 5504 contemnenda
2076 5465 2226 5506 mon-
2328 5446 2397 5502 sti
2427 5445 2802 5502 retributione.
2853 5443 3134 5518 Siquidem
3184 5454 3341 5501 recte
3370 5448 3530 5503 vadit
3572 5460 3698 5503 cum
3742 5454 3803 5497 eo
3826 5434 3913 5491 alii

643 5540 866 5587 stratur.
914 5534 1319 5593 Contemnenda
1370 5538 1533 5607 igitur
1560 5548 1644 5594 est
1672 5541 1949 5597 saecularis
1996 5542 2223 5602 facultas

2332 5540 2455 5602 duo,
2487 5537 2576 5609 qui
2626 5552 2853 5608 corpore
2891 5546 3099 5593 tantum
3144 5536 3199 5592 in
3233 5539 3522 5595 servitute
3564 5535 3840 5609 redigitur,
3872 5522 3912 5581 ί

642 5627 991 5710 Christiano,
1037 5642 1097 5687 ut
1140 5634 1355 5690 inanem
1406 5636 1693 5692 stultorum
1747 5638 2119 5708 cupiditatem,
2172 5648 2228 5697 et
2328 5637 2537 5705 integer
2595 5634 2817 5704 spiritus
2847 5641 2902 5688 et
2950 5633 3131 5688 anima
3159 5645 3287 5687 cum
3323 5647 3395 5688 eo
3425 5634 3633 5689 devota
3685 5632 3738 5685 in
3772 5618 3917 5683 seri;

642 5714 941 5777 vanitatem
972 5721 1299 5780 insatiabilis
1329 5727 1572 5782 avaritia:
1599 5727 1896 5785 liberaliter
1918 5740 2136 5796 arguat;
2167 5747 2222 5788 se

2335 5729 2403 5783 lio
2433 5728 2526 5783 illo
2554 5727 2893 5795 angariante,
2924 5734 3347 5783 conservantur.
3401 5725 3508 5786 His
3540 5728 3742 5799 quippe
3766 5713 3915 5795 pat‘i‘
