4000 6362
173 292 262 354 Nl

969 280 1336 342 EXPOSITIO
1370 284 1437 340 ΙΝ
1477 281 1912 341 ΜᾹΤΤΗᾹΞΗΜ.
1937 315 2008 326 -
2042 283 2170 340 LIB.
2211 283 2298 350 lli,
2334 283 2487 339 CAP.
2528 283 2591 339 ν.

174 416 264 471 bus
303 407 603 467 secundum
645 403 961 476 Apostoium
992 444 1006 468 ,
1070 411 1218 458 totus
1266 403 1429 457 homo
1473 398 1747 471 perfectus
1776 403 1823 462 Α
1852 398 1988 454 lucri
2018 409 2070 453 et
2100 413 2258 453 usiura
2292 398 2492 468 passim
2523 394 2974 454 condemnantur.
3011 396 3191 453 Festus
3215 412 3349 454 vero
3375 414 3442 455 ex

174 509 621 563 connumeratur;
681 507 734 553 et
786 498 910 553 ideo
967 513 1073 551 non
1124 496 1362 551 absurde
1410 493 1748 550 millenarius

171 609 413 653 numerus
444 593 751 663 triplicatus
787 599 889 645 est.
923 589 1003 644 ita
1046 599 1225 643 tamen
1266 595 1327 641 ut
1363 597 1521 641 extra
1566 584 1748 656 perfe-

170 688 385 745 ctionem
415 692 476 738 et
501 682 775 738 libertatis
803 682 1087 736 sabbatum
1135 678 1424 733 consensio
1468 677 1748 732 servitutis

171 794 261 836 non
284 777 548 842 excedat;
588 775 686 830 sed
718 777 950 845 ingenue
977 774 1031 828 in
1061 787 1170 843 quo
1218 774 1590 842 angariamur,
1618 770 1745 827 abs-

170 892 259 948 que
293 881 543 946 peccato,
576 871 722 943 quod
763 878 848 926 est
886 869 1102 929 servile.
1154 883 1403 937 corpore,
1453 868 1657 932 anima,
1689 874 1746 921 et

168 968 339 1039 spiritu
368 964 729 1037 perferamus.
759 961 894 1017 Nam
922 976 1020 1030 per
1041 961 1184 1015 hanc
1215 959 1429 1013 itineris
1465 959 1746 1029 angariam

168 1061 382 1115 servitus
410 1057 601 1127 operis
627 1055 964 1122 designatur,
991 1061 1188 1107 ut~nou
1219 1051 1393 1105 solum
1423 1050 1622 1120 privati
1654 1065 1743 1105 re-

167 1149 253 1204 bus
290 1149 568 1218 patienter
620 1143 879 1205 feramus,
933 1156 1145 1205 verum,
1176 1149 1234 1194 et
1273 1140 1318 1195 si
1361 1140 1662 1210 redigimur
1688 1138 1742 1193 in

166 1239 451 1299 servitium.
486 1235 872 1306 aequanimiter
911 1230 1143 1287 ultronei
1188 1247 1532 1303 peragamus.
1583 1230 1741 1299 Quod

165 1332 287 1384 bene
329 1329 566 1392 Paulus,
623 1329 818 1382 harum
875 1326 1039 1380 trium
1101 1325 1417 1394 passionum
1472 1338 1742 1379 summam

164 1432 491 1477 enumerans,
523 1418 601 1471 ait
628 1434 642 1470 :
669 1415 974 1477 Snstinetis,
999 1414 1045 1467 si
1078 1416 1196 1485 quis
1224 1430 1312 1468 vos
1351 1415 1405 1468 in
1438 1416 1740 1468 servitutem

164 1511 359 1581 redigit,
385 1511 429 1563 si
450 1509 571 1574 quis
600 1508 838 1571 devorat,
861 1506 908 1560 si
926 1506 1044 1575 quis
1075 1507 1286 1577 accipit,
1315 1506 1359 1561 si
1385 1507 1502 1577 quis
1534 1505 1743 1561 extolli-

168 1617 264 1669 tur,
287 1606 332 1659 si
348 1604 463 1674 quis
486 1605 541 1656 in
564 1602 760 1673 faciem
783 1617 872 1655 eos
894 1600 1047 1655 credit
1080 1599 1168 1671 (ll
1192 1599 1317 1655 Cor.
1363 1617 1427 1665 ιι,
1458 1600 1569 1671 ΞΟ).
1601 1600 1741 1655 Ecce

169 1699 233 1752 de
257 1699 529 1767 reciproco
557 1695 883 1751 servitutem
913 1693 1151 1748 insinuat
1174 1693 1450 1763 pertinere
1479 1694 1545 1747 ad
1578 1708 1740 1763 anga-

1848 499 2117 563 prcecepto
2165 491 2317 560 quasi
2348 489 2576 560 iustitia:
2607 490 2911 543 membrum
2941 489 3299 545 collaudatur.
3330 490 3440 548 Neo

1848 598 1953 652 que
1981 583 2127 637 enim
2172 582 2471 651 putandum
2500 589 2584 634 est
2630 580 2772 650 quod
2823 580 3051 638 Domino
3088 596 3195 637 non
3226 584 3441 658 placeat

1846 676 1951 731 etsi
1982 677 2144 730 homo
2172 674 2501 740 reddiderit,
2528 673 2772 744 profecto
2796 688 2919 729 cum
2960 674 3013 729 id
3061 690 3128 730 ex
3168 689 3441 749 puecepto

1836 767 2048 832 .facias,
2085 774 2291 821 tantum
2326 781 2391 820 ne
2427 765 2724 829 avertat-is,
2755 775 2811 820 et
2858 766 3065 821 mdium
3110 769 3338 824 secteris
3360 769 3442 825 iu-

1846 874 1999 915 crum
2031 867 2404 922 terrenorum,
2433 857 2559 927 quia
2589 858 2727 928 apud
2749 869 2875 911 eum
2902 859 2994 927 qui
3029 857 3185 929 iubet
3226 860 3437 915 infruc-

1846 961 2060 1008 tuosum
2093 967 2200 1006 non
2230 952 2355 1006 erit.
2408 949 2543 1004 Nam
2564 991 2578 1015 ,
2636 964 2798 1020 supra
2821 990 2836 1015 ,
2871 951 3007 1021 quid
3037 960 3225 1008 contra
3255 965 3442 1022 perse-

1845 1045 2116 1101 cutionem
2139 1053 2195 1099 et
2218 1058 2399 1098 rerum
2423 1043 2737 1098 violentiam
2765 1056 2925 1112 agere
2948 1043 3272 1111 debeamus,
3298 1059 3442 1101 nunc

1845 1138 1974 1208 quid
2004 1136 2252 1192 beneficii
2298 1135 2601 1191 voluntarie
2645 1139 2762 1192 sine
2802 1136 2966 1191 ullius
2994 1137 3047 1192 vi
3075 1139 3441 1207 quzerentibus

1845 1232 2178 1303 impendere.
2210 1230 2317 1287 Sed
2348 1231 2569 1302 quidam
2598 1229 2874 1299 refugiunt
2903 1231 3018 1285 iure
3048 1231 3115 1286 de
3141 1232 3441 1302 pecunario

1844 1342 1943 1382 usu
1993 1341 2152 1395 posse
2186 1324 2436 1396 intelligi.
2469 1324 2641 1391 Quia,
2694 1324 2738 1378 si
2784 1323 3188 1395 eleemosyuam
3228 1325 3441 1383 cunctis

1844 1422 1934 1492 qui
1960 1429 2152 1491 petunt
2175 1422 2479 1475 tribuamus
2497 1460 2512 1485 ,
2538 1420 2604 1474 ad
2628 1418 2901 1473 modicum
2927 1432 3031 1473 non
3058 1417 3195 1483 erit,
3222 1415 3438 1475 etiamsi

1843 1508 1995 1568 dives
2042 1512 2111 1567 sit
2144 1511 2373 1582 aliquis,
2406 1511 2535 1581 quid
2581 1510 2801 1565 sibimet
2845 1509 3110 1580 largiatur
3140 1526 3154 1564 :
3185 1523 3365 1582 neque
3394 1510 3438 1566 si

1844 1622 2058 1678 semper
2086 1606 2364 1671 tribuitur,
2392 1605 2498 1658 erit
2525 1603 2665 1674 quid
2674 1602 2881 1673 iugiter
2917 1602 3118 1656 donare
3144 1602 3437 1672 possimus.

1843 1698 1957 1753 Nisi
2009 1698 2147 1753 forte
2178 1699 2293 1753 haec
2337 1695 2605 1752 sententia
2642 1694 2733 1750 illo
2784 1692 3106 1749 defendatur
3140 1707 3337 1758 sensu,
3375 1702 3439 1748 ut

164 1790 319 1855 riam;
352 1789 621 1845 devorare
649 1801 779 1841 vero
804 1793 858 1841 et
886 1784 1154 1855 accipere,
1182 1785 1249 1839 ad
1277 1799 1467 1839 eorum
1495 1784 1736 1855 rapinam

1844 1791 1988 1848 utuni
2020 1790 2221 1862 petenti
2246 1799 2300 1843 et
2323 1788 2524 1842 volenti
2551 1785 2784 1841 mutuari
2803 1786 2949 1856 iuste
2976 1785 3122 1855 quod
3145 1786 3431 1839 honestum

159 1881 241 1949 qui
264 1880 529 1951 diripiunt
552 1893 673 1948 quae
696 1885 884 1933 nostra
922 1884 1050 1931 sunt
1078 1876 1344 1932 violenter
1367 1885 1423 1931 et
1449 1876 1732 1931 devorant.

157 1970 409 2026 Catenam
432 1968 604 2042 294.
629 1970 674 2023 si
705 1968 822 2041 quis
850 1966 1140 2031 extollitur,
1188 1966 1254 2021 ad
1283 1968 1399 2022 Ιιωε
1430 1968 1531 2022 tria
1562 1967 1735 2022 refer-

165 2070 265 2120 tur.
298 2062 392 2131 qui
430 2074 600 2115 nemo
628 2059 802 2114 aliena
833 2057 1042 2128 diripit,
1070 2070 1233 2112 nemo
1274 2056 1428 2112 alteri
1459 2057 1736 2128 angariam

157 2153 390 2223 imponit,
418 2164 588 2206 nemo
610 2150 718 2206 nisi
741 2150 809 2205 de
833 2148 1147 2204 extollentia
1168 2149 1543 2219 persequendo
1569 2147 1735 2203 alium

155 2245 203 2300 in
230 2243 425 2302 faciem
451 2243 637 2299 caedit.
669 2241 775 2296 Sed
799 2242 914 2297 haec
935 2241 1115 2295 omnia
1129 2238 1441 2296 Christiano
1466 2240 1738 2311 patienter

153 2334 359 2394 ferenda
384 2345 540 2402 sunt,
564 2343 622 2391 et
654 2333 918 2390 libertatis
944 2334 1128 2389 animo
1152 2331 1478 2404 peragenda.
1513 2333 1648 2400 Quia
1679 2332 1733 2386 in

152 2427 228 2484 Iis
248 2428 511 2484 omnibus
562 2426 882 2495 iniuriarum
913 2426 1227 2495 generibus,
1271 2427 1429 2481 docet
1476 2426 1735 2496 magister

152 2520 384 2574 vitatis
431 2517 1006 2575 misericordissimum
1056 2517 1292 2588 religiosi
1341 2518 1442 2572 viri
1492 2517 1733 2571 animum

150 2611 534 2676 exercendum,
563 2619 619 2665 et
647 2620 868 2681 propter
906 2610 1182 2665 cumulum
1226 2610 1451 2681 iustitia:
1503 2610 1732 2681 paratis-

150 2703 329 2758 simam
355 2704 484 2774 eius
512 2712 755 2758 mentem
798 2716 922 2758 esse
949 2702 1151 2758 debere
1176 2704 1244 2756 ad
1271 2702 1591 2773 quamplura
1643 2717 1734 2758 su-

150 2797 413 2852 stinenda.
460 2795 570 2850 Sed
611 2797 736 2865 quia
775 2808 969 2865 parum
998 2803 1086 2849 est
1112 2795 1227 2849 haec
1260 2794 1445 2848 omnia
1477 2794 1729 2859 tolerare,

149 2888 242 2942 nisi
282 2888 618 2959 prastiteris
656 2887 874 2957 aliquod
908 2884 1233 2942 beneﬁcium
1277 2886 1421 2956 quod
1469 2887 1729 2957 potueris,

150 2989 546 3049 consequenter
573 2978 820 3050 adiungit
849 2978 1053 3034 dicens.

218 3070 381 3126 Omni
436 3072 633 3142 petenti
660 3081 709 3124 te
745 3071 849 3135 da;
878 3080 928 3125 et
961 3074 1051 3141 qui
1088 3071 1307 3127 voluerit
1334 3073 1568 3126 mutuari
1593 3089 1625 3127 α
1651 3082 1729 3137 te,

148 3178 239 3217 non
260 3174 543 3219 aversatus
572 3164 756 3235 fueris.
790 3163 1014 3219 Constat
1042 3164 1205 3233 igitur
1234 3160 1377 3232 quod
1406 3164 1587 3218 omnia
1617 3164 1739 3219 haec

147 3269 254 3325 qua:
277 3256 584 3319 adduntur,
619 3264 805 3326 partes
824 3255 1053 3323 iustitia:
1080 3256 1221 3319 sint,
1258 3263 1318 3309 ut
1344 3257 1551 3327 integra
1576 3253 1737 3324 iusti-

145 3346 211 3402 tia
236 3364 300 3404 ex
339 3349 431 3404 his
473 3349 734 3403 omnibus
761 3348 1109 3418 prtedicetur.
1141 3346 1278 3402 Hinc
1309 3362 1524 3418 quoque
1568 3348 1738 3417 liquet

144 3441 279 3509 quod
312 3442 392 3496 ’de
418 3441 509 3496 his
549 3441 713 3496 rebus
741 3441 874 3496 dicit
904 3456 920 3495 :
954 3439 1113 3495 Omni
1162 3442 1354 3511 petenti
1393 3449 1442 3495 te
1484 3442 1585 3506 da,
1616 3456 1739 3511 qua:

142 3530 367 3587 honeste
390 3548 457 3587 ac
478 3532 624 3600 iuste
654 3532 771 3587 dari
802 3541 1047 3602 possunt.
1078 3531 1331 3600 Alioquin
1361 3531 1407 3585 si
1438 3539 1627 3586 contra
1650 3535 1739 3600 iu-

142 3623 352 3677 stitiam
398 3626 688 3680 inhoneste
723 3625 927 3699 aliquid
962 3633 1242 3693 poscatur,
1291 3625 1561 3693 quomodo
1609 3625 1736 3679 illud

144 3714 322 3770 dando
364 3715 758 3786 complebitur?
798 3714 1108 3770 Praesertim
1156 3728 1278 3769 cum
1324 3714 1740 3769 innumerabilia

145 3805 245 3859 sint
263 3849 277 3870 ,
312 3805 510 3876 quibus
538 3807 585 3859 si
613 3806 783 3875 petita
814 3805 1140 3869 tribuantur,
1166 3804 1375 3873 iustitia
1402 3804 1620 3874 penitus
1643 3819 1737 3875 pe-

146 3898 370 3952 rimitur.
416 3896 637 3952 idcirco
681 3902 854 3952 restat
899 3897 981 3952 sic
1012 3896 1421 3967 intelligendum
1446 3937 1459 3960 ,
1491 3904 1552 3950 ut
1591 3897 1740 3951 omni

144 3989 341 4057 petenti
376 4000 434 4044 te
476 3990 628 4060 iuste
676 3998 732 4043 et
766 3989 1026 4054 honeste,
1059 3989 1105 4043 si
1153 3987 1205 4043 id
1253 3989 1462 4058 possis,
1508 3988 1741 4043 libenter

144 4081 510 4151 impertiaris;
567 4082 653 4136 sin
714 4088 893 4135 autem
952 4079 1184 4135 facultas
1233 4079 1491 4146 defuerit,
1549 4081 1737 4135 saltent

142 4173 246 4241 ipsa
269 4174 490 4244 iustitia
519 4172 717 4226 aﬂectu
735 4214 749 4237 ,
775 4172 941 4227 verbo
961 4213 976 4237 ,
998 4172 1082 4225 vel
1103 4173 1365 4241 obsequio
1392 4174 1734 4244 porrigatur;

140 4262 255 4321 hinc
296 4281 527 4336 quoque
558 4265 653 4319 fiet
675 4273 735 4318 ut
754 4268 898 4319 omni
929 4264 1132 4335 petenti
1167 4273 1220 4319 te
1248 4265 1520 4318 interdum
1543 4274 1599 4318 et
1628 4279 1742 4318 me-

140 4353 234 4410 lius
261 4357 477 4427 aliquid
511 4357 745 4412 tribuas.
777 4356 1046 4412 Caeterum
1075 4357 1221 4425 quod
1248 4354 1415 4420 dicit,
1441 4355 1533 4425 qui
1566 4354 1741 4409 volne-

140 4447 201 4499 rit
225 4448 474 4502 mutuari
501 4465 534 4501 α
559 4459 610 4502 te
630 4489 644 4513 ,
670 4464 734 4502 ne
763 4448 1038 4502 avertaris.
1065 4447 1422 4513 Quaerendum
1446 4456 1530 4502 est
1551 4455 1732 4500 utrum

139 4536 199 4591 de
229 4538 321 4593 illo
352 4540 509 4594 dicat
549 4546 763 4592 tantum
808 4538 900 4608 qui
931 4538 1131 4608 accipit
1176 4538 1519 4602 redditurus,
1552 4554 1621 4592 an
1667 4537 1735 4593 de

140 4631 276 4684 otnni
309 4632 493 4687 etiam
523 4629 630 4685 etsi
666 4644 775 4684 non
804 4628 935 4684 velit
962 4629 1214 4699 accipere
1247 4628 1577 4683 redditurus.
1602 4628 1742 4687 0m-

141 4737 225 4777 nes
246 4724 398 4778 enim
436 4723 534 4793 qui
586 4731 735 4777 recte
780 4721 904 4776 aliis
936 4722 1286 4783 miserentur,
1316 4721 1469 4791 plura
1502 4735 1624 4776 cum
1656 4720 1737 4777 fe-

139 4818 260 4867 riere
282 4814 610 4884 percepturi
634 4826 667 4866 a
698 4813 809 4868 Deo
831 4822 1167 4878 exspectant.
1197 4812 1404 4869 idcirco
1439 4814 1620 4869 omnis
1646 4813 1741 4884 qui

139 4905 324 4974 accipit
340 4947 356 4969 ,
382 4912 695 4969 mutuatur,
716 4904 844 4959 dum
866 4914 1155 4974 patronum
1183 4919 1245 4960 se
1269 4905 1464 4976 ingerit
1488 4906 1742 4961 feueran-

140 4998 233 5065 tis,
262 5010 322 5056 et
348 5000 452 5055 ille
478 4999 573 5069 qui
606 4998 826 5064 tribuit,
860 5000 976 5055 haec
1004 4998 1229 5063 eadem,
1273 5013 1395 5069 qius
1422 4999 1656 5055 seminat
1683 4999 1739 5055 in

108 5092 226 5171 ξοδ,
262 5091 583 5148 fenerator.
613 5090 723 5147 Sed
754 5099 936 5145 tamen
985 5089 1248 5145 Dominus
1279 5091 1364 5146 bis
1405 5090 1588 5145 verbis
1634 5092 1741 5146 duo

110 5180 433 5271 ipf-estaudi
464 5197 667 5252 genera
693 5190 780 5237 est
822 5179 1159 5251 complexus.
1192 5179 1368 5235 llnmn
1397 5181 1541 5251 quod
1569 5182 1742 5253 gratis

140 5289 227 5344 pro
258 5292 462 5331 amore
503 5274 711 5330 Christi
760 5282 817 5330 et
857 5272 1089 5343 iustitia:
1124 5273 1439 5344 integritate
1464 5288 1741 5344 nunquam

88 5418 119 5442 ,,
147 5369 617 5439 'nprmsentiarum
667 5369 936 5439 recepturi
989 5369 1211 5433 damus;
1248 5367 1391 5422 aliud
1433 5368 1578 5435 (ιιιοά
1616 5382 1738 5422 mu-

96 5448 110 5504 Ῑ
143 5460 225 5519 tuo
247 5463 572 5536 postulatur
616 5471 671 5517 et
706 5468 1052 5533 praestamus.
1085 5459 1199 5515 Hoc
1245 5460 1409 5531 igitur
1431 5457 1621 5527 iubet,
1668 5475 1738 5514 ne

142 5556 268 5626 pigri
295 5557 501 5612 simus.
531 5553 699 5610 Recte
728 5554 912 5623 itaque
941 5552 1009 5608 ad
1035 5553 1140 5608 hoc
1161 5567 1260 5608 nos
1283 5552 1461 5607 divina
1493 5552 1741 5605 hortatur

140 5645 489 5704 Providentia
512 5690 528 5714 ,
564 5648 692 5719 quia
725 5645 926 5702 talibus
955 5646 1259 5715 indigentes
1295 5643 1463 5699 multo
1493 5643 1737 5699 relevan-

145 5744 222 5793 tur
244 5752 419 5811 quam
450 5752 594 5809 saepe
629 5737 911 5808 iuvamine
930 5777 947 5805 ,
992 5744 1277 5808 propterea
1300 5745 1541 5807 quazstus
1570 5734 1735 5807 295

1842 1891 1923 1939 est
1961 1882 2248 1947 tribuatur,
2297 1882 2371 1934 ita
2404 1887 2464 1933 ut
2493 1894 2649 1949 :equo
2677 1878 2917 1949 pondere
2966 1876 3122 1932 nobis
3162 1885 3220 1931 et
3263 1875 3440 1933 oiiicio

1841 1983 2061 2038 nostro,
2089 1988 2182 2027 seu
2214 1971 2304 2042 qui
2339 1972 2406 2025 ad
2435 1985 2535 2025 nos
2556 1969 2840 2025 domestici
2883 1969 3007 2023 iidei
3035 1968 3309 2043 pertinere
3332 1983 3435 2023 no-

1840 2077 2088 2131 scuntur,
2115 2064 2308 2120 deinde
2334 2062 2588 2118 omnibus
2615 2059 2997 2132 aequanimiter
3017 2058 3320 2114 dividamus
3337 2099 3349 2121 ,
3377 2066 3439 2112 ut

1841 2161 1895 2215 in
1926 2159 2073 2215 nullo
2098 2156 2282 2225 iniusti
2312 2164 2403 2211 aut
2434 2154 2746 2219 inhonesti,
2782 2153 2924 2222 quod
2954 2151 3178 2207 omnino
3216 2166 3317 2207 nec
3341 2152 3433 2207 de-

1837 2262 1953 2317 cet,
1983 2252 2345 2306 inveniamur.
2380 2247 2533 2316 Quod
2583 2247 2628 2302 si
2671 2247 2740 2301 de
2766 2245 3030 2315 sapientia
3063 2252 3155 2299 aut
3180 2242 3436 2314 spiritali-

1837 2348 1939 2401 bus
1962 2344 2119 2399 donis
2147 2343 2269 2413 quis
2291 2340 2420 2396 velit
2447 2340 2697 2410 accipere
2720 2380 2734 2402 ,
2763 2338 2897 2393 satis
2930 2345 3079 2407 patet
3105 2336 3283 2406 quod,
3311 2351 3434 2391 cum

1838 2436 2009 2493 divisa
2032 2435 2252 2497 fuerint,
2279 2442 2580 2502 augeantur
2601 2445 2721 2500 qua:
2742 2444 2863 2484 eum
2894 2428 3109 2482 dederis
3137 2441 3244 2481 non
3274 2426 3435 2481 amit-

1839 2531 1927 2585 tis.
1952 2528 2155 2583 lzlcirco
2180 2525 2303 2579 talis
2324 2523 2550 2595 pecunia
2577 2535 2792 2590 semper
2822 2518 3142 2572 inexhausta
3172 2516 3297 2570 erit.
3325 2514 3427 2583 Qui

1834 2619 2079 2692 profecto
2106 2632 2318 2681 sensus,
2342 2615 2441 2669 etsi
2464 2628 2563 2684 pro
2585 2608 2964 2681 Apostolorum
2988 2605 3168 2662 officio
3191 2604 3428 2674 locuple-

1835 2715 1943 2769 tior
1969 2714 2240 2775 videatur,
2278 2719 2455 2763 tamen
2511 2708 2553 2762 si
2605 2702 2952 2774 accipiendns
2977 2711 3060 2756 est
3085 2709 3143 2755 ut
3174 2715 3292 2771 qua:
3322 2698 3425 2753 hu-

1836 2804 2113 2862 manitatis
2145 2809 2273 2857 sunt
2294 2816 2325 2855 a
2352 2799 2497 2855 nullo
2518 2796 3028 2870 praetermittantur,
3058 2793 3181 2862 quia
3210 2806 3311 2862 pro
3332 2804 3430 2845 no—

1834 2900 1919 2954 bis
1944 2900 2059 2954 iuec
2080 2894 2261 2951 omnia
2280 2936 2295 2960 ,
2320 2901 2433 2947 tum
2458 2891 2648 2947 melius
2670 2887 2950 2960 profutura
2974 2894 3100 2942 sunt
3120 2928 3134 2950 ,
3158 2897 3283 2940 cum
3309 2884 3427 2939 sine

1834 2990 2067 3046 habendi
2100 2990 2299 3042 damno
2324 2984 2463 3055 apud
2496 2982 2663 3037 Deum
2694 2982 2746 3035 in
2768 2978 2953 3034 futuro
2973 2975 3431 3047 centuplicantur.

1909 3080 2142 3137 Audistis
2167 3081 2290 3151 quia
2322 3078 2516 3132 dictum
2544 3074 2620 3129 est
2648 3089 2667 3129 :
2693 3072 2889 3143 Diliges
2922 3071 3219 3143 proximum
3242 3076 3388 3121 tuum
3414 3105 3427 3128 ,

1838 3185 1886 3230 et
1923 3173 2063 3228 adies
2099 3170 2369 3224 inimicum
2396 3179 2581 3233 tuum,
2618 3173 2674 3220 et
2704 3173 2921 3219 caetera.
2972 3161 3159 3232 igitur,
3202 3157 3328 3228 quia
3356 3154 3437 3211 le-

1840 3280 1959 3336 gem
2008 3261 2233 3331 implere
2283 3269 2538 3324 venerat,
2592 3273 2621 3313 a
2666 3255 2941 3327 principio
2986 3250 3305 3323 cogitandus
3351 3255 3435 3305 est

1842 3364 2052 3421 textus,
2079 3361 2134 3408 et
2156 3350 2612 3408 considerandum
2643 3362 2751 3418 quo
2779 3346 2886 3401 fine
2911 3353 3106 3401 cuncta
3137 3339 3431 3399 conclusit.

1840 3447 2092 3503 Profecto
2116 3443 2332 3498 bonitas
2371 3441 2465 3496 Dei
2493 3454 2612 3495 eam
2639 3435 2961 3507 compieudo
2990 3449 3163 3504 usque
3205 3433 3272 3487 ad
3303 3430 3432 3486 cha-

1841 3537 2059 3593 ri'tatem
2084 3536 2299 3605 plenam
2327 3531 2597 3603 provexit.
2626 3528 2737 3584 Lex
2764 3527 2963 3598 quippe
2981 3566 2995 3589 ,
3029 3523 3225 3594 Diliges
3254 3520 3437 3592 prosei-

1842 3644 1983 3684 mum
2031 3638 2212 3690 tuum,
2258 3624 2468 3694 inquit,
2495 3630 2552 3675 et
2583 3621 2727 3674 octies
2766 3618 3037 3672 inimicum
3072 3625 3252 3679 tuum,
3299 3611 3440 3666 dixit

1843 3736 1949 3777 non
1987 3732 2113 3773 voce
2149 3714 2426 3785 iubentis,
2460 3710 2557 3767 sed
2589 3706 2991 3782 permittentis;
3037 3704 3247 3760 relaxat
3289 3698 3438 3755 enim

1843 3826 2072 3885 pronmn
2101 3823 2289 3863 eorum
2312 3804 2550 3860 animum
2575 3803 2643 3857 ad
2673 3800 2970 3855 vindictam
2994 3838 3009 3864 ,
3041 3804 3096 3851 et
3124 3790 3442 3885 tamenaii-

1843 3880 2004 3973 quem
2054 3898 2329 3968 aequitatis
2378 3894 2607 3965 gradum
2656 3888 3031 3954 commendat,
3081 3886 3206 3941 dum
3253 3880 3441 3952 diliges

1841 3992 2140 4064 proximum
2187 3998 2335 4041 tuum
2357 3984 2532 4054 jubet.
2566 3983 2624 4038 in
2660 3990 2768 4051 quo
2812 3978 3068 4034 nimirum
3111 3974 3443 4064 graducoa~

1844 4062 2186 4151 stringuntur
2209 4078 2261 4132 hi
2290 4090 2449 4146 quos,
2472 4082 2700 4145 propter
2722 4071 2852 4125 vitia
2878 4067 3186 4123 dilectionis
3203 4105 3219 4130 ,
3244 4062 3441 4121 aﬂectu

1842 4175 2155 4245 frequenter
2180 4184 2518 4226 coercemus.
2550 4167 2706 4221 Sicut
2733 4172 2861 4220 suut
2894 4160 3154 4217 luxuriosi
3190 4158 3318 4224 lilii,
3348 4157 3438 4213 vel

1844 4266 2076 4339 proximi
2107 4263 2279 4319 nostri
2304 4262 2425 4317 aliis
2449 4259 2783 4331 quibuslibet
2809 4257 2957 4311 vitiis
2987 4253 3242 4319 detincti,
3270 4251 3441 4323 290

1843 4375 1979 4429 quos
2006 4358 2168 4411 etiam
2195 4371 2263 4409 ex
2293 4355 2410 4426 lege
2440 4359 2619 4424 potest
2656 4349 2885 4421 diligere
2911 4348 2966 4403 in
2994 4345 3198 4402 saevitia
3246 4356 3439 4415 perse-

1841 4461 2071 4523 quentes
2096 4492 2111 4514 ,
2142 4466 2208 4505 eo
2235 4450 2379 4519 quod
2422 4461 2529 4501 non
2561 4446 2627 4500 de
2669 4444 2826 4504 odio,
2859 4441 2954 4497 sed
2986 4456 3052 4495 ex
3083 4452 3271 4493 amore
3314 4436 3435 4493 fiat.

1848 4543 2100 4613 Ετίεἰιιιι·
2139 4554 2267 4610 ergo
2314 4551 2468 4593 amor
2515 4534 2777 4606 proximi,
2827 4533 2988 4586 datur
3030 4528 3249 4584 licentia
3282 4524 3440 4582 odire

1848 4633 2228 4696 inimicum,ut
2251 4644 2317 4684 ex
2343 4637 2576 4696 utroque
2598 4623 2749 4679 rudis
2768 4620 2949 4693 populi
2978 4619 3203 4674 inlantia
3234 4626 3442 4687 tempe-

1847 4735 2031 4790 retur;
2065 4731 2121 4777 at
2143 4736 2273 4776 vero
2299 4721 2352 4775 in
2382 4715 2706 4788 Evangeiio,
2734 4722 2793 4768 ut
2813 4709 3233 4784 perfectioribus
3254 4721 3442 4765 cumu-

1846 4816 1929 4871 lus
1951 4813 2180 4884 iustitia:
2201 4819 2482 4884 augeatur.

1915 4906 2031 4977 Ego
2056 4916 2265 4965 autem,
2313 4901 2521 4973 inquit,
2557 4899 2674 4954 dico
2719 4897 2862 4954 vobis
2889 4914 2909 4954 :
2951 4894 3161 4965 Diligite
3198 4889 3439 4945 inimicos

1845 5007 2074 5061 uestros,
2106 4994 2390 5065 benefacite
2428 4993 2508 5047 his
2546 4992 2635 5063 qui
2661 4990 2883 5045 oderunt
2921 5005 3046 5053 vos,
3083 4994 3132 5039 et
3159 4991 3307 5037 orate
3342 4994 3437 5049 pro

1844 5086 2266 5161 persequentibus
2295 5101 2358 5138 ac
2399 5082 2846 5139 calumniantibus
2886 5095 2995 5135 vos.
3029 5078 3155 5131 ilteo
3200 5079 3289 5147 est
3316 5069 3439 5125 lati-

1847 5184 1976 5237 tudo
2012 5182 2298 5238 ciiaritatis
2341 5188 2397 5233 et
2444 5185 2817 5234 consummata
2855 5176 3132 5229 armatura
3172 5164 3437 5236 iustitia,

1846 5290 1969 5346 qua:
2011 5288 2183 5344 usque
2228 5272 2296 5327 ad
2324 5268 2667 5327 dilectionem
2715 5266 3055 5323 inimicorum
3100 5257 3433 5315 extenditur.

1847 5366 1983 5421 Nam
2009 5372 2418 5436 persecuturum
2447 5362 2630 5417 rabies
2658 5367 2850 5417 contra
2893 5354 3095 5412 Christi
3131 5347 3434 5407 Ecclesium

1847 5459 2020 5513 tribus
2054 5458 2279 5513 dimicat
2303 5456 2507 5521 modis;
2544 5453 2741 5510 mentis
2771 5451 2978 5507 scilicet
3006 5446 3163 5511 odio,
3211 5451 3269 5499 et
3317 5455 3437 5497 ver-

1845 5550 2038 5605 borum
2070 5548 2409 5614 maledictis,
2473 5556 2638 5616 atque
2683 5544 3006 5616 iniuriarum
3039 5549 3095 5595 et
3141 5542 3432 5593 tormento-

1846 5656 1966 5697 rum
2019 5641 2350 5697 cruciatibus
2382 5659 2395 5694 :
2424 5651 2612 5694 contra
2643 5653 2763 5708 qua:
2793 5636 3042 5692 Christus
3079 5631 3285 5694 docuit,
3336 5641 3437 5695 pro

1845 5735 2144 5792 inimicitiis
2197 5735 2540 5794 dilectionem
2592 5731 2944 5803 impendere,
2992 5742 3091 5799 pro
3138 5724 3264 5783 odio
3305 5735 3436 5777 vero
