4000 6362
620 225 726 284 265

1438 226 1495 282 S.
1541 226 1893 284 PASCHASII
1934 227 2280 283 RADBERTI
2316 229 2607 287 ABBATIS
2648 232 3108 292 CORBEIENSIS

3749 256 3840 318 166

618 338 976 414 odiorumque
1005 339 1218 410 injuriis
1245 339 1505 396 beneﬁcia
1532 343 1833 398 retribuere
1853 380 1871 407 ,
1899 358 2108 398 necnon
2151 350 2207 398 et
2232 347 2281 405 Α
2311 351 2395 398 tus
2423 355 2643 402 sanctus
2675 348 2728 402 in
2757 350 2912 405 nobis
2930 391 2944 415 ,
2971 367 3070 421 per
3097 369 3272 424 quem
3311 356 3542 418 charitas
3570 364 3656 421 Dei
3690 370 3846 432 diffusa

616 444 716 500 pro
741 431 1116 499 persecutione
1139 444 1203 484 ac
1225 429 1512 486 calumniis
1538 447 1724 486 eorum
1745 473 1759 496 ,
1785 433 2058 487 orationes
2079 433 2171 487 fnn
2187 463 2201 473 -

617 521 765 576 dere.
805 519 902 576 His
924 521 1123 591 quippe
1149 523 1393 592 partibus
1431 524 1672 578 charitas
1710 526 1967 588 dimicat,
2004 535 2061 578 ut
2090 541 2201 579 om-

615 611 704 666 nia
733 611 874 666 mala
905 612 957 666 in
994 613 1139 667 bono
1180 613 1381 668 vincat.
1429 613 1668 685 Singulis
1695 618 1840 671 enim
1869 617 2079 689 singula
2102 632 2201 686 op-

614 713 906 777 ponuntur,
939 713 998 758 ut
1021 720 1210 762 omnes
1238 705 1456 760 malitia:
1497 715 1678 776 partes
1707 708 1949 767 bonitate
1977 710 2199 764 vincan-

616 805 721 850 tur.
755 796 938 862 Unde,
982 796 1027 853 si
1065 795 1222 865 juxta
1266 807 1349 852 est
1399 798 1681 863 inimicus,
1713 799 1930 855 dilectio
1960 800 2199 856 emolliat

613 905 710 943 cor
742 888 891 957 ejus;
925 890 969 945 si
1015 905 1142 945 vero
1170 890 1355 961 longe,
1385 891 1646 946 beneﬁcia
1691 902 1874 947 nostra
1922 911 2042 950 eum
2074 896 2199 950 visi-

615 978 778 1032 tando
803 977 1153 1049 perquirant;
1184 987 1240 1034 et
1270 979 1314 1034 si
1343 995 1450 1051 quo
1477 981 1548 1036 sit
1572 981 1692 1036 loco
1718 983 2020 1052 ignoratur,
2047 986 2198 1056 peni-

611 1076 698 1123 tus
723 1070 898 1123 oratio
927 1068 1143 1141 profusa
1175 1071 1315 1141 apud
1348 1071 1515 1126 Deum
1546 1074 1710 1128 etiam
1758 1074 2020 1131 latentem
2048 1077 2194 1132 inve-

610 1158 743 1211 niat.
792 1159 1175 1214 Verumtamen
1227 1161 1280 1215 in
1325 1163 1577 1218 omnibus
1626 1165 1881 1220 discretio
1935 1166 2193 1221 virtutum

609 1249 743 1305 satis
782 1251 1109 1306 moderanda
1157 1262 1274 1318 est,
1323 1261 1379 1307 et
1427 1253 1656 1310 sollicite
1702 1260 2151 1326 perscrutandum
2178 1301 2193 1326 ,

607 1342 735 1411 quid
779 1341 849 1396 sit
892 1343 1035 1414 quod
1081 1342 1316 1399 Joannes
1347 1360 1446 1414 pro
1489 1347 1841 1416 peccantibus
1870 1349 1936 1404 ad
1965 1360 2194 1405 mortem

609 1430 866 1489 fratribus
895 1435 1179 1504 prohibeat
1221 1451 1380 1491 orare
1399 1478 1414 1502 ,
1447 1437 1704 1494 Dominus
1732 1455 1862 1495 vero
1901 1441 2063 1497 etiam
2093 1458 2194 1512 pro

604 1523 840 1580 inimicis
861 1525 913 1580 id
935 1525 1253 1597 ﬁerijubeat
1277 1528 1327 1598 (1
1351 1528 1510 1584 Joan.
1535 1545 1591 1594 ν,
1614 1530 1723 1601 16).
1750 1531 1851 1587 Ubi
1881 1533 2015 1587 nihil
2047 1534 2192 1587 aliud

603 1617 861 1684 occurrit,
881 1633 1042 1688 quam
1073 1620 1201 1690 quia
1230 1621 1550 1692 suntaliqua
1579 1635 1797 1694 peccata
1831 1626 1882 1680 in
1910 1626 2190 1694 fratribus,

2308 445 2389 491 est
2419 439 2472 492 in
2502 441 2758 496 cordibus
2811 445 3041 508 nostris,
3073 447 3218 514 quia
3257 463 3435 506 sumus
3478 453 3563 508 ﬁlii
3607 456 3705 513 Dei.
3729 462 3845 522 Alio-

2307 528 2437 597 quin
2469 529 2572 584 nisi
2603 546 2702 601 per
2728 531 2888 588 ﬁdem
2920 551 3284 593 renascamur
3307 540 3591 610 charitate,
3614 559 3844 618 quomodo

2305 635 2372 674 ex
2406 619 2516 674 Deo
2542 621 2652 675 nati
2703 623 2980 679 dicimur?
3021 625 3282 684 Charitas
3310 632 3502 702 quippe
3529 635 3659 692 Deus
3684 651 3778 706 est,
3800 657 3842 700 et

2305 714 2428 769 ideo
2465 715 2714 784 quisquis
2756 732 2823 771 ex
2870 733 2932 772 ea
2963 721 3296 789 renascitur,
3339 739 3404 778 ex
3454 725 3557 781 Deo
3584 739 3724 786 natus
3759 746 3838 790 est.

2304 810 2442 866 Hinc
2472 812 2767 866 notandum
2800 816 2943 883 quod
2972 831 3078 870 non
3109 817 3184 871 ait
3215 835 3227 872 :
3261 819 3443 876 Facite
3476 824 3571 878 ista
3601 828 3712 894 quia
3738 832 3842 886 estis

2303 903 2432 967 ﬁlii,
2465 904 2558 959 sed
2589 904 2701 959 ait:
2730 905 2916 960 Facite
2947 923 3066 976 qua:
3093 924 3289 966 moneo
3309 952 3323 976 ,
3355 922 3410 967 ut
3447 915 3562 970 sitis
3590 915 3673 971 ﬁlii
3700 917 3843 975 Patris

2302 996 2489 1050 vestri.
2526 996 2605 1050 Ex
2647 1013 2754 1066 quo
2791 999 2930 1052 mira
2961 999 3162 1057 locutio
3206 1015 3512 1074 generatur.
3561 1006 3686 1074 Quid
3724 1013 3840 1067 enim

2301 1085 2443 1142 ﬁlius
2471 1087 2621 1143 Patri
2657 1098 2834 1160 potest
2859 1107 2982 1148 esse
3026 1094 3131 1150 nisi
3168 1095 3375 1154 Filius?
3407 1100 3473 1154 Et
3519 1109 3685 1157 tamen
3712 1102 3842 1162 Pater

2293 1178 2406 1248 jam
2429 1179 2657 1248 dicitur,
2686 1183 2807 1238 licet
2853 1186 3030 1241 adhuc
3070 1186 3300 1245 facultas
3342 1191 3500 1248 ﬁendi
3544 1195 3843 1251 credentibus

2299 1268 2580 1326 oﬁ'eratur.
2633 1271 2703 1326 Ut
2752 1275 2895 1339 sitis,
2937 1275 3140 1345 inquit,
3165 1278 3266 1346 ﬁlii
3308 1277 3486 1335 Patris
3526 1283 3695 1349 vestri,
3719 1299 3774 1338 ac
3807 1287 3843 1340 si

2299 1358 2444 1413 dicat
2470 1374 2484 1412 :
2511 1359 2698 1417 Facite
2725 1377 2910 1432 opera,
2934 1381 3001 1418 ne
3027 1365 3323 1435 degeneres
3343 1369 3481 1433 sitis,
3505 1371 3626 1439 quia
3652 1373 3844 1429 necdum

2302 1449 2436 1504 estis
2465 1465 2524 1505 re
2545 1492 2558 1515 ,
2598 1453 2741 1521 quod
2763 1453 2878 1524 jam
2915 1470 3009 1525 spe
3039 1456 3297 1514 divinitus
3325 1458 3454 1515 facti
3485 1462 3630 1518 estis.
3668 1462 3784 1520 Nam
3801 1475 3844 1521 et

2299 1541 2458 1614 vulgo
2488 1544 2567 1599 sic
2597 1559 2738 1616 saepe
2785 1545 3057 1616 loquimur
3083 1567 3096 1603 ;
3121 1550 3249 1607 Fias
3290 1553 3370 1608 sic
3397 1552 3538 1610 ﬁlius
3563 1557 3722 1626 patris
3757 1558 3844 1622 tui,

2300 1649 2406 1688 non
2448 1635 2634 1704 utique
2685 1646 2908 1701 natura,
2937 1639 3080 1708 quod
3109 1639 3222 1709 jam
3255 1651 3371 1709 est,
3411 1646 3512 1699 sed
3550 1646 3842 1712 imitatione,

602 1723 722 1778 qua:
749 1709 1092 1768 inimicorum
1133 1717 1602 1784 persecutionibus
1630 1719 1881 1788 graviora
1914 1721 2186 1788 videntur,
2219 1721 2270 1782 B
2299 1729 2441 1797 quod
2470 1729 2700 1784 necdum
2750 1739 2852 1785 est.
2885 1730 3102 1798 Quanto
3131 1734 3310 1804 magis
3356 1735 3422 1790 de
3467 1737 3619 1792 nobis
3659 1738 3760 1793 hac
3783 1709 3845 1793 lo-

597 1817 700 1871 pro
727 1802 921 1873 quibus
948 1821 1050 1861 nec
1079 1821 1270 1878 rogare
1313 1807 1493 1862 liccat.
1528 1808 1667 1864 Sunt
1710 1821 1888 1866 autem
1926 1821 1980 1867 et
2023 1814 2183 1880 tales,

597 1889 746 1961 juxta
788 1894 1137 1964 Apostolum,
1168 1913 1290 1953 cum
1341 1900 1539 1968 quibus
1595 1916 1694 1956 nec
1743 1903 1921 1957 cibum
1974 1920 2188 1962 sumere

597 1984 928 2051 permittitur
962 1985 1016 2054 (Ι
1043 1985 1170 2042 Cor.
1204 2004 1257 2054 v,
1291 1989 1379 2059 ll)
1408 2009 1418 2041 :
1456 1990 1530 2044 ita
1558 2000 1734 2046 tamen
1763 2001 1822 2047 ut
1845 1994 1972 2048 vitia
2003 1995 2184 2050 sintin

596 2074 745 2139 odio,
775 2085 968 2131 natura
999 2093 1130 2134 vero
1160 2095 1188 2133 a
1220 2080 1408 2145 nobis,
1432 2083 1557 2151 quia
1590 2083 1839 2140 homines
1869 2093 2026 2150 sunt,
2061 2087 2185 2142 dili-

596 2175 776 2238 gatur.
804 2167 1073 2225 Ceterum
1103 2187 1165 2226 ea
1197 2188 1317 2243 qua:
1341 2189 1370 2227 a
1397 2175 1602 2230 sanctis
1625 2175 1876 2232 Patribus
1904 2187 2030 2233 sunt
2055 2195 2176 2250 pro—

615 2267 733 2325 ata,
765 2269 821 2314 et
852 2260 905 2314 in
935 2259 1230 2332 Scripturis
1252 2264 1450 2321 divinis
1484 2267 1640 2336 quasi
1674 2266 1961 2324 maledicta
1989 2285 2185 2327 sonare

593 2347 866 2416 videntur,
895 2351 1078 2421 potius
1098 2354 1396 2423 prophetiae
1425 2365 1549 2410 sunt
1576 2357 1641 2411 de
1664 2356 1846 2413 futuro
1871 2374 2033 2429 quam
2057 2359 2186 2416 livo-

591 2441 670 2496 ris
699 2440 781 2496 vel
805 2441 1050 2497 odiorum
1078 2442 1552 2502 inﬂammationes.

662 2531 849 2602 Neque
891 2534 1307 2602 teStimandum,
1351 2538 1507 2608 juxta
1556 2541 1852 2610 quosdam,
1885 2543 2029 2614 quod
2077 2545 2180 2602 ista

588 2633 984 2696 praeceptorum
1018 2627 1235 2682 decreta
1267 2629 1617 2700 impossibilia
1667 2634 1806 2700 sint,
1836 2648 1902 2690 eo
1929 2635 2070 2706 quod
2101 2638 2181 2691 di-

591 2725 722 2771 cunt
759 2731 773 2769 :
807 2715 954 2773 Satis
977 2729 1100 2773 erat
1146 2719 1426 2776 inimicum
1471 2739 1576 2778 non
1623 2725 1834 2791 odisse;
1869 2742 1970 2781 nec
1999 2735 2178 2781 atten-

589 2807 808 2872 dentes,
835 2808 981 2876 quod
1009 2809 1174 2863 etiam
1197 2809 1251 2864 in
1295 2811 1492 2867 Veteri
1518 2813 1868 2871 Testamento
1897 2818 1996 2872 hoc
2027 2818 2177 2871 multi

590 2899 884 2970 implevere
901 2941 916 2966 ,
939 2911 1142 2971 quanto
1169 2903 1340 2974 magis
1361 2904 1468 2958 illis
1493 2906 1692 2974 poterit
1720 2921 1840 2962 esse
1867 2907 2031 2978 297
2055 2925 2178 2978 pos-

588 2988 747 3043 sibile
772 2989 970 3060 quibus
1003 2991 1206 3046 Christi
1249 2993 1423 3062 gratia
1469 2993 1817 3067 suﬁ‘ragatur,
1849 3009 1904 3052 et
1931 3009 2176 3070 Oporteat

2295 1821 2438 1875 cutio
2465 1831 2520 1876 et
2558 1821 2670 1876 Deo
2698 1821 2857 1878 Patre
2902 1823 3128 1879 dicenda
3174 1833 3260 1882 est
3281 1865 3297 1890 ,
3330 1826 3499 1898 298
3528 1827 3614 1881 ubi
3644 1843 3736 1884 non
3760 1842 3843 1881 una

2292 1922 2484 1970 natura
2517 1917 2608 1972 Dei
2640 1927 2693 1972 et
2724 1926 2907 1974 nostra
2937 1919 3286 1990 praedicatur,
3313 1920 3410 1975 sed
3441 1920 3712 1975 hortamur
3744 1936 3844 1990 per-

2289 2021 2608 2063 maneamus
2639 2008 2691 2063 in
2716 2010 2890 2080 gratia
2927 2010 3270 2080 adoptionis,
3300 2025 3400 2082 per
3443 2027 3601 2081 quam
3625 2010 3726 2079 jam
3767 2011 3840 2065 filii

2291 2099 2655 2165 nominamur,
2693 2109 2751 2156 et
2793 2102 2950 2157 nobis
2997 2102 3139 2159 idem
3168 2103 3335 2160 Pater
3359 2105 3577 2160 dicitur.
3615 2103 3844 2160 Przeterea

2289 2193 2639 2261 quaerendum
2670 2196 2916 2263 aestimo,
2956 2207 3139 2252 utrum
3184 2198 3305 2256 haec
3345 2199 3612 2255 sententia
3654 2199 3845 2268 pendeat

2287 2297 2354 2338 ex
2377 2299 2442 2338 eo
2472 2292 2677 2340 tantum
2698 2325 2714 2352 ,
2749 2288 2838 2344 ubi
2861 2289 3067 2344 dictum
3111 2299 3217 2356 est,
3270 2291 3495 2362 Diligite
3534 2291 3756 2345 inimicos
3781 2305 3845 2343 ue-

2285 2385 2420 2430 stros
2439 2417 2454 2441 ,
2482 2393 2550 2430 an
2579 2377 2646 2432 ad
2669 2380 2850 2434 omnia
2873 2397 2994 2451 quae
3017 2397 3178 2452 supra
3204 2383 3491 2454 praemissa
3513 2382 3666 2438 sunt?
3687 2381 3844 2450 Liquet

2286 2469 2452 2540 igitur
2477 2471 2610 2526 satis
2652 2474 2780 2544 quia
2816 2474 2904 2530 illa
2935 2477 3036 2531 hac
3067 2477 3182 2532 sola
3224 2476 3520 2534 dilectione
3542 2517 3557 2542 ,
3601 2491 3694 2546 per
3711 2488 3843 2544 quam

2283 2569 2334 2615 et
2387 2562 2637 2618 inimicos
2681 2564 2905 2635 diligere
2934 2566 3208 2634 iubemur,
3259 2569 3604 2638 complentur
3645 2575 3696 2621 et
3730 2565 3774 2619 in
3794 2577 3845 2618 ea

2283 2661 2478 2708 cuncta
2531 2655 2978 2724 recapitulantur.
3028 2655 3403 2724 Quamobrem
3451 2674 3558 2715 non
3609 2657 3766 2714 solum
3792 2653 3846 2708 ad

2281 2742 2450 2809 hanc,
2484 2759 2672 2800 verum
2701 2754 2755 2800 et
2781 2747 2849 2801 ad
2882 2747 2971 2802 illa
3013 2750 3232 2816 omnia,
3263 2767 3330 2805 ex
3362 2751 3562 2821 quibus
3596 2748 3846 2805 conﬁcitur

2283 2835 2554 2902 charitas,
2587 2835 2932 2893 referendum
2957 2847 3043 2893 est
3070 2857 3083 2892 :
3117 2837 3183 2894 Ut
3213 2841 3332 2896 sitis
3372 2841 3472 2910 lilii
3513 2840 3672 2911 patris
3702 2836 3845 2893 vestri.

2278 2926 2355 2981 Ac
2380 2927 2423 2981 si
2455 2937 2704 2996 patenter
2734 2930 2878 2984 dicat
2908 2948 2921 2983 :
2956 2929 3172 3001 Diligite
3223 2933 3481 2989 inimicos
3512 2941 3721 2987 vestros
3765 2927 3849 2982 mi-

2283 3018 2652 3084 sericorditer,
2697 3028 2756 3074 et
2804 3020 2908 3075 hac
2935 3020 3048 3076 sola
3096 3021 3398 3078 dilectione
3426 3021 3666 3092 supplete
3695 3015 3848 3073 omnia

591 3077 732 3135 ﬁlios
753 3080 1058 3150 adoptionis
1078 3081 1229 3136 illum
1250 3082 1477 3149 imitari,
1499 3086 1592 3155 qui
1614 3086 1721 3142 huc
1748 3089 1966 3146 veniens
1993 3107 2181 3148 omnes

2287 3123 2406 3178 quae
2429 3109 2700 3174 mandavi,
2719 3118 2777 3164 ut
2797 3110 2918 3166 sitis
2941 3110 3035 3165 ﬁlii
3051 3111 3232 3168 Patris
3252 3114 3451 3168 vestri.
3468 3113 3696 3181 Accepta
3717 3107 3853 3178 igitur

588 3175 838 3231 inimicos
880 3176 1117 3244 invenit,
1145 3185 1201 3233 et
1239 3177 1306 3234 de
1346 3177 1480 3249 ipsis
1508 3178 1638 3235 fecit
1668 3181 1770 3236 sibi
1814 3184 2036 3238 amicos.
2069 3184 2175 3240 Sed

589 3256 851 3338 quaeritur
879 3269 1150 3338 quomodo
1194 3285 1300 3326 non
1344 3271 1569 3326 solverit
1599 3272 1768 3344 legem
1789 3314 1804 3339 ,
1836 3275 1958 3344 quia
1990 3277 2124 3330 dixit
2159 3295 2171 3331 :

587 3356 802 3429 Diligite
835 3359 1073 3414 inimicos
1111 3370 1325 3427 vestros,
1354 3364 1654 3432 praesertim
1686 3381 1808 3420 cum
1851 3367 1934 3420 lex
1969 3368 2117 3423 dicat
2157 3387 2169 3422 :

590 3449 750 3506 0dies
776 3452 1047 3506 inimicum
1082 3462 1250 3508 tuum.
1283 3454 1411 3510 Haac
1455 3455 1722 3526 siquidem
1752 3459 1978 3527 quaestio
2009 3461 2173 3516 solvi-

587 3551 677 3598 tur
711 3544 801 3601 illo
839 3547 1006 3602 verbo
1033 3547 1178 3616 quod
1223 3563 1385 3618 supra
1439 3551 1836 3620 praemisimus,
1889 3556 2013 3624 quia
2065 3575 2174 3614 non

584 3645 670 3692 est
697 3637 1050 3708 imperantis,
1081 3639 1176 3694 sed
1210 3641 1607 3710 permittentis,
1659 3654 1882 3716 propter
1918 3647 2173 3704 duritiam

587 3739 644 3785 et
690 3730 1157 3800 imperfectionem
1207 3747 1416 3787 eorum.
1475 3734 1545 3788 At
1607 3752 1735 3793 vero
1784 3753 1905 3793 cum
1956 3741 2176 3797 advenit

587 3823 796 3894 gratia,
830 3839 937 3893 qua
977 3831 1161 3878 nostra
1194 3823 1487 3880 inﬁrmitas
1525 3827 1818 3896 relevatur,
1865 3833 2175 3889 restitutum

586 3921 670 3968 est
691 3913 796 3984 legi
825 3914 893 3968 ad
922 3913 1312 3983 perfectionem
1340 3916 1598 3986 iustitiae,
1625 3920 1770 3987 quod
1793 3921 2174 3978 detruncatum

586 4015 707 4062 erat
736 4015 957 4078 propter
985 4007 1413 4065 imbecillitatem
1443 4013 1678 4068 carnalis
1706 4017 1886 4085 populi
1915 4026 1969 4072 et
1996 4021 2175 4087 segni-

588 4100 716 4155 tiem
746 4115 956 4156 eorum.
990 4099 1129 4157 Hinc
1158 4111 1243 4157 est
1279 4106 1423 4174 quod
1467 4115 1524 4160 et
1565 4107 1730 4163 aliubi
1780 4111 1846 4165 de
1885 4112 2177 4168 dilectione

586 4190 815 4261 loquens
843 4191 972 4246 dicit
1004 4210 1017 4244 :
1053 4191 1364 4247 Mandatum
1396 4211 1588 4251 novum
1623 4198 1690 4252 do
1718 4200 1858 4256 vobis
1881 4242 1896 4268 ,
1924 4201 2049 4258 licet
2075 4219 2175 4258 an-

585 4293 670 4338 tea
700 4283 866 4354 fuerit
890 4284 1252 4365 praemissum,
1272 4285 1468 4358 Diliges
1488 4291 1788 4358 proximum
1811 4303 1959 4347 tuum
1989 4293 2170 4366 (Joan.

583 4391 682 4430 xm
701 4416 716 4443 ,
751 4376 864 4448 54).
897 4364 1105 4433 Novum
1138 4388 1321 4434 autem
1351 4380 1472 4435 ideo
1500 4392 1689 4449 vocat,
1713 4385 1837 4456 quia
1858 4386 1912 4440 in
1935 4364 2024 4443 illo
2046 4404 2172 4443 car-

2281 3207 2571 3270 potestate,
2599 3201 2742 3269 agite
2770 3201 3044 3272 operibus,
3085 3211 3144 3256 ut
3175 3203 3309 3258 sitis
3339 3203 3469 3268 ﬁlii,
3502 3202 3627 3273 quia
3656 3197 3737 3254 ille
3765 3195 3857 3266 jam

2280 3289 2441 3345 Pater
2461 3300 2565 3346 est.
2592 3291 2710 3348 Non
2731 3293 2877 3348 enim
2902 3303 3081 3364 potest
3103 3310 3208 3349 non
3234 3311 3375 3351 esse
3397 3295 3543 3367 quod
3564 3301 3662 3350 est.
3684 3288 3859 3346 Idcirco

2279 3399 2379 3438 vos
2409 3393 2586 3440 estote
2634 3386 2969 3442 renascendo
3015 3402 3113 3456 per
3142 3386 3485 3444 cbaritatcm
3505 3427 3519 3454 ,
3548 3383 3688 3458 quod
3711 3375 3860 3439 vocati

2279 3477 2428 3532 estis.
2457 3477 2711 3547 Alioquin
2736 3479 2865 3534 licet
2891 3479 2980 3534 ille
3006 3480 3078 3534 sit
3100 3477 3297 3547 Pater,
3329 3496 3429 3536 vos
3457 3481 3554 3536 ﬁlii
3584 3494 3687 3535 non
3709 3471 3860 3535 eritis,

2279 3569 2384 3624 nisi
2415 3584 2480 3625 ex
2507 3570 2618 3625 Deo
2650 3571 2765 3625 nati
2793 3571 2944 3636 sitis;
2968 3572 3110 3626 Deus
3139 3573 3354 3645 quippe
3379 3574 3622 3630 charitas
3645 3579 3740 3625 est.
3766 3562 3860 3618 Hoc

2279 3661 2479 3732 quippe
2536 3661 2778 3717 insinuat
2826 3661 2969 3717 ﬁlius
3013 3662 3102 3717 ille
3141 3663 3445 3735 prodigus,
3493 3662 3618 3731 qui,
3645 3652 3862 3728 quamvis

2280 3771 2388 3810 non
2411 3754 2637 3820 audeat,
2666 3769 2768 3809 nec
2795 3754 3016 3825 dignum
3056 3754 3304 3809 fateatur
3349 3771 3412 3810 se
3459 3754 3632 3808 ﬁlium
3669 3743 3861 3808 vocari.

2279 3854 2460 3901 tamen
2489 3847 2842 3902 nihilominus
2870 3856 3081 3917 patrem
3107 3862 3233 3904 eum
3253 3848 3542 3919 appellat,
3569 3859 3724 3917 quem
3747 3840 3864 3897 scie-

2250 3993 2252 3996 ,
2281 3947 2368 3992 rat
2397 3953 2505 3993 non
2531 3953 2691 4008 posse
2718 3938 2949 4004 mutari;
2971 3953 3036 3993 ac
3060 3938 3103 3994 si
3135 3948 3402 4009 patenter
3429 3939 3632 3995 clamet
3663 3954 3676 3990 :
3701 3933 3753 3990 Si
3778 3943 3862 4001 ego
3914 3967 3916 3970 μ

2278 4029 2501 4098 peccavi
2531 4029 2584 4083 in
2613 4028 2808 4084 ccclum
2831 4071 2845 4094 ,
2883 4039 2940 4086 et
2972 4045 3076 4086 non
3109 4045 3227 4085 sum
3261 4032 3476 4102 dignus
3509 4029 3690 4086 vocari
3714 4025 3864 4085 ﬁlius,

2280 4129 2336 4176 tu
2365 4137 2638 4191 nunquam
2662 4131 2816 4192 pater
2853 4122 2969 4179 fore
3014 4124 3260 4187 desistis,
3321 4140 3507 4196 neque
3555 4124 3758 4178 viscera
3781 4131 3863 4189 pa-

2280 4212 2421 4266 terni
2468 4211 2692 4268 affectus
2733 4230 2969 4284 unquam
3025 4216 3448 4285 prietermittis,
3503 4215 3591 4270 fac
3622 4228 3708 4269 me
3750 4210 3872 4265 sicut

2279 4321 2446 4360 unum
2473 4306 2539 4362 de
2569 4308 2954 4372 mercenariis;
2983 4292 3124 4377 quod
3153 4315 3207 4361 et
3236 4306 3517 4365 Dominus
3543 4305 3680 4362 Novi
3709 4303 3872 4356 Testa-

2282 4398 2449 4453 menti
2498 4399 2687 4454 volens
2736 4414 3045 4469 praecavere
3088 4415 3154 4453 ne
3199 4400 3454 4457 itatenus
3501 4400 3877 4472 degenerarent

584 4469 692 4524 nali
751 4471 949 4539 populo
1006 4469 1366 4526 inveteratum
1416 4485 1534 4527 erat
1580 4484 1635 4530 et
1691 4478 2066 4546 semidictum,
2108 4496 2181 4548 eo_

2287 4489 2588 4559 adoptionis
2621 4463 2752 4554 ﬁlii,
2786 4489 2974 4560 implet
3004 4487 3274 4557 justitiam
3308 4491 3454 4562 legis
3476 4532 3492 4557 ,
3538 4463 3778 4546 removet
3807 4483 3874 4538 si-

584 4558 724 4630 quod
771 4560 860 4614 vix
909 4574 1096 4614 eorum
1144 4561 1341 4632 aliquis
1374 4566 1695 4635 quempiam
1735 4569 2018 4639 diligeret,
2069 4573 2172 4628 nisi

583 4665 750 4708 carne
793 4651 1075 4722 proximus
1110 4652 1321 4708 fuisset.
1376 4655 1446 4710 At
1492 4672 1622 4712 vero
1672 4658 1951 4728 Christus,
2002 4679 2174 4720 novus

584 4742 748 4798 homo
771 4751 975 4809 noster,
1003 4745 1278 4800 renovatis
1301 4745 1354 4800 in
1377 4762 1437 4802 se
1457 4748 1801 4806 dilectionem
1831 4753 2171 4823 praecipiens,

582 4849 776 4892 omnes
812 4844 906 4891 aut
933 4838 988 4891 in
1018 4837 1128 4892 Deo
1155 4847 1249 4892 aut
1289 4849 1514 4910 propter
1546 4842 1716 4896 Deum
1750 4842 1976 4913 diligere
1996 4843 2170 4914 jubet.

583 4929 794 4985 Idcirco
822 4943 1022 4983 novum
1060 4931 1376 4985 mandatum
1419 4934 1735 5003 proposuit;
1775 4935 1900 5005 quia
1927 4935 2054 4991 illud
2088 4937 2174 4991 in-

585 5035 840 5081 novatum
869 5027 1049 5082 omnia
1088 5026 1342 5093 innovat,
1375 5038 1430 5082 et
1473 5030 1540 5084 de
1580 5029 1708 5085 ﬁliis
1747 5031 1840 5085 irze
1878 5031 2018 5088 ﬁlios
2040 5035 2172 5088 ado-

584 5121 786 5190 ptionis
815 5119 961 5176 facit.
993 5118 1148 5174 Unde
1180 5120 1426 5190 sequitur

657 5211 726 5267 Ut
748 5212 860 5268 sitis
883 5211 982 5281 ﬁlii
999 5210 1179 5265 Patris
1203 5213 1357 5265 vestri
1383 5215 1473 5282 qui
1495 5215 1550 5268 in
1570 5215 1710 5270 caelis
1737 5225 1832 5270 est.
1864 5215 2005 5270 Ecce
2035 5215 2175 5273 ﬁlio-

585 5321 706 5361 rum
731 5307 948 5376 adoptio
979 5305 1092 5361 sola
1122 5305 1389 5362 charitate
1424 5307 1750 5377 acquiritur,
1782 5309 2021 5364 charitas
2044 5325 2172 5367 vero

585 5399 880 5471 praemissis
902 5397 1126 5466 justitiae
1167 5400 1417 5471 partibus
1455 5401 1728 5471 eXpletur,
1781 5410 1836 5456 et
1883 5401 2170 5458 dilectione

588 5493 930 5548 inimicorum
958 5495 1223 5550 ﬁrmatur.
1256 5496 1381 5553 "(BC
1403 5509 1486 5554 est
1507 5541 1520 5563 ,
1545 5500 1764 5570 inquam
1784 5541 1796 5564 ,
1823 5500 1911 5554 illa
1934 5510 2172 5571 potestas

586 5583 652 5637 de
674 5598 777 5651 qua
805 5583 1005 5638 dictum
1030 5597 1113 5640 est
1140 5603 1237 5657 per
1262 5587 1524 5644 Joannem
1554 5608 1564 5641 :
1603 5589 1750 5642 Dedit
1777 5591 1849 5643 eis
1869 5600 2170 5658 potestatem

581 5671 724 5746 ﬁlios
748 5674 841 5730 Dei
861 5675 977 5744 ﬁeri
999 5676 1179 5747 (Joan.
1200 5696 1241 5746 ι,
1267 5681 1376 5753 1‘2).
1397 5680 1510 5736 Hoc
1524 5680 1721 5752 quippe
1745 5690 1975 5739 testatur
1995 5681 2171 5752 Spiri-

2275 4581 2529 4636 multates
2554 4581 2856 4637 carnalium
2875 4624 2890 4648 ,
2913 4583 3158 4638 extendit
3176 4594 3598 4656 praeceptorum
3628 4593 3878 4639 summam

2278 4689 2451 4744 usque
2476 4675 2542 4727 ad
2567 4675 2912 4730 inimicorum
2941 4675 3285 4730 dilectionem
3305 4717 3320 4739 ,
3351 4677 3624 4748 proponit
3649 4667 3877 4739 exempla

2277 4777 2503 4834 paterna
2524 4807 2537 4831 ,
2566 4781 2686 4837 qua:
2717 4769 2948 4824 debeant
2972 4768 3100 4824 boni
3127 4769 3220 4823 ﬁlii
3243 4769 3554 4826 sollicitius
3577 4766 3806 4825 imitari,
3836 4769 3884 4817 ct

2281 4857 2458 4912 reddit
2501 4873 2724 4912 causam
2773 4858 3154 4914 mandatorum
3191 4859 3490 4924 omnium,
3528 4857 3599 4913 Ut
3625 4858 3777 4920 sitis,
3809 4853 3882 4906 in-

2281 4949 2427 5017 quit,
2453 4948 2552 5018 ]ilii
2578 4946 2756 5004 Patris
2782 4951 2938 5004 vestri
2973 4950 3062 5021 qui
3105 4950 3160 5003 in
3186 4949 3330 5004 catlis
3363 4959 3468 5005 est.
3500 4950 3564 5006 In
3613 4947 3769 5005 caelis
3802 4959 3888 4998 au-

2278 5049 2422 5106 tem,
2455 5041 2582 5097 licet
2609 5042 2808 5112 ubique
2841 5042 2912 5096 sit
2940 5042 3083 5097 Deus
3127 5041 3310 5106 Pater,
3363 5043 3498 5098 ideo
3530 5046 3883 5098 monstratur.

2278 5140 2339 5186 ut
2389 5132 2704 5203 dignitatem
2755 5149 2905 5188 suam
2965 5134 3207 5189 hatredes
3251 5131 3413 5202 ejus,
3472 5145 3534 5190 et
3587 5129 3893 5190 c'thieredes

2276 5223 2511 5290 Christi,
2543 5224 2650 5279 illic
2677 5225 3020 5292 evindicent,
3055 5242 3121 5282 ne
3147 5226 3285 5283 forte
3305 5242 3590 5297 peccasse
3614 5231 3669 5284 in
3698 5243 3784 5290 eo,
3809 5219 3889 5276 ubi

2276 5315 2534 5386 prodigus
2567 5313 2656 5370 ille
2683 5317 2960 5384 peccavit,
3007 5316 3223 5372 demum
3255 5319 3548 5387 gemendo
3579 5317 3825 5374 doleant.

2350 5407 2452 5473 Qui
2475 5405 2636 5461 solem
2657 5423 2846 5473 suum,
2877 5408 3083 5477 inquit,
3117 5409 3247 5462 oriri
3277 5408 3417 5476 facit
3449 5427 3623 5480 super
3655 5410 3816 5462 bonos
3839 5418 3894 5456 ac

2275 5497 2474 5563 malos,
2504 5507 2551 5551 et
2595 5497 2723 5567 pluit
2761 5515 2920 5568 super
2942 5499 3114 5568 justas
3158 5510 3205 5552 et
3248 5498 3514 5566 injustas.
3550 5501 3674 5556 Hoc
3707 5499 3899 5570 quippe

2275 5591 2494 5660 pietatis
2517 5590 2857 5657 exemplum,
2881 5592 3127 5660 (pramvis
3153 5590 3492 5661 spiritaliter
3523 5593 3707 5662 possit
3731 5587 3897 5657 accipi

2277 5681 2346 5738 de
2372 5681 2587 5737 Christo
2617 5682 2708 5752 qui
2740 5690 2824 5737 est
2850 5681 2930 5739 sol
2949 5680 3174 5751 justitiae
3195 5721 3210 5748 ,
3237 5680 3388 5752 quod
3422 5689 3598 5740 ortus
3623 5682 3704 5739 sit
3728 5679 3800 5738 ad
3822 5691 3901 5735 re-
