4016 6360
105 289 213 346 £65

920 268 1280 329 EXPOSITIO
1315 266 1381 323 IN
1422 254 1853 320 MATTILEUM.
1896 274 1965 296 ι-
2001 252 2126 307 LIB.
2163 250 2246 314 lll,
2287 247 2452 315 CAR,
2484 247 2544 302 ν.

3268 222 3377 295 2'66

103 401 473 472 dcn'tptiouem
500 396 554 448 in
589 405 755 448 carne
783 404 946 460 super
968 388 1136 442 bonos
1159 392 1214 439 et
1244 381 1414 438 malos
1431 421 1446 445 ,
1472 388 1527 433 et
1551 376 1699 448 pluat
1728 377 1757 437 Α

1844 387 1967 443 tiam
1994 382 2059 442 de
2086 393 2273 440 mutua
2316 377 2706 436 benedictionis
2741 376 3062 432 salutatione
3108 378 3249 429 inter
3269 364 3387 430 cae?

108 469 346 547 imbrem
398 483 724 555 evangelicae
770 472 1168 552 prtedicationis
1218 488 1380 544 super
1423 469 1598 541 juslos
1647 474 1704 522 et

106 582 376 651 injustas;
420 576 615 632 melius
656 585 834 628 tamen
881 570 949 625 de
987 566 1100 624 sole
1143 567 1246 621 isto
1286 572 1343 618 et
1383 560 1558 634 pluvia
1603 559 1705 613 ista

104 649 282 749 299
330 668 660 744 quotidiauis
711 662 897 720 usibus
952 657 1257 717 necessaria
1308 656 1508 749 dictum
1560 649 1704 707 acci-

106 742 313 841 pimus.
346 742 483 833 Quia
505 755 785 820 Christus,
813 752 914 809 etsi
943 750 1195 809 omnibus
1228 749 1411 841 venit,
1444 742 1708 841 siquidem

108 833 214 915 non
240 851 499 912 omnibus
524 861 681 908 ortus
707 844 920 903 reluxit.
952 841 1106 898 Unde
1141 841 1193 895 in
1222 854 1287 895 eo
1316 834 1453 893 libro
1481 833 1571 904 qui
1600 835 1712 887 ins-

106 950 349 1005 cribitur
385 936 691 999 Salomonis
732 955 746 992 :
781 932 848 990 Et
887 933 966 989 sol
992 929 1252 1003 justitiaz,
1290 924 1568 995 inquiunt,
1609 934 1714 975 non

107 1038 246 1092 luxit
284 1034 452 1090 nobis.
490 1026 740 1098 Alioquin
780 1024 825 1080 si
862 1016 1114 1079 omnibus
1150 1018 1386 1080 luceret,
1418 1020 1473 1069 et
1506 1011 1715 1085 plueret

110 1128 347 1183 imbrem
389 1116 790 1193 praadicationis
830 1128 942 1170 suae
979 1124 1141 1182 super
1176 1107 1483 1168 universos,
1515 1113 1719 1173 nequa-

109 1232 279 1291 quam
325 1213 514 1283 iniusti
554 1210 672 1265 sine
712 1208 887 1261 fructu
921 1198 1251 1273 pmnitentiae
1297 1195 1430 1250 aridi
1475 1204 1718 1248 remane-

111 1286 272 1372 rent;
326 1317 503 1375 neque
546 1300 805 1373 propheta
850 1310 919 1349 ex
964 1309 1029 1348 eo
1073 1292 1277 1347 diceret
1315 1306 1329 1342 :
1374 1286 1516 1340 Plui!
1563 1288 1721 1353 super

113 1415 283 1454 unum
304 1397 590 1455 caritatem,
606 1401 659 1446 et
684 1405 840 1460 super
860 1385 1022 1441 aliam
1043 1400 1146 1439 non
1165 1380 1295 1453 pluit
1320 1379 1519 1451 (Amos.
1539 1392 1612 1439 tv,
1640 1375 1717 1446 7).

113 1491 336 1546 “circo
360 1494 511 1558 patet
537 1498 760 1546 sensus,
794 1477 937 1549 quod
961 1477 1028 1531 de
1056 1474 1160 1529 hoc
1193 1471 1303 1527 sole
1330 1479 1386 1526 et
1415 1470 1514 1524 hac
1543 1467 1722 1538 pluvia

116 1587 362 1640 dicatur.
392 1579 448 1635 lu
474 1576 673 1649 quibus
701 1588 805 1628 non
830 1569 1040 1625 modica
1062 1564 1364 1637 benignitas
1383 1561 1559 1616 Patris
1590 1573 1726 1629 prte-

117 1679 363 1738 dicatur,
405 1672 531 1727 dum
567 1670 685 1723 haec
709 1669 845 1721 bona
875 1657 1191 1730 temporalia
1216 1654 1491 1725 aequaliter
1514 1653 1725 1709 cunctis

120 1721 363 1826 tribuit:
387 1771 589 1819 :eterna
620 1772 748 1813 vero
774 1753 907 1811 solis
947 1757 1188 1807 reservat
1210 1746 1392 1819 justis.
1424 1743 1577 1813 Quod
1614 1741 1725 1798 evi-
1754 1721 1801 1781 Β

119 1861 323 1913 denter
353 1854 430 1907 eis
458 1852 515 1907 in
544 1846 850 1917 exemplum
883 1842 976 1913 qui
1015 1840 1338 1910 adoptantur
1363 1833 1632 1906 congruit,
1666 1842 1725 1887 ut

122 1947 334 2004 imitari
372 1940 606 1999 debeant
638 1948 861 2010 paterna
887 1929 1106 2005 pietatis
1141 1944 1337 2000 opera,
1370 1934 1425 1981 et
1458 1926 1630 1981 honos
1660 1937 1726 1977 ac

122 2033 332 2099 malos,
354 2032 535 2103 iustos
570 2038 627 2097 et
650 2026 895 2098 iniustos,
924 2038 1115 2079 omnes
1137 2020 1252 2076 suis
1279 2016 1576 2081 beneficiis,
1600 2013 1728 2068 abs-

122 2142 244 2202 que
281 2125 390 2180 ulla
430 2122 781 2193 exceptione,
824 2113 1249 2173 circumfoveant
1289 2118 1347 2166 et
1386 2107 1721 2172 illuminent;

129 2195 375 2289 t'rr'igent
400 2229 526 2269 vero
552 2208 839 2268 charitatis
863 2206 1037 2262 imbre
1074 2212 1130 2259 et
1161 2200 1429 2257 inebrient
1448 2239 1464 2266 ,
1509 2197 1556 2253 si
1586 2195 1727 2251 forte

125 2310 233 2379 qui
267 2306 483 2363 steriles
509 2304 775 2367 ridentur,
801 2297 1123 2370 quandoque
1150 2294 1217 2349 ad
1246 2292 1439 2349 melius
1479 2289 1726 2346 conversi

125 2408 383 2458 tractum
411 2396 603 2453 ferant.

206 2489 277 2546 Si
300 2489 441 2543 ettim
468 2484 686 2557 diligitis
708 2499 797 2538 eos
821 2481 911 2554 qui
935 2496 1025 2535 vos
1053 2478 1278 2549 diligunt
1297 2515 1314 2543 ,
1341 2491 1499 2547 quam
1528 2488 1727 2527 merce-

124 2582 259 2636 dm
281 2576 583 2634 habebitis!
630 2573 730 2629 Ubi
772 2571 1047 2637 ostendit,
1083 2568 1333 2639 quamvis
1362 2565 1568 2621 nostris
1595 2572 1732 2618 tem-

126 2674 371 2748 poribus
414 2671 505 2726 vix
551 2667 748 2739 aliquis
790 2663 1031 2737 perfecte
1076 2660 1361 2732 diligentes
1406 2656 1726 2748 segdiligat,

128 2744 289 2837 quod
320 2777 428 2817 non
459 2758 630 2814 multa
667 2756 877 2828 iustitia
905 2753 1012 2818 sit,
1047 2751 1092 2807 si
1119 2765 1244 2814 eos,
1287 2750 1441 2820 juxta
1474 2746 1609 2817 legis
1631 2744 1728 2800 de-

126 2866 322 2917 creta,
356 2862 570 2911 tantum
610 2849 879 2920 diligimus
917 2845 1011 2916 qui
1056 2858 1156 2898 nos
1204 2841 1454 2911 diligunt.
1498 2838 1623 2893 Ideo
1652 2837 1730 2891 di-

130 2951 220 3004 cit
251 2966 265 3003 :
306 2945 485 3013 Quam
513 2941 801 2997 mercedem
844 2935 1139 2993 habebitis?
1175 2935 1263 2990 Ae
1283 2933 1329 2989 si
1371 2929 1728 3003 respondeat,

131 3042 378 3099 nullam.
405 3038 523 3093 Non
548 3035 692 3107 quod
720 3033 957 3103 aliquam
980 3028 1176 3085 exinde
1201 3042 1307 3081 non
1331 3025 1565 3080 habeant
1588 3021 1732 3078 mer:

406 3082 1071 3202 ‘i;;r:;.;‘q;;;a;.;..
1114 3136 1220 3192 qua
1248 3120 1505 3190 mnsam
1531 3118 1599 3172 ab
1627 3115 1735 3171 αιίο
1759 3082 1807 3145 ⁸

133 3242 315 3300 quem
367 3221 571 3295 diligit,
592 3218 706 3290 jam
737 3231 946 3273 merces
982 3211 1287 3270 dilectionis
1312 3219 1415 3267 est.
1452 3209 1563 3265 Sed
1610 3207 1736 3300 quia

137 3297 253 3389 pro
279 3314 481 3372 talibus
508 3325 721 3367 merces
749 3307 837 3363 illa
861 3320 983 3377 quae
1008 3305 1066 3360 in
1090 3302 1245 3360 caelis
1269 3300 1486 3372 copiosa
1513 3297 1739 3370 promit-

138 3412 310 3472 titur,
358 3421 469 3463 non
498 3406 680 3469 datur,
708 3399 917 3457 idcirco
947 3395 1102 3469 quasi
1149 3395 1296 3451 nulla
1326 3394 1541 3450 dicitur.
1569 3390 1702 3459 Quia
1721 3432 1737 3459 ,

138 3499 263 3556 etsi
311 3510 525 3553 merces
567 3507 687 3549 esse
734 3496 945 3563 potest,
988 3488 1130 3559 apud
1180 3487 1353 3541 Deum
1383 3494 1564 3539 tamen
1595 3482 1740 3538 nulla

140 3601 241 3649 est
258 3631 276 3657 ,
296 3596 585 3660 propterea
609 3592 755 3640 recte
782 3597 882 3637 nec
907 3595 1116 3636 merces
1139 3584 1391 3643 vocatur;
1419 3589 1627 3630 merces
1645 3588 1743 3628 au-

144 3697 273 3739 tem
313 3678 578 3744 ﬁliorum,
611 3674 723 3731 sola
758 3672 975 3744 adoptio
1012 3671 1271 3726 creditur.
1301 3667 1484 3732 Unde,
1536 3666 1580 3723 si
1624 3665 1746 3737 quis

140 3784 285 3830 eam
333 3768 604 3826 desiderat
637 3764 901 3837 adipisci,
932 3760 1177 3833 exempla
1208 3758 1512 3831 adoptionis
1544 3766 1743 3825 teneat.

146 3860 425 3931 Alioquin
451 3858 577 3929 quid
605 3855 727 3929 plus
754 3852 1058 3927 publicanis
1085 3850 1243 3907 affert
1286 3858 1467 3905 vestra
1497 3847 1752 3904 dilectio?

148 3954 365 4011 Nonne
389 3962 441 4007 et
462 3950 558 4022 ipsi
580 3947 864 4018 diligentes
887 3961 948 4003 se
976 3943 1242 4016 diligunt?
1263 3941 1540 4000 Publieaui
1570 3948 1752 3996 autem

147 4055 327 4105 erant
351 4052 637 4100 exactores
669 4041 1070 4104 Romanorum,
1110 4051 1249 4108 quos
1273 4034 1443 4091 Judaei
1471 4033 1550 4090 sic
1575 4031 1758 4104 appel-

150 4140 384 4200 labant,
435 4134 560 4206 quia
606 4133 673 4188 de
716 4128 989 4202 republica
1040 4144 1225 4185 curam
1256 4128 1538 4200 gerebant.
1571 4125 1761 4182 Secta—

153 4232 370 4285 bantur
399 4235 581 4280 autem
610 4223 758 4278 lucra
779 4264 795 4290 ,
834 4222 1125 4294 exigebant
1168 4219 1488 4292 vectigalia;
1519 4219 1761 4291 negotia-

156 4324 349 4378 tiones
375 4331 595 4390 quoque
611 4356 627 4383 ,
649 4314 866 4371 fraudes
881 4328 947 4368 ac
969 4310 1109 4367 furta
1126 4351 1143 4378 ,
1164 4320 1219 4367 et
1240 4311 1505 4367 scelerata
1527 4308 1763 4382 periuria

156 4408 512 4469 exercebant
532 4422 548 4470 ;
576 4419 807 4478 quorum
834 4403 1109 4460 dilectioni
1131 4402 1198 4458 ad
1222 4401 1451 4458 invicem
1472 4400 1661 4473 legalis
1685 4399 1765 4454 di-

161 4504 336 4560 lectio
365 4507 713 4568 comparata,
732 4494 877 4553 nihil
906 4495 1123 4550 videtur
1148 4493 1350 4549 habere
1381 4492 1588 4557 meriti,
1619 4489 1765 4562 quod

162 4612 279 4652 tum
305 4609 376 4649 ex
408 4589 593 4646 officio
615 4588 807 4646 debitae
837 4585 1120 4643 charitatis
1148 4584 1327 4652 venit,
1353 4583 1447 4640 sed
1471 4598 1536 4639 ex
1563 4597 1770 4640 recom-

164 4682 507 4756 pensatione
532 4680 691 4734 lucri.

246 4776 316 4830 Et
346 4773 399 4829 si
426 4769 779 4827 salutaveritis
812 4768 1003 4840 fratres
1029 4778 1221 4823 vestros
1252 4776 1477 4834 tantum,
1502 4767 1628 4839 quid
1654 4782 1771 4821 am-

168 4863 320 4936 plius
348 4858 575 4931 facitis?
602 4856 793 4914 Nonne
819 4868 868 4913 et
904 4856 1098 4913 ethnici
1121 4857 1219 4912 hoc
1247 4856 1490 4926 facium?
1513 4855 1776 4911 Dicuntur

170 4962 366 5007 autem
401 4949 507 5005 ista
526 4988 545 5016 ,
570 4963 677 5004 non
706 4948 849 5019 quod
881 4957 977 5005 aut
1015 4946 1299 5019 diligentes
1325 4947 1490 5019 300
1517 4946 1739 5017 diligere
1759 4986 1775 5012 ,

174 5052 275 5099 aut
303 5040 555 5098 salutare
587 5038 784 5096 fratres
822 5038 1103 5095 humiliter
1144 5046 1201 5094 et
1241 5036 1639 5094 officiosissime
1669 5051 1778 5092 non

174 5140 442 5207 oporteat
466 5149 481 5185 τ
508 5129 602 5186 sed
628 5130 753 5200 quia
775 5130 914 5195 haec,
939 5128 1024 5185 vel
1052 5127 1423 5199 hujuscemodi
1446 5127 1780 5199 perfectione

181 5221 596 5297 praetermissa,
626 5236 794 5292 parva
822 5234 943 5277 esse
976 5219 1283 5275 videantur.
1329 5218 1425 5284 Et,
1452 5219 1598 5288 quod
1627 5217 1782 5290 pejus

184 5327 271 5373 est
287 5358 302 5381 ,
320 5318 443 5388 jam
468 5329 570 5369 nec
593 5314 697 5369 hoc
718 5313 991 5369 interdum
1016 5312 1147 5368 sinit
1182 5311 1541 5382 quorumdam
1572 5319 1786 5367 nostro-

190 5422 311 5460 rum
340 5403 532 5461 inﬂata
559 5403 813 5474 superbia
832 5443 848 5471 ,
888 5411 949 5457 ut
973 5400 1297 5458 salutatione
1323 5415 1384 5456 se
1416 5400 1782 5471 praeveniant,

188 5498 337 5568 quod
362 5514 395 5553 ει
424 5496 653 5570 paganis
676 5496 981 5552 honestatis
1020 5494 1193 5565 gratia
1236 5492 1319 5565 agi
1349 5495 1626 5565 probatur.
1659 5492 1788 5550 Haac

194 5590 319 5648 ideo
345 5590 584 5647 dixerim
601 5629 619 5657 ,
656 5597 720 5644 ut
740 5588 1099 5660 simpliciores
1120 5589 1297 5644 sciant
1321 5587 1624 5644 doctrinam
1641 5589 1789 5659 prio-

198 5696 319 5738 rum
348 5682 406 5737 in
438 5680 586 5736 nullo
612 5681 950 5753 praetermitti
979 5679 1209 5743 debere,
1240 5680 1388 5752 quod
1419 5689 1529 5737 tam
1560 5680 1788 5739 sollicite

649 5774 924 5834 PATBOL.
968 5771 1143 5833 CXX

1803 490 1917 534 tera
1973 468 2270 533 sanxerunt
2292 491 2307 529 :
2332 472 2459 543 quia
2486 471 2530 526 si
2561 484 2659 525 nec
2703 469 2805 527 hoc
2826 508 2841 533 ,
2886 475 3105 538 propter
3135 464 3372 521 insolen-

1806 568 1969 632 tiam,
2014 565 2303 636 dignamur
2347 560 2650 617 alternatim
2713 557 3062 629 impendere,
3111 555 3375 610 minorem

1806 664 2029 739 paganis
2049 672 2324 724 sectamur
2351 662 2706 717 honestatem.

1881 778 2061 834 Euole
2081 794 2202 849 ergo
2228 793 2314 832 vos
2338 774 2584 847 perfecti,
2622 772 2757 827 sicut
2781 768 2949 837 Pater,
2985 776 3144 825 vester
3165 759 3384 823 caelestis

1808 867 2068 939 perfectus
2109 876 2206 922 est.
2256 854 2396 921 Ecce
2437 864 2504 919 ad
2550 863 2693 934 quod
2732 861 2943 918 culmen
2984 860 3232 915 Christus
3256 873 3386 913 suos
3458 890 3463 897 ι

1809 956 2092 1026 provehit,
2119 964 2175 1012 et
2198 970 2361 1026 quam
2388 952 2657 1026 perfectos
2682 967 2778 1007 eos
2811 965 2931 1006 esse
2960 949 3156 1005 debere
3182 948 3235 1003 iu
3265 948 3392 1002 cha-

1814 1046 1974 1101 ritate
1994 1045 2296 1101 denuntiat.
2327 1043 2506 1107 Unde,
2539 1042 2585 1098 si
2615 1039 2864 1097 volumus
2900 1054 3020 1095 csse
3053 1038 3179 1103 ﬁlii,
3219 1036 3393 1108 perfe-
3438 1046 3445 1051 '

1815 1137 2049 1194 ctionem
2087 1144 2358 1193 sectemur
2402 1133 2714 1199 charitatis,
2746 1132 3169 1202 quia.pr:ecepta
3210 1136 3390 1183 custos

1819 1228 2016 1286 diendo
2041 1228 2245 1284 erimus
2273 1226 2368 1283 lilii
2389 1267 2405 1294 ,
2430 1241 2538 1282 non
2581 1234 2773 1280 natura
2802 1223 3018 1294 quidem
3037 1262 3053 1288 ,
3078 1221 3174 1277 sed
3199 1220 3393 1293 gratia,

1819 1334 1919 1390 per
1939 1334 2102 1389 quam
2132 1318 2187 1374 in
2213 1326 2401 1374 nostro
2429 1317 2665 1387 positum
2710 1313 2926 1370 videtur
2958 1313 3186 1368 arbitrio
3212 1319 3271 1364 ut
3300 1309 3396 1365 lilii

1823 1425 2157 1466 maneamus.
2207 1409 2288 1464 Ad
2321 1409 2465 1479 quod
2513 1406 2760 1464 fortassis
2800 1406 2946 1462 dicat
2986 1403 3223 1475 aliquis:
3254 1401 3401 1470 Quo.

1824 1501 1986 1556 modo
2017 1498 2261 1555 mortalis
2285 1507 2530 1554 nostrum
2553 1497 2823 1568 quispiam
2859 1506 2967 1550 tam
3007 1494 3401 1573 perfectuspoo

1827 1595 1955 1651 terit
1974 1609 2096 1653 esse
2113 1635 2128 1661 ,
2156 1596 2315 1651 sicuti
2353 1595 2495 1651 Deus
2538 1594 2702 1650 Pater
2728 1593 3000 1665 perfectura
3033 1600 3145 1657 est,
3174 1605 3406 1662 praeser-

1829 1685 1926 1740 tim
1952 1700 2076 1740 cum
2108 1699 2385 1755 nunquam
2416 1684 2469 1739 in
2505 1684 2698 1740 eodem
2729 1691 2874 1740 statu
2901 1681 3194 1739 subsistat?
3233 1680 3406 1735 Inter-

1826 1792 1921 1843 ea,
1947 1776 2195 1847 quisquis
2222 1777 2326 1833 hoc
2360 1776 2621 1848 requirit,
2654 1775 2791 1833 sciat
2825 1774 2970 1846 quod
3004 1789 3110 1829 non
3150 1772 3296 1828 aliud
3323 1779 3409 1827 est

1825 1864 2057 1921 similem
2082 1865 2194 1921 Deo
2230 1865 2377 1921 Patri
2415 1864 2533 1921 ﬁeri
2550 1904 2568 1931 ,
2600 1879 2763 1936 quam
2785 1879 2881 1935 per
2908 1862 3227 1918 charitatem
3249 1900 3266 1923 .
3286 1875 3409 1931 quae

1825 1953 2019 2013 diﬂ‘usa
2047 1964 2132 2012 est
2162 1954 2217 2012 in
2262 1956 2518 2013 cordibus
2549 1955 2784 2021 nostris,
2813 1955 3060 2011 eamdem
3103 1951 3411 2008 similitudi-

1825 2061 1982 2112 nem,
2016 2046 2085 2115 in
2119 2061 2227 2116 qua
2259 2054 2474 2102 creatus
2518 2056 2601 2102 est
2628 2045 2836 2116 primus
2877 2045 3074 2111 homo,
3109 2043 3179 2099 ad
3215 2042 3414 2098 melius

1808 2135 2091 2211 ’teparari.
2118 2135 2272 2203 Quod
2298 2149 2459 2191 nemo
2487 2133 2726 2189 ﬁdelium
2755 2141 2949 2205 negat;
2979 2148 3104 2188 nam
3131 2133 3199 2188 ad
3228 2131 3416 2203 imagi-

1829 2239 1954 2282 nem
1994 2234 2051 2281 et
2084 2211 2495 2282 similitudinem
2546 2224 2713 2280 totius
2759 2223 3045 2279 Trinitatis
3090 2223 3265 2280 factus
3304 2231 3410 2278 est.

1827 2314 2032 2371 idcirco
2079 2316 2210 2386 quid
2253 2315 2452 2372 mirum
2486 2316 2533 2371 si
2559 2324 2854 2370 renovatur
2879 2315 3203 2382 admodum,
3242 2321 3303 2368 ut
3344 2315 3418 2368 sit

1827 2406 2133 2477 perfectus,
2171 2407 2312 2462 sicut
2339 2407 2478 2461 Deus
2520 2405 2796 2477 perfectus
2833 2420 2953 2462 esse
2981 2406 3212 2470 dicitur,
3246 2405 3333 2460 cui
3358 2413 3415 2460 et

1828 2494 1958 2549 olim
1980 2493 2265 2573 ‘perfectio
2318 2493 2573 2564 imaginis
2627 2508 2690 2548 ac
2739 2493 3109 2549 similitudinis
3153 2492 3413 2548 attributa

1826 2583 1965 2639 fuit?
1988 2583 2100 2640 Sed
2126 2585 2252 2656 quia
2289 2582 2541 2640 subtilius
2584 2583 2727 2639 hanc
2771 2583 3183 2640 similitudinem
3228 2581 3416 2654 perfe-

1830 2675 2025 2731 ctionis
2067 2674 2288 2745 quidam
2317 2673 2688 2745 requirentes,
2720 2674 2903 2759 nesqio
2932 2688 3095 2746 quam
3123 2672 3412 2746 caliginem

1832 2772 2190 2840 lmpegerunt,
2213 2767 2403 2824 saltem
2430 2782 2500 2823 ne
2523 2765 2589 2822 ad
2614 2766 2758 2838 quod
2780 2764 2907 2822 facti
2933 2774 3062 2822 sunt
3082 2773 3412 2829 remearent,

1829 2856 1994 2911 libeat
2037 2856 2196 2927 paulo
2243 2855 2404 2913 latius
2446 2855 2701 2912 intimare
2735 2855 2899 2911 etiam
2938 2853 3064 2926 quid
3106 2853 3423 2927 philosophi

1832 2947 1899 3002 de
1958 2948 2061 3003 hoc
2112 2946 2365 3018 loquendi
2426 2963 2624 3021 genere
2693 2956 3002 3004 senserunt.
3062 2946 3199 3004 Nam
3259 2963 3424 3004 omne

1836 3040 1978 3110 quod
2030 3039 2206 3095 simile
2255 3049 2366 3106 est,
2413 3056 2512 3112 per
2554 3040 2699 3110 quod
2748 3041 2980 3113 quisque
3024 3040 3181 3095 alteri
3228 3039 3424 3097 similis

1836 3128 2090 3196 efﬁcitur,
2138 3129 2348 3187 duobus
2388 3131 2566 3186 modis
2594 3131 3001 3198 consideratur;
3051 3140 3145 3186 aut
3181 3128 3420 3206 quadam

1835 3222 2152 3278 habitudine
2183 3221 2480 3278 formarum
2501 3263 2518 3289 ,
2561 3231 2657 3277 aut
2701 3232 2894 3278 natura
2948 3238 3151 3279 rerum.
3183 3221 3280 3278 His
3309 3221 3431 3291 qui-

1838 3312 1960 3367 dem
1988 3312 2195 3367 duabus
2222 3311 2467 3385 partibus
2509 3312 2691 3368 omnis
2734 3296 3033 3370 similitudo
3083 3313 3422 3385 contempla-

1840 3409 1948 3456 tur.
1998 3399 2111 3472 Age
2158 3416 2302 3455 uunc
2348 3415 2512 3472 quam
2568 3399 2760 3456 harum
2805 3401 3036 3473 elegeris
3081 3411 3325 3474 partem,
3372 3402 3429 3457 in

1843 3507 1947 3563 qua
2014 3507 2111 3563 per
2168 3491 2577 3547 similitudinem
2646 3491 2741 3547 Dei
2799 3491 2979 3549 Patris
3035 3492 3427 3564 perfectionem

1845 3582 2047 3637 habere
2091 3596 2279 3652 queas.
2345 3579 2401 3636 Si
2460 3589 2643 3637 autem
2698 3582 2998 3639 secundum
3057 3582 3430 3640 habitudinem

1848 3672 2142 3728 formarum
2207 3670 2482 3744 perfectus
2553 3687 2675 3729 esse
2748 3673 3013 3745 elegeris,
3082 3675 3225 3731 scias
3289 3676 3435 3747 quod

1851 3766 1906 3822 in
1934 3781 1999 3821 eo
2024 3764 2181 3820 .nulla
2209 3763 2472 3820 habitudo
2500 3771 2617 3830 est,
2656 3763 2762 3819 nisi
2810 3765 2955 3836 quod
2997 3764 3114 3837 ipse
3152 3774 3267 3833 est;
3320 3766 3437 3837 ipse

1852 3859 1997 3915 enim
2038 3856 2125 3912 illa
2165 3854 2340 3915 forma
2390 3864 2475 3912 est
2512 3870 2581 3912 ex
2626 3871 2732 3928 qua
2778 3856 2960 3913 omnia
3010 3854 3335 3913 formantur.
3381 3855 3442 3933 Si

1855 3950 2012 4023 301
2041 3963 2171 4005 vero
2212 3946 2368 4019 juxta
2407 3956 2658 4003 naturam
2708 3953 2761 4002 te
2806 3941 3241 4003 similitudinem
3268 3947 3446 4020 perfe«

1858 4042 2054 4099 ctionis
2082 4041 2285 4097 habere
2328 4038 2549 4105 dixeris,
2579 4037 2817 4094 occurrit
2839 4037 3002 4104 illico,
3025 4037 3168 4109 quod
3202 4054 3311 4096 non
3340 4039 3446 4095 alia

1862 4145 2056 4190 natura
2087 4131 2227 4204 ejus,
2254 4132 2300 4188 si
2328 4131 2669 4204 praedicanda
2700 4131 2756 4186 in
2785 4144 2852 4186 eo
2876 4139 3071 4187 natura
3110 4139 3219 4200 est,
3249 4140 3305 4189 et
3332 4131 3442 4187 alia

1864 4224 2163 4281 formarum
2194 4222 2484 4291 habitudo;
2514 4224 2641 4294 quia
2664 4223 2779 4294 ipse
2805 4222 2949 4279 idem
2976 4221 3149 4280 forma
3175 4231 3234 4280 et
3250 4230 3447 4281 natura

1866 4326 1970 4374 est.
1999 4318 2077 4375 Ac
2110 4331 2207 4387 per
2235 4316 2340 4371 hoc
2368 4314 2657 4386 erigendus
2678 4323 2763 4370 est
2803 4312 3029 4370 interior
3051 4314 3217 4372 homo
3239 4323 3451 4381 noster,

1869 4415 1930 4461 ut
1957 4405 2099 4477 quod
2146 4405 2235 4460 ille
2300 4396 2457 4460 habet
2505 4414 2603 4475 per
2646 4403 2957 4471 essentiam,
3003 4419 3102 4461 nos
3131 4404 3454 4477 incipiamus

1870 4495 2069 4552 habere
2090 4510 2188 4566 per
2217 4494 2522 4566 adoptionis
2548 4494 2802 4568 gratiam.
2833 4493 2928 4561 Ut,
2959 4496 3099 4552 sicut
3127 4495 3354 4554 relative
3382 4498 3453 4552 ad
3490 4490 3497 4493 i

1870 4603 1971 4644 nos
1998 4585 2084 4643 ille
2109 4601 2206 4658 per
2224 4585 2592 4655 adoptionem,
2616 4600 2723 4656 qua
2748 4599 2846 4641 nos
2867 4585 3143 4659 adoptavit
3166 4588 3271 4644 sibi
3294 4587 3476 4661 filios,

1874 4678 2037 4735 Pater
2059 4684 2245 4735 noster
2278 4675 2497 4741 dicitur,
2535 4675 2608 4731 ita
2636 4683 2691 4731 et
2725 4690 2825 4732 nos
2860 4690 2958 4747 per
2982 4678 3231 4735 eamdem
3259 4678 3456 4735 simili-

1876 4769 2119 4826 tudinem
2154 4782 2261 4838 qua
2295 4780 2483 4842 sumus
2525 4764 2621 4820 filii
2667 4766 2993 4839 adoptionis,
3022 4766 3245 4825 relative
3279 4769 3334 4824 in
3372 4768 3462 4825 illa

1862 4858 2105 4935 perfecti
2135 4871 2471 4914 maneamus.
2526 4855 2780 4929 Alioquin
2807 4857 3077 4928 quomodo
3104 4859 3151 4916 is
3188 4858 3460 4931 perfectus

1882 4951 2099 5016 dicitur,
2126 4949 2219 5021 qui
2246 4963 2524 5020 nunquam
2552 4947 2753 5017 factus,
2798 4964 3074 5022 nunquam
3115 4951 3329 5007 initium
3370 4959 3466 5006 aut

1884 5041 2403 5099 consummationem
2439 5039 2640 5097 habere
2668 5034 2947 5096 creditur?
2970 5038 3251 5097 Perfectus
3278 5048 3463 5097 autem

1888 5132 2050 5198 Deus,
2078 5147 2185 5187 non
2211 5130 2432 5203 proprio
2473 5129 2663 5196 verbo,
2706 5130 2802 5186 sed
2845 5130 2988 5187 sicut
3032 5127 3217 5185 multis
3243 5129 3299 5185 in
3330 5128 3466 5185 locis

1887 5236 1986 5292 pro
2034 5229 2222 5277 nostra
2267 5219 2583 5276 infirmitate
2636 5219 2855 5287 dicitur,
2900 5228 2962 5275 ut
2988 5233 3085 5289 per
3125 5217 3228 5274 hoc
3257 5219 3467 5291 integre

1890 5312 2033 5368 Deus
2061 5312 2236 5368 bonus
2265 5319 2321 5367 et
2349 5312 2593 5367 summus
2623 5311 2969 5382 praedicetur.
2996 5309 3170 5364 llomo
3196 5323 3325 5367 vero
3359 5327 3468 5368 non

1890 5420 2012 5461 esse
2037 5403 2276 5469 realiter,
2305 5403 2402 5459 sed
2446 5417 2546 5474 per
2573 5402 2804 5477 gratiam
2848 5398 3120 5472 perfectus
3159 5401 3468 5470 invenitur;

1889 5494 1980 5566 qui
2013 5494 2058 5551 si
2101 5494 2598 5565 Deocomparatur,
2644 5492 2772 5562 quid
2818 5492 2957 5549 ineo
2999 5492 3298 5564 perfectum
3324 5496 3476 5551 erit?

1890 5586 2060 5642 Nemo
2112 5586 2325 5651 bonus,
2381 5583 2485 5640 nisi
2542 5582 2689 5639 solus
2764 5582 2925 5640 Deus.
2991 5584 3148 5653 Quod
3207 5586 3253 5642 si
3317 5602 3478 5642 nemo

1888 5682 2082 5749 bonus,
2109 5681 2231 5751 quis
2257 5688 2498 5735 nostrum
2531 5679 2583 5733 in
2615 5676 2852 5735 bonitate
2870 5676 3144 5752 perfectus
3156 5680 3296 5736 erit'l
3326 5677 3480 5736 Unde

3084 5772 3124 5833 9
