4000 6362
641 254 755 308 367.

1422 259 1479 315 S.
1519 259 1876 318 PASCIIASII
1917 262 2260 323 RATBERTI
2300 262 2591 331 ΑΒβΑτιδ
2625 263 3107 323 CORBEIENSIS.

3798 276 3893 335 263

642 372 855 421 constat
881 365 1023 462 quod
1050 366 1528 462 haeeAsimilitudo,
1556 385 1661 425 non
1691 384 1790 442 pro
1831 380 1966 435 toto,
1992 373 2085 427 sed
2127 388 2226 443 pro
2253 380 2300 438 Α
2330 375 2459 430 tiam
2490 384 2676 433 contra
2715 392 2904 434 aereas
2951 388 3244 448 potestates
3272 383 3422 453 prior
3454 400 3553 455 pro
3573 386 3656 443 eis
3698 403 3875 462 pugna-

647 469 801 527 parte
827 458 1113 529 accipitur.
1144 457 1200 514 Si
1227 469 1406 515 autem
1437 461 1599 516 homo
1622 462 1676 517 in
1704 470 1817 517 toto
1846 477 1945 532 par
1985 462 2115 530 Deo,
2135 463 2220 518 vel

641 547 833 603 similis
862 547 1021 614 foret,
1070 548 1257 620 utique
1288 550 1432 605 Deus
1470 560 1635 606 esset.
1691 550 1844 607 Nunc
1873 562 2051 608 autem
2093 553 2221 623 quia

635 637 791 707 juxta
820 640 1182 710 quantitatem
1216 639 1301 695 vel
1350 641 1664 712 qualitatem
1710 644 1951 709 deitatis,
1999 644 2132 700 nihil
2170 646 2220 702 ei

640 747 739 801 par
768 744 863 787 aut
890 732 1068 789 simile
1103 748 1223 789 esse
1256 740 1454 804 potest,
1499 742 1669 791 restat
1706 744 1765 791 ut
1808 751 1906 809 pro
1930 745 2081 807 parte
2124 752 2216 793 ca-

640 825 893 894 pacitatis
928 821 1042 881 suae
1078 826 1242 882 homo
1279 814 1375 880 aut
1405 826 1626 898 angelus
1664 826 1937 898 perfectus
1979 842 2102 884 esse
2133 830 2217 884 di-

574 930 579 936 ·
636 923 815 969 catur.
866 914 978 970 Non
1029 926 1208 972 tamen
1250 916 1465 973 aliunde
1508 933 1669 988 quam
1710 933 1775 973 ex
1817 918 1932 989 ipsa
1983 919 2221 989 imagine

634 1006 721 1061 vel
758 1007 1111 1064 similitudine
1137 1008 1253 1074 Dei,
1277 1008 1345 1063 ad
1380 1024 1541 1080 quam
1573 1008 1749 1066 factus
1772 1010 1993 1082 legitur.
2043 1011 2219 1067 Tanto

636 1096 779 1151 enim
808 1098 1097 1168 perfectior
1116 1100 1363 1171 quisque,
1389 1109 1591 1170 quanto
1615 1101 1846 1156 similior
1858 1102 1986 1156 erit.
2010 1100 2215 1157 Similis

636 1190 819 1243 autem
862 1189 944 1244 vel
974 1189 1267 1260 perfectus,
1300 1205 1407 1246 non
1431 1206 1496 1247 ex
1523 1191 1855 1261 proprietate
1885 1192 1990 1256 sui,
2025 1191 2119 1247 sed
2146 1207 2215 1247 ex

634 1277 808 1345 gratia
834 1279 1027 1335 divina:
1050 1280 1334 1350 largitatis,
1368 1289 1423 1336 et
1451 1281 1710 1336 virtutum
1751 1280 2079 1353 integritate.
2122 1281 2212 1348 Ut,

634 1370 777 1438 quod
814 1370 955 1426 Deus
982 1371 1145 1427 habet
1170 1385 1267 1443 per
1284 1380 1554 1438 naturam,
1579 1373 1741 1428 homo
1768 1372 1990 1444 incipiat
2014 1374 2215 1429 habere

633 1471 730 1525 per
757 1458 1121 1529 adoptionem,
1148 1474 1214 1515 ex
1246 1461 1658 1531 participatione
1693 1461 1953 1519 bonitatis
1981 1462 2098 1519 Dei.
2134 1464 2214 1521 Ac

632 1563 733 1616 per
755 1549 860 1604 hoc
906 1559 1055 1606 recte
1098 1551 1329 1621 quisque
1357 1551 1652 1622 perfectus,
1693 1553 1834 1608 sicut
1864 1552 2007 1611 Deus
2052 1553 2215 1609 Pater

637 1638 856 1704 dicitur,
896 1639 1026 1695 dum
1073 1638 1437 1711 integritatem
1485 1642 1769 1710 virtutum,
1813 1652 1871 1700 et
1910 1643 2212 1715 adoptionis

2325 475 2479 522 turus
2511 468 2790 536 conduxit,
2821 470 3117 527 immensos
3145 473 3513 530 doctrinarum
3539 477 3757 550 pelagus
3794 483 3864 538 de-

2328 559 2689 632 cucurrimus,
2720 561 3028 633 poscitjam
3057 564 3233 619 oratio
3262 564 3423 621 finem
3449 567 3596 634 libri,
3628 584 3696 624 ne
3738 569 3874 627 lecto-

2323 646 2399 701 ris
2438 647 2654 703 auimus
2700 649 2861 721 longo
2901 650 3117 707 sudoris
3161 661 3332 709 tractu
3365 653 3625 725 fatigatus
3669 665 3873 728 torpeat.

2322 732 2571 791 Perfecto
2601 745 2781 793 tamen
2807 738 2913 793 fine
2951 738 3153 794 militiae
3183 740 3431 797 tirocinia
3471 744 3797 812 claudentes,
3833 761 3877 803 ut

2320 825 2410 879 ubi
2443 824 2605 881 finem
2645 826 2767 882 libri
2808 826 3056 894 facimus,
3101 830 3176 886 ibi
3224 831 3397 888 virtus
3439 847 3807 890 consummata
3828 839 3870 893 in

2319 916 2475 970 nobis
2545 915 2929 987 perfectionem
3002 919 3245 975 obtineat
3316 921 3717 992 triumphantis.
3792 924 3878 981 Sed

2319 1016 2498 1061 utrum
2526 1009 2659 1062 satis
2679 1009 2840 1080 302
2873 1009 3100 1081 abyssus
3137 1009 3508 1078 scientiarum,
3538 1028 3603 1067 ac
3630 1023 3773 1069 recte
3805 1018 3881 1072 de-

2319 1110 2475 1152 cursa
2503 1097 2592 1164 sit,
2631 1114 2862 1168 quorum
2888 1099 3152 1169 praesidiis
3181 1101 3400 1158 innixus
3441 1102 3557 1157 haec
3587 1119 3748 1174 agere
3780 1114 3878 1159 ten-

2320 1189 2451 1255 tavi,
2482 1187 2702 1244 Patrum
2734 1197 2852 1245 tuta
2882 1191 3140 1261 probetur
3168 1194 3484 1250 auctoritas.
3524 1194 3659 1259 Ubi,
3715 1196 3758 1252 si
3786 1196 3881 1251 fru-

2317 1289 2437 1351 ctus
2482 1282 2727 1337 arriserit
2769 1281 2991 1349 laboris,
3043 1284 3341 1355 opitulante
3377 1288 3552 1359 gratia
3576 1289 3779 1355 divina,
3817 1291 3880 1345 ilii

2314 1371 2540 1443 perfecti
2595 1375 2778 1444 operis
2830 1374 3000 1445 gloria
3055 1376 3422 1446 deputabitur,
3465 1392 3532 1434 ex
3595 1395 3703 1450 quo
3751 1384 3880 1437 venit

2315 1464 2557 1531 effectus,
2590 1473 2645 1521 et
2673 1464 2900 1522 facultas
2927 1467 3029 1537 piae
3071 1469 3404 1539 capacitatis.
3441 1469 3759 1542 Ubicunque
3799 1485 3879 1527 aut

2312 1555 2495 1610 minus
2523 1564 2613 1610 aut
2654 1570 2811 1611 secus
2846 1572 3008 1626 quam
3050 1558 3207 1613 debui
3250 1558 3511 1625 intellexi,
3557 1577 3664 1616 non
3711 1577 3881 1616 eorum

2315 1661 2451 1716 quos
2479 1656 2700 1702 secutus
2727 1662 2867 1712 sum,
2893 1648 2987 1702 sed
3013 1663 3132 1703 mea
3167 1648 3379 1720 ignavia
3408 1650 3529 1704 fuit.
3570 1650 3651 1705 Ac
3679 1666 3775 1721 per
3794 1652 3883 1706 hoc

630 1727 852 1793 donum,
881 1740 1142 1800 quantum
1186 1746 1283 1801 per
1326 1733 1557 1804 gratiam
1604 1733 1818 1804 assequi
1858 1735 2213 1806 potest,'par-
2243 1730 2287 1790 Β
2319 1735 2531 1790 illorum
2586 1733 2786 1790 fluenta
2833 1735 3175 1808 supplebunt,
3236 1738 3498 1809 quidquid
3556 1740 3882 1796 imbecillitas

632 1821 838 1892 ticipat.
884 1821 975 1886 Ut,
1014 1824 1155 1879 sicut
1194 1823 1285 1879 ille
1328 1838 1393 1878 ex
1439 1839 1560 1880 sese
1597 1826 1868 1896 perfectus
1913 1827 2111 1881 dicitur
2153 1826 2208 1880 in

629 1921 820 1964 natura
861 1912 1098 1975 deitatis,
1133 1912 1206 1967 ita
1246 1927 1345 1968 nos
1373 1927 1440 1969 ex
1479 1929 1547 1969 eo
1586 1914 1806 1984 perfecti
1839 1916 2085 1970 dicamur
2111 1929 2210 1986 pro

632 2009 806 2067 parte,
841 2001 893 2056 iu
932 2003 1105 2072 gratia
1133 2011 1334 2058 sanctae
1363 2004 1686 2074 adoptionis.
1717 2004 1823 2060 Sed
1853 2006 1981 2074 quia
2014 2006 2082 2061 ab
2107 2005 2209 2060 ini-

630 2093 727 2155 tio,
754 2109 862 2162 quo
894 2093 1152 2152 Dominus
1176 2095 1321 2152 Deus
1365 2095 1599 2153 Sabaoth
1641 2098 1941 2154 exercitum
1962 2098 2030 2154 ad
2070 2097 2209 2153 mili-

638 2286 822 2300 ο--ρ-

2314 1822 2662 1897 perfectionis
2702 1827 3020 1882 substraxit.
3063 1827 3275 1884 Leetori
3331 1837 3508 1885 tamen
3556 1845 3663 1885 non
3712 1832 3880 1900 ingra-

2317 1926 2432 1972 tum
2463 1918 2588 1984 erit,
2617 1919 2662 1974 si
2692 1918 2822 1989 quid
2851 1918 2919 1973 de
2964 1917 3113 1975 fonte
3161 1919 3406 1975 veritatis
3458 1919 3709 1975 fidelibus
3740 1920 3881 1976 hausi

2313 2010 2474 2075 votis,
2505 2019 2560 2065 et
2581 2011 2716 2066 meis
2744 2011 2888 2079 quod
2916 2009 3065 2080 potui
3089 2010 3157 2066 ad
3187 2009 3470 2083 legendum
3500 2026 3598 2081 pro
3624 2014 3762 2066 dono
3783 2025 3883 2066 ser-

2317 2098 2504 2155 vitutis
2530 2100 2781 2171 expensis
2808 2099 2995 2155 obtuli.

1736 2439 2153 2506 PROLOGUS
2197 2433 2408 2505 LIBRI
2447 2436 2751 2517 QUARTI

693 2756 917 2824 Quoties
967 2754 1118 2811 navis
1160 2770 1189 2809 a
1229 2762 1383 2826 portu
1422 2753 1668 2820 solvitur,
1701 2754 1956 2826 expansis
1992 2753 2200 2809 alarum

623 2848 779 2913 velis,
804 2846 915 2916 jam
946 2862 1052 2900 nou
1082 2845 1136 2899 in
1167 2852 1433 2917 potestate
1473 2845 1722 2901 consistit
1768 2844 2083 2914 remigantis
2116 2844 2190 2898 in-

622 2949 704 2993 ter
733 2940 1025 2993 immensos
1053 2952 1315 3008 aquarum
1344 2935 1555 3001 lluctus,
1594 2950 1731 3006 quas
1770 2936 1980 2991 viarum
2017 2944 2199 3006 partes

2308 2754 2380 2808 tia
2408 2754 2720 2810 monasticae
2746 2752 3020 2825 religionis
3045 2752 3296 2825 persisto.
3339 2752 3512 2813 Porro
3540 2756 3698 2828 juxta
3725 2757 3889 2831 303

2302 2843 2650 2911 exiguitatem
2678 2842 2901 2913 ingenii,
2925 2858 3029 2898 non
3054 2843 3228 2899 solum
3256 2859 3443 2902 sanam
3475 2860 3564 2902 me
3592 2849 3892 2917 apprehen-

2303 2930 2448 2984 disse
2468 2931 2766 2985 doctrinam
2781 2930 3011 3002 gaudeo,
3039 2947 3223 2987 verum
3248 2948 3489 2988 meorum
3513 2934 3689 2990 adhuc
3707 2935 3895 3006 praesi-

620 3027 787 3099 legat.
816 3028 909 3082 sed
938 3039 1261 3097 quocunque
1288 3024 1368 3080 vis
1394 3032 1449 3079 et
1473 3038 1725 3079 aurarum
1756 3021 1913 3079 flatus
1943 3037 2066 3079 eum
2108 3038 2203 3093 ap-
2231 3038 2275 3099 ρ
2308 3024 2396 3078 dio
2446 3022 2764 3079 eruditionis
2796 3022 2975 3091 juvari
3022 3039 3233 3080 morum
3275 3025 3543 3095 gravitate
3576 3024 3892 3095 jucundor;

617 3120 837 3191 pulerit,
872 3135 977 3174 una
1009 3133 1130 3174 cum
1162 3116 1376 3188 spiritu,
1410 3124 1687 3173 ventorum
1715 3130 1915 3187 gnarus
1938 3117 2201 3186 guberna-

617 3219 705 3266 tor
734 3210 901 3265 etiam
931 3209 1130 3264 invitus
1156 3208 1307 3263 vadit
1335 3225 1348 3261 :
1379 3207 1457 3263 sic
1500 3207 1681 3278 itaque
1716 3207 1898 3279 lingua
1940 3207 2197 3272 doctoris,

615 3308 905 3370 postquam
933 3315 962 3352 a
987 3308 1144 3370 portu
1174 3296 1374 3352 silentii
1403 3311 1462 3352 se
1495 3296 1855 3367 dirempserit,
1884 3312 1991 3352 non
2019 3297 2072 3351 in
2101 3312 2196 3351 sua

616 3392 751 3447 satis
777 3391 987 3447 obtinet
1015 3396 1280 3461 potestate
1309 3402 1445 3459 quas
1466 3386 1842 3444 doctrinarum
1865 3388 1981 3442 vias
2002 3387 2057 3442 in
2077 3404 2199 3444 ora-

617 3484 1067 3563 tione‘promotus
1097 3491 1297 3547 teneat,
1325 3495 1501 3551 neque
1547 3480 1745 3552 quibus
1774 3480 1953 3535 verbis
1982 3487 2198 3536 senten-

612 3572 719 3630 tias
774 3591 910 3645 quas
949 3573 1223 3645 intelligit,
1272 3572 1411 3645 stylo
1458 3570 1811 3643 opportunius
1873 3571 2191 3627 committat.

614 3665 767 3721 Unde
791 3673 1001 3721 constat
1030 3664 1074 3720 si
1100 3678 1224 3720 eum
1263 3662 1497 3733 Spiritus
1524 3661 1696 3719 sancti
1722 3677 1853 3717 aura
1882 3661 2028 3716 intus
2055 3658 2197 3715 afllao

610 3756 769 3819 verit,
801 3756 943 3826 quod
978 3762 1152 3810 rectas
1183 3751 1654 3824 intelligentiarum
1699 3751 1922 3809 semitas
1947 3750 2196 3807 irrellexo

611 3844 806 3898 itinere
832 3844 1060 3899 devotus
1083 3851 1297 3913 carpat;
1331 3842 1414 3897 sin
1458 3836 1637 3896 autem
1679 3837 2024 3905 d‘estituatur;
2055 3842 2196 3910 peri-

612 3932 858 3988 culosum
910 3941 995 3988 est
1040 3933 1268 3987 ulterius
1313 3931 1581 4003 progredi,
1610 3946 1681 3986 ne
1714 3931 1853 3987 forte
1896 3931 1963 3985 ad
2011 3930 2196 3987 devios

612 4024 779 4078 calles
817 4033 871 4078 et
908 4038 1098 4093 aspera
1142 4022 1258 4078 loca
1296 4021 1490 4092 quibus
1529 4035 1588 4077 se
1628 4030 1859 4090 nequeat
1898 4022 2193 4091 explicare,

614 4116 865 4169 incautus
891 4122 1031 4170 ruat.
1084 4113 1199 4181 Qua
1241 4112 1308 4167 de
1354 4127 1520 4168 causa
1569 4126 1783 4183 sernper
1824 4112 2063 4167 orandus
2109 4120 2195 4167 est

612 4205 848 4274 Spiritus
873 4204 1108 4268 divinus,
1138 4212 1196 4257 ut
1240 4204 1407 4257 vitam
1448 4202 1644 4258 bonam
1692 4203 1818 4258 huic
1846 4204 2062 4273 negotio
2093 4219 2189 4275 ap-

610 4295 800 4365 pulsis,
830 4304 885 4350 et
914 4309 1101 4351 sanam
1128 4293 1427 4349 doctrinam
1459 4293 1697 4358 tribuat;
1739 4302 2009 4365 quatenus
2049 4295 2189 4349 bona

2305 3115 2357 3168 id
2375 3114 2503 3169 mihi
2528 3115 2722 3183 negotii
2746 3122 3009 3184 exoptans
3031 3115 3168 3181 dari,
3192 3124 3251 3170 ut
3278 3117 3358 3172 eis
3386 3116 3581 3172 saltem
3607 3117 3897 3188 proficiam

2300 3206 2494 3276 quibus
2516 3205 2751 3271 desudo;
2787 3220 2883 3261 eos
2904 3221 3031 3261 vero
3065 3206 3260 3276 quibus
3306 3216 3490 3262 nostra
3522 3223 3632 3262 non
3664 3207 3750 3278 pla
3764 3225 3898 3263 cuc-

2303 3296 2435 3364 rint,
2468 3305 2527 3352 ut
2574 3297 2861 3368 quiescant
2893 3298 3151 3368 derogare
3195 3286 3511 3369 priusquam
3556 3310 3900 3370 pernoscaut

2299 3403 2503 3458 quaso,
2539 3404 2605 3445 ne
2625 3390 2790 3461 (quod
2825 3389 3023 3462 absit!)
3056 3390 3281 3445 aliorum
3327 3390 3662 3461 profectibus
3703 3408 3901 3466 asper-

2299 3479 2411 3534 nati
2439 3495 2545 3535 non
2585 3479 2820 3536 ferentes
2840 3479 3073 3551 placere,
3114 3480 3215 3536 sibi
3249 3481 3390 3537 obsit
3416 3481 3709 3552 plurimum
3748 3486 3898 3553 quod

2301 3569 2548 3627 fortassis
2592 3571 2849 3642 prodesse
2889 3578 3121 3641 poterat.
3167 3569 3281 3625 Hac
3300 3570 3495 3642 quippe
3544 3572 3662 3641 spei
3713 3573 3896 3644 gratia

2298 3661 2586 3716 subvectus
2609 3661 2679 3716 ad
2704 3674 2767 3716 ea
2800 3675 2921 3730 quae
2959 3659 3026 3715 de
3057 3659 3236 3716 cordis
3271 3659 3531 3715 munditia
3562 3663 3903 3716 mandantur

2299 3766 2328 3806 a
2359 3750 2618 3817 Domino,
2648 3751 2988 3806 retractanda
3029 3749 3245 3806 tandem
3279 3749 3512 3805 veniam.
3540 3748 3679 3818 Quia
3706 3751 3906 3821 profe-

2298 3851 2404 3904 cto,
2438 3840 2671 3897 sicutab
2714 3839 3083 3896 adulatoribus
3107 3881 3123 3907 ,
3169 3849 3225 3896 et
3264 3855 3457 3896 vanam
3496 3840 3730 3912 gloriam
3799 3858 3898 3899 ca-

2297 3931 2591 4002 ptantibus,
2637 3947 2759 4002 qum
2780 3930 3038 4000 jubentur
3062 3946 3166 3985 non
3200 3939 3346 3986 recte
3387 3938 3625 4002 aguntur
3643 3933 3849 3987 animo
3890 3952 3902 3985 :

2298 4021 2399 4084 sic,
2434 4020 2538 4075 nisi
2572 4020 2623 4075 iu
2663 4021 3015 4091 semetipsum
3056 4019 3245 4076 redeat
3282 4020 3329 4077 is
3364 4021 3453 4091 qui
3496 4020 3730 4076 festinat
3769 4038 3908 4076 eno-

2297 4110 2428 4169 dare
2455 4124 2548 4171 aut
2585 4112 2777 4168 docere
2807 4113 2964 4179 alios,
2989 4122 3050 4168 ut
3075 4127 3288 4183 semper
3316 4122 3642 4183 perpurgato
3691 4115 3914 4168 mentis

2296 4205 2453 4260 oculo
2482 4221 2539 4260 se
2561 4221 2794 4275 suosque
2825 4220 3103 4260 sermones
3124 4204 3189 4259 ad
3228 4203 3441 4259 laudem
3492 4202 3789 4259 Creatoris
3821 4205 3915 4258 sui

2296 4295 2514 4359 referat,
2560 4311 2831 4364 nunquam
2873 4294 2991 4350 sine
3016 4292 3253 4366 periculo
3278 4292 3662 4365 perfunctorize
3695 4294 3919 4357 laudis,

614 4386 721 4439 vita
760 4385 1041 4441 docentem
1094 4384 1366 4454 sapienter
1409 4383 1888 4454 reprehensoribus
1913 4399 2190 4440 commeu-
2218 4387 2269 4446 D
2295 4386 2362 4442 ad
2399 4386 2600 4441 calcem
2644 4399 2812 4456 usque
2853 4386 3119 4456 pervenit.
3159 4385 3368 4440 Idcirco
3422 4400 3509 4439 me
3558 4392 3745 4440 totum
3796 4388 3920 4442 Deo

598 4477 734 4541 'det;
767 4477 1010 4531 doctrina
1046 4490 1173 4531 vero
1204 4489 1335 4529 sana
1377 4482 1617 4543 proterat
1644 4474 1977 4539 resistentes,
2006 4485 2060 4529 et
2082 4475 2195 4530 suis

610 4566 945 4622 auditoribus
981 4569 1277 4636 prudenter
1316 4567 1564 4622 ostendat
1598 4566 1739 4638 quod
1788 4565 2190 4637 Scripturarum

609 4656 833 4720 veritas,
857 4672 885 4710 a
915 4657 1105 4726 quovis
1127 4656 1198 4712 sit
1220 4657 1427 4726 prolata
1449 4657 1690 4720 doctore,
1735 4671 2007 4725 nunquam
2034 4671 2192 4726 repu-

612 4751 747 4804 diari
786 4750 1004 4816 debeat;
1034 4750 1173 4804 sicut
1197 4766 1228 4806 e
1252 4759 1459 4814 contra,
1487 4749 1531 4809 si
1555 4765 1674 4804 eam
1699 4748 1888 4804 falsam
1917 4763 2039 4804 esse
2061 4764 2189 4805 con-

612 4840 814 4913 tigerit,
844 4842 968 4898 Iicet
1008 4841 1240 4899 eximius
1260 4840 1337 4899 sit
1364 4843 1417 4898 in
1454 4842 1565 4897 vita
1596 4856 1695 4915 per
1726 4857 1887 4913 quem
1939 4840 2184 4907 docetur,

2301 4476 2601 4541 committo,
2634 4474 2788 4546 cujus
2816 4474 3109 4546 spiramine
3130 4475 3197 4531 ad
3239 4483 3453 4544 portum
3485 4472 3705 4538 salutis,
3742 4485 3813 4530 et
3851 4479 3925 4530 ad

2303 4565 2462 4620 finem
2516 4564 2697 4634 operis
2739 4566 3062 4634 quandoque
3128 4564 3415 4630 advectus,
3460 4565 3695 4619 obsecro
3761 4567 3926 4621 inter

2298 4657 2481 4712 varios
2524 4655 2823 4727 Scyllarum
2865 4655 3085 4726 laqueos
3124 4656 3241 4711 sine
3281 4655 3485 4711 offensa
3529 4655 3792 4711 veniam.
3851 4660 3928 4714 Et

2298 4751 2546 4821 imploro,
2572 4750 2699 4821 quia
2744 4749 2831 4805 hic
2857 4749 2993 4804 liber
3019 4749 3355 4819 permaxime
3379 4749 3446 4803 de
3480 4748 3766 4803 munditia
3798 4765 3934 4804 cor-

2299 4839 2381 4894 dis
2412 4846 2630 4903 tractat,
2653 4846 2713 4894 ut
2755 4838 2843 4893 ille
2869 4837 2960 4907 qui
2991 4837 3142 4907 jubet
3171 4837 3400 4902 servari,
3424 4836 3589 4892 faciat
3614 4844 3675 4891 et
3692 4846 3936 4893 ‘emun-

609 4936 751 5004 quod
779 4951 1050 5004 nunquam
1080 4935 1301 5006 suscipi,
1331 4950 1605 5005 nunquam
1631 4934 1818 5007 utique
1838 4933 2006 4993 liceat
2031 4948 2189 4989 vene-
2292 4932 2418 4987 dato
2439 4930 2620 4987 cordis
2642 4926 2889 4987 oculo‘ad
2912 4932 3155 4985 eamdem
3194 4930 3671 5002 contemplationis
3720 4932 3938 5003 inspe-

612 5027 741 5080 rari.
791 5025 897 5081 Sed
930 5027 1058 5097 quia
1087 5025 1170 5081 de.
1197 5025 1308 5083 vita
1340 5025 1530 5081 idonea
1570 5041 1655 5081 me
1702 5041 1806 5080 non
1843 5024 2013 5096 jacto,
2061 5024 2187 5079 sub-

610 5118 718 5172 dite
759 5129 930 5175 tameu
972 5118 1261 5175 seniorum.
1291 5116 1548 5172 nobilium
1589 5116 1886 5186 disciplinis
1936 5117 2184 5170 nutrien-

588 5209 728 5285 dus,
760 5217 814 5263 et
852 5209 918 5265 ad
945 5208 1167 5277 meliora
1191 5208 1313 5263 vita:
1346 5207 1521 5264 studia
1548 5208 1922 5278 provehendus
1946 5206 2000 5261 in
2040 5207 2181 5261 mili-

2289 5023 2523 5079 ctionem
2546 5023 2876 5094 pertingere,
2903 5021 2970 5076 de
2989 5037 3093 5090 qua
3117 5021 3316 5077 dictum
3337 5031 3420 5077 est
3447 5041 3460 5076 :
3496 5021 3648 5076 Beati
3683 5027 3941 5080 mundo

2274 5108 2464 5193 Lcorde,
2496 5115 2741 5186 quoniam
2764 5113 2861 5184 ipsi
2889 5111 3057 5167 Deum
3087 5110 3328 5166 videbunt
3353 5108 3505 5183 (Mat.
3536 5126 3591 5175 v,
3614 5109 3699 5181 8).

1715 5484 2697 5545 “Ov—Iw“
2707 5514 2770 5526 ¹“·’
