4000 6362
237 292 323 348 269

1002 285 1366 342 EXPOSITIO
1402 285 1466 340 IN
1506 283 1940 339 MA'I'TILEUM.
1981 313 2046 322 --
2086 282 2210 336 LIB.
2252 280 2339 347 IV,
2379 279 2528 336 CAP.
2575 280 2656 333 Vl.

3363 278 3432 330 Ἦ
3445 278 3477 329 0

1401 575 1698 652 LIBER
1772 571 2273 666 QUARTUS.

297 809 444 883 (ειν.
471 802 585 870 Vl.)
607 801 1098 874 Hactenusjustitia
1120 799 1392 871 Evangelii
1419 801 1530 856 suis
1561 801 1804 870 partibus
1832 803 1880 861 Α
1906 795 2219 860 hominibus,
2245 804 2297 847 ut
2323 791 2693 883 videantbona
2706 805 2870 883 opera
2893 801 3080 860 vestra,
3112 802 3158 846 et
3184 793 3484 864 glori/icens

238 915 390 970 usque
412 898 484 954 ad
497 897 711 968 plenam
733 895 971 949 omnium
1007 902 1062 949 et
1093 892 1432 946 dilectionem
1467 891 1806 945 inimicorum

239 991 614 1060 redintegrata,
638 985 815 1056 utplus
837 993 983 1040 esset
1003 997 1163 1053 quam
1178 982 1385 1050 justitia
1414 981 1808 1035 Pharisaeorum

239 1097 297 1138 ac
325 1079 672 1142 Scribarum;
705 1091 848 1130 nunc
873 1090 1001 1129 vero
1028 1090 1133 1144 qua
1176 1073 1508 1142 inspectione
1546 1081 1602 1125 et
1627 1070 1808 1124 cordis

241 1172 495 1230 munditia
521 1170 635 1240 ipsa
652 1169 948 1237 eademque
966 1166 1172 1238 justitia
1206 1163 1538 1219 credentium
1558 1161 1811 1231 operibus

240 1269 418 1324 debeat
447 1262 757 1332 adimpleri,
784 1262 1072 1331 diligenter.
1092 1258 1309 1313 Veritas
1336 1256 1589 1310 insinuat.

303 1356 507 1417 Cavete,
549 1353 740 1422 inquit,
773 1369 835 1406 ne
857 1351 1123 1420 justitiam
1151 1357 1370 1402 vestram
1397 1346 1607 1414 faciatis
1634 1360 1811 1398 coram

243 1446 547 1504 hominibus.
585 1454 639 1496 ut
667 1441 944 1496 videamini
977 1441 1041 1494 ab
1068 1441 1163 1493 eis.
1223 1437 1438 1492 iustitia
1491 1446 1671 1490 autent
1720 1450 1816 1489 no-

249 1549 350 1593 stra
379 1537 505 1607 quid
533 1534 999 1604 velitsignilieare,
1027 1546 1130 1585 non
1149 1532 1247 1584 abs
1278 1543 1334 1584 Ie
1359 1529 1637 1598 qmeritur.
1672 1526 1816 1580 Nun-

253 1629 392 1696 quid,
418 1626 559 1680 velut
597 1624 766 1678 Judaai
796 1624 885 1677 Dei
911 1622 1173 1689 justitiam
1209 1621 1540 1690 ignorantes,
1575 1627 1816 1672 nostram

255 1717 529 1786 qna-rimus
573 1714 848 1770 statuere?
893 1712 985 1768 Sic
1030 1713 1210 1781 itaque
1242 1711 1308 1765 de
1341 1711 1424 1764 his
1466 1711 1726 1780 scriptum
1764 1711 1818 1764 in

247 1805 402 1860 Paulo
440 1805 709 1874 legimus:
756 1802 1065 1870 Ignorantes
1110 1799 1206 1852 Dei
1255 1799 1546 1869 justitiam,
1575 1807 1621 1852 et
1669 1814 1821 1852 suam

243 1903 530 1967 quaerentes
551 1903 799 1953 statuere,
821 1887 1170 1960 justitiwDei
1193 1886 1356 1958 304
1381 1903 1482 1940 non
1507 1896 1626 1940 sunt
1651 1886 1825 1953 subie-

243 1987 308 2040 cti
335 1983 516 2054 (Rata.
546 1999 603 2046 Χ,
630 1981 706 2052 '5).
749 1977 922 2034 Simili
964 1977 1122 2032 modo
1161 1989 1284 2030 cum
1331 1975 1483 2039 dicit,
1535 1972 1722 2028 Cavete
1763 1991 1825 2028 ne

238 2075 497 2143 justitiam
521 2085 743 2126 vestram
767 2072 977 2138 faciatis
1013 2087 1189 2125 coram
1226 2071 1541 2136 hominibus,
1582 2086 1828 2141 quaeren-

1914 883 2124 937 Patrem
2147 892 2390 945 vestrum,
2415 881 2503 952 qui
2527 881 2581 934 in
2601 879 2741 935 caelis
2764 889 2871 946 est;
2899 897 3040 936 nunc
3072 891 3276 948 autem,
3302 897 3332 938 e
3356 900 3487 940 con-

1912 973 2120 1026 trario:
2153 971 2338 1026 Cavete
2384 985 2446 1024 ne
2483 970 2746 1039 justitiam
2792 980 3012 1024 vestram
3046 969 3254 1037 faciatis
3310 990 3488 1036 coram

1912 1062 2222 1116 hominibus.
2256 1061 2494 1128 Quarum
2534 1060 2791 1115 terminos
2821 1061 3208 1118 sententiarum
3248 1065 3492 1134 quisquis

1913 1152 2196 1224 diligenter
2233 1151 2468 1222 inspicit,
2498 1152 2613 1206 sine
2643 1161 2827 1206 nostro
2858 1151 3057 1208 laboris
3095 1153 3268 1229 ofﬁcio
3291 1155 3492 1210 intelli-

1915 1248 2004 1312 get
2049 1239 2208 1311 305
2251 1241 2378 1310 quid
2431 1255 2624 1295 cavere
2676 1240 2993 1310 prohibeat,
3049 1242 3248 1313 quidve
3305 1260 3490 1304 coram

1919 1331 2055 1386 fieri.
2091 1331 2200 1386 Illic
2223 1332 2364 1386 enim
2397 1349 2409 1384 :
2443 1331 2534 1386 Sic
2560 1331 2728 1385 luceat
2773 1334 2866 1385 tua:
2912 1348 3053 1398 vera,
3087 1336 3280 1404 inquit,
3313 1353 3494 1390 coram

1917 1421 2230 1484 hominibus,
2254 1431 2306 1474 ut
2336 1421 2623 1491 gloriﬁcent
2643 1421 2853 1476 Patrem
2874 1432 3130 1489 vestrum;
3156 1425 3318 1481 istinc
3346 1443 3494 1491 vero,

1918 1511 2106 1566 Cavete
2152 1529 2214 1567 ne
2256 1513 2465 1581 faciatis
2494 1530 2650 1581 opera
2684 1522 2851 1568 vestra
2889 1523 2944 1567 ut
2971 1515 3250 1572 videamini
3281 1518 3344 1571 ab
3375 1519 3449 1573 eis
3477 1536 3498 1573 .‘

1920 1619 1983 1658 ac
2003 1604 2046 1657 si
2071 1604 2214 1658 dicat
2240 1623 2251 1656 :
2280 1603 2461 1658 Fac‘te
2485 1613 2543 1658 nt
2565 1604 2655 1674 qui
2678 1604 2928 1671 viderint,
2953 1590 3256 1676 gloriﬁcent
3283 1608 3498 1665 Patrem

1921 1703 2182 1760 vestrum,
2227 1704 2283 1749 et
2333 1710 2401 1749 ne
2442 1693 2650 1749 faciatis
2695 1709 2878 1749 coram
2912 1695 3243 1762 hominibus,
3292 1707 3501 1752 tantum

1923 1793 1982 1840 ut
2017 1785 2304 1839 videamini
2332 1784 2402 1840 ab
2435 1785 2534 1839 eis.
2577 1783 2721 1838 Nihil
2753 1784 2897 1839 enim
2937 1786 3154 1842 stultius
3181 1803 3342 1857 quam
3376 1805 3496 1842 ma-

1917 1874 2040 1944 jora
2060 1873 2283 1944 justitia:
2309 1888 2472 1944 opera
2501 1873 2586 1928 vel
2616 1875 2826 1929 minora
2855 1881 3064 1929 tantum
3106 1876 3227 1932 ideo
3268 1877 3384 1933 ﬁeri
3443 1888 3506 1931 ut

1925 1965 2226 2020 videantur.
2271 1964 2328 2018 Si
2371 1973 2582 2026 autem,
2629 1965 2771 2032 quod
2811 1965 2986 2036 majus
3028 1974 3140 2030 est,
3182 1978 3389 2038 martyr
3424 1967 3506 2021 vis

1929 2054 2068 2120 ﬁeri,
2094 2054 2176 2108 vel
2207 2055 2349 2124 quod
2380 2053 2573 2117 minus,
2610 2053 2831 2109 calicem
2857 2070 3010 2125 aqua:
3035 2055 3244 2128 frigida:
3271 2059 3509 2113 tribuere

241 2163 361 2217 dum
394 2173 660 2216 utrumne
683 2161 828 2216 dicat
853 2177 869 2214 :
898 2159 1100 2216 Cavete
1128 2175 1195 2215 ne
1228 2161 1490 2232 justitiam
1511 2200 1527 2227 ,
1564 2176 1684 2231 quae
1731 2161 1827 2216 Dei

1934 2155 1990 2200 ut
2025 2144 2260 2201 videaris
2287 2155 2342 2201 et
2386 2145 2655 2212 lauderis,
2705 2155 2759 2200 tu
2802 2147 2894 2217 qui
2934 2149 3069 2218 agis,
3125 2157 3179 2204 te
3208 2149 3378 2205 ﬁnem
3428 2151 3506 2205 tui

243 2265 340 2317 est,
381 2261 630 2307 vestram
669 2250 882 2307 faciatis
909 2251 978 2306 ob
1007 2267 1198 2306 vanam
1242 2252 1467 2322 gloriam
1502 2265 1687 2306 coram
1732 2253 1830 2306 ho-

244 2343 482 2396 minibus
541 2341 882 2404 ostentando,
924 2349 984 2394 ut
1032 2341 1322 2395 videamini
1370 2341 1439 2395 ab
1487 2342 1586 2396 eis.
1655 2341 1830 2408 Quam

237 2432 512 2501 justitiam
561 2430 858 2492 studentes,
898 2429 990 2482 Dei
1021 2427 1242 2497 justitiae
1289 2444 1396 2484 non
1445 2430 1671 2500 potestis
1711 2444 1833 2484 esse

240 2521 494 2590 subjecti.
543 2519 696 2574 Patet
735 2521 878 2574 enim
916 2519 1058 2589 quod
1102 2520 1266 2574 variis
1309 2521 1505 2584 modis,
1539 2522 1830 2575 secundum

243 2612 565 2682 Scripturas
587 2627 794 2677 sacras,
804 2611 1012 2680 justitia
1035 2621 1279 2670 vocatur.
1297 2613 1501 2667 Dicitur
1516 2612 1830 2682 enimjusti-

244 2702 312 2755 tia
335 2701 461 2764 Dei,
477 2709 536 2754 et
553 2701 759 2771 justitia
783 2700 903 2756 ﬁdei
925 2709 1088 2770 atque
1107 2700 1538 2771 Evangelii,qua:
1560 2701 1717 2755 simul
1737 2701 1832 2756 Dei

240 2801 293 2844 et
313 2807 420 2844 una
447 2799 559 2845 est.
603 2790 809 2844 Dicitur
857 2799 1039 2843 autem
1067 2797 1124 2843 et
1161 2790 1369 2860 justitia
1393 2789 1524 2860 legis
1545 2798 1602 2843 et
1623 2787 1834 2844 Judreo-

245 2893 358 2933 rum
412 2888 589 2948 atque
627 2879 828 2934 carnis.
864 2877 970 2932 Sed
996 2887 1052 2932 et
1079 2895 1222 2934 nunc
1261 2879 1470 2948 justitia
1520 2880 1614 2934 Dei
1649 2889 1832 2936 nostra

245 2969 590 3039 appellatur;
618 2984 685 3024 ex
712 2985 819 3039 quo
867 2968 1056 3040 liquet,
1086 2971 1210 3039 quia
1257 2971 1358 3024 sub
1402 2969 1618 3025 Christo
1640 2970 1693 3024 in
1728 2969 1833 3025 ﬁde

248 3060 479 3114 vivimus
536 3059 834 3128 Evangelii,
876 3069 1023 3114 recte
1071 3068 1257 3114 nostra
1305 3058 1516 3129 justitia
1567 3069 1828 3115 vocatur:

250 3150 339 3205 Dei
376 3159 569 3204 autem
600 3164 669 3203 ex
704 3164 788 3214 eo,
817 3149 941 3219 quia
973 3148 1095 3204 linis
1119 3149 1252 3219 legis
1287 3149 1532 3204 Christus
1561 3150 1628 3205 ad
1670 3150 1830 3220 justi-

251 3241 379 3294 tiam
423 3239 582 3295 omui
610 3239 885 3304 credenti;
928 3246 1110 3294 nostra
1134 3254 1283 3304 vero,
1311 3239 1453 3309 quod
1484 3254 1580 3308 per
1607 3240 1834 3310 gratiam

255 3332 359 3402 piis
403 3329 673 3401 operibus
717 3329 1058 3398 adimpletur.
1114 3329 1192 3383 Ac
1215 3343 1312 3398 per
1344 3329 1445 3384 hoc
1472 3329 1540 3384 de
1568 3329 1658 3384 illa
1705 3329 1837 3385 dicit

247 3421 458 3491 justitia
477 3459 495 3482 ,
534 3434 654 3487 quae
680 3419 871 3488 major,
897 3419 1037 3472 sicut
1077 3433 1241 3486 supra
1269 3427 1629 3472 monstratum
1667 3427 1750 3473 est
1778 3420 1834 3473 in

1932 2238 2114 2308 operis
2160 2238 2418 2305 statuisti,
2470 2246 2525 2292 et
2560 2237 2697 2294 forte
2728 2239 2868 2308 quod
2900 2241 3144 2310 quaesisti
3175 2242 3361 2298 habes.
3390 2244 3506 2310 Qua

1933 2329 2000 2383 de
2023 2343 2208 2394 causa,
2260 2329 2393 2384 nihil
2433 2330 2601 2385 videri
2647 2329 2880 2400 profuit;
2915 2333 3044 2402 quin
3074 2334 3268 2390 exinde
3315 2350 3510 2390 vanam

1933 2419 2160 2489 gloriam
2188 2420 2464 2475 incurristi
2499 2428 2595 2475 :et
2639 2421 2685 2476 si
2738 2437 2924 2477 rursus
2950 2423 3071 2479 ideo
3115 2439 3301 2480 coram
3333 2425 3507 2481 facias

1933 2517 1994 2562 ut
2019 2509 2230 2564 luceant
2260 2525 2423 2580 opera
2452 2520 2541 2565 tua
2585 2512 2664 2567 eis
2704 2514 2795 2582 qui
2837 2513 3071 2569 viderint
3097 2516 3166 2569 ad
3190 2515 3400 2571 laudem
3450 2526 3506 2571 et

1933 2597 2111 2653 Patris
2138 2599 2392 2670 gloriam,
2437 2600 2563 2654 licet
2604 2616 2711 2656 non
2751 2601 2843 2656 ﬁat
2873 2603 3017 2671 quod
3053 2605 3318 2673 quaesisti,
3343 2614 3398 2660 tu
3431 2615 3511 2660 ta-

1935 2704 2057 2743 men
2112 2690 2164 2743 in
2195 2691 2531 2746 conscientia
2578 2691 2739 2747 ﬁnem
2781 2693 3008 2764 justitias
3059 2695 3298 2751 tenuisti.
3358 2697 3513 2752 Unde

1935 2794 2042 2834 non
2079 2779 2310 2834 dicitur:
2341 2780 2539 2836 Luceat
2569 2781 2657 2835 lux
2689 2791 2891 2849 vestra,
2932 2791 2986 2838 et
3013 2784 3059 2840 si
3105 2785 3340 2842 viderint
3365 2801 3511 2852 eam,

1935 2884 2000 2924 ac
2021 2869 2438 2940 gloriﬁcaverint
2459 2872 2664 2937 Deum;
2695 2875 2789 2930 sed
2833 2883 3064 2942 tantum,
3103 2886 3162 2932 ut
3209 2877 3427 2934 videant
3454 2891 3512 2936 et

1935 2961 2254 3031 gloriﬁcent.
2305 2962 2381 3018 Ac
2409 2964 2453 3019 si
2485 2965 2627 3018 dicat
2655 2983 2667 3020 :
2695 2966 2778 3020 Ad
2807 2965 2908 3022 hoc
2940 2968 3083 3039 agite
3123 2978 3182 3023 ut
3209 2969 3514 3040 gloriﬁcent

1934 3051 2148 3106 Patrem
2189 3062 2447 3120 vestrum,
2475 3057 2580 3111 erit
2627 3057 2680 3111 in
2729 3057 2910 3113 divina
2939 3061 3274 3129 respectione
3297 3063 3428 3133 quid
3459 3065 3512 3119 ei

1935 3140 2160 3210 placeat.
2193 3143 2398 3213 Quippe
2423 3146 2548 3214 quia
2578 3147 2948 3215 prmdicatoris
2969 3148 3200 3205 ofﬁcium
3228 3160 3314 3207 est
3332 3153 3511 3207 verbis

1934 3239 1989 3286 et
2013 3233 2265 3302 Operibus
2292 3236 2614 3302 persuadere
2661 3237 2727 3292 ad
2766 3238 2978 3293 laudem
3011 3239 3167 3306 ﬁdei;
3198 3243 3290 3297 Dei
3327 3253 3510 3300 tamen

1935 3329 2038 3386 est,
2077 3323 2121 3376 si
2149 3323 2430 3378 obtineant
2467 3328 2605 3395 apud
2632 3343 2727 3383 eos
2757 3330 2996 3384 muneris
3019 3332 3348 3388 ﬁrmitatem.
3399 3333 3508 3388 Νοι

1941 3412 2098 3466 tanda
2134 3412 2296 3482 igitur
2321 3413 2373 3467 in
2403 3416 2653 3470 omnibus
2683 3417 2966 3472 verborum
2996 3423 3330 3490 proprietas;
3377 3439 3507 3479 nam

257 3509 574 3579 Evangelio,
606 3507 720 3561 suis
763 3507 980 3577 impleta
1008 3509 1273 3577 partibus,
1311 3509 1631 3578 pmdicatur
1671 3523 1832 3576 quam
1860 3495 1906 3557 Ο
1937 3500 2082 3556 illinc
2110 3502 2312 3556 dictum
2334 3512 2448 3558 est:
2477 3503 2567 3559 Sic
2591 3505 2784 3570 luceat,
2818 3507 2976 3563 istinc
3014 3520 3193 3566 autem
3233 3512 3424 3568 Cavete
3454 3532 3517 3569 ne

261 3597 573 3652 Scribarum
597 3607 655 3650 et
673 3596 1092 3662 Pharisaaorum,
1115 3613 1234 3666 qua:
1263 3613 1366 3650 non
1398 3598 1513 3663 Dei,
1535 3599 1630 3654 sed
1656 3613 1841 3654 eorum

258 3704 382 3742 esse
404 3689 807 3758 pronuntiatur.
841 3685 1010 3743 Porro
1043 3697 1228 3742 nostra
1272 3689 1481 3759 justitia
1516 3699 1619 3754 est,
1645 3691 1710 3744 de
1735 3705 1841 3760 qua

256 3781 490 3835 dicitur:
522 3779 712 3833 Justus
737 3796 800 3833 ea:
825 3780 929 3847 fide
959 3781 1077 3834 vivit
1109 3779 1279 3851 (Rom.
1317 3796 1352 3842 ι,
1396 3781 1519 3850 1'7);
1554 3779 1686 3834 ﬁdes
1717 3795 1843 3834 vero

255 3867 344 3921 Dei
359 3878 466 3933 est,
494 3883 620 3937 quae
648 3883 744 3936 per
764 3869 1101 3923 dilectionem
1134 3869 1228 3923 Dei
1253 3885 1315 3924 ac
1339 3869 1568 3939 proximi
1592 3884 1844 3925 consum-

260 3968 450 4010 matur.
478 3957 644 4010 Patet
663 3957 826 4024 igitur
851 3973 1062 4022 sensus,
1091 3959 1230 4027 quod
1259 3959 1372 4027 ipsa
1398 3968 1481 4014 est
1505 3975 1625 4030 qua:
1644 3973 1843 4029 przece-

254 4045 358 4112 ptis
400 4044 818 4115 Operationum,
851 4056 904 4100 et
943 4047 1226 4116 przeceptis
1265 4063 1540 4118 sngnorum
1596 4051 1842 4120 superius

252 4132 556 4203 adimpleta
579 4133 864 4204 gloriosior
891 4134 1194 4204 praefertur.
1243 4135 1396 4192 Unde
1424 4137 1628 4206 aperiat
1659 4139 1842 4194 oculos

249 4228 452 4280 mentis
479 4240 602 4280 sua:
650 4226 882 4294 prudens
918 4235 1222 4293 exsecutor,
1251 4236 1305 4282 et
1349 4228 1747 4300 circumspiciat
1785 4246 1842 4284 se

246 4314 302 4368 in
338 4318 494 4369 omni
533 4317 769 4386 negotio,
803 4316 857 4370 in
901 4317 1046 4371 omni
1091 4316 1267 4372 cilicio
1319 4318 1488 4374 laudis
1518 4329 1610 4373 aut
1652 4335 1843 4389 Opera-

249 4405 436 4471 tionis,
474 4410 535 4461 in
572 4406 718 4460 omni
751 4407 1012 4462 beneﬁcio
1057 4409 1359 4474 charitatis,
1389 4409 1478 4463 vel
1521 4411 1576 4464 in
1606 4411 1753 4465 omni
1787 4426 1844 4466 re

250 4514 320 4551 ex
361 4514 472 4567 qua
514 4499 632 4552 hzec
670 4497 878 4564 justitia
928 4498 1359 4553 Christianorum
1412 4501 1839 4565 commendatur,

245 4598 301 4642 et
350 4595 623 4643 amoveat
653 4601 712 4640 se
739 4602 770 4640 a
818 4586 1091 4642 favoribus
1133 4588 1334 4654 saeculi,
1385 4597 1547 4658 atque
1589 4591 1657 4644 ab
1696 4590 1844 4644 omni

247 4678 552 4747 prasentis
595 4679 769 4733 laudis
812 4679 1026 4733 intuitu.
1070 4679 1321 4746 Tantum,
1357 4696 1688 4753 quaecunque
1733 4684 1846 4754 agit

245 4781 345 4835 per
367 4782 536 4838 spem
570 4766 742 4821 ﬁxam
781 4777 1095 4837 transponat
1146 4769 1213 4823 ad
1242 4768 1434 4835 Deum,
1463 4787 1563 4826 nee
1608 4782 1846 4828 sectetur

1940 3593 2150 3661 faciatis
2179 3609 2335 3662 opera
2363 3603 2533 3648 vestra
2558 3611 2734 3648 coram
2751 3598 3046 3653 hominibus
3077 3609 3304 3656 tantum.
3328 3603 3515 3673 Itaque

1943 3697 2043 3736 nec
2054 3683 2381 3751 prohibetne
2398 3683 2630 3750 luceant,
2656 3687 2750 3741 sed
2783 3697 3011 3754 tantum,
3034 3707 3102 3747 ne
3123 3692 3254 3747 ﬁant
3269 3695 3339 3748 ab
3359 3695 3440 3750 eis
3462 3706 3521 3751 ut

1940 3771 2241 3826 videantur.
2263 3771 2397 3840 Quia
2418 3773 2676 3846 profecto,
2709 3777 2753 3832 si
2778 3777 2993 3834 virtutis
3014 3789 3216 3847 essent,
3244 3783 3515 3848 lueerent;

1942 3877 2106 3928 nunc,
2177 3864 2304 3934 quia
2348 3864 2605 3920 vitiorum
2656 3875 2784 3922 sunt
2824 3876 2880 3922 et
2924 3869 3270 3925 tenebrarum
3327 3888 3512 3943 opera,

1942 3951 2161 4008 videant
2196 3952 2464 4009 tenebrosi
2496 3955 2746 4010 tenebras
2773 3971 2930 4022 suas;
2963 3958 3106 4014 Deus
3135 3959 3262 4029 quia
3284 3960 3377 4015 lux
3405 3971 3512 4026 est,

1940 4056 2006 4096 ea
2036 4041 2325 4112 respicere,
2371 4041 2472 4098 nisi
2516 4051 2576 4098 ut
2613 4044 2818 4114 puniat,
2865 4061 2966 4101 nec
2989 4048 3290 4118 approbare
3315 4057 3512 4118 potest.

1943 4130 2190 4196 Diversa
2215 4131 2378 4202 igitur
2404 4132 2652 4189 voluntas
2684 4143 2740 4190 et
2769 4137 2966 4191 mentis
2993 4138 3519 4204 intentio,~‘diversos

1944 4221 2079 4276 lines
2104 4221 2420 4277 meritorum
2448 4223 2674 4280 obtinet.
2705 4223 2858 4278 Alius
2884 4225 3026 4279 enim
3051 4224 3193 4292 ﬁnis,
3218 4233 3277 4280 ut
3302 4225 3522 4281 videan-

1944 4320 2032 4365 tur
2058 4319 2265 4366 tantum
2283 4327 2448 4382 opera
2479 4322 2567 4368 tua
2589 4315 2658 4368 ab
2689 4316 3028 4381 hominibus;
3058 4316 3194 4372 alius
3233 4332 3385 4382 vero,
3416 4333 3515 4388 per

1943 4415 2005 4454 ea
2036 4409 2094 4454 ut
2124 4400 2370 4455 laudetur
2398 4401 2562 4456 Deus.
2587 4402 2701 4470 Dic,
2721 4419 2905 4473 quaeso
2929 4419 2944 4456 :
2970 4405 3092 4473 quis
3113 4420 3347 4475 unquam
3375 4407 3522 4477 agri-

1944 4487 2084 4553 cola,
2114 4491 2362 4556 quamvis
2401 4490 2656 4556 rusticus,
2689 4491 2810 4546 ideo
2835 4491 2965 4546 colit
2982 4507 3170 4562 agrum
3196 4503 3252 4548 et
3277 4494 3520 4549 semina-

1945 4581 2040 4645 vit,
2098 4588 2304 4636 tantum
2332 4591 2390 4636 ut
2415 4583 2660 4639 videatur
2714 4586 2786 4640 ab
2827 4586 2911 4642 his
2958 4587 3050 4656 qui
3084 4590 3398 4645 transeunt?
3426 4589 3526 4646 Vel

1945 4671 2068 4740 quis
2095 4686 2354 4740 unquam,
2382 4672 2488 4729 nisi
2535 4673 2732 4728 stultus
2757 4676 2848 4739 sit,
2879 4675 3040 4730 ﬁnem
3071 4675 3272 4733 laboris
3299 4681 3383 4734 sui
3410 4680 3525 4736 col-

1945 4759 2086 4815 locat
2130 4761 2183 4815 in
2227 4771 2445 4832 aspectu
2475 4763 2772 4828 hominum,
2796 4773 2856 4818 ut
2885 4764 3021 4819 nihil
3061 4779 3129 4820 ex
3167 4781 3232 4822 eo
3259 4767 3403 4824 aliud
3446 4783 3526 4824 re-

248 4837 689 4913 ostentationem
728 4859 902 4928 vulgi;
935 4874 1038 4912 non
1059 4858 1376 4927 jactantiam
1405 4861 1697 4933 religionis,
1732 4879 1840 4918 non

1949 4849 2165 4919 quirat?
2191 4848 2308 4916 Qua
2339 4851 2405 4906 de
2449 4867 2612 4906 causa
2664 4866 2878 4922 semper
2919 4853 3186 4914 sollicitus,
3217 4855 3288 4932 sit
3313 4857 3524 4910 animus

255 4949 719 5018 superstitionem
772 4950 1082 5013 verborum,
1135 4957 1229 5003 aut
1283 4965 1477 5004 vanam
1524 4951 1846 5020 eloquentiae

247 5053 542 5110 pompam,
570 5054 639 5093 ne
665 5039 826 5102 forte,
856 5040 980 5093 dum
1029 5055 1141 5094 sum
1177 5041 1373 5110 quaerit
1394 5056 1516 5095 cum
1561 5039 1848 5096 Pharisazis

242 5127 531 5194 justitiam
561 5138 802 5184 statuere
825 5130 1021 5194 laudis,
1061 5129 1284 5198 iustitia:
1313 5131 1407 5186 Dei
1437 5147 1545 5186 non
1569 5132 1640 5186 sit
1666 5130 1847 5201 subje~

247 5227 392 5275 ctus.
437 5219 666 5274 Iustitia
693 5221 888 5291 quippe
925 5221 1019 5276 Dei
1047 5230 1145 5284 est,
1175 5224 1354 5277 omnia
1375 5240 1495 5293 qua:
1519 5223 1586 5278 ab
1617 5223 1848 5292 eojussa

251 5321 382 5365 sunt
416 5311 665 5380 impleri,
693 5319 748 5366 et
787 5312 1002 5381 impleta
1053 5312 1209 5367 simul
1255 5314 1507 5368 universa
1537 5314 1603 5367 ad
1634 5313 1845 5369 laudem

249 5400 548 5454 Creatoris
591 5399 802 5455 referri.
861 5400 1136 5470 Alioquin,
1187 5403 1288 5456 nisi
1336 5417 1401 5456 eo
1445 5402 1639 5456 intuitu
1689 5401 1845 5467 ﬁant,

247 5489 604 5552 dilabuntur,
646 5499 699 5543 et
726 5488 845 5543 sine
873 5489 1050 5544 fructu
1079 5490 1242 5543 etiam
1268 5505 1438 5559 pauca
1461 5504 1580 5558 qua:
1610 5490 1848 5560 gerimus

255 5577 307 5630 in
339 5587 580 5632 ventum
635 5578 969 5639 dispereunt.
1021 5578 1126 5632 Sed
1182 5578 1529 5646 quaerendum
1579 5579 1848 5647 quomodo

251 5665 426 5729 paulo
452 5667 708 5732 superius
745 5667 979 5724 dixerit:
1013 5667 1102 5724 Sic
1132 5667 1301 5724 luceat
1343 5669 1436 5724 tua:
1473 5679 1639 5724 vestra
1667 5685 1845 5725 coram

1947 4939 2075 5009 quid
2103 4949 2247 5008 agat.
2275 4941 2360 4995 vel
2385 4951 2641 5012 quantum
2669 4953 2821 5014 agat;
2853 4959 2950 4998 cur
2979 4952 3182 5009 autem,
3208 4953 3263 5012 et
3289 4945 3399 5011 ubi,
3436 4945 3518 5000 vel

1947 5031 2184 5102 quando,
2217 5043 2312 5088 aut
2337 5033 2567 5103 qualiter
2589 5044 2731 5104 agat.
2763 5035 2898 5102 Quia
2927 5036 3030 5097 nisi
3057 5043 3270 5106 agatur,
3299 5045 3360 5090 ut
3389 5037 3525 5091 scri-

1947 5130 2097 5194 ptum
2142 5131 2248 5190 est,
2279 5125 2420 5193 quod
2467 5127 2796 5197 przecipitur,
2840 5136 2899 5182 et
2936 5127 2982 5182 si
3010 5142 3116 5182 non
3163 5127 3231 5182 ad
3283 5129 3522 5191 modum.

1949 5220 2208 5282 quantum
2254 5213 2488 5270 sufﬁciat
2511 5215 2578 5270 ad
2599 5215 2890 5287 justitiam,
2915 5215 2959 5271 si
2990 5230 3097 5271 non
3125 5215 3246 5277 ideo
3269 5231 3367 5285 pro
3389 5232 3516 5286 quo,

1947 5309 2003 5356 et
2031 5301 2146 5363 ubi,
2176 5302 2230 5357 id
2259 5314 2359 5370 est,
2391 5320 2490 5374 pro
2517 5305 2717 5362 Christi
2747 5321 2952 5371 amore,
2981 5307 3036 5361 in
3065 5305 3332 5373 Ecclesia,
3377 5310 3522 5378 quod

1949 5392 2193 5459 debetur,
2232 5403 2325 5448 aut
2362 5395 2408 5450 si
2446 5411 2552 5451 non
2582 5404 2820 5467 tempore
2847 5396 3012 5472 3%
3038 5405 3357 5468 opportuno,
3395 5397 3522 5453 dum

1948 5489 2166 5554 seritur,
2199 5490 2283 5545 vel
2304 5493 2348 5546 si
2377 5507 2482 5546 non
2513 5508 2577 5546 ea
2605 5491 2950 5547 festinatione
2978 5483 3190 5549 timoris
3213 5504 3306 5549 aut
3321 5495 3522 5550 amoris

1951 5579 2069 5645 Dei,
2095 5594 2198 5648 qua
2235 5581 2423 5636 deceat
2447 5591 2501 5637 et
2519 5582 2770 5650 jubetur;
2800 5582 3061 5652 alioquin,
3093 5594 3152 5640 ut
3183 5584 3395 5640 Veritas
3439 5583 3524 5638 fa-

1953 5675 2116 5733 tetur,
2140 5683 2346 5726 merces
2367 5670 2510 5726 nulla
2530 5679 2614 5726 est
2633 5670 2772 5742 apud
2798 5670 3014 5728 Patrem
3045 5675 3134 5744 qui
3167 5675 3220 5731 in
3246 5674 3397 5730 caelis
3420 5679 3522 5728 est.
