4000 6362
499 208 600 263 271

1276 207 1335 262 S.
1378 207 1730 263 PASCllASll
1773 202 2117 259 RATBERTI
2154 201 2445 255 ADBATIS
2483 198 2928 255 CORBEIENSIS

3643 197 3742 253 272

501 321 724 391 Oportet
747 319 891 374 enim
917 319 1054 374 ﬁlios
1082 319 1258 376 Patris
1287 321 1512 393 gloriam
1560 320 1787 382 sectari;
1814 319 1936 386 quia
1968 332 2063 369 na-
2097 319 2142 376 Α
2171 324 2276 376 cet,
2305 323 2485 371 etnon
2507 312 2617 368 Dei.
2652 311 2814 365 Suam
2838 311 3066 376 scilicet,
3091 309 3212 379 quia
3237 323 3398 378 quam
3420 309 3744 377 qumsierunt

497 418 672 463 torum
701 408 868 481 gloria
901 416 1112 478 patrum
1137 409 1387 480 dignitas.
1418 409 1567 464 Unde
1589 417 1793 462 rectum
1821 416 1924 469 est,
1950 415 2008 458 ut
2037 421 2067 457 a

496 514 604 569 quo
641 515 851 563 sumus,
879 499 926 555 ei
951 499 1130 554 omnia
1162 499 1286 553 boni
1313 501 1510 570 Operis,
1549 499 1632 554 vel
1662 499 1704 551 si
1736 497 1862 567 quid
1888 507 1970 552 est
2015 497 2066 549 in

495 593 650 646 nobis
697 594 840 662 quod
864 590 988 658 jure
1027 590 1254 660 placeat,
1305 591 1622 645 referamus.
1651 590 1798 644 Alias
1826 590 2001 643 adhuc
2024 588 2066 642 si

494 683 804 738 hominibus
833 681 1126 751 placemus,
1175 681 1372 736 Christi
1416 697 1519 735 non
1553 697 1757 743 sumus,
1787 679 1911 733 licet
1949 679 2069 748 qui-

493 779 700 845 busque
726 775 1052 846 placeamus.
1081 775 1235 831 Unde
1258 783 1312 829 et
1338 775 1624 844 Apostolus
1652 790 1756 828 non
1777 787 1834 827 se
1858 773 2070 843 placere

495 865 799 919 hominibus
837 864 1016 919 aiebat
1038 862 1180 934 (Gal.
1219 879 1256 927 ι,
1287 862 1397 935 l0),
1427 865 1672 933 quamvis
1697 863 1818 920 alibi
1855 877 1974 926 nos,
2011 873 2070 916 ut

497 955 632 1023 ipse,
667 955 918 1010 omnibus
945 954 1156 1024 placere
1178 953 1366 1023 jubeat
1395 954 1445 1024 (1
1491 953 1613 1009 Cor.
1663 971 1719 1020 x,
1764 955 1890 1024 35);
1942 955 2068 1024 quia

495 1047 550 1099 in
579 1060 644 1100 eo
667 1047 785 1115 ipso
814 1061 922 1116 quo
945 1061 1004 1101 se
1032 1047 1139 1100 Deo
1161 1048 1366 1101 servire
1386 1048 1598 1116 probat,
1633 1055 1778 1101 reete
1804 1046 1921 1100 aliis
1958 1047 2069 1114 pla-

477 1151 614 1190 cere
643 1143 864 1204 propter
890 1135 1148 1188 virtutum
1181 1133 1410 1189 formam
1441 1149 1546 1188 non
1575 1135 1802 1198 dubitat,
1843 1135 1966 1188 inde
2015 1145 2072 1190 et

493 1225 559 1279 ad
585 1225 905 1295 placendum
929 1224 1237 1279 hominibus
1262 1225 1399 1279 alios
1418 1224 1628 1278 invitat.
1658 1223 1916 1292 Sequitur
1943 1240 1955 1276 ε

565 1315 698 1369 Cum
719 1315 852 1384 facis
883 1314 1282 1385 eleemosynam,
1319 1315 1426 1368 noli
1465 1315 1588 1367 tuba
1631 1331 1814 1367 canere
1843 1325 1964 1367 ante
1999 1325 2064 1367 te.

493 1407 644 1474 Quod
672 1415 757 1461 est
784 1405 966 1460 dicere
996 1424 1008 1458 :
1037 1403 1167 1459 Nolo
1195 1405 1520 1474 praeconium
1545 1404 1721 1459 laudis
1750 1413 1877 1460 ante
1909 1413 1959 1458 te
1988 1413 2069 1457 at-

401 1520 403 1522 ·
489 1497 666 1562 tollas,
696 1507 752 1550 ut
779 1496 1012 1551 videaris
1040 1497 1107 1550 ab
1130 1496 1462 1558 hominibus,
1493 1511 1667 1564 neque
1697 1494 1991 1563 praedicare
2017 1502 2068 1548 te

491 1591 653 1645 libeat
682 1587 839 1644 factis
861 1588 990 1650 tuis,
1024 1585 1116 1642 sed
1163 1587 1349 1641 Deum.
1399 1585 1538 1640 Ante
1582 1599 1640 1640 se
1690 1585 1887 1654 quippe
1940 1583 2064 1637 tuba

2171 402 2401 466 laudem,
2434 402 2666 456 ferentes
2703 415 2927 470 pensum
2984 400 3184 454 erroris
3231 408 3285 453 et
3319 413 3537 468 ptenam
3586 415 3742 466 quam

2171 500 2498 554 meruerant,
2531 490 2704 558 culpis
2739 488 3084 560 exigentibus
3113 502 3387 558 recepere.
3426 485 3564 540 Nota
3587 503 3741 554 tinam

2169 581 2391 650 provide
2447 581 2704 650 magister
2751 579 2998 632 veritatis
3058 593 3248 633 omnes
3288 576 3516 645 justitize
3566 585 3747 644 partes

2172 680 2374 737 tangat.
2409 670 2568 723 Prius
2591 669 2755 739 igitur
2781 667 2909 736 quid
2943 682 3101 737 agas;
3131 666 3322 720 deinde
3361 679 3448 728 ne,
3479 673 3568 717 tua
3596 664 3750 716 laude

2171 763 2429 830 deceptus
2458 777 2520 815 ex
2564 763 2748 816 eadem
2782 761 3016 831 jnstitia,
3044 776 3167 815 eum
3199 758 3498 829 hypocritis
3526 758 3748 810 damne-

2170 853 2282 916 ris;
2336 862 2668 922 postremum
2697 851 2935 905 insinuat
2977 850 3105 905 illud
3141 849 3283 920 quod
3326 847 3590 918 potueris,
3623 863 3750 915 quo-

2171 944 2332 997 modo
2363 959 2509 1013 agas,
2573 952 2632 996 ut
2671 943 2722 996 in
2753 941 2937 996 futuro
2980 942 3172 996 exinde
3217 950 3402 1012 postea
3453 940 3749 994 coroneris.

2179 1033 2315 1089 lline
2337 1049 2547 1102 quoque
2570 1041 2651 1088 est
2667 1033 2809 1101 quod
2823 1032 3097 1103 sequitur:

2245 1123 2314 1175 Te
2343 1133 2513 1176 autem
2538 1123 2762 1190 faciente
2789 1121 3187 1192 eleemosynam,
3213 1122 3407 1175 nesciat
3433 1121 3647 1174 sinistra
3667 1131 3755 1175 tua

2168 1217 2294 1286 quid
2338 1216 2496 1284 faciat
2529 1217 2741 1269 dextera
2789 1226 2900 1269 tua.
2947 1215 3062 1269 Non
3095 1217 3237 1284 quod
3286 1225 3476 1269 natura
3516 1215 3758 1282 corporis

2173 1307 2313 1362 istud
2351 1307 2641 1360 secundum
2687 1306 2919 1360 litteram
2961 1306 3255 1377 intelligere
3304 1306 3624 1376 permittat;
3665 1306 3756 1360 sed

2171 1412 2228 1456 ut
2254 1418 2320 1456 ex
2367 1410 2472 1454 tam
2505 1402 2736 1456 evidenti
2764 1402 3010 1471 corporis
3053 1409 3284 1465 secreto,
3329 1401 3471 1455 aliud
3517 1401 3759 1470 cogitare

2172 1495 2475 1563 Cmnpellat.
2519 1494 2650 1559 Quis
2687 1509 2920 1560 unquam
2950 1494 3147 1547 dixerit
3195 1493 3336 1562 quod
3386 1493 3586 1556 anima,
3639 1507 3757 1560 qua:

2178 1593 2286 1638 tota
2324 1583 2521 1652 ubique
2573 1584 2624 1636 in
2669 1584 2816 1637 omni
2850 1584 2967 1637 loco
2995 1585 3239 1652 corporis
3278 1590 3380 1646 est,
3433 1564 3604 1653 possit
3651 1597 3758 1636 non

493 1679 659 1742 canit,
686 1678 775 1748 qui
833 1677 1045 1732 laudem
1094 1693 1246 1732 suam
1291 1677 1604 1746 quaerendo,
1634 1689 1850 1744 semper
1897 1675 1963 1729 de
2011 1691 2068 1728 se
2102 1657 2142 1713 Β
2174 1675 2374 1729 sentire
2401 1674 2620 1728 sinistra
2653 1689 2812 1726 manu
2841 1665 2982 1742 quod
3011 1683 3202 1744 agatur
3237 1674 3288 1726 in
3318 1673 3576 1727 dextera?
3622 1671 3758 1725 Nam

495 1767 798 1824 ante.alios
848 1767 1078 1836 potiora,
1127 1775 1183 1818 ut
1238 1763 1410 1833 major
1439 1772 1716 1834 appareat,
1759 1764 2066 1818 indolescit.

496 1857 601 1912 Sed
630 1858 672 1912 si
716 1858 782 1911 ad
820 1857 1054 1911 litteram
1089 1854 1481 1910 Pharisazorum
1514 1855 1830 1924 hypocrita},
1861 1853 2072 1921 quoties

497 1949 564 2002 ad
603 1956 877 2019 erogatam
919 1947 1081 2008 irent,
1131 1947 1255 2000 tuba
1299 1953 1424 1998 ante
1464 1959 1523 1998 se
1573 1945 1889 2003 cecinerint,
1932 1958 1996 1997 ac
2025 1944 2068 1997 si

496 2036 826 2092 convocandi
876 2035 1080 2106 gratia,
1132 2043 1191 2088 ut
1232 2034 1533 2105 pompatice
1569 2041 1788 2102 propter
1834 2033 2070 2087 favorem

497 2125 665 2195 vulgi,
697 2123 859 2179 veluti
902 2123 970 2177 ad
1007 2122 1370 2193 spectaculum
1399 2123 1776 2192 procederent,
1807 2137 1909 2174 non
1937 2121 2070 2175 satis

489 2216 674 2284 liquet.
703 2213 906 2268 Tamen
931 2227 1030 2267 nec
1059 2213 1431 2275 dubitandum,
1461 2229 1582 2268 cum
1615 2212 1778 2266 multa
1805 2212 2067 2280 supersti-

478 2308 628 2360 otiosa
651 2304 885 2374 egerint,
915 2305 1055 2372 quod
1095 2311 1147 2355 et
1193 2304 1348 2356 istam
1403 2303 1690 2358 habuerint
1730 2301 2071 2357 consuetudi-

498 2413 652 2462 nem;
687 2397 751 2450 de
789 2410 894 2464 qua
918 2394 1196 2458 Dominus,
1234 2393 1482 2463 loquendi
1516 2403 1732 2463 accepta
1763 2394 2066 2457 occasione,

496 2494 682 2540 monet
703 2499 830 2540 suos
853 2499 921 2537 ne
948 2485 1333 2553 jactantiarum
1365 2493 1616 2553 appetant
1654 2483 1940 2554 praeconia,
1970 2484 2072 2538 sic-

495 2577 573 2631 uti
623 2575 916 2649 hypocrita:
962 2573 1188 2638 faciunt,
1234 2575 1325 2629 sed
1361 2576 1539 2629 omnia
1576 2575 1641 2629 ad
1681 2575 1893 2630 laudem
1938 2576 2066 2640 Dei,

493 2665 768 2720 humiliter
812 2679 876 2720 ac
913 2665 1163 2735 religiose
1204 2665 1256 2717 in
1294 2665 1629 2719 conscientia
1673 2675 1877 2732 gerant.
1931 2665 2071 2735 Ergo

492 2757 896 2828 hypoCritarum
925 2771 1118 2810 nomen
1143 2771 1207 2809 ex
1232 2756 1467 2824 antiquis
1491 2757 1842 2811 theatralibus
1865 2772 2069 2811 assum-

497 2860 649 2917 ptum
661 2847 1074 2916 estdisciplinis,
1091 2849 1214 2916 quia
1238 2856 1394 2901 erant
1411 2848 1751 2903 simulatores
1767 2849 2069 2915 (simulator

493 2938 693 3008 quippe
713 2936 900 2992 Graece
932 2938 1210 3008 hypocrita
1257 2952 1451 2991 sonare
1498 2938 1776 3005 probatur)
1818 2938 1907 3006 qui
1954 2948 2068 2992 tau—

2167 1767 2310 1819 sieut
2342 1765 2744 1833 compatiuntur
2790 1764 2970 1818 omnia
3005 1766 3243 1820 membra
3288 1764 3330 1818 si
3360 1765 3560 1832 patitur
3587 1779 3756 1817 unum

2172 1856 2505 1916 membrum,
2567 1855 2638 1907 ita
2691 1855 2933 1908 sentiunt
2985 1856 3185 1918 omnia,
3253 1870 3351 1923 per
3394 1854 3760 1908 viviﬁcantem

2171 1947 2448 2008 animam,
2500 1944 2757 2013 quidquid
2811 1946 3045 1999 sentitur
3098 1947 3147 1998 in
3199 1961 3322 1998 uno.
3357 1943 3547 1998 Anima
3589 1943 3759 2003 enim,

2171 2051 2290 2106 qua:
2320 2041 2403 2088 est
2436 2034 2488 2087 in
2516 2034 2764 2087 munibus
2796 2033 3076 2098 membris,
3107 2049 3210 2086 non
3259 2034 3436 2086 minus
3462 2033 3562 2087 scit
3587 2033 3645 2085 in
3689 2032 3760 2085 si-

2172 2124 2340 2176 nistra
2372 2121 2499 2191 quid
2529 2130 2720 2191 agatur
2767 2123 2820 2176 ita
2855 2124 3096 2187 dextera,
3134 2139 3295 2193 quam
3327 2123 3456 2192 quid
3499 2122 3552 2176 in
3606 2130 3759 2176 toto:

2172 2213 2296 2282 quia
2335 2213 2534 2280 ubique
2561 2213 2714 2266 adest
2745 2220 2877 2277 tota,
2909 2223 2964 2267 et
2986 2213 3106 2267 ideo
3133 2213 3235 2267 scit
3269 2228 3334 2267 ac
3359 2213 3522 2268 sentit
3551 2214 3761 2267 omnia.

2172 2303 2512 2371 Quapropter
2532 2303 2776 2371 cogimur
2810 2303 2972 2357 alium
3001 2304 3283 2372 requirere
3313 2318 3551 2367 sensum,
3579 2312 3639 2357 et
3671 2304 3765 2358 do-

2171 2407 2380 2456 cemur,
2426 2391 2733 2460 ubicunque
2780 2393 2858 2447 sic
2901 2394 2965 2447 de
3020 2393 3278 2447 membris
3326 2393 3580 2463 loquitur,
3622 2395 3768 2448 sicut

2165 2479 2276 2548 jam
2310 2495 2470 2548 supra
2503 2480 2694 2536 fecisse
2719 2481 2994 2535 cernimus
3013 2480 3092 2534 -de
3120 2496 3283 2536 manu
3327 2481 3409 2535 vel
3445 2481 3632 2546 oculo,
3677 2481 3766 2536 vel

2171 2571 2313 2626 sicut
2335 2571 2402 2626 de
2436 2572 2518 2626 his
2547 2572 2636 2641 qui
2668 2587 2727 2627 se
2749 2579 3122 2626 castraverunt
3151 2580 3373 2641 propter
3395 2586 3559 2642 regna
3587 2573 3765 2628 cudo-

2173 2679 2320 2726 rum;
2351 2677 2454 2716 non
2487 2664 2684 2717 debere
2735 2662 3024 2716 secundum
3065 2662 3298 2717 litteram
3345 2664 3613 2732 accipere,
3673 2664 3768 2718 sed

2171 2767 2270 2822 per
2306 2752 2408 2806 hoc
2437 2752 2696 2822 mysticus
2727 2752 3098 2806 doctrinarum
3127 2751 3449 2808 efﬁcientlas
3492 2753 3764 2824 cogitare.

2173 2840 2282 2893 Nisi
2316 2840 2454 2895 forte
2481 2843 2581 2896 hoc
2609 2842 2727 2896 loco
2754 2843 3101 2913 hyperbolice
3146 2843 3395 2898 dicatur:
3425 2846 3637 2898 nesciat
3692 2848 3765 2900 si—

2172 2931 2343 2983 nistra
2377 2939 2464 2983 tua
2497 2933 2627 3002 quid
2648 2933 2869 2988 dextera
2893 2942 2982 2987 tua
3012 2933 3178 3004 308
3208 2933 3386 2998 faciat,
3417 2935 3677 2990 videlicet
3714 2948 3771 2990 nt

492 3014 655 3095 quam
691 3035 937 3082 oratores
967 3027 1021 3081 in
1049 3026 1330 3087 concione,
1365 3025 1604 3080 fabulose
1635 3027 1865 3096 agebant
1889 3039 2070 3096 partes
2097 2999 2142 3061 θ
2179 3031 2287 3074 tam
2321 3022 2531 3076 occulto
2558 3022 2674 3086 ﬁat,
2717 3023 2896 3077 saltim
2937 3033 2996 3078 ut
3026 3039 3126 3078 nec
3166 3024 3400 3078 sinistra:
3428 3024 3480 3078 id
3510 3025 3660 3079 scire
3711 3025 3770 3080 li-

490 3131 844 3185 personarum
889 3117 941 3169 in
989 3115 1241 3178 theatris,
1283 3125 1338 3169 et
1385 3116 1564 3169 omnia
1621 3117 1832 3183 negotia
1885 3133 2070 3171 eorum

491 3205 698 3276 tragica
729 3203 813 3258 vel
841 3205 1066 3267 comica,
1099 3219 1162 3259 ac
1202 3204 1246 3258 si
1278 3214 1460 3259 essent
1487 3205 1585 3274 ipsi
1617 3221 1844 3274 quorum
1892 3221 2076 3275 perso-

491 3312 590 3351 nas
618 3293 896 3365 gerebant,
930 3293 1386 3349 monstrabantur.
1414 3293 1722 3348 Narrabant
1761 3296 1926 3360 enim,
1965 3312 2071 3350 non

497 3401 647 3450 suas,
670 3408 672 3410 τ
698 3385 790 3440 sed
825 3399 1012 3440 eorum
1044 3384 1318 3447 historias,
1361 3392 1414 3438 et
1443 3385 1850 3450 continentiam,
1898 3397 2073 3441 motus

492 3493 710 3548 quoque
741 3486 796 3533 et
823 3491 985 3531 voces
1009 3492 1196 3531 eorum
1224 3493 1288 3532 ac
1307 3477 1510 3541 vultus,
1539 3479 1844 3533 videntibus
1882 3479 1950 3533 ob
1990 3477 2070 3533 fa-

494 3587 678 3626 vorem
705 3569 844 3641 vulgi
883 3569 1118 3625 vicissim
1142 3571 1601 3639 repraesentabant
1631 3586 1644 3625 :
1678 3573 1747 3625 ita
1772 3587 1899 3626 sane
1921 3580 1974 3626 et
1999 3571 2069 3625 illi

495 3663 585 3730 qui
631 3665 768 3717 bona
797 3676 960 3731 opera
992 3659 1116 3714 ﬁcto
1145 3659 1319 3714 laudis
1338 3660 1542 3726 ofﬁcio,
1570 3675 1672 3714 non
1706 3661 1772 3714 ad
1813 3661 1927 3723 Dei,
1981 3661 2072 3714 sed

496 3756 563 3808 ad
588 3769 740 3808 suam
764 3754 1010 3821 gloriam,
1034 3760 1330 3807 ostentant.
1347 3753 1675 3824 Aguntenim
1702 3762 1882 3822 partes
1901 3753 2074 3820 justo-

497 3860 641 3908 rum,
670 3851 732 3897 et
756 3857 1042 3912 personam
1071 3855 1282 3903 eorum,
1309 3857 1432 3896 cum
1463 3843 1572 3896 sint
1616 3843 1978 3906 simulatores,
2006 3844 2075 3897 ob

495 3934 736 3986 favorem
768 3930 1044 3986 hominum
1079 3939 1391 3994 assumunt;
1426 3946 1529 3984 non
1561 3931 1702 3999 quod
1733 3915 2073 4000 babeantju-

497 4023 660 4076 stitia:
692 4034 878 4088 opera,
912 4018 1005 4073 sed
1030 4018 1151 4086 quia
1185 4017 1440 4071 simulant
1472 4032 1530 4070 se
1558 4017 1778 4070 habere.
1807 4017 1952 4071 Alias
1977 4033 2074 4071 au-

498 4120 610 4162 tem
646 4110 690 4163 si
710 4107 851 4177 justa
883 4115 1085 4169 essent,
1113 4120 1218 4159 non
1249 4105 1316 4158 ad
1344 4119 1422 4168 se,
1452 4105 1559 4158 imo
1599 4105 1665 4158 ad
1696 4104 1857 4179 307
1888 4106 2076 4172 Deum,

502 4212 694 4252 tllthla
754 4211 874 4266 qua:
926 4195 1130 4248 faciunt
1175 4193 1300 4248 boui
1348 4192 1632 4248 referrent.
1685 4195 1837 4250 Nunc
1896 4207 2076 4252 autem

500 4290 647 4356 quia,
677 4297 735 4342 ut
756 4286 928 4350 mimi,
959 4285 1251 4340 secundum
1278 4286 1537 4356 tragicam
1564 4287 1818 4358 pietatem
1843 4288 1897 4343 in
1927 4290 2075 4344 thea-

2177 3117 2318 3162 ceat.
2351 3108 2488 3176 Quid
2519 3109 2684 3179 igitur
2725 3109 2770 3163 si
2817 3125 2913 3179 per
2942 3110 3216 3165 sinistram
3246 3113 3588 3182 eleemosyna
3622 3128 3759 3182 por-

2176 3198 2402 3268 rigatur,
2431 3199 2586 3251 autsi
2620 3199 2836 3252 dextera
2880 3201 3106 3268 praecisa
3154 3199 3348 3266 fuerit,
3398 3204 3645 3272 nunquid
3704 3220 3768 3258 ea

2177 3303 2336 3342 manu
2376 3289 2649 3358 quidpiam
2673 3289 2787 3343 dari
2820 3305 2924 3343 non
2953 3291 3120 3345 licet?
3139 3291 3361 3346 Constat
3389 3293 3551 3362 igitur
3584 3303 3770 3350 utras-

2176 3395 2281 3448 que
2310 3380 2500 3434 fecisse
2526 3381 2711 3443 Deum,
2741 3391 2794 3434 et
2819 3382 2936 3434 ideo
2967 3399 3070 3436 non
3101 3383 3242 3451 quod
3287 3399 3381 3453 per
3417 3399 3536 3437 eam
3577 3384 3640 3438 ﬁt
3673 3386 3768 3439 bo-

2179 3487 2327 3537 num,
2365 3473 2505 3527 Deus
2530 3473 2682 3527 odire
2714 3485 2859 3527 recte
2899 3476 3160 3539 creditur,
3203 3478 3294 3530 sed
3342 3477 3484 3546 quod
3518 3491 3615 3545 per
3644 3493 3771 3532 eam

2178 3573 2533 3643 significatur,
2588 3573 2811 3629 malum.
2871 3574 3044 3631 Habet
3086 3577 3230 3631 enim
3311 3575 3535 3630 interior
3600 3577 3772 3631 homo

2177 3675 2363 3721 noster
2400 3680 2552 3720 suam
2609 3665 2916 3731 dexteram,
2965 3667 3128 3722 habet
3176 3676 3230 3722 et
3279 3667 3556 3722 sinistram
3600 3686 3612 3720 :
3674 3671 3769 3724 sed

2179 3757 2385 3810 utinam
2439 3765 2583 3810 totus
2615 3757 2774 3812 homo
2807 3766 2992 3812 noster
3025 3759 3215 3814 dexter
3240 3761 3412 3815 esset!
3446 3759 3550 3814 Per
3580 3760 3770 3815 dexte-

2183 3862 2296 3899 ram
2324 3848 2521 3916 quippe
2564 3848 2821 3902 virtutum
2870 3863 3035 3917 opera
3085 3851 3456 3920 designantur,
3505 3866 3600 3921 per
3631 3852 3772 3906 sini-

2182 3946 2349 3990 stram
2380 3953 2508 3991 vero
2539 3938 2686 3991 vitia.
2720 3939 2840 3993 ideo
2881 3940 3096 4003 dicitur,
3145 3942 3349 3996 nesciat
3379 3942 3595 3996 sinistra
3650 3953 3766 4001 tua.

2184 4027 2327 4079 nulla
2365 4027 2610 4081 videlicet
2639 4029 2890 4082 vitiorum
2923 4032 3185 4100 operatio,
3219 4033 3347 4101 quid
3388 4043 3511 4103 agat
3536 4035 3771 4091 dextera

2187 4124 2293 4169 tua.
2317 4113 2467 4181 Quod
2495 4126 2578 4170 est
2596 4127 2779 4186 aperte
2808 4117 3008 4186 dicere,
3043 4121 3246 4176 neseiat
3264 4122 3453 4177 vitium
3481 4124 3765 4188 elationis,

2185 4215 2278 4259 aut
2303 4205 2584 4275 superbiae,
2613 4207 2695 4260 vel
2718 4221 2867 4262 vanae
2890 4207 3092 4278 glorize,
3141 4227 3236 4266 seu
3288 4213 3648 4283 quodcunque
3701 4231 3771 4270 ex

2187 4296 2274 4350 illa
2322 4305 2474 4365 parte
2519 4305 2625 4362 est,
2663 4296 2791 4367 quid
2837 4309 2959 4370 agat
3007 4301 3264 4358 virtutum
3315 4303 3558 4358 dextera.
3595 4303 3766 4372 Quia,

522 4353 531 4356 -
1369 4353 1387 4356 -
1564 4353 1581 4358 -
2325 4353 2337 4365 .
2612 4353 2623 4362 .
2679 4353 2696 4367 .
2871 4353 2900 4370 υ
3046 4353 3054 4354 κ
3320 4353 3557 4358 ---η-η-
3602 4353 3766 4372 ,ι-η,

503 4378 656 4431 tricis
700 4375 968 4438 ludorum,
1010 4389 1190 4428 coram
1235 4375 1561 4440 hominibus.
1591 4376 1804 4433 diabolo
1837 4378 2076 4450 adSlipu-
2103 4353 2154 4412 Π
2182 4389 2320 4441 sicut
2344 4388 2581 4442 tenebrae
2619 4388 2791 4443 lucem
2819 4392 3090 4458 nesciunt,
3136 4395 3212 4448 sic
3250 4405 3462 4465 oportet
3489 4397 3616 4450 vitia
3648 4401 3768 4453 vir-

503 4469 668 4530 lantc,
715 4465 1061 4535 permulcent
1098 4480 1176 4530 se,
1213 4475 1268 4520 et
1314 4466 1539 4537 cupiunt
1574 4465 1704 4535 justi
1755 4469 1942 4535 videri,
1987 4472 2075 4526 ubi

494 4573 624 4610 cum
655 4571 749 4610 rex
789 4555 1019 4610 militum
1066 4557 1295 4622 venerit,
1337 4558 1613 4614 invenient
1647 4575 1751 4614 non
1799 4575 1857 4615 se
1910 4559 2077 4622 fuisse

493 4658 730 4720 «piorum
755 4657 939 4720 partes
964 4650 1189 4719 agebant
1223 4649 1275 4703 in
1299 4650 1604 4720 superﬁcie,
1629 4652 1724 4707 sed
1738 4654 2074 4710 scenicorum

497 4742 804 4797 imitatores
827 4746 1054 4810 quorum
1077 4742 1310 4810 speciem
1343 4744 1598 4799 tenebant
1629 4745 1681 4799 in
1722 4747 1899 4801 corde.
1926 4747 2073 4813 Qua-

501 4842 720 4903 propter
747 4833 994 4902 quisquis
1047 4833 1252 4902 appetit
1302 4835 1470 4890 videri
1509 4837 1747 4892 exterius
1795 4838 1935 4908 quod
1967 4854 2073 4894 non

500 4932 584 4978 est
619 4925 786 4986 intus,
830 4925 1017 4994 utique
1046 4925 1322 4994 hypocrita
1352 4936 1433 4981 est
1469 4936 1524 4982 et
1570 4929 1874 4986 ludiﬁcator
1899 4931 2074 4986 homi-

499 5027 662 5077 num;
686 5028 821 5082 quos
851 5029 974 5068 cum
997 5013 1207 5083 decepit
1234 5015 1575 5072 simulatione
1596 5035 1709 5082 sua,
1736 5037 1839 5074 non
1867 5037 1961 5076 eos
1983 5018 2076 5076 sed

499 5104 737 5173 seipsum
757 5103 952 5173 perdit.
985 5104 1060 5158 De
1081 5102 1275 5173 quibus
1296 5107 1543 5176 sequitur
1568 5127 1580 5161 :

575 5193 737 5248 Amen
759 5194 875 5246 dico
901 5194 1064 5259 vobis,
1097 5198 1220 5266 quia
1259 5211 1556 5269 receperunt
1587 5201 1872 5255 mercedem
1899 5219 2068 5255 suam.

499 5282 617 5342 Hoc
645 5285 710 5338 de
739 5283 822 5338 his
848 5284 999 5350 dicit,
1029 5301 1165 5354 quos
1181 5286 1294 5356 jam
1319 5290 1370 5343 in
1398 5291 1684 5360 synagogis
1717 5301 1771 5345 et
1809 5293 1940 5345 vicis
1963 5291 2073 5344 lau-

501 5377 598 5430 des
613 5377 859 5430 humana:
873 5389 1134 5455 paverunt
1149 5396 1163 5443 ;
1179 5396 1300 5434 cum
1325 5382 1521 5450 quibus
1549 5383 1712 5434 etiam
1733 5383 1783 5436 hi
1807 5371 2070 5453 colligunt?

500 5475 589 5520 tur
615 5467 703 5535 qui
728 5483 913 5521 eorum
945 5469 1246 5525 imitatores
1279 5471 1498 5537 fuerint,
1540 5471 1704 5526 Amen
1744 5475 1929 5544 quippe
1958 5475 2073 5528 dico

496 5551 658 5617 vobis,
705 5557 828 5616 quia
877 5569 1170 5626 receperunt
1203 5560 1483 5613 men-edem
1534 5578 1702 5614 suam.
1736 5564 1899 5617 Suam
1931 5564 2072 5617 scili-

2183 4485 2326 4530 tutes
2353 4478 2624 4531 nesciant.
2647 4477 2758 4531 lmo
2779 4479 2918 4534 sicut
2955 4481 3041 4536 lux
3078 4499 3171 4537 eas
3200 4485 3364 4556 fugat,
3400 4487 3473 4541 ita
3505 4486 3770 4559 fugentur

2181 4567 2306 4620 vilia
2331 4567 2449 4621 luce
2475 4579 2619 4623 recte
2641 4573 2992 4640 operationis.
3020 4575 3280 4632 llwcideo
3313 4593 3398 4632 me
3423 4578 3627 4633 dixisse
3647 4580 3771 4635 suf-

2179 4655 2345 4721 ﬁciat,
2379 4672 2446 4710 ne
2477 4659 2670 4729 aliquis
2690 4663 3061 4729 superstitiose
3089 4667 3216 4720 velit
3243 4653 3508 4735 asserere,
3533 4679 3638 4723 tam
3675 4687 3774 4726 oc-

2179 4748 2320 4802 culte
2335 4749 2478 4817 quod
2499 4750 2779 4804 mandatur
2806 4767 2903 4808 nos
2926 4753 3100 4808 facere
3119 4757 3334 4822 debere,
3366 4767 3424 4812 ut
3451 4759 3580 4814 nulli
3602 4759 3770 4816 alteri

2182 4841 2262 4893 vel
2310 4841 2463 4895 nobis
2493 4842 2632 4895 scire
2659 4842 2849 4909 liccat;
2893 4847 3191 4914 praesertim
3242 4863 3364 4902 cum
3393 4850 3594 4905 dictum
3635 4852 3714 4905 sit
3750 4871 3763 4905 :

2183 4929 2267 4983 Sic
2305 4930 2474 4985 luceat
2505 4930 2596 4984 (ua:
2627 4943 2793 4985 vestra
2817 4950 2993 4988 coram
3022 4935 3355 4999 Hominibus,
3385 4948 3439 4991 ut
3468 4938 3770 5009 gloriﬁcent

2184 5017 2394 5090 Putrem
2429 5031 2670 5074 vestrum.
2700 5019 2964 5078 Praeterea
2990 5037 3112 5079 sunt
3137 5027 3348 5098 plurimi
3371 5031 3482 5098 qui,
3511 5031 3770 5099 quamvis

2183 5125 2391 5168 secrete
2418 5115 2701 5171 videantur
2746 5119 2883 5174 bona
2934 5137 3110 5187 agere,
3163 5132 3340 5178 tamen
3393 5127 3495 5180 scit
3539 5127 3767 5182 sinistra

2184 5203 2394 5258 illorum
2427 5206 2552 5274 quid
2603 5207 2789 5262 dextra
2835 5221 3074 5278 geratur,
3123 5215 3378 5282 quoniam
3431 5217 3771 5285 permiscent

2184 5291 2354 5344 lucem
2388 5295 2642 5357 tenebris,
2677 5305 2731 5348 ct
2775 5298 2843 5350 ita
2875 5300 3204 5354 confundunt
3237 5304 3374 5358 bona
3419 5321 3538 5374 qua:
3571 5317 3768 5375 agunt,

2184 5391 2241 5435 ut
2272 5384 2452 5438 omnia
2497 5387 2859 5441 obscurentur
2897 5391 3154 5456 tenebris,
3199 5401 3255 5446 et
3296 5394 3574 5462 priventur
3618 5395 3765 5450 luce.

2181 5469 2365 5541 Neque
2422 5477 2715 5543 putandum
2771 5478 2913 5546 quod
2976 5478 3145 5533 solum
3177 5481 3241 5533 de
3303 5481 3469 5550 gloria
3502 5482 3764 5536 dicatur:

2189 5561 2400 5615 Ναί-ἔπι
2433 5566 2644 5617 sinistra
2669 5576 2759 5618 tua
2784 5582 2801 5621 :
2831 5555 3008 5621 emnia
3046 5569 3185 5622 cnim
3219 5570 3470 5625 vitiorum
3521 5571 3767 5624 membra
