4016 6360
230 415 336 469 275

1003 409 1370 468 EXPOSITIO
1411 410 1476 464 IN
1514 407 1948 464 MATTIMEUH.
1988 439 2057 448 —
2095 406 2222 460 LIB.
2264 406 2353 472 IV,
2391 404 2542 459 CAP.
2585 403 2672 457 VI.

3371 404 3478 470 274

230 531 440 586 sinistra
478 524 767 580 virtutibus
803 531 924 578 sunt
962 525 1251 578 contraria.
1295 522 1502 578 Idcirco
1537 520 1796 592 quidquid
1823 525 1873 582 Α
1903 519 2100 574 tnr.lbi
2127 517 2324 588 quippe
2346 525 2492 572 recte
2530 515 2880 572 absconditur
2907 525 3090 585 nostra
3109 505 3474 586 conscientia,

229 621 378 677 nobis
407 619 522 673 vitii
551 627 636 672 est
668 631 765 686 pro
805 615 920 686 lege
945 617 1148 684 peccati
1179 616 1422 679 insitum,
1448 629 1668 684 prorsus
1698 629 1796 668 ne-

229 712 364 766 scire
388 708 545 763 debet
590 715 744 762 actus
787 705 915 760 boni
963 705 1176 774 Operis,
1197 705 1247 759 id
1283 705 1490 772 εειιίιι,
1519 704 1670 768 nullo
1704 705 1799 759 ad-

227 799 394 861 mitti,
445 805 504 850 ut
546 810 666 866 qua:
710 795 848 849 lueis
891 803 1014 858 sunt
1063 791 1422 862 ollfuscentur;
1469 794 1561 858 sed
1606 803 1797 849 cuncta

225 888 609 956 circumspecte
639 885 891 940 convenit
915 884 1168 948 inlncem
1194 877 1511 940 clarescere.

294 976 360 1030 Ut
392 978 478 1041 sit,
515 975 1054 1048 inquit,‘elecntosyna
1105 986 1195 1028 tua
1239 975 1294 1030 in
1341 976 1612 1030 absconsa.
1661 975 1798 1031 Abs-

225 1081 385 1122 consa
443 1064 995 1135 autemeleemosyna
1045 1071 1170 1118 tunc
1215 1073 1360 1120 recte
1412 1065 1504 1130 ﬁt,
1552 1065 1596 1120 si
1635 1065 1796 1120 nullis

224 1156 460 1211 tenebris
483 1156 776 1210 misceatur
795 1194 810 1216 ,
842 1155 967 1224 quia
1001 1156 1232 1210 tenebrae
1256 1171 1472 1224 semper
1497 1157 1796 1212 exteriores

224 1258 345 1302 sunt
369 1262 402 1300 a
431 1247 569 1311 luce,
604 1246 696 1300 lux
721 1261 849 1301 vero
879 1260 1092 1315 semper
1117 1245 1360 1300 interior.
1391 1246 1456 1300 Et
1485 1247 1604 1302 ideo
1638 1247 1796 1316 quid-

222 1339 346 1408 quid
377 1340 607 1394 interius
649 1339 729 1405 lit,
758 1338 810 1393 id
842 1346 941 1402 est,
978 1339 1031 1392 in
1063 1337 1200 1402 luce,
1239 1353 1452 1410 semper
1485 1339 1540 1394 in
1570 1339 1797 1396 abscon-

224 1445 280 1483 su
301 1437 420 1493 est;
469 1429 612 1500 quod
636 1444 764 1483 vero
791 1429 842 1484 in
878 1430 1132 1494 tenebris,
1163 1429 1213 1484 id
1241 1438 1324 1484 est
1350 1429 1496 1485 vitiis
1533 1430 1794 1486 admisce-

225 1527 329 1582 tur,
363 1518 862 1586 sempeoextcrius,
907 1526 962 1572 et
999 1519 1240 1573 veritatis
1265 1517 1385 1573 luce
1429 1519 1690 1588 privatur.
1737 1520 1794 1574 In

225 1623 326 1675 qua
349 1607 602 1660 nimirum
626 1607 768 1673 luce,
792 1608 845 1662 id
869 1616 974 1674 est,
998 1609 1050 1663 in
1076 1609 1409 1674 abscondito,
1437 1610 1794 1680 quodcunque

227 1694 303 1759 lit,
330 1695 452 1765 quia
475 1696 616 1750 Deus
642 1695 734 1749 lux
761 1704 862 1760 est,
895 1698 1223 1767 approbatur
1253 1698 1402 1765 luce;
1435 1699 1616 1755 videre
1648 1703 1796 1774 enim

224 1783 334 1848 Dei,
357 1785 659 1854 approbare
685 1794 788 1840 est.
822 1786 887 1840 Et
910 1786 1168 1856 quidquid
1193 1787 1246 1842 in
1270 1787 1388 1844 lucc
1411 1797 1515 1860 est,
1543 1805 1647 1846 non
1675 1790 1798 1860 reji-,

1901 619 1962 664 ut
1989 610 2061 665 ibi
2084 609 2274 682 sitcor
2301 617 2562 672 nostrum,
2612 608 2701 664 ubi
2737 616 2792 662 et
2832 608 3116 666 thesaurus
3166 595 3368 666 noster.
3393 610 3480 674 lbi,

1900 702 2043 762 enim
2066 702 2207 757 Deus
2236 700 2398 756 Pater
2427 699 2711 769 conspicit,
2741 699 2814 754 ibi
2840 699 2986 762 videt
3009 709 3064 754 et
3091 699 3374 771 approbat,
3399 701 3472 756 ibi

1899 794 2000 850 sibi
2029 794 2243 865 placent
2261 793 2652 873 omnia.Extra
2668 794 2809 863 quod
2835 801 3100 873 secretum
3143 793 3279 848 nihil
3321 794 3471 851 videt

1792 923 1796 928 ι
1897 896 1950 943 et
1973 887 2252 957 approbat,
2286 885 2418 939 nihil
2443 869 2528 940 est
2547 885 2687 956 quod
2713 884 2876 956 310
2897 869 3126 956 placeat,
3157 883 3291 941 nihil
3325 887 3470 956 quod

1899 987 2133 1034 maneat.
2183 967 2388 1034 Idcirco
2434 986 2778 1036 necesseest
2825 985 2883 1031 ut
2925 993 3022 1047 pro
3058 975 3294 1052 Christo
3325 985 3380 1032 et
3417 976 3478 1034 in.

1897 1069 2113 1126 Christo
2142 1069 2282 1139 ,llant
2319 1071 2499 1126 omnia
2525 1087 2540 1136 ;
2563 1071 2686 1140 quia
2711 1070 2839 1126 nihil
2866 1079 2950 1125 est
2969 1069 3117 1125 Patri
3143 1067 3286 1139 quod
3309 1075 3466 1124 extra

1897 1164 2192 1229 Christum,
2227 1165 2318 1220 ubi
2347 1164 2446 1219 sibi
2473 1166 2608 1219 bene
2630 1163 2972 1232 complacuit,
2999 1162 3212 1234 placeat
3243 1160 3468 1232 aliquid,

1899 1255 1982 1311 vel
2004 1256 2232 1312 videndo
2259 1257 2590 1326 comprobet.
2623 1254 2759 1310 Hinc
2777 1262 2862 1309 est
2892 1255 3034 1324 quod
3055 1253 3302 1324 sequitur
3343 1270 3358 1306 :

1969 1345 2036 1399 Et
2060 1362 2177 1400 cum
2203 1348 2386 1410 oratis,
2411 1362 2514 1400 non
2546 1345 2688 1399 eritis
2723 1344 2861 1404 sicut.
2881 1343 3188 1414 hypocrita,
3234 1357 3300 1399 ac
3344 1341 3471 1398 reli-

1895 1450 2021 1506 qua.
2060 1435 2190 1502 Quae
2225 1435 2480 1490 nimirum
2525 1434 2788 1490 sententia
2818 1431 3164 1502 coniungitur
3213 1431 3281 1486 ad
3317 1431 3478 1501 prio-.

1897 1539 2040 1588 rem;
2065 1539 2132 1579 ex
2160 1524 2274 1592 ipsa
2301 1520 2674 1591 conjunctione
2712 1521 2903 1577 similis
2927 1521 3060 1578 ordo
3085 1519 3347 1590 loquendi,
3366 1519 3470 1575 rei-

1897 1623 2119 1670 teratur.
2165 1612 2322 1668 Prius
2366 1613 2580 1668 dixerat
2613 1629 2626 1666 :
2667 1611 2928 1667 Attendite
2965 1629 3028 1666 ne
3069 1611 3355 1682 justitiam.
3383 1627 3469 1665 ue-

1899 1715 2056 1759 stram
2085 1703 2294 1774 faciatis
2326 1719 2503 1756 coram
2535 1701 2850 1765 hominibus,
2872 1716 2936 1756 ac
2955 1700 3204 1756 subditur
3222 1715 3236 1754 :
3257 1699 3324 1752 Et
3351 1713 3466 1752 cum

1895 1795 2081 1859 oratis,
2110 1810 2214 1862 non
2239 1795 2385 1859 eritis
2412 1795 2544 1848 sicut
2589 1793 2889 1864 hypocritw.
2919 1793 3054 1860 Qua,
3088 1793 3230 1848 sicut
3271 1792 3454 1848 Phari-

221 1869 379 1934 Cillﬂ';
411 1870 671 1940 quidquid
703 1885 828 1925 δ’οω
855 1873 1112 1938 θκιθΐίυε.
1143 1873 1195 1927 id
1221 1883 1305 1928 est
1333 1875 1384 1928 in
1410 1877 1664 1942 tenebris,
1700 1892 1786 1932 τε·
1819 1874 1864 1932 Β
1891 1884 1982 1940 saei
2003 1885 2360 1946 simulatores,
2394 1885 2446 1939 id
2473 1895 2572 1948 est,
2610 1885 2903 1954 hypocrita:
2958 1883 3176 1948 ﬁebant,
3226 1883 3384 1938 itaet
3409 1881 3477 1938 ir.

220 1961 497 2030 probatur.
523 1959 672 2014 Multi
695 1961 910 2030 quidem
935 1961 1102 2018 multa
1124 1979 1286 2035 super
1305 1965 1410 2022 hoc
1430 1965 1664 2038 capitulo
1691 1966 1796 2040 lin:

219 2057 426 2117 gentes,
439 2049 601 2119 309
613 2050 893 2118 Opiniones
914 2052 1090 2107 varias
1100 2053 1403 2110 ediderunt.
1421 2054 1554 2125 Nam
1567 2055 1802 2128 quidam

222 2157 403 2196 eorum
431 2159 524 2212 per
548 2143 821 2198 sinistram
843 2160 1100 2218 paganos,
1121 2147 1340 2220 quidam
1373 2164 1499 2204 vero
1521 2139 1786 2217 inimicos,

226 2243 278 2286 et
305 2234 676 2303 quamplurimi
712 2251 934 2308 uxorem
966 2237 1160 2292 debere
1195 2239 1414 2310 intelligi
1456 2250 1798 2314 sanxerunt,

224 2324 314 2377 sed
356 2327 702 2394 repugnantia
755 2343 1010 2394 sensuum
1059 2341 1372 2400 coguntqea
1410 2347 1681 2402 respuere,
1735 2342 1797 2394 et,

219 2411 356 2466 hanc
421 2429 578 2482 quam
624 2417 902 2486 sequimur
957 2417 1362 2486 intelligentiam
1418 2421 1790 2478 tenere:licet

214 2503 459 2570 superius
484 2519 583 2573 per
615 2505 890 2574 dexteram
926 2523 1146 2562 uxorem
1186 2508 1268 2563 vel
1307 2509 1539 2564 amicum
1568 2512 1790 2566 scanda-

213 2591 437 2645 lizantcs
459 2608 556 2647 nos
584 2609 744 2670 posse
772 2596 958 2664 accipi,
990 2604 1043 2651 ct
1065 2597 1302 2666 abscindi
1325 2614 1355 2664 a
1392 2599 1546 2670 nobis
1569 2601 1782 2669 debere,

211 2680 526 2750 dixerimus.
582 2675 848 2744 Servatur.
898 2696 1077 2751 autem
1143 2688 1340 2742 idioma
1396 2689 1677 2760 loquendi,
1730 2704 1794 2764 ut,

208 2773 469 2842 quidquid
521 2775 573 2828 in
628 2775 730 2830 hoc
767 2792 1014 2840 sermone
1063 2781 1388 2850 generaliter
1425 2786 1782 2853 proposuerit,

209 2865 516 2932 specialiter
541 2877 885 2937 exsequatur.
920 2869 1054 2939 llinc
1080 2880 1160 2928 est
1181 2873 1318 2940 quod
1342 2889 1499 2943 supra
1522 2875 1790 2944 Christia-g

211 2971 397 3026 uorum
418 2957 687 3026 justitiam
716 2962 877 3030 cmpit
916 2962 1154 3030 implere,
1180 2973 1234 3017 et
1271 2981 1387 3018 eam
1421 2984 1447 3017 a
1487 2967 1791 3031 Pharisaeo:

209 3060 321 3099 rum
351 3050 708 3120 distinguere,
731 3067 892 3122 quam
932 3053 1172 3122 profecto
1201 3057 1368 3119 vetuit
1402 3067 1462 3120 ut,
1507 3059 1787 3128 videamur.

207 3151 386 3206 coram
414 3139 722 3208 hominibus
743 3142 1015 3212 exhibere.
1043 3143 1190 3198 Nunc
1208 3157 1388 3208 autem
1411 3149 1654 3203 eamdem
1667 3149 1780 3218 jus.

211 3228 378 3280 titiam
411 3227 552 3292 sicut
577 3245 674 3298 per
727 3233 1153 3300 partesimpleta
1189 3243 1306 3295 est:
1341 3236 1414 3290 ita
1438 3252 1557 3306 iper
1599 3217 1780 3308 partes
1809 3217 1852 3278 Ο

207 3320 478 3388 quomodo
545 3323 656 3390 licri
695 3323 910 3388 debeat,
955 3325 1226 3393 explanat.
1261 3326 1394 3386 Nam
1429 3331 1777 3403 eleeinosyna

207 3410 579 3482 parsjustitize
607 3422 706 3470 est,
735 3413 874 3468 sicut
899 3413 1123 3481 plurima
1174 3432 1294 3486 qua:
1329 3429 1650 3488 sequuntur.
1712 3423 1780 3476 Et

207 3499 320 3552 ideo
343 3501 520 3558 dicit:
549 3499 618 3560 Te
661 3511 832 3554 autem
873 3502 1096 3570 faciente
1119 3504 1492 3577 eleemosynam
1516 3550 1556 3579 ,ι
1584 3512 1779 3564 nesciat

207 3589 420 3650 sinistra
445 3601 538 3656 tua
578 3593 703 3661 quid
749 3593 909 3660 faciat
949 3593 1132 3658 dextra
1175 3606 1285 3664 tua.
1331 3599 1470 3671 Ergo
1515 3600 1776 3657 Pbarismi

207 3679 849 3750 faciunt_eleemosynam,
877 3683 970 3739 ita
998 3692 1055 3746 ιιι
1076 3685 1251 3746 θΗθῐη
1273 3687 1493 3744 sinistra
1551 3693 1779 3745 cummi-

207 3777 464 3832 secantur
487 3784 635 3824 vanae
663 3771 833 3826 laudis
861 3787 1040 3842 opera.
1069 3775 1273 3832 Idcirco
1301 3779 1456 3835 docet
1489 3780 1540 3833 in
1567 3783 1770 3850 specie,

205 3858 342 3931 quod
371 3858 534 3926 paulo
551 3861 798 3927 superius
819 3862 1074 3920 docuerat
1091 3866 1145 3930 in
1163 3882 1374 3937 genere.
1407 3868 1558 3925 Illinc
1579 3873 1776 3944 quippe

208 3945 490 4016 pluraliter
507 3947 708 4006 dictum
727 3959 837 4014 est
858 3955 1106 4009 omnibus
1137 3969 1153 4009 :
1185 3955 1369 4011 Cavete
1416 3976 1478 4013 ne
1505 3961 1774 4030 justitiam

207 4046 431 4104 vestram
471 4038 678 4106 faciatis
708 4056 882 4094 coram
911 4043 1220 4098 hominibus.
1243 4045 1406 4104 Istinc
1442 4065 1567 4106 vero
1593 4053 1775 4122 singu-

202 4123 387 4179 lariter
419 4145 432 4178 :
465 4125 536 4180 Te
563 4138 734 4182 autem
761 4171 776 4195 ,
822 4133 1002 4201 inquid
1033 4174 1047 4196 ,
1093 4133 1316 4202 faciente
1363 4137 1767 4214 eleemosgnmn,

199 4217 396 4268 nesciat
422 4217 635 4270 sinistra
657 4229 768 4274 tua.
806 4217 954 4276 Unde
977 4224 1134 4278 datur
1181 4227 1401 4299 intelligi
1425 4232 1567 4299 quod
1621 4243 1676 4290 et
1703 4235 1774 4294 ibi

198 4316 335 4355 unus
357 4304 416 4358 in
442 4319 648 4370 omnes,
685 4316 740 4361 et
769 4309 856 4364 hic
887 4325 1074 4366 omnes
1104 4312 1263 4371 simul
1293 4317 1345 4371 in
1381 4333 1486 4374 uno
1505 4307 1778 4390 accipiuné

198 4405 302 4448 tur.
331 4397 603 4453 Omnibus
633 4409 810 4455 tamen
838 4405 1165 4466 cavendum,
1213 4418 1271 4466 ut
1305 4409 1358 4466 in
1405 4421 1614 4466 secreto
1645 4429 1775 4470 con-

196 4488 463 4551 scientizn,
495 4503 676 4543 coram
733 4491 862 4557 Deo,
911 4506 1102 4549 cuncta
1155 4496 1379 4558 fideliter
1424 4511 1614 4571 agant;
1667 4520 1771 4559 non

196 4578 353 4631 modo
383 4588 447 4633 ut
489 4582 798 4650 temporalia
821 4597 1155 4652 caveantur,
1189 4599 1242 4644 et
1299 4594 1476 4649 omnis
1529 4611 1770 4652 commo-

192 4668 330 4723 ditas
350 4670 560 4736 laudis,
593 4671 675 4725 vel
722 4675 1004 4737 retributio
1055 4681 1390 4752 exteriorum
1433 4699 1646 4751 rerum,
1679 4702 1771 4742 ve-

195 4771 311 4810 rum
365 4760 548 4814 omnis
600 4761 850 4818 vitiorum
913 4752 1066 4821 fucus
1123 4767 1419 4830 auferatur.
1483 4773 1618 4840 Quia
1651 4815 1666 4841 ,
1721 4777 1767 4832 si

195 4849 406 4903 nescire
447 4850 598 4918 jubet
643 4852 770 4921 quid
817 4863 940 4924 agat
965 4855 1184 4912 dextera
1215 4860 1448 4928 ,gmulto
1471 4864 1764 4920 minussi-

1892 1976 2135 2042 oratione
2163 1976 2564 2047 gloriabantur,
2593 1991 2658 2031 ac
2701 1976 3073 2047 superstitiose
3119 1983 3350 2031 tantum.
3397 1974 3468 2031 Ut

1891 2065 2281 2130 viderenturab
2310 2067 2638 2131 hominibus,
2667 2067 2720 2122 in
2751 2068 3061 2138 synagogis,
3081 2074 3142 2120 et
3165 2066 3219 2122 in
3243 2065 3470 2137 angulis;

1890 2160 2188 2230 platearum
2213 2159 2462 2220 orabant.
2500 2161 2559 2215 In
2580 2160 2789 2232 angulis
2808 2169 3010 2226 autem,
3038 2159 3195 2230 quasi
3231 2160 3474 2214 abscon»

1889 2265 2051 2310 sares.
2068 2266 2285 2320 precum
2315 2265 2558 2315 suarum,
2585 2259 2656 2310 et.
2673 2259 2854 2306 tamen
2882 2251 2967 2306 .in
2997 2250 3276 2320 plateisut
3322 2249 3466 2303 vide-

1857 2335 1873 2351 ⁶
1890 2349 2106 2406 rentur;
2133 2357 2197 2395 ac
2223 2356 2319 2408 per
2344 2341 2446 2396 hoc
2467 2355 2534 2394 ex
2555 2348 2784 2410 utroque
2801 2339 3034 2412 amplius
3063 2339 3458 2410 gloriabantur.

1889 2432 2033 2500 Quos
2058 2449 2200 2504 saepe
2226 2433 2550 2489 infirmiores
2572 2435 2772 2503 quique
2792 2423 3180 2504 .adspicientes
3200 2431 3466 2502 putabant

1888 2537 1982 2577 eos
2008 2537 2129 2578 esse
2148 2523 2346 2592 aliquid
2371 2523 2512 2592 quod
2530 2538 2634 2577 non
2655 2531 2826 2578 erant.
2853 2523 2910 2578 In
2938 2522 3142 2592 angulo
3165 2521 3312 2589 enim
3337 2530 3462 2580 urat

1887 2611 2152 2680 quisquis,
2179 2626 2210 2665 a
2259 2619 2404 2666 recta
2429 2611 2755 2666 conscientia
2783 2610 3095 2676 deﬂectens,
3139 2609 3377 2667 tenebris
3401 2625 3470 2676 se

1885 2701 2122 2765 obducit,
2149 2708 2206 2755 et
2231 2699 2483 2755 abscondi
2508 2715 2567 2754 se
2591 2699 2826 2758 simulat.
2857 2699 2963 2756 Sed
3005 2707 3208 2764 tamen,
3257 2713 3453 2770 quam-

1886 2791 1967 2846 vis
1998 2791 2050 2844 in
2097 2790 2360 2846 absconso
2389 2805 2548 2845 orare
2590 2803 2648 2845 se
2704 2789 2891 2865 tingat,
2947 2789 2999 2844 in
3059 2789 3236 2860 platea
3277 2797 3458 2855 tamen

1885 2889 2024 2944 orat,
2057 2881 2182 2950 quia
2207 2879 2474 2949 publicam
2503 2887 2556 2934 et
2577 2879 2742 2934 latam
2773 2881 3050 2936 hominum
3074 2877 3459 2935 famamelatus

1885 2979 2082 3040 captat,
2107 2985 2208 3026 nec
2237 2969 2456 3024 dubium
2485 2971 2859 3041 superstitiose
2911 2972 2980 3026 ad
3033 2969 3272 3026 litteram
3321 2970 3458 3025 istas

1885 3075 1978 3115 eos
1997 3061 2330 3116 observasse.
2360 3058 2495 3120 Nam
2524 3069 2580 3115 et
2608 3075 2706 3116 nos
2741 3060 3052 3130 frequenter
3073 3075 3178 3117 non
3200 3059 3374 3121 solum
3395 3061 3452 3114 in

1885 3149 2097 3219 publico
2119 3148 2280 3214 velin
2317 3149 2558 3218 quolibet
2583 3149 2798 3221 angulo,
2827 3151 2920 3206 sed
2949 3151 3149 3222 ubique
3195 3160 3451 3213 oramus;

1885 3238 2126 3309 profecto
2158 3239 2283 3308 quia
2311 3253 2523 3310 semper
2559 3249 2616 3296 et
2671 3241 2869 3311 ubique
2913 3257 3018 3303 non
3072 3243 3255 3304 minus,
3292 3257 3456 3298 orare

1884 3339 2118 3399 quamet
2139 3330 2340 3400 gratias
2383 3345 2540 3402 agere
2578 3331 2847 3401 iubemur.
2897 3335 3050 3402 Quod
3082 3335 3244 3394 simili
3296 3338 3464 3392 modo.

1884 3420 2272 3490 accipiendum,
2299 3421 2447 3484 sicut
2462 3421 2575 3490 jam
2601 3439 2763 3494 supra
2777 3425 2842 3479 de
2855 3425 3067 3496 justitia
3083 3429 3450 3498 exposuimus.

1883 3505 1998 3562 Non
2026 3509 2168 3564 enim
2189 3511 2441 3578 prohibet
2461 3526 2618 3567 orare
2663 3513 2880 3583 ubique,
2909 3515 3002 3570 sed
3031 3516 3307 3586 signanter
3332 3519 3410 3573 ait
3434 3536 3448 3548 ·

1889 3649 1898 3654 .
1952 3597 2085 3652 Cum
2112 3609 2286 3652 autem
2316 3601 2502 3665 oratis,
2527 3618 2628 3655 non
2667 3603 2810 3658 eritis
2851 3605 2984 3658 sicut
3016 3605 3319 3676 hypocritaz,
3362 3611 3464 3679 qui

1881 3698 2059 3742 amant
2089 3697 2282 3742 stantes
2303 3705 2474 3756 orare,
2500 3701 2556 3745 ut
2579 3691 2852 3748 videantur
2873 3694 2939 3748 ab
2963 3747 2966 3751 ,
2994 3695 3308 3763 hominibus,
3339 3708 3446 3756 etc.
3471 3763 3476 3769 _

1881 3777 2226 3848 Nequaquam
2255 3779 2417 3850 igitur
2460 3781 2610 3848 nefas
2653 3791 2737 3837 est
2757 3798 3077 3855 quocunque
3124 3785 3242 3842 loco
3279 3788 3451 3843 Deum

1879 3885 2036 3924 orare
2059 3871 2310 3936 advideri
2354 3871 2422 3926 ab
2447 3872 2790 3941 hominibus;
2828 3877 2922 3932 sed
2950 3878 3073 3934 ideo
3098 3895 3260 3936 orare
3284 3891 3346 3937 ut
3367 3885 3460 3937 vi-

1879 3961 2081 4026 deat-is,
2111 3962 2266 4020 etibi
2292 3964 2618 4020 constituere
2671 3965 2834 4022 ﬁnem
2879 3969 3141 4026 orationis
3181 3979 3240 4025 ut
3267 3971 3452 4029 laude-

1878 4053 1972 4108 ris.
2000 4051 2151 4132 Quod
2181 4055 2319 4110 bene
2362 4057 2638 4124 sequentia
2680 4058 3096 4117 demonstrant:
3127 4063 3291 4120 Amen
3325 4064 3443 4120 dico

1877 4145 2038 4214 vobis,
2063 4156 2357 4216 receperunt
2383 4150 2670 4202 mercedem
2688 4166 2858 4205 suam.
2874 4152 3004 4207 Eam
3031 4153 3279 4210 videlicet
3301 4169 3446 4210 mer-

1876 4238 2083 4304 cedem,
2111 4255 2214 4308 qua
2241 4241 2340 4294 visi
2383 4250 2440 4296 et
2477 4241 2674 4296 laudati
2720 4252 2848 4298 sunt
2875 4253 3115 4310 orantes,
3141 4247 3294 4316 quasi
3325 4249 3474 4303 reli-.

1875 4330 2030 4400 giosi.
2061 4330 2177 4386 Non
2197 4333 2340 4400 quod
2359 4347 2484 4386 vera
2519 4333 2636 4388 laus
2663 4345 2894 4400 noceat,
2918 4337 3014 4391 sed
3043 4337 3164 4392 ideo
3196 4353 3356 4394 orare
3387 4351 3446 4394 ut

1875 4421 2108 4476 videaris
2134 4431 2190 4476 et
2211 4422 2444 4478 lauderis
2477 4420 2547 4478 ab
2565 4425 2664 4487 eis,
2695 4427 2836 4494 quod
2882 4426 3308 4497 hypocritaruui
3339 4442 3443 4495 est,

1875 4527 1983 4568 non
2014 4511 2174 4566 modo
2198 4512 2341 4567 nulla
2371 4528 2580 4570 merces
2604 4524 2718 4571 est.
2741 4517 2888 4586 (quia
2910 4516 3120 4575 fructus
3166 4535 3328 4590 prava
3364 4524 3446 4578 in-

1877 4602 2112 4657 tentione
2140 4601 2653 4675 intusevacuatur).
2707 4621 2894 4662 verum
2943 4609 3107 4664 etiam
3156 4611 3344 4668 vitium
3373 4617 3446 4671 si-

1873 4693 2202 4758 mulationis,
2231 4703 2288 4748 et
2315 4693 2580 4750 irrisionis
2601 4704 2790 4752 contra
2812 4697 2981 4754 Deum
3004 4709 3253 4771 augetur.
3297 4705 3440 4760 Deus

1871 4784 2012 4839 enim
2054 4799 2160 4839 non
2194 4785 2480 4849 irridetur;
2506 4786 2610 4847 scit
2636 4789 2822 4857 utique
2847 4790 2972 4858 quia
2996 4790 3154 4848 latior
3177 4804 3262 4848 est
3279 4797 3458 4850 corde

1867 4884 2073 4938 nostro,
2104 4875 2233 4944 quid
2257 4875 2380 4940 sibi,
2413 4875 2542 4944 quid
2577 4889 2729 4933 vanae
2778 4877 2962 4949 gloria:
3006 4883 3060 4938 in
3109 4885 3439 4940 conscientia

193 4938 364 4992 nistra
418 4941 631 5009 operari
685 4951 859 5012 potest
906 4946 1048 5024 quod
1102 4947 1343 5017 placeat,
1390 4951 1472 5006 vel
1491 4955 1649 5034 gquod
1685 4971 1770 5012 rem
1862 4938 2213 5034 appendat-ur.

193 5040 413 5095 putetur
464 5033 516 5084 in
561 5034 797 5090 dextera.
839 5036 964 5092 Haec
989 5040 1154 5109 igitur
1194 5041 1477 5112 disciplina
1534 5045 1764 5106 ﬁliorum

190 5128 293 5170 est.
327 5118 538 5174 Idcirco
559 5137 738 5176 coram
779 5128 1015 5192 paternis
1042 5128 1272 5183 vultibus
1300 5145 1514 5200 semper
1549 5134 1600 5186 in
1639 5135 1765 5191 abs—

189 5225 360 5264 consa
411 5214 758 5267 conscientia:
797 5216 967 5284 virtus
1023 5217 1245 5286 justitia:
1307 5221 1606 5279 exhibenda
1660 5235 1764 5281 est.

189 5299 306 5353 Non
335 5303 482 5370 quod
504 5319 608 5357 non
637 5305 851 5366 videant
900 5306 1054 5373 altet'i
1085 5325 1204 5378 qua:
1258 5313 1515 5380 gerimus,
1570 5316 1662 5370 sed
1707 5327 1769 5382 ut,

189 5392 324 5445 nihil
347 5395 552 5448 sanctis
603 5397 963 5451 admisceatur
1013 5400 1284 5470 operibus,
1329 5401 1436 5458 imo
1457 5403 1525 5458 ad
1551 5403 1766 5468 laudem

190 5490 243 5534 ct
272 5483 500 5550 gloriam
543 5483 716 5539 Patris
753 5487 1037 5555 proﬁciant
1087 5491 1376 5557 universa;
1429 5493 1668 5564 nihilque
1693 5513 1761 5551 ex

188 5585 250 5622 ea
279 5583 558 5641 quaeratur
578 5575 722 5631 aliud
757 5579 1177 5644 commoditatis,
1221 5583 1312 5637 sed
1358 5583 1762 5642 abscondantur

185 5662 394 5738 omnia,
422 5664 508 5717 ubi
531 5674 586 5718 et
607 5666 712 5720 vita
746 5677 927 5722 nostra
953 5669 1207 5725 absconsa
1240 5682 1323 5725 est
1349 5689 1470 5728 cum
1520 5676 1758 5743 Christo,

187 5761 235 5805 et
262 5770 454 5823 magna
475 5759 758 5814 multitudo
773 5761 1066 5832 dulcedinis
1080 5765 1180 5819 sibi
1199 5765 1508 5820 timentibus
1526 5783 1759 5824 reserva-

1946 5055 2023 5110 Tu
2047 5069 2252 5121 autem,
2271 5059 2464 5130 inquit,
2522 5079 2639 5120 cum
2667 5069 2866 5135 orabis,
2894 5070 3034 5125 intra
3081 5072 3136 5124 in
3165 5071 3322 5142 31-1
3348 5088 3439 5124 cu-

1870 5149 2097 5204 biculum
2129 5161 2295 5205 tuum.
2347 5154 2702 5226 Siugulariter
2744 5176 2936 5232 nempe
2987 5151 3246 5218 edocetur
3295 5165 3438 5234 qunti

1869 5253 2054 5306 supra,
2087 5240 2225 5294 sicut
2247 5241 2388 5298 etde
2403 5245 2636 5315 iustitia,
2664 5247 2970 5319 pluraliter.
2992 5249 3234 5305 ell'ertur.
3279 5251 3434 5309 Unde

1870 5328 2430 5400 daturintclligiquod
2461 5335 2550 5392 hic
2574 5336 2756 5393 unitas
2787 5354 2886 5409 pro
2931 5339 3220 5396 universali
3252 5341 3452 5398 Eccle-‘

1871 5415 1948 5470 sia
1973 5417 2242 5488 colligitur
2269 5437 2284 5486 ;
2320 5439 2493 5494 neque
2519 5428 2753 5482 ratione
2791 5437 2941 5484 caret
2965 5430 3108 5498 quod
3135 5447 3294 5504 saepe
3315 5437 3435 5490 uni-

1868 5507 2095 5562 versalia
2117 5523 2386 5585 praecepta
2429 5518 2585 5586 quasi
2629 5517 2694 5572 ad
2725 5535 2904 5576 unum
2929 5522 3253 5594 diriguntur,
3304 5529 3430 5583 dum

1865 5595 2144 5665 pluralitas
2165 5601 2216 5654 in
2237 5617 2303 5654 eo
2329 5611 2588 5660 teneatur.
2621 5606 2770 5662 Unde
2804 5618 2883 5664 est
2909 5603 3049 5667 istud
3089 5613 3144 5668 in
3173 5615 3433 5672 Deutero-

1867 5688 2046 5742 nomio
2073 5704 2232 5758 quam
2260 5708 2420 5762 saepe,
2449 5703 2502 5748 et
2533 5695 2584 5748 in
2629 5696 2746 5752 aliis
2794 5700 3120 5770 quibuslibet
3147 5703 3278 5761 locis
3310 5723 3323 5760 :
3360 5704 3430 5759 Et

1866 5793 2020 5840 nunc,
2047 5778 2230 5842 Israel,
2260 5783 2658 5854 audiprtrcepla
2681 5798 2726 5840 et
2743 5789 2947 5856 judicia
2971 5811 3084 5864 qua!
3121 5812 3210 5866 ego
3265 5797 3423 5850 doceo
