4000 6362
575 397 682 451 275

1369 405 1427 458 S.
1466 404 1829 463 PASCHASII
1867 405 2215 467 RATBERTI
2254 389 2544 472 ABBATIS
2580 416 3029 477 CORBEIENSIS
3685 437 3768 490 2'76

575 519 644 571 te,
678 516 734 562 ut
767 509 965 576 faciens
987 527 1049 565 ea
1079 511 1249 578 vivas,
1301 521 1348 567 et
1404 514 1741 587 ingrediaris,
1789 527 1837 572 et
1883 519 2148 588 possideas
2177 525 2228 584 A
2254 525 2390 585 ﬁnes
2418 538 2682 589 terrarum
2708 537 2999 606 quaerendo
3025 537 3189 592 Deum
3221 541 3426 598 aninuts
3459 559 3513 600 se
3533 545 3768 616 diffundat,

577 609 770 654 terram
798 599 974 671 (Deut.
1022 617 1096 669 tv,
1136 605 1210 675 l).
1244 605 1376 660 Nam
1415 607 1494 662 sic
1535 624 1634 678 per
1681 625 1896 667 omnem
1950 621 2156 668 textum

575 688 746 757 ipsius
765 688 890 744 libri
917 691 1070 759 quasi
1096 691 1360 763 singulari
1387 709 1635 764 personae
1657 697 1911 768 loquitur,
1947 710 2005 756 ut
2028 702 2144 756 uni-

575 789 662 833 tas
691 780 858 836 totius
891 781 1072 851 populi
1097 784 1526 840 commendetur.
1558 786 1698 854 Quid
1724 790 1956 860 denique
1980 793 2156 863 magis

575 885 742 927 unum
772 886 892 926 esse
921 880 1116 943 potest,
1147 890 1308 945 quam
1341 891 1538 948 corpus
1561 880 1994 956 Ecclesiae,.quze
2019 883 2157 938 muld

575 959 644 1014 tis
671 973 736 1015 ex
760 961 1006 1030 partibus
1051 964 1336 1020 counitur?
1383 966 1790 1038 Signiﬁcantius
1833 972 1980 1026 enim
2028 972 2154 1043 quia

581 1064 688 1104 una
727 1051 994 1108 charitate
1014 1053 1218 1111 Christi
1241 1055 1480 1124 fulcitur,
1511 1069 1566 1114 et
1594 1061 1700 1117 ﬁde
1742 1071 2051 1132 generatur,
2074 1075 2156 1120 at-

575 1157 681 1212 que
698 1159 807 1198 uno
843 1143 1049 1215 Spiritu
1092 1157 1284 1203 sancto
1327 1150 1531 1220 regitur
1579 1162 1635 1208 et
1687 1157 2009 1225 viviﬁcatur,
2058 1174 2158 1229 per

577 1249 746 1288 unum
769 1235 1148 1294 universalitas
1165 1240 1508 1310 exprimitur,
1531 1253 1588 1299 et
1617 1245 1694 1300 sic
1715 1249 1966 1304 omnibus
1989 1250 2154 1306 veluti

577 1322 682 1376 soli
714 1338 896 1379 sermo
919 1325 1134 1382 divinus
1171 1328 1472 1384 intimatur.
1525 1331 1596 1388 Ut
1644 1348 1741 1402 per
1787 1335 1889 1391 hoc
1925 1353 2066 1394 unus
2101 1341 2154 1396 in

576 1415 806 1480 cunctis,
831 1424 888 1471 et
908 1418 1087 1472 cuncti
1117 1418 1170 1479 in
1217 1434 1324 1475 uno
1375 1421 1532 1476 simul
1579 1424 1909 1493 animentur,
1955 1444 2022 1485 ex
2048 1446 2155 1500 quo

576 1506 810 1561 maxima
826 1511 1133 1564 communio
1161 1510 1419 1568 Ecclesia:
1441 1525 1792 1572 monstratur.
1828 1518 1908 1573 Tu
1955 1532 2152 1589 autem,

577 1598 781 1666 inquit,
811 1615 928 1652 cum
957 1601 1152 1655 orabis.
1185 1601 1264 1658 Ac
1288 1604 1332 1658 si
1362 1605 1525 1672 dicat,
1550 1608 1677 1678 quia
1697 1612 1940 1666 omnium
1962 1611 2153 1670 Eccle-

575 1685 778 1740 siarum
800 1701 965 1742 unum
999 1699 1083 1744 est
1101 1705 1321 1761 corpus,
1367 1693 1570 1752 idcirco
1612 1705 1667 1752 tu
1689 1738 1703 1764 ,
1735 1701 1909 1756 amica
1940 1717 2060 1757 mea
2100 1711 2156 1759 et

575 1791 794 1846 sponsa,
825 1792 947 1847 quae
968 1781 1100 1836 mihi
1123 1797 1319 1852 corpus
1339 1799 1422 1847 es.
1467 1787 1680 1855 quoties
1724 1804 1868 1856 oras,
1922 1791 2063 1846 intra
2095 1793 2150 1847 in

576 1867 881 1923 cubiculum
905 1875 1075 1925 tuum.
1114 1871 1430 1929 Cubiculum
1473 1884 1653 1932 autem
1705 1879 1836 1934 dicit
1887 1884 2150 1940 secretius

577 1957 777 2010 mentis
797 1972 1078 2024 arcanum,
1107 1961 1200 2017 ubi
1238 1977 1400 2018 nemo
1427 1965 1611 2022 videre
1630 1975 1810 2037 potest
1837 1971 1966 2040 quid
1995 1973 2066 2027 sit
2096 1973 2150 2033 in

579 2043 692 2109 illo,
720 2046 822 2100 nisi
880 2048 1106 2117 spiritus
1146 2051 1380 2107 hominis
1416 2055 1509 2123 qui
1538 2063 1621 2110 est
1678 2055 1731 2110 in
1782 2072 1867 2113 eo.
1925 2059 2000 2114 De
2051 2061 2152 2116 hoc

577 2134 776 2204 quippe
818 2136 979 2191 cubili
1026 2139 1195 2194 David
1245 2143 1512 2198 monendo
1554 2146 1746 2200 canit:
1801 2145 1933 2212 Qua:
1955 2149 2148 2214 dicitis,

581 2224 793 2293 inquit,
846 2227 900 2280 in
945 2229 1188 2284 cordibus
1238 2232 1438 2297 vestris,
1485 2243 1534 2287 et
1578 2235 1634 2289 in
1678 2235 1932 2292 cubilibus
1973 2241 2154 2293 vestris

580 2319 986 2387 compungimini
1000 2318 1172 2390 (Psal.
1197 2338 1268 2388 tv,
1283 2323 1362 2394 5);
1380 2326 1594 2382 videtur
1605 2328 1749 2382 enim
1764 2330 1964 2400 aliquid
1979 2346 2156 2387 secre-

579 2405 688 2459 tius
714 2420 812 2475 per
839 2424 902 2462 ca
925 2409 1060 2466 velle
1090 2412 1402 2483 signiﬁcari,
1428 2418 1556 2472 dum
1605 2435 1724 2488 qua:
1757 2422 1920 2478 corde
1955 2425 2157 2493 promi-

578 2510 720 2562 mus,
742 2500 894 2567 quasi
919 2500 1186 2558 introrsus
1198 2506 1348 2574 prius
1368 2511 1652 2581 compungi
1663 2511 1935 2581 iubemur.
1956 2515 2035 2568 Ad
2052 2516 2154 2568 hu-

576 2585 668 2653 jus
689 2601 820 2659 ergo
839 2591 1030 2646 cubilis
1059 2594 1253 2654 ostium
1302 2597 1481 2666 pulsat
1527 2601 1790 2670 sapientia
1845 2601 2020 2658 Patris
2076 2604 2152 2657 ita

581 2675 808 2731 dicens:
865 2679 1002 2735 Ecce
1027 2691 1106 2735 sto
1132 2684 1201 2736 ad
1231 2687 1422 2752 ostium
1469 2698 1516 2744 et
1540 2689 1688 2758 pulso
1721 2690 2003 2761 (Apoc.m,
2035 2692 2150 2761 20).

577 2766 731 2832 Quod
753 2783 882 2824 sane
905 2771 1100 2838 ostium
1125 2774 1174 2828 ei
1215 2789 1312 2843 per
1336 2775 1494 2830 ﬁdem
1544 2780 1806 2848 aperitur,
1847 2782 1914 2836 de
1960 2797 2067 2852 quo
2095 2784 2149 2837 in

582 2860 822 2924 Canticis
859 2877 1052 2931 sponsa
1089 2864 1326 2935 loquitur
1351 2887 1363 2920 :
1393 2865 1671 2924 Pessulum
1706 2872 1827 2924 ostii
1851 2873 1952 2926 mei
1973 2875 2155 2943 aperui

580 2951 769 3005 dilecto
794 2967 905 3007 meo
927 2952 1102 3023 (Cant.
1132 2971 1185 3020 v,
1227 2956 1302 3026 6).
1364 2957 1546 3014 Pulsat
1599 2960 1782 3031 itaque
1811 2960 2058 3016 Christus
2085 2962 2154 3017 ad

580 3043 801 3103 ostium.
825 3043 1039 3112 quoties
1067 3061 1164 3115 per
1200 3048 1583 3116 aspirationem
1636 3053 1762 3106 boni
1795 3053 1974 3122 operis
2005 3068 2155 3108 men-

581 3141 689 3187 tem
711 3131 892 3199 allicit,
925 3135 1077 3205 cujus
1095 3135 1332 3205 prol‘ecto
1357 3154 1478 3203 vox,
1511 3155 1670 3208 quam
1703 3156 1846 3211 saepe
1871 3142 2147 3199 blandien-

584 3222 655 3277 tis
683 3222 875 3278 aﬁ'ectu
908 3223 1219 3294 ingeminat,
1248 3228 1320 3281 ita
1359 3229 1543 3284 dicens
1578 3248 1590 3282 :
1621 3231 1776 3301 Aperi
1834 3233 1982 3298 mihi,
2010 3250 2161 3296 soror

582 3330 719 3378 mea,
763 3315 934 3370 antica
979 3333 1114 3383 mea,
1191 3318 1430 3374 columba
1473 3337 1620 3388 mea,
1664 3322 2002 3378 immaculata
2045 3340 2160 3378 mea

583 3402 844 3474 (Cant..v,
871 3405 949 3476 2),
973 3422 1092 3476 quae
1133 3409 1235 3464 nisi
1269 3410 1502 3480 pulsanti
1534 3413 1828 3482 aperuerit,
1857 3429 2028 3469 vacua
2075 3416 2160 3469 in-

580 3501 791 3550 trorsus
814 3495 867 3549 in
895 3510 954 3550 se
980 3498 1138 3552 redit.
1175 3498 1314 3566 Quid
1341 3501 1487 3554 enim
1541 3501 1762 3570 prodest
1809 3517 1968 3557 orare
2015 3504 2069 3558 in
2096 3519 2161 3559 eo

581 3584 828 3644 cubiculo
857 3587 1049 3642 mentis
1067 3628 1080 3652 ,
1112 3589 1199 3644 ubi
1227 3605 1325 3644 nec
1356 3589 1534 3656 Pater,
1566 3607 1664 3647 nec
1691 3592 1888 3660 Filius,
1916 3610 2016 3650 nec
2042 3594 2164 3665 Spi-

584 3675 719 3730 ritus
744 3686 962 3732 sanctus
1005 3679 1283 3734 venientes
1319 3680 1496 3736 adhuc
1544 3683 1745 3751 recepti
1793 3692 1939 3750 sunt,
1991 3700 2164 3754 neque

583 3765 919 3820 mansionem
946 3768 1086 3836 apud
1107 3783 1230 3831 eum
1268 3766 1482 3823 fecere?
1525 3769 1864 3842 Quapropter
1922 3774 2164 3844 quisquis

583 3852 721 3907 infra
743 3855 1047 3910 cubiculum
1091 3859 1269 3913 cordis
1299 3859 1488 3926 Deum,
1540 3870 1600 3915 ut
1637 3862 1847 3932 jussum
1903 3874 2016 3931 est,
2054 3867 2166 3920 vult

586 3955 764 4004 orare,
797 3945 945 4011 prius
990 3960 1087 4013 per
1129 3945 1288 4002 ﬁdem
1313 3950 1509 4002 ostium
1558 3950 1789 4026 pulsanti
1846 3954 2074 4021 aperiat,
2109 3965 2164 4009 et

585 4029 926 4086 deosculetur
973 4048 1094 4088 eum
1158 4051 1255 4106 per
1303 4038 1659 4103 cbaritatem,
1707 4051 1868 4110 atque
1895 4041 2034 4111 intra
2073 4061 2166 4100 cu-

587 4118 822 4174 biculum
855 4122 1131 4190 genitricis
1156 4138 1298 4192 suae,
1326 4127 1416 4180 ubi
1468 4127 1726 4185 doceatur
1767 4131 1836 4185 ab
1873 4146 1962 4196 eo,
2002 4133 2164 4209 313

586 4211 810 4265 devotus
859 4213 1080 4269 indicat.
1128 4215 1377 4286 Alioquin
1431 4218 1559 4287 quid
1607 4221 1826 4289 prodest
1870 4237 2028 4278 orare
2077 4213 2166 4278 ubi

587 4317 692 4355 non
731 4315 849 4357 esse
887 4303 1018 4358 velis
1039 4321 1198 4375 quem
1234 4309 1396 4361 oras?
1423 4307 1576 4374 Quod
1605 4309 1648 4363 si
1702 4310 1806 4365 ﬁde
1855 4310 1966 4380 jam
2018 4321 2168 4369 lenes

585 4407 746 4460 quem
782 4393 959 4464 diligis
991 4411 1058 4451 ex
1090 4404 1202 4452 toto
1224 4398 1386 4454 corde
1413 4407 1523 4464 tuo,
1553 4409 1608 4455 et
1627 4416 1690 4455 ex
1718 4410 1824 4463 tota
1849 4403 2026 4472 anima
2053 4415 2160 4465 tua,

585 4492 640 4536 et
666 4499 728 4538 ex
761 4487 869 4552 lot'u
901 4487 1098 4542 virtute
1133 4497 1244 4554 tua,
1301 4501 1446 4545 recte
1476 4491 1653 4547 intras
1676 4493 1982 4550 cubiculum
2015 4511 2166 4567 men-

585 4581 676 4643 tis,
702 4580 789 4633 ubi
827 4582 966 4636 Deus
992 4582 1230 4640 Trinitas
1254 4600 1350 4654 per
1379 4585 1536 4640 ﬁdem
1562 4587 1781 4652 colitur,
1812 4603 1908 4658 per
1930 4589 2166 4642 cbarita-

583 4675 692 4730 tem
719 4667 1078 4736 amplectitur,
1103 4687 1199 4741 per
1236 4687 1384 4741 spem
1415 4689 1628 4743 quoque
1673 4674 1992 4748 profundius
2041 4679 2168 4731 soli-

585 4755 766 4810 datur.
799 4755 928 4815 Tale
961 4759 1158 4828 quippe
1187 4762 1442 4830 templqu
1467 4762 1580 4831 jam
1609 4779 1824 4817 sacrum
1871 4774 1977 4830 est,
2027 4767 2167 4820 sicut

585 4848 664 4902 ait
692 4848 980 4916 Apostolus
1013 4867 1025 4902 :
1069 4849 1336 4920 Templum
1365 4852 1460 4906 Dei
1490 4864 1728 4907 sanctum
1757 4864 1850 4916 est,
1887 4857 2025 4925 quod
2047 4857 2167 4910 estis

583 4953 670 4990 ros
698 4936 761 5006 (1
805 4937 925 4991 Cor.
969 4954 1062 5004 nt,
1121 4940 1240 5010 17).
1301 4941 1438 5010 Quid
1470 4943 1633 5012 igitur
1679 4947 1898 5013 prodest
1919 4946 2160 5010 introire,

583 5027 776 5080 orandi
823 5028 1020 5098 gratia,
1055 5044 1162 5098 quo
1205 5015 1381 5086 nullus
1405 5041 1488 5086 est
1539 5032 1812 5103 religionis
1867 5034 2050 5090 locus?
2080 5035 2162 5088 ld-

563 5120 752 5183 ‘circo,
778 5121 904 5189 quia
927 5123 1095 5192 gratis
1123 5123 1270 5179 venit
1299 5122 1545 5177 Christus
1581 5123 1801 5192 pulsans
1827 5125 1893 5178 ad
1940 5127 2158 5188 ostium.

589 5210 938 5280 suscipiatur,
965 5220 1022 5266 et
1067 5227 1164 5280 per
1205 5213 1525 5267 cbaritatem
1561 5213 1786 5268 interius
1838 5217 2000 5271 tacita
2038 5232 2166 5271 con-

587 5300 810 5368 scientia
829 5301 1188 5371 amplectatur
1209 5300 1351 5356 Dens
1374 5302 1613 5356 Trinitas
1633 5320 1643 5353 :
1665 5311 1776 5356 tum
1800 5304 2004 5372 utique,
2029 5305 2168 5358 sicut

587 5392 913 5460 praecipitur,
939 5392 1222 5448 claudatur
1251 5393 1447 5448 ostium
1464 5432 1480 5458 ,
1507 5400 1561 5446 et
1593 5400 1781 5446 oretur
1808 5394 1948 5448 Deus
1981 5393 2160 5449 Pater.

589 5479 785 5533 Uretur
829 5490 1009 5546 autem
1038 5499 1145 5540 non
1193 5484 1421 5552 strepitu
1467 5481 1753 5556 verborum
1803 5490 2030 5548 tantum,
2073 5485 2164 5538 sed

589 5568 692 5623 ﬁde
717 5584 781 5624 ac
800 5586 895 5640 spe
916 5583 970 5626 et
1006 5575 1272 5634 charitate
1326 5575 1468 5631 intus
1494 5575 1635 5644 quod
1662 5575 1956 5642 quaerimus
1994 5574 2165 5645 impe-

603 5669 796 5714 tretur.
830 5659 954 5717 Haec
983 5674 1084 5729 est,
1111 5666 1351 5735 inquam,
1403 5682 1528 5720 vera
1567 5665 1750 5734 religio
1790 5665 2167 5720 Christianita-

594 5749 688 5816 tis,
716 5766 820 5806 non
855 5759 914 5805 ut
941 5753 1080 5832 ultra
1101 5755 1264 5823 cados
1293 5768 1380 5822 aut
1417 5757 1550 5811 infra
1586 5757 1858 5826 abyssum,
1888 5757 1969 5810 vel
2022 5757 2165 5812 circa

2261 619 2357 674 sed
2380 619 2524 676 intus
2545 638 2706 692 quem
2735 625 2909 696 diligit
2937 625 3041 680 ﬁde
3062 636 3265 694 teneat,
3311 639 3364 684 et
3403 632 3589 688 eisdem
3632 637 3773 691 virtu-

2261 710 2406 765 tibus
2437 713 2635 781 quibus
2654 730 2778 769 eum
2800 716 2928 771 colit
2948 719 3208 772 attentius
3252 730 3450 776 exoret.
3500 722 3582 779 Sic
3625 726 3773 797 itaque

2258 801 2413 856 decet
2435 804 2665 859 adorare
2685 819 2835 872 eum,
2864 807 2956 876 qui
2983 823 3082 862 nec
3123 807 3244 864 loco
3270 809 3544 876 clauditur,
3587 829 3674 868 nec
3691 815 3776 871 line

2259 892 2596 947 terminatur.
2630 893 2768 950 Hinc
2792 910 3008 966 quoque
3040 897 3255 953 mulieri
3293 898 3664 957 Samaritanus:
3700 902 3776 958 Ve-

2256 980 2379 1046 niet,
2429 983 2618 1051 inquit,
2672 993 2872 1054 tempus
2901 987 3112 1055 quando
3148 987 3259 1042 veri
3304 988 3592 1044 adoratorcs
3619 991 3779 1048 adora-

2256 1069 2381 1123 bunt
2410 1069 2622 1131 Patrem
2646 1074 2697 1127 in
2727 1074 2915 1144 spiritu
2953 1085 3002 1129 et
3028 1078 3242 1131 veritate
3271 1075 3448 1148 (Joan.
3477 1096 3548 1146 IV,
3577 1080 3677 1150 25).
3717 1083 3780 1139 Ac

2255 1161 2300 1216 si
2327 1162 2488 1226 dicat,
2521 1166 2821 1220 adorabunt
2873 1166 3090 1222 Patrem
3141 1176 3197 1222 et
3223 1167 3415 1223 Filium
3449 1179 3503 1225 et
3554 1170 3781 1240 Spiritum

2255 1261 2534 1318 sanctum;
2566 1255 2691 1324 quia
2737 1255 2880 1312 Deus
2925 1256 3166 1312 Trinitas
3222 1273 3326 1312 non
3369 1258 3489 1314 alibi
3541 1275 3684 1330 quam
3737 1263 3781 1316 in

2255 1342 2432 1413 seipso
2461 1346 2718 1401 adoratur
2741 1357 2797 1402 et
2829 1349 3044 1404 colitur.
3077 1349 3226 1406 Felix
3260 1352 3418 1422 plane
3446 1355 3629 1418 cubile,
3666 1356 3784 1424 quod

2255 1441 2402 1486 tanta
2430 1436 2729 1504 capacitate
2759 1437 2882 1493 ﬁdei
2903 1440 3174 1504 dilatatur,
3202 1451 3258 1496 ut
3298 1443 3605 1499 immensum
3634 1453 3683 1499 et
3719 1447 3786 1499 in-

2254 1524 2794 1593 comprehensibilem
2839 1531 3210 1601 apprehendat
3239 1549 3252 1585 :
3285 1532 3374 1587 ubi
3406 1523 3692 1605 qﬂmnque
3717 1535 3785 1587 in-

2253 1631 2469 1685 gressus
2488 1625 2629 1677 orat.
2657 1619 2790 1673 nihil
2819 1619 3075 1677 haesitans
3101 1633 3379 1693 exposcat,
3407 1625 3648 1694 quoniam
3672 1623 3717 1677 in
3742 1639 3788 1678 se

2255 1709 2415 1764 habet
2439 1725 2536 1779 per
2559 1710 2717 1766 ﬁdem
2743 1727 2901 1782 quem
2933 1723 3086 1780 orat,
3118 1731 3149 1770 a
3171 1732 3279 1785 quo
3325 1717 3575 1785 perfacile
3599 1717 3788 1771 devotus

2255 1799 2516 1854 obtinebit
2542 1800 2773 1856 ﬁdeliter
2798 1803 2941 1872 quod
2969 1811 3108 1858 orat.
3145 1803 3296 1860 Unde
3324 1804 3597 1859 Psalmista
3620 1803 3785 1873 inquit:

2183 1855 2226 1914 Β
2255 1891 2404 1960 Apud
2431 1908 2509 1946 me
2548 1855 2731 1946 oratio,
2765 1855 2897 1948 mea
2916 1855 3198 1950 vvitte
3227 1913 3357 1950 mea:
3409 1893 3575 1966 (Psal.
3605 1855 3700 1956 xu:
3726 1894 3788 1962 9}.

2250 1981 2426 2050 Atque
2454 1982 2612 2050 paulo
2634 1984 2881 2052 superius
2906 2000 2918 2036 :
2958 1983 3084 2038 ﬂwc
3101 1986 3404 2040 recordatus
3436 2002 3567 2049 sum,
3588 1994 3631 2038 et
3657 1984 3793 2055 eﬂ'udi

2251 2074 2305 2126 in
2335 2089 2414 2126 me
2433 2075 2660 2126 animum
2699 2091 2866 2128 meam
2893 2073 3080 2147 (Ibid.,
3109 2075 3188 2148 4).
3219 2075 3279 2132 ιιι
3307 2091 3413 2141 me,
3446 2076 3628 2143 inquit,
3657 2073 3792 2128 cll'udi

2253 2162 2485 2216 animam
2518 2179 2713 2229 meam,
2763 2165 2889 2234 quia
2925 2165 3067 2224 intra
3106 2181 3193 2221 me
3219 2175 3310 2222 est
3329 2182 3487 2235 quem
3520 2166 3616 2221 ﬁde
3653 2173 3792 2224 tenet.

2255 2255 2519 2309 cbaritate
2546 2255 2734 2326 diligit,
2775 2271 2936 2326 super
2964 2273 3123 2327 quem
3178 2273 3276 2326 spe
3323 2267 3471 2313 certa
3526 2257 3725 2318 innitar,
3751 2263 3796 2310 et

2254 2343 2399 2397 cultu
2431 2343 2704 2414 religionis
2755 2346 3067 2416 suppliciter
3118 2347 3372 2415 imploro.
3399 2345 3488 2401 Sic
3537 2346 3701 2413 itaque
3744 2343 3797 2394 de

2254 2436 2412 2510 Anna
2435 2436 2652 2506 legitur,
2676 2452 2800 2492 cum
2831 2438 3215 2508 multiplicaret
3261 2453 3451 2508 preces
3499 2453 3671 2493 coram
3714 2435 3798 2487 Do-

2255 2528 2419 2590 mino,
2446 2535 2500 2582 et
2524 2526 2640 2586 Heli
2664 2527 2974 2583 observaret
2999 2544 3062 2583 os
3082 2528 3218 2599 ejus,
3245 2528 3391 2599 quod
3420 2526 3511 2581 illa
3530 2525 3800 2596 loquebatur

2254 2623 2312 2674 in
2335 2621 2489 2674 corde
2527 2636 2646 2685 suo,
2689 2629 2992 2691 tantumque
3035 2619 3176 2674 labia
3205 2619 3355 2674 illius
3412 2618 3742 2678 movebantur,
3761 2623 3798 2665 et

2254 2725 2352 2765 vos:
2388 2710 2594 2780 penitus
2633 2725 2738 2772 non
2761 2709 3074 2768 audiebatur
3102 2707 3120 2770 (
3137 2707 3167 2761 Ι
3195 2706 3327 2779 Reg.
3351 2725 3396 2773 ι,
3423 2708 3542 2780 l3).
3574 2705 3699 2773 Quid
3723 2718 3802 2772 pu-

2257 2806 2358 2864 tas,
2401 2799 2641 2869 nunquid
2668 2811 2727 2854 ut
2751 2799 3027 2854 videretur
3047 2798 3242 2853 orabat
3256 2799 3283 2852 ‘i.
3311 2797 3429 2854 Non
3487 2797 3680 2866 utique,
3722 2791 3800 2846 sed

2257 2889 2441 2946 clauso
2467 2893 2627 2958 ostio,
2654 2892 2861 2948 scilicet
2889 2891 3052 2946 tacita
3080 2892 3442 2956 conscientia,
3470 2900 3529 2945 ut
3558 2885 3805 2958 exaudire-

2258 2990 2345 3036 tur
2359 2980 2411 3035 in
2426 2982 2692 3048 cubiculo,
2710 2982 2878 3037 Deum
2889 3023 2902 3047 ,
2921 2981 3005 3037 cui
3019 2993 3216 3052 praesto
3233 2990 3368 3038 sunt
3379 2981 3580 3045 omnia,
3595 2974 3804 3047 rogaban

2259 3071 2326 3125 Et
2350 3071 2468 3126 ideo
2488 3073 2740 3126 exaudita
2767 3081 2872 3138 est,
2895 3072 3021 3142 quia
3043 3088 3166 3127 cum
3188 3087 3259 3128 eo
3283 3074 3375 3143 qui
3394 3072 3588 3141 ubique
3603 3077 3808 3140 prmsens

2209 3211 2230 3234 η
2260 3168 2364 3224 est,
2379 3159 2762 3231 largiterﬂens,
2797 3163 2848 3216 in
2881 3178 3001 3218 sese
3027 3163 3259 3219 interius
3277 3164 3614 3218 versabatur.
3645 3157 3810 3214 Clauso

2263 3249 2424 3322 313
2455 3249 2637 3320 itaque
2663 3251 2801 3306 ostio
2827 3252 2992 3306 Deum
3019 3259 3138 3306 orat
3157 3251 3412 3322 quisquis
3429 3266 3493 3306 ea
3522 3263 3636 3319 quae
3659 3261 3686 3300 a
3705 3243 3811 3298 loris

2265 3329 2508 3409 improbe
2535 3354 2593 3394 se
2622 3340 2978 3411 immergunt,
3024 3342 3076 3394 vi
3122 3342 3355 3411 spiritus
3395 3351 3452 3397 et
3493 3334 3813 3396 obserationis

2264 3425 2503 3481 custodia
2523 3466 2538 3493 ,
2583 3425 2820 3486 funditus
2856 3443 2925 3483 ne
2951 3436 3271 3498 surrepant,
3325 3429 3555 3498 repellit.
3581 3427 3817 3497 Appetunt

2265 3517 2410 3572 enim
2434 3526 2618 3573 nostra
2643 3518 2921 3583 interiora,
2937 3525 2990 3572 et
3013 3519 3343 3587 obstrepunt
3363 3521 3431 3574 ad
3459 3519 3634 3574 cordis
3650 3513 3817 3569 ostium

2268 3608 2496 3664 visibilia
2516 3651 2529 3672 ,
2560 3616 2615 3664 et
2640 3609 2820 3673 omnia
2851 3623 2970 3678 qua:
2998 3608 3158 3680 hujus
3191 3609 3323 3665 vita;
3353 3617 3481 3665 sunt
3515 3601 3816 3676 temporalia-

2267 3697 2553 3767 Propterea
2591 3697 2950 3757 obserandum
2994 3705 3107 3763 est,
3144 3706 3199 3753 et
3244 3707 3396 3754 totus
3442 3697 3661 3753 interior
3687 3694 3820 3748 homo

2266 3791 2592 3845 intrinsecus
2621 3788 2980 3859 colligendus,
3010 3797 3284 3858 quatenus
3319 3784 3628 3845 cubiculum
3669 3785 3820 3854 ingre—

2267 3880 2464 3935 diatur.
2494 3879 2570 3933 De
2594 3895 2700 3950 quo
2729 3893 2925 3949 sponsa
2958 3879 3170 3933 ltetatur
3197 3879 3254 3934 in
3295 3879 3570 3946 Canticis,
3599 3875 3730 3948 quod
3757 3874 3823 3927 in-

2267 3970 2568 4026 troduxerit
2597 3987 2714 4025 eam
2744 3986 2838 4036 rex
2870 3971 2923 4024 in
2953 3969 3262 4025 cubiculum
3292 3988 3454 4027 suum
3479 3970 3662 4043 (Cant.
3690 3983 3733 4029 ι,
3761 3963 3823 4024 4')-

2269 4058 2346 4112 Ex
2373 4057 2475 4111 hoc
2497 4057 2693 4127 quippe
2717 4058 2962 4114 cubiculo
2987 4059 3054 4114 ad
3085 4058 3236 4113 illum
3267 4061 3605 4131 pervcnitur.
3646 4057 3709 4112 Et
3731 4053 3829 4108 ideo

2270 4147 2443 4202 ﬁdelis
2471 4147 2650 4200 anima
2674 4147 2826 4216 prius
2861 4163 2979 4203 sese
3009 4149 3370 4220 ingrediatur,
3397 4151 3671 4220 Deumque
3696 4159 3828 4202 man-

2269 4239 2420 4294 sione
2447 4237 2627 4294 cordis
2652 4239 2926 4309 suscipiat,
2957 4248 3019 4294 ιιι
3039 4241 3231 4296 deinde
3259 4259 3363 4314 per
3391 4246 3570 4315 ipsum
3597 4244 3662 4298 ad
3685 4242 3831 4310 ipsum

2268 4328 2523 4386 subvecta
2555 4328 2878 4398 quandoque
2909 4329 3217 4399 pertingat:
3268 4342 3326 4388 et
3379 4334 3528 4403 quod
3569 4345 3705 4387 nunc
3728 4341 3831 4395 spe.

2272 4426 2398 4471 tunc
2423 4418 2600 4487 reipsa
2629 4415 2743 4486 jam
2769 4417 2822 4471 in
2851 4417 3024 4486 patria
3054 4418 3210 4473 beate
3242 4419 3484 4476 fruatur.
3529 4421 3690 4488 Quia,
3732 4416 3836 4468 licet

2271 4521 2369 4576 pro
2396 4507 2567 4580 gratia
2609 4515 2812 4561 :eterna
2856 4505 3010 4561 nobis
3033 4509 3373 4564 concedatur
3402 4509 3596 4580 gloria,
3637 4507 3689 4561 in
3725 4519 3836 4559 con-

2270 4598 2494 4652 scientia
2527 4606 2705 4651 tamen
2735 4596 2836 4651 sibi
2863 4596 3234 4666 unusquisque
3259 4600 3409 4669 gerit
3439 4599 3571 4669 quid
3597 4597 3723 4653 velit
3746 4591 3843 4647 adi-

2270 4688 2403 4758 pisci
2430 4688 2495 4741 de
2521 4702 2618 4747 suo
2651 4687 2834 4751 labore
2875 4688 2929 4742 in
2957 4703 3140 4758 prece.
3178 4688 3320 4745 Hinc
3349 4707 3575 4762 quoque
3603 4689 3839 4757 scriptum

2269 4785 2354 4830 est
2379 4793 2391 4828 :
2423 4773 2775 4829 Exsultabunt
2808 4778 2976 4830 sancti
3001 4776 3266 4856 ingloria,
3290 4779 3627 4834 lwtabuntur
3648 4781 3700 4833 in
3728 4775 3847 4830 cubi-

2269 4864 2404 4916 libus
2429 4865 2537 4917 suis
2570 4861 2739 4933 (Psal.
2768 4866 2988 4934 cxsvu).
3024 4865 3389 4921 Exsultabunt
3427 4884 3562 4938 ergo
3593 4870 3659 4923 de
3697 4864 3845 4936 gloria

2269 4968 2367 5023 pro
2397 4954 2569 5023 gratia
2613 4955 2783 5025 gratis
2811 4963 3091 5025 percepta,
3128 4954 3466 5014 laetabuntur
3512 4960 3568 5014 in
3606 4955 3850 5014 cubilibus

2263 5043 2395 5107 suis,
2424 5043 2627 5098 scilicet
2655 5044 2709 5108 in
2735 5045 3099 5110 conscientiis,
3139 5046 3265 5114 quia
3299 5047 3359 5101 in
3394 5049 3505 5114 eis,
3532 5049 3662 5103 dum
3689 5048 3848 5100 essent

2266 5133 2320 5186 iu
2349 5147 2518 5202 agone
2546 5132 2730 5202 positi,
2756 5132 2956 5197 Christi
2987 5136 3160 5204 gratia
3193 5138 3462 5205 gaudium
3505 5147 3593 5194 est
3626 5144 3845 5208 operata.

2269 5223 2384 5288 Qua
2405 5223 2471 5277 de
2491 5237 2655 5280 causa
2680 5231 2863 5277 monet
2887 5223 3146 5295 magister
3166 5226 3422 5281 veritatis
3447 5237 3510 5281 ut
3538 5225 3856 5297 ingrediatur

2273 5315 2641 5382 unusquisque
2679 5314 2854 5371 cubile
2879 5316 3094 5381 cordis,
3122 5326 3178 5371 et
3216 5317 3285 5371 ibi
3323 5319 3565 5390 incipiat
3602 5333 3760 5375 orare
3787 5313 3859 5367 vel

2272 5402 2485 5471 operari
2515 5416 2622 5471 quo
2647 5402 2816 5472 possit
2846 5413 3030 5473 postea
3068 5403 3256 5458 laetari.
3301 5405 3706 5477 Unusquisque
3730 5403 3857 5459 enim

2276 5490 2328 5542 in
2363 5503 2420 5548 se
2452 5497 2656 5553 tantum
2681 5489 2903 5559 gloriam
2937 5491 3174 5556 habebit,
3211 5501 3266 5548 et
3290 5508 3407 5547 non
3433 5496 3492 5549 in
3527 5487 3722 5551 altero.
3753 5491 3863 5546 Haec

2275 5585 2456 5630 autem
2494 5577 2674 5644 omnia
2705 5578 2963 5646 magister
2999 5579 3124 5634 vitae
3154 5581 3234 5636 sic
3274 5581 3564 5650 instituit,
3606 5597 3668 5638 ut
3712 5583 3863 5636 ﬁlium

2277 5666 2506 5730 erudiat,
2540 5675 2594 5719 ει
2619 5666 2739 5732 ideo
2766 5668 2840 5734 ait
2867 5686 2875 5693 ·
2928 5666 3120 5722 Clauso
3151 5671 3282 5723 ostio
3315 5689 3416 5725 ora
3459 5672 3684 5731 Patrem
3710 5683 3865 5726 tuum.

2279 5757 2352 5810 Ac
2379 5758 2421 5810 si
2445 5757 2588 5811 dicat
2616 5775 2626 5809 :
2657 5757 2747 5812 Sic
2787 5775 2876 5812 ora
2913 5768 2967 5813 ut
2998 5759 3160 5825 ﬁlius,
3195 5769 3245 5815 et
3273 5766 3593 5818 secundum
3625 5763 3766 5834 quod
3792 5772 3868 5813 rc-
